3848 6408
155 350 300 404 ten
1238 355 1724 414 COMMENTARIA
1763 356 1827 412 IN
1868 334 2196 412 pssLnos'.
3203 364 3340 418 uis

161 462 278 516 ἀλλ’
311 463 346 531 ἡ
387 463 528 530 μετὰ
553 463 656 532 τὴν
686 465 857 531 ἔξοδον
878 465 968 519 τοῦ
997 467 1251 535 παρόντος
1287 467 1398 536 βῖου
1438 470 1531 521 σὺν
1566 468 1698 537 αὑτᾷ

1806 469 2018 538 quando
2060 469 2308 524 abscedet
2354 467 2569 537 quidem
2619 468 2791 531 dolor.
2825 470 3040 525 tristitia
3075 478 3130 526 et
3171 477 3338 541 gemi-

164 551 441 620 διατριϐὴ,
469 553 596 604 καθ’
626 555 696 623 ἣν
734 555 1145 624 ἀναπαυσόμεθα
1185 558 1240 607 ἐν
1265 559 1330 624 τῇ
1364 556 1522 608 αὐτοῦ
1569 556 1698 625 βασι-

1813 565 1934 620 tus;
1963 556 2115 624 quies
2139 563 2336 616 autem,
2366 556 2570 626 ereptio
2591 570 2621 608 a
2646 557 2822 618 malis,
2851 559 3100 620 cessatio,
3125 561 3337 626 requies

165 641 308 710 λεία,
347 644 534 710 πάσης
572 645 675 713 τῆς
717 645 800 697 διὰ
837 645 1077 715 πράξεως
1113 645 1328 714 ἀγωγῆς
1372 645 1698 714 ἀπηλλαγμὲ-

1811 659 1875 698 ac
1936 661 2116 700 verum
2167 646 2441 699 sabbatum
2497 661 2596 700 nos
2641 647 2866 715 excipiet
2899 665 2911 700 :
2948 648 3001 700 in
3053 665 3161 716 quo
3205 651 3332 705 item

163 747 264 790 νοι,
323 730 466 800 μόνῃ
522 732 582 784 δὲ
651 737 716 802 τῇ
776 734 882 787 τῶν
927 733 1078 786 θείων
1118 736 1210 786 καὶ¹
1257 735 1580 804 ἐπουρανίων
1620 734 1698 803 θές

1810 748 1936 786 vero
1970 733 2191 786 sabbato
2224 733 2396 801 ipsum
2428 732 2519 788 Dei
2551 732 2780 787 Verbum
2820 735 3132 802 requiescet.
3179 737 3332 801 Quod

160 820 627 890 προσανέχοντες;
663 825 747 876 ὅτε
778 824 1126 894 ἀποδράσεται
1152 825 1246 894 μὲν
1277 823 1427 895 ὀδύνη
1455 825 1545 877 καὶ
1572 823 1698 875 λύπτ

1810 839 1938 877 vero
1962 832 2158 893 spectat
2196 823 2257 880 ad
2288 823 2430 877 hunc
2473 824 2776 878 sensibilem
2807 825 3083 885 mundum,
3119 825 3332 882 Judzeos

160 910 254 962 καὶ
313 913 651 980 στεναγμόςο
712 913 872 982 ἀργία
927 912 982 965 δέ
1031 914 1122 965 καὶ
1185 913 1460 984 ἀπαλλαγὴ
1511 917 1698 968 κακῶν

1810 924 1994 968 evocat
2021 923 2074 967 et
2100 914 2364 976 hortatur,
2412 924 2471 966 ut
2517 914 2560 967 si
2587 913 2696 981 jam
2729 913 2982 976 secundo.
3028 923 3086 968 ut
3117 917 3242 968 olim
3277 917 3331 969 in

160 998 319 1068 σχολή
363 1016 423 1051 τε
459 1002 556 1052 καὶ
609 1002 891 1054 ἀνάπαυλα
935 1000 1026 1054 καὶ
1065 1002 1125 1054 τὸ
1172 1003 1414 1070 ἀληθινὸν
1447 1005 1698 1060 Σάϐϐα-τοι

1810 1004 2039 1068 deserto,
2070 1003 2164 1058 Dei
2198 1003 2356 1057 Verbi
2384 1018 2511 1057 voce
2534 1004 2836 1072 dignentur.
2866 1020 2983 1072 quae
3011 1005 3158 1069 ipsos
3195 1012 3332 1058 tern-

150 1087 300 1154 ἡμᾶς
338 1087 678 1153 διαδέξεται·
705 1092 760 1141 ἐν
791 1083 834 1156 ᾧ
857 1090 1109 1158 Σαϐϐάτῳ
1133 1090 1359 1160 ἀληθινῷ
1390 1093 1480 1145 καὶ
1507 1092 1660 1156 αὐτὸς
1685 1097 1698 1146 ε

1809 1105 1935 1157 pore
1967 1092 2350 1145 incarnationis
2376 1092 2492 1159 ejus
2522 1091 2710 1144 iterum
2759 1092 3052 1145 allocutura
3078 1102 3208 1155 erat.
3265 1109 3330 1146 ne

152 1175 240 1227 τοῦ
287 1177 426 1229 Θεοῦ
485 1179 664 1246 Λόγος
717 1179 1106 1231 ἀναπαύσεταν
1175 1182 1233 1233 τὸ
1291 1182 1387 1250 μὲν
1447 1182 1572 1252 περὶ
1624 1184 1698 1235 τὸι

1810 1191 1988 1252 patres
2041 1197 2169 1237 suos
2226 1185 2520 1248 imitentur,
2579 1199 2750 1253 neque
2800 1199 3014 1237 rursum
3065 1192 3123 1237 ut
3174 1192 3328 1238 antea

151 1263 408 1333 αἰσθητὸν
454 1267 703 1335 κόσμον,
749 1267 826 1335 τῷ
876 1267 1137 1320 Ἰουδαίων
1187 1268 1296 1337 λαῷ
1346 1269 1413 1321 τὰ
1469 1272 1526 1321 ἐν
1570 1271 1698 1340 αὐτᾷ

1809 1269 1972 1325 Deum
2025 1271 2359 1325 exacerbent.
2389 1271 2520 1325 Cum
2559 1279 2733 1325 autem
2776 1271 2852 1325 sic
2883 1256 3146 1334 hortatur,
3179 1269 3327 1324 vlde-

148 1352 521 1421 προσφωνῶν,
562 1355 662 1406 καὶ
695 1355 1017 1424 παρακαλῶν
1042 1356 1250 1418 αὐτοὺς,
1283 1360 1329 1408 εί
1351 1356 1595 1427 δεύτερον
1618 1376 1698 1410 και

1808 1369 1894 1412 tur
1935 1360 2061 1411 mihi
2105 1361 2458 1427 praanuntiare
2499 1375 2560 1412 ac
2588 1360 2928 1414 subindicare
2965 1358 3195 1412 futuram
3245 1373 3331 1414 eo-

147 1441 490 1506 ταξιωθεῖεν,
533 1444 611 1505 ὼς
652 1444 711 1496 τὸ
749 1443 955 1513 πρῶτον
996 1446 1086 1497 ἐπὶ
1115 1445 1209 1515 τῆς
1235 1447 1457 1516 ἐρήμου,
1490 1447 1712 1500 ἀκοῦσαι

147 1533 246 1602 τῆς
277 1533 374 1585 τοῦ
410 1534 551 1586 Θεοῦ
577 1534 748 1600 Λόγου
778 1536 976 1602 φωνῆς,
1002 1537 1120 1605 ἥτις
1146 1538 1371 1606 ἤμελλεν
1395 1539 1570 1601 αὐτοῖς
1599 1543 1703 1592 πά-

147 1623 230 1678 λιν
265 1625 409 1677 κατὰ
471 1627 572 1696 τὴν
617 1626 1016 1696 ἐνανθρὼπησιν
1058 1629 1216 1680 αὐτοῦ
1261 1628 1453 1692 λαλεῖν,
1492 1631 1563 1701 μὴ
1590 1633 1712 1694 τοὺς

149 1711 397 1779 πατέρας
429 1713 614 1764 αὐτῶν
637 1713 888 1781 ζηλῶσαι,
923 1707 1041 1784 μηδ’
1067 1713 1220 1779 αὖθις
1256 1717 1344 1770 τὸν
1375 1718 1504 1771 Θεὸν
1532 1737 1706 1790 παρα-

1808 1462 1924 1500 rum
1963 1461 2086 1516 erga
2123 1446 2391 1501 Christum
2427 1447 2872 1511 incredulitatem,
2911 1457 3092 1516 utpote
3131 1447 3316 1500 future-

1808 1551 1924 1589 rum
1975 1551 2080 1589 non
2126 1537 2337 1589 nescius
2369 1551 2525 1588 :nam
2582 1537 2682 1590 sub
2711 1537 2822 1588 haec
2873 1551 2934 1589 ex
2969 1550 3195 1604 persona
3233 1531 3324 1589 Dei

1808 1624 1990 1692 adjicit
2020 1632 2073 1677 et
2105 1625 2178 1676 ait
2204 1641 2217 1675 :
2241 1623 2309 1676 Et
2331 1624 2458 1689 dixi,
2491 1623 2698 1690 Semper
2720 1623 3093 1685 errantcorde;
3125 1638 3187 1677 ac
3216 1638 3329 1676 rur-

1808 1724 1946 1774 sum,
1982 1710 2124 1764 Sicut
2153 1713 2330 1780 juravi
2373 1715 2425 1764 in
2468 1712 2548 1764 ira
2598 1729 2730 1774 mea,
2775 1714 2820 1766 si
2851 1713 3130 1768 introibant
3159 1712 3210 1765 in
3252 1727 3327 1765 re-

153 1797 412 1866 πικράναι
445 1799 523 1860 ὡς
557 1800 654 1851 καὶ
689 1800 964 1870 πρότερον.
1009 1802 1239 1856 Τοιαῦτα
1267 1802 1321 1854 δὲ
1355 1804 1698 1873 παρακαλῶν,

1802 1801 1968 1868 quiem
2007 1817 2190 1854 meam.
2221 1800 2425 1854 Etenim
2459 1801 2503 1855 si
2546 1802 2599 1854 in
2641 1817 2702 1856 os
2742 1802 2870 1855 illud
2903 1802 3140 1855 divinum
3185 1816 3327 1854 men-

147 1887 434 1956 προλέγειν
477 1905 569 1958 μοι
591 1888 736 1941 δοκεί
762 1892 852 1942 καὶ
879 1892 1298 1960 προαινίττεσθαι
1323 1893 1420 1960 τὴν
1447 1893 1702 1962 ἐσομένην

149 1975 325 2028 αὐτῶν
351 1978 431 2040 είς
478 1977 572 2029 τὸν
615 1976 841 2048 Χριστὸν
873 1979 1144 2041 ἀπιστίαν,
1180 1981 1271 2032 ἅτε
1303 1978 1362 2031 τὸ
1403 1980 1589 2050 μέλλον
1625 1982 1697 2050 μὴ

146 2064 374 2131 ἁγνοῶν-
411 2066 611 2132 ἐπάγει
649 2066 694 2118 δ’
730 2064 820 2118 οὖν
870 2065 994 2136 ἑξῆς
1025 2070 1087 2119 ἐκ
1126 2067 1408 2137 προσώπου
1447 2068 1536 2121 τοῦ
1572 2067 1702 2121 Θεοῦ

149 2155 244 2206 καὶ
278 2154 442 2222 φησίν
471 2171 487 2187 ο
529 2156 642 2207 Καὶ
682 2153 834 2208 εἶπα·
888 2157 991 2208 Ἀεὶ
1023 2156 1352 2210 πλανῶνται
1380 2157 1453 2224 τῇ
1475 2158 1700 2225 καρδίαι

157 2245 246 2296 καὶ
276 2246 458 2297 πάλιν
499 2246 595 2309 Ὡς
624 2246 826 2314 ὤμοσα
853 2247 922 2298 ὲν
948 2245 1023 2314 τῇ
1049 2247 1189 2315 ὀργῇ
1212 2265 1346 2315 μου,
1372 2250 1421 2300 εὶ
1445 2250 1702 2301 εἰσελεύ-

1804 1885 2012 1936 dacium
2055 1899 2160 1938 non
2196 1887 2358 1948 cadit,
2398 1901 2460 1938 ac
2508 1884 2868 1941 definitionem
2899 1889 3326 1956 sententiamque

1806 1971 1948 2023 illam
1998 1973 2234 2040 protulit,
2279 1973 2418 2040 quod
2461 1973 2662 2027 scilicet
2711 1989 2919 2041 semper
2953 1983 3152 2036 errent,
3179 1975 3325 2043 jura-

1806 2068 2088 2128 mentoque
2113 2060 2391 2114 aliirmavit
2416 2076 2508 2115 eos
2540 2063 2594 2114 in
2619 2063 2856 2130 requiem
2881 2063 3051 2132 ipsius
3078 2079 3183 2116 non
3206 2079 3326 2117 esse

1806 2148 2172 2217 ingressuros;
2205 2157 2383 2217 aperte
2428 2147 2601 2202 futura
2630 2152 2947 2204 vaticinatus
2993 2158 3095 2204 est.
3124 2153 3320 2215 Quare,

1807 2246 1864 2290 ut
1888 2237 2013 2290 olim
2037 2248 2275 2308 tempore
2303 2237 2517 2308 Moysis,
2545 2239 2623 2291 sic
2643 2239 2831 2292 iterum
2855 2238 3060 2291 Domini
3088 2247 3323 2307 tempore

157 2352 364 2388 σονται
398 2337 487 2400 είς
519 2335 638 2402 τὴν
671 2335 1038 2388 κατάπαυσιν
1078 2354 1209 2403 μου.
1246 2336 1307 2388 Εἰ
1341 2335 1445 2406 γὰρ
1484 2335 1698 2403 ἀψευδὲς

1802 2330 2010 2382 videtur
2034 2329 2242 2383 Judaeos
2272 2329 2430 2383 corde
2457 2344 2686 2392 errasse,
2719 2329 2941 2397 ideoque
2971 2329 3322 2397 promissione

161 2425 414 2493 τυγχάνει
445 2425 508 2477 τὸ
537 2425 683 2477 θεῖον
714 2425 899 2494 στόμα,
928 2426 1050 2496 ὅρον
1066 2442 1120 2476 τε
1155 2425 1435 2494 ἐξήνεγκεν
1456 2427 1547 2478 καὶ
1571 2427 1703 2478 ἀπε-

1805 2421 1892 2474 illa
1917 2420 2200 2474 frustratos
2221 2435 2360 2477 esse.
2380 2419 2710 2489 Quapropter
2728 2426 2847 2488 post
2875 2420 3014 2471 hunc
3039 2419 3321 2486 psalmum,

157 2515 378 2584 φήνατο,
406 2516 488 2568 ὅτι
531 2517 618 2568 ἀεὶ
677 2514 1006 2579 πλανῶνται,
1047 2516 1190 2585 ὅρκῳ
1227 2532 1282 2566 τε
1329 2513 1611 2567 ἐϐεϐαίωσε
1647 2513 1698 2566 τὸ

1805 2511 1894 2580 qui
1943 2511 2180 2579 sequitur
2212 2526 2398 2564 omnes
2439 2519 2622 2580 gentes
2677 2507 2742 2561 ad
2782 2507 3186 2576 promissionem
3229 2505 3322 2560 Dei

155 2603 228 2673 μὴ
261 2604 518 2657 εἰσελθεῖν
550 2605 746 2666 αὐτοὺς
781 2607 856 2668 εἰς
890 2604 982 2674 τὴν
1015 2605 1344 2657 κατάπαυσιν
1383 2604 1542 2657 αὑτοῦ
1562 2620 1575 2632 ·
1617 2620 1708 2656 σα-

1806 2607 1978 2664 vocat,
2009 2615 2070 2654 ac
2099 2600 2142 2653 si
2171 2600 2315 2667 prior
2349 2599 2437 2652 ille
2467 2597 2690 2666 pepulus
2714 2609 2820 2648 non
2855 2593 3249 2662 obtemperarit.

155 2694 263 2760 φῶς
286 2695 348 2746 τὸ
383 2695 576 2765 μέλλον
602 2695 900 2748 ἐθέσπισεν.
934 2696 1088 2748 Ὅθεν
1122 2696 1389 2764 φαίνονται
1418 2696 1600 2766 ὥσπερ
1634 2695 1691 2748 τὸ
1715 2695 1922 2765 πρῶτον
1959 2694 2046 2745 ἐπὶ
2066 2692 2519 2754 Μωῦσέως,-οῦτω
2569 2689 2661 2742 καὶ
2702 2688 2760 2740 τὸ
2814 2686 3053 2756 δεύτερον
3093 2688 3180 2737 ἐπὶ
3229 2681 3322 2738 τοῦ

156 2783 353 2851 Κυρίου
392 2783 757 2854 πλανηθέντες
790 2786 852 2852 τῇ
889 2783 1097 2854 καρδίᾳ,
1142 2785 1232 2836 καὶ
1273 2785 1359 2837 διὰ
1402 2784 1554 2836 τοῦτο
1595 2785 1690 2852 τῆς
1722 2783 2043 2850 ἐπαγγελίας
2086 2780 2448 2850 στερηθέντες.
2484 2778 2678 2846 Διόπερ
2725 2775 3021 2837 ἀκολούθως
3071 2774 3202 2844 μετὰ
3234 2775 3322 2826 τὸν

157 2874 393 2942 παρόντα
416 2874 632 2943 ψαλμὸν
658 2876 685 2924 ὁ
705 2873 826 2942 ἑξῆς
847 2873 1019 2926 πάντα
1053 2873 1119 2925 τὰ
1146 2873 1268 2944 ἔθνη
1301 2876 1379 2936 εἰς
1398 2874 1494 2943 τὴν
1523 2871 1846 2940 ἐπαγγελίαν
1872 2871 1963 2924 τοῦ
1997 2871 2126 2924 Θεοῦ
2150 2871 2322 2932 καλεῖ,
2363 2869 2437 2929 ὼς
2488 2867 2551 2920 ἂν
2599 2864 2692 2917 τοῦ
2753 2865 3008 2935 προτέρου
3051 2863 3177 2916 λαοῦ
3248 2864 3321 2932 μὴ

161 2962 589 3024 ὑπακούσαντος.

159 3075 289 3141 om
341 3074 430 3143 In
457 3073 894 3143 summa
919 3078 988 3143 qui
1013 3073 1232 3143 homo:
1272 3071 1701 3143 οιιοΔοΜΕιΤο
1726 3076 1769 3132 c

417 3142 610 3194 ΜΕΤΑ
647 3141 783 3192 ΤΗΝ
823 3141 1304 3193 ΑΙΧΜΔΛΩΣΙΛΝ.
1337 3141 1450 3205 ιιι).

229 3314 452 3380 ’ᾼσατε
489 3310 570 3374 τῷ
611 3311 796 3378 Κυρίῳ
825 3304 984 3378 ᾆσμα
1015 3309 1237 3363 καινόν·
1272 3309 1452 3376 ᾅσατε
1483 3309 1559 3373 τῷ
1589 3312 1700 3362 Κυ-

159 3399 278 3465 ρίῳ,
312 3399 484 3452 πᾶσα
512 3401 549 3466 ἡ
576 3397 672 3466 γῆ.
711 3400 928 3467 ᾊσατε
962 3397 1040 3462 τῷ
1083 3400 1290 3465 Κυρίῳ,
1337 3398 1700 3466 caloriﬁcum

164 3487 227 3538 τὸ
260 3489 446 3556 ὄνομα
477 3488 680 3540 αὑτοῦ.
722 3483 898 3557 Φήσας
935 3489 962 3540 ὁ
990 3487 1139 3556 λόγος
1173 3490 1230 3540 ἐν
1267 3487 1344 3557 τῷ
1371 3488 1475 3558 πρὸ
1515 3486 1698 3538 τούτου

164 3574 355 3646 ψαλμῷ
385 3575 624 3646 περὶτοῦ
666 3577 924 3629 Ἰουδαίων
948 3577 1074 3630 λαοῦ
1103 3577 1179 3640 τὸ,
1225 3577 1328 3630 Ἀεὶ
1367 3575 1699 3629 πλανῶνται

168 3661 238 3730 τῇ
265 3665 496 3732 καρδίᾳ·
525 3665 619 3717 καὶ
641 3663 718 3725 τὸ,
761 3663 852 3729 Ὧς
884 3663 1080 3732 ὤμοσα
1111 3664 1178 3714 ἐν
1200 3661 1270 3728 τῇ
1300 3659 1442 3730 ὀργῇ
1479 3678 1618 3729 μου.
1649 3663 1701 3713 ει

166 3755 612 3806 εὶσελεύσονται
655 3756 739 3818 εις
776 3752 887 3818 τὴν
931 3751 1300 3805 κατάπαυσίν
1337 3767 1472 3816 μου·
1519 3750 1698 3820 ἐπειδὴ

171 3842 409 3910 πρώτους
431 3843 627 3904 αὐτοὺς
653 3843 742 3893 ἐπὶ
792 3841 887 3912 τὴν
915 3842 1051 3894 κατὰ
1079 3841 1207 3895 Θεὸν
1233 3839 1542 3908 ἀγαλλίασιν
1565 3855 1699 3908 προσ

169 3930 530 4000 καλεσάμενος
581 3931 816 3994 ἀπειθεῖς
870 3926 1053 4000 εὗρεν,
1114 3931 1205 3982 ἐπὶ
1247 3931 1342 4000 τὴν
1388 3930 1492 3981 τῶν
1534 3929 1699 3982 ἐθνῶν

172 4016 354 4086 κλῆσιν
389 4021 713 4089 μεταϐαίνειο
749 4023 1050 4088 προσφωνεῖ
1078 4018 1131 4070 δὲ
1151 4018 1315 4069 ταῦτα
1337 4020 1444 4079 τοῖς
1470 4016 1696 4068 ἀποστό-

171 4106 274 4170 λοις
296 4110 385 4162 καὶ
420 4111 686 4180 μαθηταῖς
711 4111 802 4163 τοῦ
833 4111 1096 4180 Σωτῆρος,
1129 4109 1261 4178 ὅπερ
1289 4107 1439 4178 δῆλόν
1460 4107 1571 4158 ἐστι
1591 4106 1696 4158 ἀπὸ

170 4197 280 4256 τοῦ,
309 4197 768 4266 Εὐαγγελίζεσθε
797 4197 1017 4265 ἡμέραν
1047 4196 1114 4259 ἐξ
1151 4196 1367 4263 ἡμέρας
1404 4194 1467 4246 τὸ
1509 4192 1696 4257 σωτή-

168 4301 293 4351 ριον
315 4287 520 4350 αὐτοῦ,
553 4287 676 4354 ἑξῆς
719 4285 1018 4356 εἰρημένου,
1048 4285 1156 4345 καὶ,
1213 4284 1605 4350 Vtra-{Tellure
1629 4282 1696 4333 ἐν

173 4374 288 4441 τοῖς
319 4378 518 4431 ἔθνεσι
545 4377 658 4442 τὴν
677 4376 858 4438 δόξαν
884 4373 1082 4435 αὑτοῦ,
1115 4373 1182 4424 ἐν
1215 4372 1358 4426 πᾶσι
1388 4372 1506 4437 τοῖς
1531 4370 1696 4434 λαοῖς
1730 4394 1768 4446 D
1794 4357 1905 4424 σίνε
1929 4371 1946 4408 ³

174 4462 241 4515 τὰ
256 4464 551 4534 θαυμάσια
575 4464 774 4517 αὐτοῦ·
793 4463 912 4515 ἐπεὶ
937 4462 1008 4532 μὴ
1038 4463 1100 4514 δι’
1129 4462 1298 4515 ἄλλων
1313 4461 1344 4530 ἢ
1360 4461 1444 4513 διὰ
1475 4461 1577 4513 τῶν
1600 4459 1690 4512 τοῦ

175 4553 412 4625 Σωτῆρος
436 4553 592 4624 ἡμῶν
612 4553 912 4606 ἀποστόλων
929 4555 1008 4614 είς
1035 4552 1189 4622 ἔργον
1219 4551 1692 4621 προκεχωρήκασιν

179 4641 220 4690 οἱ
242 4641 404 4709 λόγοι.
431 4643 648 4694 Δι’δκαὶ
677 4642 850 4712 μόνοις
883 4639 1101 4711 ἁρμόζει
1126 4639 1194 4691 τὰ
1218 4639 1538 4708 προκείμενα
1561 4655 1693 4708 προ-

177 4731 488 4795 σφωνεῑσθαι
502 4731 587 4782 διὰ
596 4732 690 4802 τὴν
704 4729 902 4798 Καινὴν
913 4728 1175 4797 Διαθήκην
1191 4727 1346 4780 καὶτὸ
1357 4727 1535 4779 καινὸν
1548 4723 1694 4796 ᾆσμα

177 4817 234 4868 τὸ
250 4819 608 4886 εὐαγγελικὸν,
624 4820 683 4871 τὸ
699 4821 825 4871 πᾶσι
842 4820 948 4878 τοῖς
963 4817 1133 4868 ἔθνεσι
1147 4817 1212 4868 δι’
1248 4816 1419 4867 αὐτῶν
1463 4832 1595 4884 κεκη
1605 4833 1696 4885 ρυ-

177 4908 380 4974 γμὲνον.
419 4903 574 4960 Οὗτοι
613 4908 674 4978 δὴ
703 4903 790 4959 οὖν
813 4905 1219 4975 προστάττονται
1252 4904 1390 4974 ᾄδειν
1414 4902 1488 4970 τῷ
1515 4903 1696 4972 Κυρίῳ

182 4991 319 5063 ᾆσμα
345 4998 523 5048 καινὸν
557 4999 611 5047 ἐν
640 4996 780 5065 πάσῃ
810 4998 872 5063 τῇ
899 4996 988 5062 γῇ·
1022 4994 1153 5060 ὅπερ
1180 4993 1271 5044 καὶ
1300 4991 1473 5060 ἔργοις
1492 4989 1696 5056 πεπλη-

183 5081 426 5148 ρώκασιν,
460 5087 547 5138 ὅτε
571 5087 654 5148 είς
685 5083 884 5136 πᾶσαν
909 5080 1018 5147 τὴν
1048 5079 1161 5148 γῆν
1189 5078 1438 5145 ἐξῆλθεν
1468 5079 1500 5129 ὀ
1526 5079 1697 5145 φθόγ-

183 5185 278 5232 γος
309 5171 521 5234 αὐτῶν,
543 5172 640 5224 καὶ
662 5175 746 5234 εὶς
774 5173 841 5224 τὰ
863 5169 1078 5237 πέρατα
1108 5167 1212 5234 τῆς
1255 5165 1599 5232 οἰκουμένης
1624 5167 1695 5219 τὰ

178 5257 401 5323 ῥήματα
427 5260 636 5313 αὐτῶν.
669 5256 774 5310 Ἶίν
800 5260 854 5312 δέ
884 5260 942 5311 τὸ
971 5255 1114 5329 ᾇσμα
1145 5257 1202 5308 τὸ
1228 5255 1426 5313 καινὸν,
1448 5253 1507 5304 τὸ
1537 5256 1698 5322 σωτήο

192 5358 291 5410 ριον
315 5347 648 5414 Εὑαγγὲλιον,
679 5348 738 5398 οὐ
757 5347 824 5399 τὰ
854 5346 1000 5417 παρὰ
1025 5345 1239 5398 Μωῦσεῖ
1265 5339 1462 5392 παλαιὰ
1499 5340 1697 5407 νόμιμα

188 5437 443 5504 περιέχον,
470 5439 600 5490 ἀλλὰ
634 5437 697 5490 τὰ
726 5439 816 5491 τοῦ
857 5435 1080 5508 Χριστοῦ
1115 5436 1274 5486 πᾶσιν
1305 5429 1548 5498 Ἕλλησιν
1597 5431 1694 5498 ἁρ-

253 5585 297 5614 ⁴¹⁶
341 5585 480 5639 Psal.
519 5601 675 5650 mu,
712 5587 762 5639 5.

1805 3071 1856 3124 ι.
1925 3060 2273 3120 mancum
2351 3057 2472 3114 lPSl
2517 3052 3062 3124 DAVID,QU§1\’_DQ_
3095 3049 3320 3124 genus

1838 3119 2250 3190 namnam“
2265 3127 2356 3182 un
2384 3124 2554 3180 POST
2571 3119 3082 3178 CAPTIVITATEM.
3109 3119 3262 3173 xcv.

1866 3289 2026 3343 Vnus.
2053 3286 2106 3340 2.
2147 3285 2366 3340 Cantate
2399 3280 2617 3333 Domino
2653 3277 2911 3330 canticum
2946 3288 3149 3334 novum,
3193 3288 3320 3324 can-

1798 3389 1899 3433 tate
1932 3377 2170 3436 Domino,
2201 3373 2364 3428 omnis
2408 3379 2561 3423 terra.
2595 3367 2813 3421 Cantate
2835 3365 3075 3425 Domino.
3115 3363 3320 3415 benedi-

1794 3471 1893 3524 cite
1922 3465 2113 3520 nomini
2139 3464 2271 3532 ejus.
2300 3461 2430 3514 Cum
2465 3459 2518 3511 iu
2548 3453 2863 3524 praecedenti
2903 3455 3106 3522 psalmo
3135 3451 3201 3505 de
3230 3451 3320 3504 Ju-

1796 3559 1950 3612 daico
1979 3554 2175 3626 populo
2207 3553 2407 3605 dictum
2443 3548 2650 3607 fuisset,
2672 3545 2879 3611 Semper
2916 3549 3094 3600 errant
3125 3541 3276 3594 corde
3295 3579 3312 3602 ,

1795 3655 1870 3708 et,
1896 3643 2042 3698 Sicut
2059 3641 2234 3709 juravi
2262 3639 2313 3692 in
2350 3637 2430 3689 ira
2461 3651 2594 3700 mea,
2619 3633 2664 3687 si
2693 3630 2976 3684 introibant
3009 3631 3063 3682 in
3093 3630 3314 3697 requiem

1798 3749 1962 3788 meam
1985 3746 2003 3784 :
2026 3731 2154 3800 quia
2193 3729 2312 3783 illos
2342 3727 2569 3796 primum
2597 3724 2662 3776 ad
2689 3737 2806 3776 eam
2834 3719 3128 3775 secundum
3153 3717 3317 3771 Deum

1794 3822 2202 3879 exsultationem
2252 3819 2537 3879 advocatis,
2585 3813 2951 3880 immorigeros
3005 3808 3315 3870 invenisset,

1797 3915 1862 3967 ad
1885 3914 2212 3966 vocationem
2234 3909 2470 3978 gentium
2495 3903 2704 3958 transit.
2737 3900 2828 3955 llis
2850 3914 3007 3968 porro
3044 3905 3316 3966 apostolos

1796 4009 1849 4056 et
1896 4000 2244 4069 evangelistas
2282 3995 2572 4049 Salvatoris
2608 3990 2904 4059 compellat,
2941 3996 2997 4040 ut
3026 3989 3197 4054 palam
3233 3996 3316 4040 est

1795 4105 1859 4143 ex
1891 4087 2088 4148 verbis,
2119 4085 2435 4137 Annuntiate
2468 4090 2529 4134 de
2564 4079 2646 4132 die
2671 4083 2720 4129 in
2754 4077 2886 4128 diem
2916 4075 3145 4127 salutare
3178 4074 3314 4140 ejus,

1797 4193 1914 4248 quae
1939 4178 2190 4244 deinceps
2218 4183 2533 4242 sequuntur,
2572 4177 2623 4222 ct
2653 4183 2715 4221 ex
2748 4166 2852 4228 liis,
2894 4164 3210 4216 Annuntiate
3243 4163 3320 4214 iu-

1797 4278 1870 4321 ter
1893 4276 2060 4336 gentes
2080 4265 2298 4334 gloriam
2331 4263 2462 4330 ejus,
2496 4261 2548 4312 in
2569 4257 2798 4311 omnibus
2826 4253 3026 4324 populis
3054 4252 3316 4304 mirabilia

1978 4369 2084 4406 non
2132 4353 2353 4405 aliorum
2396 4349 2557 4410 enim,
2593 4359 2749 4414 quam
2807 4341 3097 4395 Salvatoris
3143 4341 3314 4392 nostri

1797 4443 2156 4512 apostolorum
2190 4453 2371 4508 opera,
2417 4437 2468 4489 hi
2516 4447 2786 4489 sermones
2832 4431 2896 4483 ad
2944 4444 3056 4483 rem
3102 4428 3314 4482 deducti

1797 4539 1941 4587 sunt.
1969 4532 2144 4595 Quare
2167 4529 2236 4581 ob
2259 4525 2460 4578 Novum
2499 4523 2913 4584 Testamentum,
2958 4527 3010 4571 et
3043 4517 3115 4571 ob
3155 4531 3319 4571 evan-

1796 4622 2019 4691 gelicum
2051 4632 2242 4671 novatn
2280 4615 2565 4673 canticum,
2605 4625 2698 4680 per
2727 4612 2871 4677 ipsos
2901 4607 3149 4660 omnibus
3196 4622 3320 4674 gen-

1801 4712 1944 4766 tibus
1972 4709 2338 4778 prazdicatum,
2372 4705 2516 4773 ipsos
2545 4704 2688 4755 solos
2725 4701 2801 4753 sic
2833 4697 3152 4763 compellare
3180 4709 3314 4746 con-

1799 4798 2062 4852 veniebat.
2102 4795 2163 4848 Hi
2195 4795 2372 4860 itaque
2398 4792 2656 4859 jubentur
2691 4797 2909 4841 cantare
2940 4785 3161 4836 Domino
3189 4798 3312 4835 can-

1798 4893 1962 4944 ticum
1995 4901 2187 4942 novum
2223 4883 2275 4936 in
2317 4882 2563 4934 universa
2591 4888 2730 4931 terra
2758 4895 2770 4928 :
2797 4874 2936 4944 quod
2975 4873 3131 4925 etiam
3158 4884 3321 4937 opere

1797 4979 2155 5048 perfecerunt,
2182 4970 2393 5042 quando
2441 4969 2494 5020 in
2530 4983 2726 5020 omnem
2756 4975 2944 5016 terram
2981 4961 3134 5014 exivit
3163 4976 3320 5011 sonus

1797 5085 1993 5132 eorum,
2021 5068 2145 5120 etin
2169 5066 2292 5134 ﬁnes
2317 5060 2452 5113 orbis
2481 5069 2630 5112 terra:
2694 5056 2842 5110 verba
2876 5069 3048 5108 eorum
3070 5053 3137 5103 '°.
3196 5051 3321 5102 Erat

1798 5174 1957 5230 porro
1987 5156 2253 5210 canticum
2284 5149 2412 5204 illud
2447 5163 2662 5210 novum,
2687 5147 2920 5200 salutare
2957 5140 3320 5208 Evangelium,

1800 5227 1939 5318 quod
1983 5261 2089 5299 non
2123 5252 2295 5296 vetera
2346 5240 2435 5290 illa
2489 5236 2684 5305 Moysis
2715 5234 2899 5302 legalia
2941 5227 3322 5292 complecteba-

1799 5317 1907 5398 tur,
1953 5334 2044 5389 sed
2101 5329 2296 5386 Christi
2345 5334 2606 5395 praecepta
2656 5323 2904 5377 omnibus
2957 5317 3157 5370 Gmcrs
3199 5328 3322 5366 con-

1799 5427 2036 5498 gruentia
2056 5441 2069 5476 :
2091 5422 2178 5476 illa
2203 5421 2395 5490 quippe
2424 5415 2654 5471 Mosaica
2679 5429 2787 5470 ncn
2818 5405 3119 5482 hujusmodi
3143 5414 3320 5459 erant.
