3848 6412
195 359 344 416 1221
1327 364 1754 421 (ΣΟΜΜΕΝΤΜἨ

1860 365 1899 422 Ν
1935 363 2270 421 PSALMOS.
3258 377 3392 430 ηεξ

189 472 361 527 ..ιῶνί
384 492 553 543 μου·
590 469 668 538 οἷς
700 476 966 544 ἐπιλέγει·
1007 480 1065 531 Tl
1100 478 1326 545 ποιήσω
1349 477 1426 542 τῷ
1467 475 1754 544 ἀμπελῶνι

1865 478 1917 529 in
1961 476 2445 531 conculcatiouem:
2483 487 2534 531 et
2577 480 2856 548 relinquam
2907 481 3101 544 vineam
3144 497 3307 534 meam
3325 485 3392 547 τ’,

178 577 345 628 μου,
382 562 485 615 ὅτι
517 565 720 633 ἔμεινα
753 566 856 619 τοῦ
883 565 1121 632 ποιῆσαι
1163 566 1498 634 σταφυλὴν,
1530 565 1754 631 ἐποίησε

1869 574 1923 621 et
1973 575 2188 621 caetera.
2234 563 2495 622 Jeremias
2543 568 2669 622 item
2716 571 3114 625 lamentationes
3169 573 3394 626 canebat

191 648 268 702 δὲ
317 650 642 716 ἀκάνθας;
693 653 926 708 Καθελῶ
963 655 1066 706 τὸν
1109 656 1373 723 φραγμὺν
1418 654 1631 717 αὑτοῦ,
1673 670 1754 706 και

1868 665 2056 710 contra
2074 657 2358 712 Judaicum
2379 645 2627 725 populum
2648 677 2660 711 :
2683 659 2868 726 reliqui
2888 662 3087 726 pariter
3100 661 3390 729 propheta'.

194 737 383 792 ἔσται
441 743 540 804 εἰς
580 741 935 811 διαρπαγήν·
975 744 1071 795 καὶ
1127 744 1352 796 καθελὼ
1402 744 1506 795 τὸν
1549 744 1754 809 πύργοι

1867 747 2076 801 ruinam
2119 761 2304 800 eorum
2348 745 2703 814 deplorantes,
2731 748 3074 814 congruentia
3105 748 3228 801 item
3265 763 3394 802 can-

193 829 432 890 αὑτοῦ,
473 832 581 882 καὶ
627 832 794 884 ἔσται
836 835 921 897 εις
982 832 1388 900 καταπὰτημα·
1417 833 1515 885 καὶ
1570 831 1754 896 ἀνήσιι

1867 835 1970 888 tica
1999 837 2250 889 edebant.
2284 832 2488 888 Novum
2519 845 2696 888 autem
2729 835 2976 904 gentibus
3015 836 3391 890 annuntiatum

195 916 310 966 τὸν
371 918 714 984 ἀμπελῶνὰ
774 937 922 987 μου,
975 921 1068 973 καὶ
1117 921 1185 972 τὰ
1231 921 1491 974 ἀκόλουθα
1546 920 1754 981 τούτοις.

1867 924 2132 976 canticum
2165 925 2270 978 illis
2299 923 2472 977 simile
2493 939 2597 978 non
2626 932 2776 989 erat;
2807 923 2899 977 sed
2927 937 3186 976 novorum
3218 938 3280 976 ac
3309 939 3392 976 re-

194 1005 462 1074 Θρήνους
518 1009 578 1061 δὲ
609 1011 699 1061 καὶ
745 1011 1005 1080 Ἱερεμίας
1061 1007 1152 1082 ᾖδε
1190 1011 1324 1063 κατὰ
1363 1011 1455 1062 τοῦ
1509 1011 1754 1062 ἰουδαίωι

1867 1015 2099 1066 centium
2137 1014 2399 1066 bonorum
2437 1015 2699 1082 promissa
2750 1014 3237 1081 complectebatur,
3282 1029 3388 1067 non

190 1091 338 1145 -λαοῦ
365 1112 380 1125 ο
418 1097 523 1148 καὶ
550 1099 598 1149 οἱ
625 1099 797 1150 λοιποὶ
829 1099 883 1150 δὲ
909 1095 1104 1167 ὁμοίως
1135 1099 1423 1168 προφῆται,
1454 1097 1548 1166 τὴν
1569 1097 1754 1148 πτῶσιι

1864 1100 2165 1154 Judaeorum
2197 1102 2412 1170 populo,
2444 1102 2537 1156 sed
2568 1102 2710 1154 omni
2747 1109 2899 1155 terra:
2925 1088 3390 1156 annuntiata.°Ac-

193 1182 394 1234 αὐτῶν
436 1187 933 1256 ἀπολοφυρόμενοι.
965 1189 1100 1257 ᾠδὰς
1127 1189 1301 1249 αὐτοῖς
1338 1185 1458 1257 ᾖδον
1503 1186 1754 1256 καταλλή-

1866 1192 2201 1244 curatissime
2243 1203 2416 1244 autem
2461 1191 2644 1244 titulus
2682 1187 2900 1252 indicat,
2945 1200 3072 1242 tunc
3120 1191 3387 1244 canticum

194 1273 352 1336 λους.
385 1277 466 1328 Τὸ
494 1277 556 1328 δὲ
586 1281 693 1340 τοῖς
716 1278 915 1331 ἔθνεσιν
937 1277 1404 1347 εὐαγγελιζόμενον
1425 1275 1570 1347 ᾆσμα
1590 1278 1754 1330 καινὸι

1864 1293 2059 1331 novum
2090 1279 2334 1347 gentibus
2364 1279 2784 1332 annuntiandum
2808 1294 2946 1341 esse,
2973 1280 3178 1347 quando
3203 1279 3386 1333 domus

194 1364 302 1416 οὐκ
339 1361 412 1435 ἦν
461 1367 696 1425 ἐκείνοις
725 1369 923 1436 ὅμοιον,
959 1369 1152 1420 καινῶν
1180 1369 1233 1419 δὲ
1264 1369 1352 1420 καὶ
1393 1367 1522 1419 νέων
1555 1367 1754 1434 ἀγαθῶι

1865 1367 2246 1434 wdiﬁcabatur,
2269 1377 2381 1434 post
2405 1369 2770 1434 captivitatem.
2806 1367 2869 1420 Et
2893 1369 3127 1437 alioquin
3155 1369 3388 1438 postJn-

195 1455 560 1522 ἐπαγγελίας
586 1458 850 1526 περιέχον,
887 1458 978 1508 καὶ
1008 1459 1066 1508 οὺ
1095 1457 1169 1525 τῷ
1203 1457 1462 1508 Ἰουδαίων
1483 1456 1612 1524 λαῷ,
1636 1457 1754 1510 ἀλλᾶ

1863 1455 2097 1508 decorum
2121 1457 2482 1524 captivitatem
2512 1471 2573 1508 ac
2599 1467 2716 1524 post
2741 1457 2945 1508 ruinam
2968 1472 3150 1510 eorum
3173 1465 3226 1511 et
3255 1458 3387 1510 iram

197 1546 360 1614 πάσῃ
385 1549 454 1615 τῇ
494 1550 568 1616 γῇ
607 1564 962 1616 προσπεφωνη
974 1548 1120 1615 μένα.
1148 1548 1352 1616 Σφόδρα
1388 1547 1443 1599 δὲ
1470 1547 1703 1616 ἀκριϐῶς
1731 1549 1754 1616 ἦ

1865 1541 1956 1595 Dei
1996 1542 2290 1618 immissum
2334 1543 2484 1610 ipsis,
2520 1558 2679 1610 quam
2719 1544 3036 1596 vaticinatus
3069 1550 3150 1598 est
3191 1559 3388 1612 praece-

198 1636 518 1704 προγραφὴ
572 1637 631 1689 τὸ
664 1637 843 1688 καινὸν
882 1635 1028 1706 ᾇσμά
1072 1654 1200 1706 φησι
1232 1637 1754 1707 εὖαγγελισθήσεσθαι

1863 1632 1994 1685 dens
2020 1631 2254 1700 psalmus
2280 1632 2482 1694 dicens,
2510 1631 2716 1698 Semper
2737 1642 2910 1685 errant
2938 1633 3106 1686 corde.
3136 1635 3244 1700 Ipsi
3273 1651 3386 1688 vero

197 1725 339 1774 πᾶσι
376 1727 495 1786 τοῖς
540 1724 766 1785 ἔθνεσιν,
797 1725 930 1777 Ὅτε
959 1729 990 1779 ό
1038 1722 1200 1790 οἶκος
1229 1726 1571 1794 ᾠκοδομεῖτο
1620 1725 1754 1794 μετά

1863 1735 1963 1772 non
1991 1730 2328 1788 cognoverunt
2357 1722 2466 1772 vias
2495 1737 2656 1782 meas,
2688 1722 2820 1773 sicut
2852 1721 3028 1789 juraui
3053 1723 3105 1775 in
3135 1723 3215 1775 ira
3251 1740 3382 1787 mea,

193 1811 316 1878 μὲν
353 1814 795 1879 αἰχμαλωσίαν.
829 1815 935 1867 Καὶ
983 1815 1148 1878 ἄλλως
1176 1816 1279 1885 γὰρ
1327 1816 1460 1884 μετὰ
1490 1816 1586 1885 τὴν
1631 1817 1754 1867 Ἰου-

1863 1811 1907 1861 si
1933 1807 2218 1861 introibant
2252 1809 2303 1860 in
2333 1809 2554 1879 requiem
2585 1826 2768 1869 nteant,
2799 1825 2983 1864 oumes
3027 1810 3269 1864 homines
3297 1828 3385 1863 οι·-

196 1899 369 1952 δαίων
394 1902 774 1970 αἰχμαλωσίαν
807 1904 898 1956 καὶ
933 1906 1066 1972 μετὰ
1090 1905 1183 1974 τὴν
1215 1905 1521 1958 ἀπόπτωσιν
1561 1904 1754 1967 αὐτῶν,

1861 1899 1976 1952 hem
2001 1899 2314 1958 incolentes,
2339 1913 2459 1950 cum
2492 1898 2722 1959 barbari,
2752 1906 2859 1950 tum
2883 1897 3071 1962 Graeci,
3093 1914 3213 1952 cum
3244 1899 3382 1967 apud

199 1989 295 2040 καὶ
319 1989 424 2058 τὴν
454 1988 788 2042 ἐπελθοῦσαν
817 1992 991 2050 αὐτοῖς
1021 1993 1083 2043 ὲκ
1131 1991 1261 2042 Θεοῦ
1304 1991 1484 2061 ὀργὴν,
1525 1993 1588 2061 ἢν
1640 1991 1754 2043 ἐθέ-

1860 1991 1951 2043 eos'
1977 1989 2168 2043 domus
2221 1989 2336 2052 Dei,
2371 1989 2577 2042 scilicet
2610 1987 2845 2041 Ecclesia
2876 1990 2994 2056 ejus
3034 1991 3384 2044 constituere-

200 2092 397 2127 σπισεν
425 2078 456 2128 ὁ
491 2076 603 2146 πρὸ
635 2076 817 2128 τούτου
846 2077 1052 2146 ψαλμὸς
1083 2077 1264 2140 είπὼν,
1301 2078 1401 2130 Ἀεὶ
1425 2077 1754 2130 πλανῶνται

1860 2087 1965 2141 tur,
1999 2078 2241 2145 deposito
2275 2092 2340 2131 eo
2373 2077 2512 2146 quod
2542 2077 2595 2130 in
2637 2077 2956 2130 diabolicum
2999 2078 3229 2146 plurium
3258 2077 3386 2131 deo-

199 2164 272 2232 τῇ
303 2164 546 2233 καρδίᾳ.
573 2166 754 2218 Αὐτοὶ
781 2165 846 2217 δὲ
878 2168 982 2218 οὐκ
1004 2167 1271 2234 ἔγνωσαν
1297 2167 1398 2230 τὰς
1422 2166 1589 2229 ὁδούς
1615 2185 1752 2234 μου,

1860 2182 1979 2220 rum
2016 2168 2217 2219 cultum
2256 2167 2410 2220 cdere
2453 2166 2714 2229 solebant,
2746 2182 2940 2219 novum
2989 2168 3253 2220 canticum
3294 2182 3383 2220 ca-

197 2255 279 2318 ὡς
294 2254 510 2322 ὤμοσα
525 2254 600 2306 ἐν
621 2253 691 2321 τῇ
708 2251 850 2322 ὀργῆ
866 2273 995 2319 μου,
1017 2258 1066 2308 εὶ
1086 2257 1522 2308 εἰσελεύσονται
1537 2258 1620 2319 εις
1650 2255 1760 2322 τὴν

196 2343 593 2397 κατάπαυσίν
629 2363 773 2412 μου,
813 2346 860 2396 οί
895 2347 1066 2397 πᾶσαν
1093 2345 1188 2414 τὴν
1231 2345 1332 2413 γῆν
1375 2345 1638 2407 οἰκοῦντες
1666 2346 1754 2398 ἄν·

1864 2343 1952 2397 Dei
1987 2345 2118 2412 ipsis
2145 2345 2482 2407 annuntiant,
2517 2359 2637 2397 cum
2672 2360 2765 2412 per
2795 2354 2960 2398 totum
2992 2345 3172 2398 orbem
3199 2361 3382 2399 sacro-

178 2432 404 2502 ιθρωποι
433 2433 714 2504 βάρϐαροί
741 2451 797 2486 τε
829 2434 919 2486 καὶ
945 2434 1216 2504 Ἕλληνες,
1247 2433 1477 2502 ὁπηνίκα
1511 2434 1635 2502 παρ’
1663 2434 1754 2485 αὺ-

1860 2450 1975 2487 rum
2011 2434 2412 2502 Evangeliorutn
2441 2434 2756 2487 lectionibus
2779 2442 3018 2486 utuntur.

191 2522 512 2589 τοῖςόοἴκος
545 2524 656 2578 τοῦ
684 2526 814 2576 Θεοῦ
851 2527 1090 2596 συνέστη,
1125 2527 1317 2596 δηλαδὴ
1348 2529 1379 2596 ἡ
1419 2527 1704 2596 Ἐκκλησία
1727 2528 1907 2590 αὑτοῦ,
1937 2529 1998 2579 τὸ
2020 2532 2198 2580 καινὸν
2226 2523 2372 2596 ᾆσμα
2391 2528 2530 2596 ᾅδειν
2558 2527 2922 2597 ἐδιδάχθησαν,
2943 2527 3001 2578 τὸ
3025 2545 3119 2597 της
3173 2545 3378 2598 αιμονι-

200 2620 301 2684 κῆς
328 2618 424 2668 καὶ
453 2613 730 2666 πολυοέου
763 2614 962 2684 πλάνης
994 2616 1331 2685 ἀποθέμενοι.
1350 2616 1435 2679 Ἐξ
1465 2616 1665 2668 ἐκείνου
1689 2616 1743 2668 δὲ
1772 2617 1864 2668 κα).
1890 2615 1950 2667 τὸ
1983 2617 2241 2685 σωτήριον
2265 2614 2356 2666 τοῦ
2374 2614 2504 2666 Θεοῦ
2533 2615 2974 2681 εὐαγγελίζονται,
2996 2615 3112 2666 καθ’
3139 2614 3261 2685 ὅλης
3286 2618 3383 2686 τῆς

207 2707 531 2776 οἰκουμένης
561 2707 680 2766 τοῖς
711 2704 813 2755 τῶν
838 2705 990 2772 ἱερῶν
1007 2706 1341 2772 Εὑαγγελίων
1364 2705 1740 2773 ἁναγνώσμασι
1769 2705 2052 2776 χρώμενοι.

1862 2270 1991 2308 nere
2017 2254 2189 2308 edocti
2222 2263 2365 2307 sunt.
2398 2253 2474 2307 Ex
2519 2255 2608 2306 illo
2631 2270 2858 2323 namque
2888 2263 3125 2322 tempore
3149 2257 3383 2310 salutare

280 2818 755 2888 Εὑαγγελίζεσθε
783 2818 1002 2885 ἡμέραν
1035 2819 1102 2882 ἐξ
1133 2819 1350 2887 ἡμέρας
1379 2820 1441 2872 τὸ
1471 2819 1760 2886 σωτήριον

210 2909 430 2961 αὑτοῦ·
480 2907 869 2974 ἀναγγείλιιτε
897 2908 964 2958 ἐν
1012 2907 1133 2971 τοῖς
1185 2909 1380 2960 ἔθνεσι
1422 2907 1532 2975 τὴν
1577 2907 1758 2970 δόξαν

1936 2819 2093 2875 Vens.
2123 2822 2175 2875 5.
2202 2821 2518 2874 Annuntiate
2535 2819 2596 2872 de
2625 2819 2707 2872 die
2744 2820 2793 2872 in
2823 2820 2958 2872 diem
2987 2819 3216 2873 salutare
3247 2822 3381 2890 ejus.

1860 2909 2178 2963 Annuntiate
2210 2912 2261 2963 in
2293 2909 2521 2978 gentibus
2558 2910 2777 2977 gloriam
2802 2907 2932 2975 ejus,
2954 2909 3004 2959 in
3031 2909 3266 2960 omnibus
3291 2925 3384 2976 po-

211 3001 418 3062 αὺτοῦ,
449 3001 521 3051 ἐν
551 2997 702 3050 πᾶσι
736 2997 857 3062 τοῖς
877 2996 1043 3062 λαοῖς
1073 2996 1363 3064 θαυμάσια
1407 2997 1606 3050 αὑτοῦ.
1649 2997 1754 3048 Καὶ

1860 3001 1992 3065 pulis
2025 3000 2286 3051 nti-altilia
2313 2999 2442 3065 ejus.
2466 2997 2795 3062 Quibusnam
2819 2998 2929 3049 lucc
2955 2998 3166 3064 praecipi
3195 3007 3383 3065 putan-

209 3091 319 3142 τίσι
357 3089 534 3141 ταῦτα
567 3088 829 3157 προσήκει
878 3087 1114 3156 νομίζειν
1139 3087 1548 3155 προστάττεσθαι
1587 3088 1618 3156 ἦ
1653 3090 1758 3148 τοῖς

209 3178 273 3230 δι’
316 3179 498 3248 ἔργων
547 3175 770 3243 ὕστερον
828 3192 954 3227 ποτε
1006 3174 1140 3226 αὐτὰ
1198 3175 1601 3244 πεπληρωκόσι,
1650 3173 1758 3237 τοῖς

210 3267 409 3336 δηλαδὴ
444 3263 956 3333 εὐαγγελισαμένοις
991 3265 1067 3326 είς
1100 3263 1270 3316 πάντα
1307 3263 1372 3315 τά
1409 3263 1532 3332 ἔθνη
1562 3264 1619 3315 τὸ
1655 3281 1757 3315 σω-

212 3360 398 3426 τήριον
447 3353 542 3406 τοῦ
600 3351 766 3416 Θεοῦ;
821 3352 1034 3414 Τούτοις
1092 3351 1198 3420 γὰρ
1246 3351 1304 3402 τὸ
1355 3351 1488 3403 θεῖον
1544 3351 1758 3419 Πνεῦμα

214 3444 418 3496 ἄνωθεν
459 3444 558 3495 καὶ
626 3441 731 3512 πρὸ
780 3439 968 3491 πολλοῦ
1019 3439 1170 3491 τοῦτο
1222 3439 1473 3508 πράττειν
1532 3455 1759 3508 παρεκε-

215 3535 420 3586 λεύετο.
446 3534 572 3594 Τοῖς
605 3532 785 3592 αὐτοῖς
826 3530 879 3582 δὲ
918 3531 1008 3581 καὶ
1035 3529 1102 3580 τὰ
1149 3529 1269 3598 ἑξῆς
1313 3530 1650 3598 προσφωνεῖν
1684 3529 1758 3590 ὡς

217 3625 281 3676 ἂν
316 3623 607 3693 μέλλουσιν
655 3619 997 3687 ἀναγγέλλειν
1023 3619 1114 3671 τοῦ
1160 3620 1356 3691 Κυρίου
1398 3618 1492 3687 τὴν
1518 3617 1669 3682 δόξαν
1701 3620 1756 3670 ὲν

218 3717 349 3766 πᾶσι
376 3716 487 3774 τοῖς
521 3711 719 3771 ἔθνεσι,
771 3709 1012 3778 μέλλουσί
1043 3725 1100 3760 τε
1134 3711 1188 3758 ἐν
1219 3709 1346 3758 πᾶσι
1377 3711 1486 3768 τοῖς
1515 3707 1656 3769 λαοῖς
1691 3707 1756 3759 τά

219 3805 494 3873 θαυμάσια
527 3800 692 3853 αὑτοῦ
725 3799 1029 3868 κηρύττειν.
1063 3797 1214 3860 Τίνες
1235 3795 1322 3850 οῦν
1349 3795 1481 3866 ἦσαν
1512 3800 1558 3850 οἱ
1591 3797 1756 3850 ταῦτα

220 3895 283 3946 δι’
315 3895 488 3964 ἔργων
519 3890 949 3953 ἐπιτελέσαντεςς
983 3890 1042 3940 Εἰ
1073 3890 1166 3958 μὲν
1197 3887 1262 3958 ἦν
1295 3888 1505 3958 ἑτέρους
1541 3887 1755 3938 δυνατὸν

220 3981 601 4041 ἐπιδεικνύναι,
626 3979 741 4046 ἦτοι
773 3977 908 4029 κατὰ
935 3977 1055 4038 τοὺς
1079 3976 1257 4046 Κύρου
1288 3976 1524 4046 χρόνους,
1558 3975 1590 4044 ἦ
1622 3975 1756 4026 κατὰ

220 4075 341 4133 τοὺς
357 4071 434 4142 (Ι)
455 4069 678 4140 Δαρείου
708 4067 968 4129 τοιούτους
987 4069 1040 4119 αἱ
1070 4068 1415 4136 προκείμεναι
1445 4065 1755 4136 προστάξεις

222 4156 490 4222 γίγνονται
521 4158 633 4216 τοῖς
686 4154 853 4223 Ἰησοῦ
901 4153 1192 4222 μαθηταῖς,
1245 4153 1494 4206 ἀκούουσι
1525 4153 1610 4205 τό·
1641 4158 1752 4206 Πο-

217 4245 525 4311 ρευθέντες
551 4245 960 4312 μαθητεύσατε
1001 4242 1190 4295 πάντα
1219 4242 1286 4294 τὰ
1315 4243 1474 4308 ἔθνη.
1507 4243 1753 4296 Βούλεται

1857 3089 1982 3141 dum
2015 3096 2116 3150 est,
2147 3087 2250 3141 nisi
2277 3088 2342 3140 iis
2369 3088 2460 3154 qui
2493 3087 2582 3139 diu
2616 3095 2796 3152 postea
2829 3083 2938 3135 haec
2961 3085 3211 3150 operibus
3234 3101 3382 3136 com-

1855 3177 2166 3245 pleverunt;
2212 3176 2278 3230 iis
2322 3173 2567 3227 videlicet
2607 3171 2697 3238 qui
2745 3171 2798 3222 in
2843 3171 3089 3224 omnibus
3134 3172 3381 3238 gentibus

1857 3269 2089 3323 salutare
2136 3265 2227 3320 Dei
2283 3259 2744 3333 praedicaverunt?
2789 3258 2882 3311 His
2925 3262 3122 3329 quippe
3165 3262 3380 3316 divinus

1857 3350 2088 3419 Spiritus
2135 3348 2338 3417 jamdiu
2375 3354 2429 3400 et
2478 3344 2649 3397 multo
2693 3348 2814 3395 ante
2857 3351 3093 3409 tempore
3140 3341 3190 3393 id
3225 3358 3380 3409 agere

1854 3438 2216 3510 prmcipiebat.
2266 3435 2456 3488 Iisdem
2487 3445 2699 3500 quoque
2747 3431 3021 3498 sequentia
3073 3428 3376 3492 denuntiat,

1855 3532 2037 3593 utpote
2062 3523 2153 3590 qui
2185 3518 2393 3572 Domini
2419 3517 2641 3586 gloriam
2673 3515 2726 3566 in
2754 3514 3003 3566 omnibus
3031 3514 3298 3581 gentibus,
3325 3521 3380 3566 et

1855 3617 1909 3669 in
1931 3613 2180 3667 omnibus
2225 3610 2434 3679 pupulis
2465 3605 2731 3658 mirabilia
2777 3613 2892 3673 ejus
2926 3603 3258 3672 praedicaturi
3288 3618 3377 3656 es-

1853 3711 1989 3759 sent.
2015 3701 2236 3765 Quinam
2261 3699 2418 3766 igitur
2449 3701 2574 3748 sunt
2595 3694 2684 3762 qui
2716 3692 2832 3746 haec
2865 3691 3115 3760 operibus
3145 3691 3381 3760 perlece--

1853 3793 2013 3849 runt?
2048 3790 2102 3842 Si
2149 3787 2360 3856 quidem
2391 3792 2611 3854 possent
2650 3782 2740 3834 alii
2788 3781 2898 3834 sive
2935 3780 3058 3849 Cyri
3092 3781 3201 3833 sive
3237 3778 3381 3833 Darii

1855 3895 2090 3950 tempore
2134 3876 2380 3939 indicari,
2423 3873 2639 3945 [quibus
2685 3872 2797 3924 haec
2841 3877 3234 3938 competerent;
3261 3869 3381 3925 illos

1851 3965 2130 4036 prophetia
2173 3963 2482 4031 respiceret.
2519 3957 2623 4012 Sed
2655 3971 2778 4010 cum
2812 3957 2942 4008 nulli
2966 3957 3072 4011 sint
3101 3957 3379 4023 hujusmo-

1853 4053 1954 4125 di,]
1984 4053 2092 4106 haec
2128 4058 2391 4120 przecepta
2431 4047 2712 4116 discipulis
2751 4042 2876 4096 Jesu
2928 4043 3248 4105 traduntur,
3287 4045 3379 4112 qui

1851 4147 1966 4198 hmo
1993 4142 2217 4196 audiunt
2244 4155 2257 4191 :
2293 4138 2508 4199 Euntes,
2540 4137 2714 4189 docete
2752 4149 2924 4186 omnes
2972 4142 3142 4202 gentes
3164 4133 3228 4184 ⁸ο.
3255 4131 3380 4183 Vult

1851 4237 1992 4290 enim
2046 4233 2280 4302 Spiritus
2319 4237 2536 4285 sanctus
2583 4242 2674 4280 eos
2708 4233 2928 4278 strenua
2964 4232 3015 4276 et
3057 4222 3375 4274 indesinenti

222 4335 328 4406 γὰρ
361 4336 420 4388 τὸ
483 4333 703 4401 Πνεῦμα
753 4331 811 4382 τὸ
857 4331 1004 4397 ἅγιον
1060 4331 1286 4398 συντόνῳ
1333 4331 1421 4381 καὶ⁵
1464 4330 1754 4400 ἀδιαστάτῳ

1860 4341 2019 4395 opera
2057 4323 2420 4391 evangelicum
2452 4333 2586 4385 opus
2615 4316 2896 4384 perlicere;
2927 4327 3046 4364 nam
3080 4311 3131 4364 id
3157 4311 3241 4364 his
3264 4326 3379 4363 ver-

225 4426 424 4494 σπουδῇ
455 4421 718 4476 ἐπιτελεῖν
750 4421 937 4482 αὐτοὺς
972 4419 1032 4470 τὸ
1082 4418 1424 4485 εὑαγγελικὸν
1470 4418 1652 4488 ἔργον·
1687 4423 1750 4489 τῇ

223 4514 346 4584 γὰρ,
381 4513 567 4582 ἡμέρᾳ
604 4511 673 4573 ἐξ
705 4510 955 4577 ἡμέρας,
1011 4507 1164 4558 τοῦτο
1196 4507 1515 4576 παρίστησι,
1547 4508 1606 4558 τὸ
1636 4508 1751 4577 διη-

218 4604 388 4666 ⁸νεκῶς
424 4602 617 4662 αὐτοὺς
642 4596 1074 4666 εὐαγγελίζεσθαι
1114 4597 1174 4649 τὸ
1208 4599 1486 4667 σωτήριον,
1529 4599 1652 4666 περὶ
1691 4594 1750 4651 οῦ

225 4691 462 4758 εἴρηται·
513 4686 700 4751 Οὗτός
731 4687 896 4740 ἐστιν
938 4682 1166 4749 ἀληθῶς
1199 4687 1230 4736 ό
1275 4683 1471 4750 Σωτὴρ
1511 4684 1614 4736 τοῦ
1657 4686 1751 4736 κό-

224 4794 397 4844 σμου.

304 4867 605 4936 Ἐνέγκατε
637 4864 714 4927 τῷ
762 4864 978 4930 Κυρίῳ,
1009 4864 1064 4913 αἱ
1120 4860 1350 4926 πατριαὶ
1391 4857 1506 4910 τῶν
1533 4858 1748 4922 ἐθνῶν,

225 4955 495 5024 ἐνέγκατε
523 4954 602 5018 τῷ
652 4953 844 5020 Κυρίῳ
885 4950 1066 5012 δόξαν
1099 4949 1195 5000 καὶ
1240 4947 1444 5015 τιμὴν,
1479 4947 1751 5015 ἐνέγκατε

228 5044 304 5108 τῷ
329 5045 515 5111 Κυρίῳ
541 5042 728 5103 δόξαν
767 5041 1001 5106 ὀνόματι
1045 5037 1244 5091 αὑτοῦ.
1290 5037 1362 5087 Οὐ
1406 5037 1576 5104 μάτην
1604 5033 1752 5106 ᾆσμα

227 5136 401 5187 καινὸν
432 5134 575 5204 ᾄδειν
602 5134 658 5182 ὲν
681 5128 981 5199 προοιμίοις
1008 5127 1102 5194 τῆς
1123 5124 1427 5194 ψαλμῳδίας
1454 5123 1750 5186 ἐκέλευσεν,

229 5223 336 5275 ἀλλ’
370 5223 550 5292 ἐπειδὴ
573 5221 732 5288 καινή
762 5235 843 5280 τις
881 5217 1065 5284 κλῆσις
1097 5214 1189 5265 τοῦ
1223 5215 1478 5282 παρόντος
1515 5212 1748 5281 ψαλμοῦ,

233 5313 406 5364 καινὸν
433 5313 491 5364 τὺ
517 5312 795 5378 κήρυγμα.
832 5303 994 5371 Ἐθνη
1039 5301 1167 5370 γὰρ,
1201 5301 1274 5363 ὼς
1302 5302 1450 5368 ὁρᾷς,
1482 5301 1529 5349 οἱ
1562 5301 1752 5351 καλού-

238 5417 381 5470 μενοι
411 5401 522 5468 (sic)
555 5399 614 5449 οὺ
650 5397 877 5464 μόσχους
905 5391 1008 5443 οὐδ’
1047 5392 1231 5460 ἄρνας,
1273 5389 1376 5440 οὐδ’
1417 5387 1605 5452 ἔξωθεν
1643 5391 1748 5440 stc-

1854 4418 1936 4471 bis
1972 4414 2295 4473 declaratur,
2327 4409 2388 4461 de
2419 4408 2500 4459 die
2545 4407 2597 4457 in
2627 4405 2779 4468 diem,
2814 4411 2870 4454 ut
2911 4403 3114 4455 scilicet
3162 4400 3378 4455 assidue

1855 4509 2088 4562 salutare
2113 4503 2240 4556 illud
2287 4498 2619 4558 annuntient,
2655 4495 2720 4548 de
2754 4508 2862 4562 quo
2887 4493 3086 4546 dictutn
3118 4500 3199 4546 est
3229 4507 3244 4543 :
3280 4491 3380 4544 Hie

1854 4608 1926 4651 est
1953 4612 2062 4649 rere
2084 4594 2326 4648 Salvator
2355 4587 2610 4640 mundi".

1923 4850 2086 4904 Vsus.
2120 4848 2171 4911 7,
2207 4847 2260 4900 8.
2291 4844 2482 4911 Alfe'te
2527 4839 2742 4892 Domino
2785 4838 2966 4907 patria:
3014 4837 3262 4905 gentium,
3292 4833 3377 4900 af-

1854 4942 1981 5010 ferte
2019 4939 2240 4992 Domino
2278 4934 2502 5002 gloriam
2545 4940 2592 4982 et
2633 4930 2904 4987 honorem,
2949 4927 3126 4991 aﬂ‘ertc
3160 4923 3379 4975 Domino

1853 5029 2073 5100 gloriam
2115 5026 2307 5079 nomini
2353 5022 2487 5090 ejus.
2533 5021 2811 5074 Canticum
2859 5031 3053 5068 novum
3093 5029 3286 5066 canere
3328 5013 3378 5065 in

1855 5116 2120 5187 principio
2177 5110 2486 5178 psalmodiae
2541 5124 2646 5162 non
2697 5108 2895 5160 frustra
2938 5101 3231 5171 praecepit;
3287 5100 3380 5153 sed

1853 5207 1980 5275 quia
2011 5205 2335 5258 vocationem
2362 5207 2414 5252 et
2443 5198 2869 5266 prmdicationem
2898 5207 3088 5246 novam
3124 5190 3209 5242 hic
3250 5192 3383 5256 psal-

1854 5311 1974 5349 mus
2011 5292 2476 5359 complectebatur.
2500 5288 2565 5338 At
2592 5288 2756 5346 enim,
2783 5292 2839 5336 ut
2860 5280 3168 5350 ipsevides.
3199 5287 3382 5347 gentes

1854 5402 1971 5456 qua:
2002 5390 2276 5444 vocantur,
2309 5395 2412 5433 non
2456 5378 2670 5442 vitulos,
2721 5391 2827 5429 non
2859 5385 3044 5442 agnos,
3087 5386 3193 5423 non
3228 5368 3382 5438 quid-

301 5551 346 5580 "’
381 5552 462 5604 Isa
510 5565 562 5610 ν,
595 5547 647 5607 6,
677 5547 732 5598 5.
802 5545 845 5575 '°
882 5542 1066 5597 Matth.
1103 5555 1290 5604 xxvnt,
1324 5537 1406 5591 19.
1479 5537 1519 5567 ⁸¹
1559 5535 1714 5592 Joan.
1753 5557 1824 5606 tv,
1859 5539 1944 5593 4-2.

301 5689 378 5756 (ι)
411 5688 501 5740 llic
531 5683 723 5738 desinit
756 5678 920 5734 codex
952 5692 1055 5732 cm.
1085 5677 1231 5731 card.
1269 5671 1522 5730 Coislinii.
