3848 6410
202 340 349 395 1285

1319 333 1814 398 ΟΟΜΜΕΝΤΑΒΙΑ
1848 344 1913 397 ΙΝ
1953 341 2279 400 PSALMOS.

3249 342 3267 392 Ι
3277 342 3378 398 22b

204 454 729 523 εὐφρανθήτωσαν
762 458 935 526 νῆσοι
964 461 1197 511 πολλαί.
1237 451 1452 522 Ἐπειδὴ
1482 452 1535 502 ἐν
1559 455 1625 523 τῇ
1659 457 1757 509 τῶν

1868 468 2037 511 tentur
2060 457 2249 509 insqu
2290 454 2482 506 mutue.
2520 452 2779 518 Quoniam
2819 453 2870 506 in
2916 452 3257 523 Septuaginta
3290 453 3374 506 ln-

214 541 635 613 Ἐϐδομήκοντα
667 549 921 618 ἑρμηνείᾳ
957 549 1169 615 φέρεται
1202 548 1234 617 ὴ
1267 542 1573 617 προγραφὴ,
1607 546 1761 615 ἐροῦ-

208 649 331 702 μεν,
372 634 473 696 ὡς,
508 636 774 699 πολλάκις
794 639 1088 706 συμφοραῖς
1119 631 1537 705 περιπεπτωκὼς
1556 634 1583 684 ὁ
1604 635 1764 687 Δαυῖδ

205 722 327 773 τότε
366 724 470 791 μὲν
499 726 594 777 ὅτε
645 727 747 779 ὑπὸ
775 728 941 780 Σαοὺλ
969 726 1239 795 ἠλαύνετο,
1274 728 1363 779 καὶ
1403 724 1501 786 τὰς
1528 726 1760 794 ἐρήμους

210 813 537 880 μετεδίωκε,
573 818 677 878 τάς
715 833 772 867 τε
805 817 951 886 παρὰ
980 821 1087 879 τοῖς
1123 816 1428 883 ἀλλοφύλοις
1456 815 1757 885 διατριϐάςο

202 900 325 952 τότε
376 900 437 953 δὲ
491 903 586 955 ὅτε
642 904 889 972 πολέμοις
937 902 1215 971 ἐσχόλαζε,
1252 904 1341 955 τὸν
1384 902 1759 971 προκείμενον,

201 982 395 1057 οἶμαι,
434 990 659 1060 ψαλμὸν
702 995 818 1045 κατ’
856 994 1055 1065 ἐκεῖνον
1092 988 1190 1063 ᾖσε
1228 991 1343 1044 καθ’
1373 992 1429 1043 ὃν
1470 990 1756 1059 κατέστηή

202 1079 273 1145 γῆ
302 1079 501 1143 αὐτοῦ,
534 1082 677 1149 ὁμοῦ
705 1083 794 1133 καὶ
821 1083 913 1151 τῆς
944 1083 1173 1144 διανοίαις
1196 1081 1355 1134 αὐτοῦ
1386 1080 1591 1148 καὶτῆς
1616 1080 1760 1147 βασι-

201 1168 355 1231 λείας
407 1170 468 1220 ἐν
515 1171 786 1239 ἀταραξία
832 1172 924 1223 καὶ
971 1173 1152 1240 εἰρήνῃ
1200 1172 1291 1222 καὶ
1342 1169 1541 1238 γαλήνῃ
1598 1184 1750 1219 κατα-

204 1255 418 1324 στάσης
447 1256 591 1325 μετά
617 1258 716 1327 τὴν
746 1258 952 1311 πάντων
975 1258 1079 1309 τῶν
1100 1258 1302 1326 ἐχθρῶν
1322 1257 1609 1326 ἀναίρεσιν.
1630 1255 1758 1307 Τότε

200 1338 296 1395 οῦν
320 1345 351 1396 ό
385 1347 702 1415 προφήτης,
732 1347 787 1398 ἐν
832 1346 1082 1415 είρήναίῳ
1114 1348 1479 1415 καταστήματι
1509 1346 1757 1413 γεγονὼς,

204 1433 314 1486 ὑπὸ
342 1433 442 1486 τοῦ
481 1435 632 1487 θείου
663 1434 966 1503 Πνεύματος
1007 1435 1097 1485 ἐπὶ
1129 1436 1222 1502 τὴν
1256 1435 1359 1486 τῶν
1396 1434 1759 1504 προκειμένων

202 1523 566 1577 διδασκαλίαν
610 1526 951 1577 ἀνακινείται.
980 1524 1265 1593 Ἐπειδὴδέ
1294 1526 1427 1594 μήτε
1471 1525 1594 1595 ᾠδὴ,
1625 1526 1757 1595 μήτε

203 1611 426 1682 ψαλμδς
474 1614 874 1683 ἐπιγέγραπται
902 1615 1027 1681 παρ’
1065 1613 1353 1683 Ἑϐραίοις,
1387 1616 1554 1677 εἴποις
1597 1615 1661 1668 ἂν
1692 1616 1757 1668 τά

206 1702 561 1772 προκείμενα
595 1702 921 1772 προφητείαν
945 1697 1076 1753 εἶναι
1108 1704 1197 1755 καὶ
1226 1703 1560 1756 διδασκαλίαν
1585 1703 1757 1773 ἁπλῆν

1859 554 2144 615 terpretum
2178 545 2424 599 versione
2482 543 2568 595 hic
2614 542 2801 595 titulus
2831 540 3068 602 affertur,
3112 542 3378 607 dicamus,

1859 635 2106 689 Davidem
2157 636 2211 687 in
2257 634 2450 686 multas
2500 632 2771 699 delapsum
2827 631 3156 686 calamitates
3203 646 3378 687 curua

1860 723 2016 777 Saule
2045 724 2345 792 pelleretur,
2378 721 2587 776 deserta
2613 724 2723 775 loca
2766 720 3121 789 frequentaret
3152 732 3205 777 et
3235 721 3377 792 apud

1858 813 2152 883 allophylos
2192 820 2526 876 moraretur;
2564 818 2710 869 tunc.
2764 826 2883 865 cum
2933 812 3136 865 scilicet
3163 830 3191 866 a
3224 815 3376 871 bellis

1860 908 2085 964 vacaret,
2138 901 2281 954 hunc
2342 900 2627 968 psalmum,
2673 906 2730 952 ut
2792 899 3043 962 arbitror,
3092 901 3373 967 cecinisse,

1857 1005 1975 1043 cum
2001 991 2108 1055 jam
2139 998 2280 1043 terra
2299 990 2415 1058 ejus
2443 990 2687 1044 restituta
2729 998 2891 1051 esset,
2922 990 3155 1057 quando,
3195 992 3373 1045 subla-

1858 1081 1928 1134 tis
1952 1080 2186 1134 inimicis
2210 1080 2475 1141 omnibus,
2503 1090 2555 1133 et
2587 1080 2795 1133 animus
2830 1086 2884 1133 et
2924 1094 3142 1147 regnum
3176 1080 3292 1147 ejus
3318 1080 3371 1132 in

1857 1170 2164 1232 securitate,
2200 1169 2251 1221 in
2292 1184 2421 1237 pace
2450 1178 2501 1222 ct
2529 1168 2913 1237 tranquillitate
2940 1167 3186 1237 degebat.
3222 1166 3374 1222 Tunc

1857 1272 1983 1327 ergo
2018 1258 2297 1325 propheta,
2328 1257 2531 1325 pacatis
2554 1259 2711 1309 rebus
2736 1255 2871 1320 suis,
2900 1256 2966 1308 ad
2994 1256 3130 1309 hanc
3150 1255 3375 1311 eﬂ‘eren-

1856 1348 1978 1401 dam
1999 1348 2294 1400 doctrinam
2320 1362 2348 1398 a
2372 1345 2553 1398 divino
2572 1344 2768 1413 Spiritu
2803 1355 3062 1400 movetur.
3092 1345 3226 1412 Quia
3251 1361 3374 1401 vero

1857 1450 2028 1503 neque
2077 1436 2370 1496 canticum,
2432 1449 2597 1502 neque
2660 1436 2894 1502 psalmus
2953 1436 3241 1504 inscriptus
3290 1442 3373 1489 est

1857 1524 1994 1593 apud
2026 1522 2297 1583 Hebraeos,
2322 1522 2518 1577 dixeris
2560 1523 2670 1576 hazc
2705 1524 3032 1593 prophetiam
3083 1534 3136 1578 et
3174 1524 3374 1578 doctri-

1856 1629 1977 1668 nam
2011 1614 2303 1683 simplicem
2340 1630 2481 1681 esse,
2506 1630 2621 1684 quae
2644 1615 2708 1669 ad
2738 1614 3031 1669 secundum
3079 1622 3133 1669 et
3179 1614 3376 1683 glorio-

1857 1719 1974 1758 sum
2000 1703 2291 1760 Salvatoris
2313 1707 2484 1761 nostri
2514 1707 2804 1760 adventum
2844 1712 3105 1774 spectant,
3146 1705 3376 1772 comple-

205 1789 279 1842 τὰ
327 1791 463 1857 περὶ
504 1790 604 1859 τῆς
652 1790 899 1861 δευτέρας
936 1794 1026 1843 καὶ
1078 1792 1281 1857 ἐνδόξου
1330 1792 1621 1863 παρουσίας
1664 1793 1753 1845 τοῦ

1858 1802 2130 1847 ctentem:
2173 1810 2330 1863 quem
2383 1794 2565 1851 Daniel
2606 1795 2689 1849 his
2738 1795 2911 1850 verbis
2956 1801 3370 1849 commemorat:

208 1878 472 1948 Σωτῆρος
500 1879 663 1947 ήμῶν
690 1880 1063 1949 περιέχουσαν-
1090 1876 1156 1951 ἧς
1178 1882 1266 1933 καὶ
1294 1882 1320 1932 ό
1341 1882 1532 1951 Δανιὴλ
1559 1900 1659 1952 μνη
1668 1900 1760 1951 μο-

209 1964 382 2018 νεύων
415 1965 589 2034 φησίν
609 1983 622 1995 ·
670 1964 999 2031 Ἐθεώρουν,
1032 1966 1126 2018 καί
1178 1966 1302 2018 ἰδοὺ
1333 1966 1429 2017 ἐπὶ
1457 1965 1571 2019 τῶν
1597 1982 1760 2033 νεφε-

208 2054 336 2109 λῶν
359 2054 472 2108 τοῦ
502 2055 765 2121 οὐρανοῦ
803 2054 932 2119 Υιὸς
965 2054 1268 2122 ἀνθρώπου
1296 2055 1508 2122 παρῆν,
1535 2056 1629 2107 καί
1655 2055 1758 2123 μέ-

210 2161 309 2211 χρι
348 2144 457 2197 τοῦ
501 2142 771 2197 Παλαιοῦ
802 2142 915 2195 τῶν
943 2144 1168 2210 ἡμερῶν
1203 2145 1440 2212 ἔφθασε.
1472 2145 1576 2197 Kal
1607 2145 1762 2209 αὑτῷ

208 2234 387 2301 ἐδόθη
422 2235 463 2301 ἠ
503 2232 667 2301 ἀρχὴ
697 2232 792 2285 καὶ
843 2234 880 2299 ἠ
911 2232 1041 2299 τιμὴ
1090 2232 1185 2286 καί
1234 2235 1270 2299 ἠ
1314 2235 1631 2296 βασιλεία·
1663 2235 1761 2288 καί

210 2323 433 2389 πάντες
476 2326 531 2377 οι
576 2322 738 2385 λαοὶ,
787 2322 987 2391 φυλαί,
1018 2322 1280 2392 γλῶσσαι
1328 2323 1484 2389 αὐτῷ
1516 2324 1760 2381 δουλεύ-

213 2427 460 2466 σουσιν.
507 2411 570 2465 Ἠ
585 2410 872 2475 ,ϐασιλεία
895 2411 1074 2464 αὐτοῦ
1097 2412 1375 2474 ,ϐασιλεία
1395 2412 1639 2478 αἰώνιος,
1665 2414 1764 2467 καὶ

212 2502 251 2567 ἠ
275 2500 533 2564 ἐξουσία
574 2498 763 2552 αὐτοῦ
807 2502 876 2552 οὐ
916 2498 999 2567 μὴ
1039 2500 1334 2568 ἀφαιρεθῇ.
1389 2501 1547 2563 Τότε,
1578 2503 1759 2571 φησιν.

215 2589 605 2657 ἀγαλλιάσεται
655 2590 798 2641 πᾶσα
834 2587 981 2657 ήγῆ,
1014 2588 1129 2657 ήτοι
1180 2591 1213 2658 ἡ
1256 2590 1409 2658 καινὴ
1448 2590 1636 2653 κτίσις,
1670 2592 1762 2643 καὶ

218 2680 417 2742 πάντες
448 2680 500 2731 οί
546 2677 607 2742 ἐξ
655 2678 843 2740 αίῶνος
873 2680 967 2749 τὴν
994 2680 1093 2749 γῆν
1137 2680 1447 2747 οἰκήσαντες
1493 2678 1759 2748 ἄνθρωποι

216 2767 309 2822 τοῦ
338 2767 475 2821 Θεοῦ
497 2784 511 2796 ο
543 2768 578 2838 ἢ
602 2768 700 2820 καὶ
728 2768 775 2819 οί
810 2768 1082 2837 μέλλοντες
1113 2768 1455 2838 κληρονομεῖν
1474 2768 1567 2837 τὴν
1601 2771 1760 2821 ἐπου-

222 2856 401 2926 ράνιον
428 2857 553 2934 γῇν,
575 2855 717 2908 κατά
738 2855 796 2907 τό
815 2871 827 2883 ’
859 2854 1137 2922 Μακάριοι
1162 2859 1214 2908 οἱ
1241 2855 1461 2923 πραεῖς,
1486 2855 1571 2908 ὅτι
1596 2857 1759 2909 αὐτοὶ

223 2943 761 3013 κληρονομήσουσι
809 2944 919 3011 τὴν
967 2942 1093 3012 γῆν.
1149 2946 1257 3013 Τῆς
1296 2945 1402 3014 γὰρ
1456 2947 1760 3015 σωματικῆς

221 3033 408 3095 οὐσίας
437 3034 519 3095 εἰς
545 3032 847 3099 ἀφθαρσίαν
884 3031 1309 3100 μεταϐαλλούσης
1348 3032 1484 3085 κατά
1515 3035 1636 3095 τοὺς
1662 3033 1757 3101 τῆς

1864 1887 2132 1950 Videbam,
2157 1897 2205 1940 et
2225 1903 2336 1939 ecce
2358 1887 2410 1939 in
2431 1886 2645 1939 nubibus
2674 1886 2786 1939 cwli
2810 1884 2978 1938 Filius
3007 1884 3226 1938 hominis
3258 1885 3377 1938 ade-

1859 1986 1961 2038 rat,
1994 1986 2041 2029 et
2088 1990 2243 2042 usque
2270 1973 2335 2025 ad
2367 1974 2645 2041 Antiquam
2674 1973 2872 2025 dierum
2898 1972 3140 2038 pervenit.
3176 1970 3243 2023 Et
3271 1970 3374 2038 ipsi

1856 2067 2037 2118 datum
2063 2074 2138 2118 est
2170 2064 2436 2131 imperium
2463 2072 2510 2115 et
2552 2063 2713 2114 honor
2747 2073 2793 2114 et
2845 2077 3051 2129 regnum
3076 2075 3094 2111 :
3119 2069 3168 2113 et
3201 2075 3373 2114 omnes

1858 2155 2030 2221 populi
2060 2192 2075 2216 ,
2116 2154 2279 2205 tribus
2308 2162 2355 2205 et
2386 2152 2572 2220 lingua:
2613 2150 2710 2217 ipsi
2735 2150 2970 2202 servient.
2999 2148 3223 2217 Regnum
3258 2148 3372 2216 ejus

1856 2259 2065 2314 regnum
2113 2242 2497 2309 sempiternum,
2541 2248 2591 2292 et
2631 2246 2856 2306 potestas
2901 2237 3013 2305 ejus
3042 2252 3145 2290 non
3169 2236 3373 2303 aufere-

1859 2338 1943 2384 tur
1981 2330 2046 2385 ⁸⁵.
2083 2328 2251 2391 Tunc,
2286 2327 2475 2396 inquit,
2505 2324 2789 2381 exsultabit
2808 2323 2982 2378 omnis
3007 2330 3169 2383 terra,
3194 2320 3243 2375 id
3269 2330 3370 2386 est,

1858 2434 1995 2474 nova
2025 2427 2289 2479 creatura,
2314 2424 2368 2471 et
2404 2430 2591 2469 omnes
2621 2413 2710 2469 Dei
2734 2412 2977 2467 homines
3001 2412 3092 2481 qui
3123 2426 3153 2465 a
3178 2412 3373 2467 sreculo

1856 2518 2056 2565 terram
2119 2506 2392 2568 incolunt;
2425 2504 2537 2559 sive
2594 2503 2755 2557 etiam
2795 2501 2887 2570 qui
2916 2500 3182 2555 cmlestem
3229 2502 3373 2554 illam

1859 2607 2052 2651 terram
2107 2594 2411 2663 possessuri
2469 2597 2616 2654 sunt,
2671 2591 2963 2643 secundum
3017 2587 3147 2641 illud
3184 2586 3375 2642 :Beati

1857 2687 2038 2747 mites,
2073 2684 2311 2752 quoniam
2368 2682 2464 2748 ipsi
2523 2678 2849 2748 possidebunt
2923 2686 3111 2730 terram
3132 2676 3197 2730 ⁸⁸.
3242 2674 3375 2730 Nam

1857 2789 1979 2828 cum
2024 2785 2284 2840 corporea
2326 2768 2626 2825 substantia
2677 2766 2731 2819 in
2782 2764 3254 2833 incorruptionem,
3281 2777 3377 2833 per

1857 2854 2269 2914 resurrectionis
2325 2854 2527 2923 legem.
2582 2858 2782 2905 mutata
2852 2849 3045 2911 fuerit.
3091 2848 3379 2904 exsultabit

1857 2953 2020 3005 terra,
2054 2949 2237 3010 utpote
2264 2954 2382 3009 qua!
2405 2953 2568 3009 regno
2600 2937 2855 2992 caalorum
2902 2944 2954 2989 et
2994 2937 3104 3005 ipsa
3129 2935 3376 2991 donanda

1857 3031 1947 3086 sit.

222 3094 574 3177 ἀναστάσεως
590 3094 795 3181 λόγους,
817 3094 1190 3183 ἀγαλλιάσεται
1222 3094 1364 3186 ήγῆ,
1394 3118 1486 3171 άτε
1512 3094 1625 3187 τῆς
1781 3094 1824 3150 C

220 3204 465 3277 οὐρανῶν
494 3202 767 3273 βασιλείας
803 3206 892 3257 καὶ
929 3205 1060 3275 αὐτὴ
1086 3205 1602 3276 καταξιωθήσομένη.

286 3288 815 3359 Εὐφρανθήτωσαν
844 3288 1018 3357 νῆσοι
1063 3292 1280 3344 πολλαί
1298 3307 1312 3321 ο
1342 3291 1529 3344 πολλαὶ
1554 3292 1628 3355 δέ,
1665 3293 1758 3347 καὶ

223 3380 283 3432 οὐ
318 3380 513 3439 πᾶσαι,
540 3376 631 3429 διὰ
666 3376 770 3428 τῶν
808 3376 1099 3440 κακοδόξων
1121 3395 1133 3407 ο
1167 3378 1226 3430 ού
1276 3380 1377 3449 χρὴ
1409 3380 1514 3451 γὰρ
1553 3381 1757 3449 χαίρειν

222 3469 334 3529 τοῖς
361 3465 608 3519 ἀσεϐέσι.
656 3464 863 3531 Νήσους
892 3463 997 3533 γάρ
1040 3464 1148 3517 ἐσθ’
1192 3467 1277 3518 ὅτε
1314 3467 1374 3518 τὸ
1422 3467 1651 3537 Γράμμα
1698 3468 1757 3520 τὸ

226 3556 369 3627 ἱερὸν
390 3555 491 3615 τὰς
531 3552 847 3620 Ἑκκλησίας
874 3554 1156 3606 ἀποκαλεῖ·
1174 3549 1279 3607 οἷον
1306 3557 1362 3607 ὲν
1384 3554 1613 3624 θαλάσσῃ
1646 3572 1756 3609 κει-

227 3646 394 3716 μένας
425 3650 485 3697 ἐν
513 3644 650 3713 τῷδε
682 3642 758 3711 τῷ
788 3644 951 3713 τόπῳ,
979 3644 1071 3697 καὶ
1099 3648 1308 3714 πικροῖς
1339 3644 1490 3697 ὕδασι
1517 3661 1758 3713 περιεχο-

228 3736 394 3805 μένας
421 3737 542 3797 ταῐς
576 3736 633 3786 ἐν
663 3732 807 3801 αύτῷ
834 3733 1204 3802 περιστάσεσι,
1237 3735 1329 3786 καὶ
1355 3735 1428 3797 ὡς
1451 3734 1758 3804 ραγδαιοτά-

226 3842 338 3887 τοις
388 3824 599 3893 κύμασι
657 3822 1085 3892 καταπαιομένας
1141 3826 1249 3886 τοῖς
1295 3824 1573 3892 διωγμοῖς·
1622 3822 1757 3893 πλὴν

226 3911 579 3973 ἀδιαπτώτως
605 3911 1007 3980 ἐρηρεισμένας,
1039 3911 1130 3965 καὶ
1162 3912 1447 3980 ἀνεχούσας
1483 3911 1634 3979 ὑψοῦ,
1668 3914 1758 3965 καὶ

225 4004 343 4065 ταῖς
370 4001 615 4070 θλίψεσιν
644 4001 703 4052 οὐ
738 3998 1141 4069 βαπτιζομένας.
1183 4002 1480 4071 Ἀκλόνήτοι
1523 4002 1626 4073 γὰρ
1673 4002 1757 4055 διὰ

227 4086 457 4155 Χριστὸν
488 4086 547 4137 αἱ
588 4084 913 4153 Ἐκκλησίαι,
946 4086 1038 4137 καὶ
1066 4086 1225 4138 πύλαι
1266 4086 1385 4156 ᾅδου
1422 4089 1481 4140 ού
1513 4088 1759 4157 κατισχύ-

228 4190 409 4226 σουσιν
461 4173 664 4225 αὐτῶν.
713 4173 911 4225 Οὐκοῦν
965 4174 1011 4226 εί
1063 4173 1125 4244 δὴ
1164 4173 1394 4242 βούλοιτὸ
1440 4193 1521 4239 τις
1567 4178 1757 4246 νήσους

227 4263 424 4315 ἐννοεῖν
456 4262 554 4325 τάς
587 4262 646 4325 ἐξ
677 4260 838 4313 ἐθνῶν
878 4262 1208 4331 Ἐκκλησίας,
1246 4264 1341 4316 οὐκ
1373 4264 1478 4317 ἀπὸ
1504 4265 1594 4317 τοῦ
1631 4267 1759 4336 πρέ-

226 4369 417 4416 ποντος
456 4352 717 4422 βαδιεῖται
762 4350 978 4403 σκοποῦ.
1022 4353 1433 4420 Ἐγκαινίζονται
1466 4355 1590 4421 γοῦν
1622 4356 1750 4425 πρὸς

227 4439 355 4492 θεὸν
370 4443 522 4509 νῆσοι
554 4439 633 4508 τῷ
670 4437 875 4508 Ἡσαΐᾳ,
898 4440 952 4492 αί
982 4440 1084 4491 ἀπὸ
1104 4440 1208 4492 τῶν
1226 4441 1387 4493 ἐθνῶν
1427 4442 1750 4511 Ἐκκλησίαι,

226 4530 347 4598 άρτι
378 4530 800 4598 καθιστάμεναι,
829 4530 920 4580 καὶ
954 4529 1049 4597 τῆς
1084 4528 1320 4598 ἁλμυρᾶς
1351 4531 1597 4593 ἀπιστίας
1626 4532 1751 4585 ἀνα-

226 4618 550 4683 κύπτουσαι,
579 4619 672 4671 καὶ
708 4615 863 4685 πῆξιν
897 4616 1219 4685 λαμϐάνουσι
1256 4618 1329 4685 τῷ
1360 4618 1473 4687 Θεῷ
1505 4619 1746 4689 βάσιμον.

227 4706 421 4769 Καλῶς
445 4708 625 4759 τοίνυν
664 4704 933 4758 κάνταῦθα
960 4703 1055 4766 τὰς
1092 4704 1260 4772 ψυχὰς
1282 4705 1386 4756 τῶν
1419 4708 1473 4757 ἐν
1500 4712 1608 4769 τοίς
1638 4726 1753 4761 πει-

230 4800 453 4863 ρασμοῖς
484 4796 541 4847 τὸ
584 4795 789 4862 ἐδραῖόν
812 4810 868 4845 τε
909 4794 999 4846 καὶ
1039 4792 1357 4860 ἀμετάθετον
1393 4795 1752 4865 ἐπιδεικνυμέ-

229 4893 350 4938 νων,
376 4880 570 4947 νήσους
604 4879 897 4947 ὠνόμασεν,
917 4877 980 4939 ἃς
1004 4878 1256 4929 πάντοθεν
1289 4878 1383 4945 μὲν
1408 4879 1752 4949 διαλαμϐάνει

229 4966 262 5033 ἡ
286 4968 381 5032 τῆς
408 4968 605 5031 κακίας
634 4968 797 5037 ἅλμη,
823 4968 881 5018 ού
918 4966 1017 5035 μὴν
1054 4965 1292 5017 τοσοῦτον
1332 4965 1495 5032 ἰσχύει
1526 4972 1753 5038 προσπί-

232 5070 464 5117 πτουσα,
510 5058 586 5117 ὼς
618 5059 707 5109 καὶ
738 5056 889 5109 σάλον
920 5055 1037 5108 τινὰ
1082 5055 1156 5122 τῷ
1204 5053 1380 5120 παγίῳ
1423 5055 1514 5121 τῆς
1564 5059 1757 5127 ἀρετῆς

230 5144 540 5215 ἐμποιῆσαι.

299 5343 529 5409 Νεφέλη
580 5344 675 5396 καὶ
701 5344 915 5411 γνόφος
955 5342 1145 5404 κύκλῳ
1174 5335 1375 5396 αὐτοῦ,
1404 5336 1753 5407 δικαιοσυνη

236 5430 327 5483 καί
360 5432 530 5500 κρῖμα
564 5434 914 5498 κατόρθωσις
936 5429 1035 5482 τοῦ
1064 5427 1271 5494 θρόνου
1299 5424 1498 5477 αὑτοῦ.
1535 5427 1753 5497 Νεφέλη

306 5580 350 5613 ⁸⁸
388 5582 515 5635 Dan.
555 5598 659 5644 vn,
704 5584 794 5643 15,
839 5583 915 5634 Η.

506 5675 765 5735 Parnm“
791 5674 897 5733 Gn.
933 5671 1149 5733 XXII].

1923 3286 2183 3339 Lwtentur
2205 3283 2389 3337 insula:
2411 3282 2609 3343 mutue,
2631 3278 2809 3333 multa:
2850 3277 3119 3339 videlicet,
3148 3277 3243 3330 sed
3268 3293 3374 3330 non

1854 3387 2061 3436 omnes,
2087 3386 2269 3426 eorum
2321 3384 2483 3424 causa
2540 3368 2631 3438 qui
2686 3381 2847 3436 prave
2892 3366 3171 3421 sentiunt:
3201 3380 3375 3435 neque

1853 3461 1994 3514 enim
2044 3473 2139 3529 par
2159 3468 2241 3513 est
2274 3464 2327 3511 ut
2360 3456 2505 3525 impii
2537 3455 2819 3524 gaudeant.
2874 3454 3083 3509 Insulas
3110 3453 3374 3524 siquidem

1856 3548 2127 3617 Scriptura
2171 3561 2321 3602 sacra
2361 3544 2627 3599 Eeclesias
2687 3542 2913 3598 subinde
2963 3554 3151 3607 vocat,
3191 3551 3375 3614 utpote

1854 3652 1973 3709 qua:
2001 3637 2085 3692 his
2114 3637 2166 3690 in
2201 3636 2330 3690 locis
2351 3634 2495 3687 velut
2528 3632 2581 3685 in
2605 3631 2738 3685 mari
2779 3630 3009 3699 jaceant,
3050 3632 3374 3701 immanique

1858 3740 2118 3797 aquarum
2144 3724 2308 3788 ﬂuxu,
2326 3722 2721 3778 calamitatibus
2750 3721 3015 3785 videlicet,
3039 3722 3374 3776 circumden-

1856 3824 1963 3879 tur,
1991 3828 2054 3869 ac
2096 3812 2573 3883 persecutionibus,
2617 3826 2712 3866 seu
2767 3810 3077 3865 decumanis
3124 3808 3373 3865 ﬂuctibus

1850 3903 2151 3971 jactentur;
2203 3914 2384 3953 verum
2440 3898 2556 3952 sine
2631 3897 2970 3959 detrimento,
3025 3904 3207 3965 utpote
3255 3913 3373 3966 qua:

1855 3990 2001 4044 fulta:
2031 3995 2083 4042 et
2108 3988 2162 4041 in
2196 3986 2420 4043 sublime
2453 3996 2640 4042 erecta:
2686 3987 2814 4047 sint,
2848 3995 3006 4055 atque
3034 3989 3089 4039 in
3120 3988 3372 4040 aerumnis

1855 4093 1961 4133 non
1986 4078 2379 4146 demergantur.
2400 4074 2530 4128 Nam
2560 4074 2760 4129 Christi
2788 4088 2949 4142 opera
3002 4072 3252 4129 Ecclesia:
3272 4075 3373 4129 im-

1854 4167 2079 4221 mobiles
2101 4172 2337 4227 manent,
2367 4172 2422 4219 et
2444 4171 2609 4233 porta:
2662 4161 2820 4216 inferi
2869 4177 2978 4215 non
3009 4163 3365 4230 praevalebunt

1856 4258 2110 4311 adversus
2136 4270 2247 4309 eas.
2276 4253 2329 4308 Si
2355 4254 2476 4324 quis
2502 4267 2627 4322 ergo
2678 4266 2769 4320 per
2831 4251 3055 4313 insulas,
3101 4250 3370 4309 Bcclesias

1854 4362 1919 4401 ex
1947 4345 2194 4416 gentibus
2241 4342 2463 4412 intelligi
2510 4342 2755 4404 voluerit,
2796 4355 2825 4393 a
2855 4355 2979 4395 vero
3008 4355 3173 4411 scapo
3197 4343 3371 4397 neuti-

1854 4450 2013 4505 quam
2043 4433 2332 4489 aberrabit.
2368 4431 2692 4485 lnnovantur
2731 4429 2871 4483 enim
2909 4444 3035 4499 erga
3080 4429 3243 4485 Deum
3288 4433 3371 4486 in-

1856 4528 1984 4581 sula:
2009 4524 2149 4594 apud
2204 4522 2392 4576 Isaiam
2414 4521 2478 4585 ⁸⁸,
2514 4519 2762 4574 Ecclesia:
2802 4535 2991 4589 nempe
3016 4534 3079 4575 ex
3101 4521 3368 4591 gentibus.

1855 4632 1980 4686 qua:
2006 4629 2176 4684 nuper
2223 4612 2522 4666 constituta:
2568 4619 2711 4670 sunt,
2747 4618 2903 4681 atque
2946 4610 3012 4664 ab
3038 4611 3126 4664 illa
3161 4611 3291 4664 falsa
3315 4620 3371 4664 et

1852 4706 2057 4759 marina
2118 4702 2487 4756 incredulitate
2530 4706 2880 4764 emerserunt,
2940 4714 2997 4752 ac
3052 4699 3369 4753 soliditatem

1852 4790 2141 4857 accipiunt,
2190 4800 2247 4841 ut
2270 4784 2356 4839 Dei
2424 4786 2643 4851 vestigia
2685 4786 2823 4839 ferre
2865 4787 3089 4853 possint.
3142 4784 3369 4840 Pulchre

1853 4878 1975 4931 item
2000 4878 2204 4930 animas
2227 4890 2432 4936 eorum,
2464 4874 2555 4943 qui
2586 4874 2641 4928 in
2670 4874 3055 4929 tentationibus
3093 4881 3368 4929 versantes

1855 4966 2153 5020 ﬁrmitatem
2179 4972 2227 5018 et
2274 4962 2693 5018 immobilitatem
2737 4962 3007 5026 exhibent,
3041 4962 3127 5015 hic
3165 4961 3369 5016 insulas

1853 5054 2141 5115 vocaverit,
2172 5065 2304 5121 quas
2361 5050 2592 5119 undique
2646 5050 2861 5105 malitia:
2919 5050 3160 5118 procellze
3203 5050 3368 5118 impe-

1852 5150 2002 5198 tunt;
2037 5154 2205 5206 neque
2248 5149 2423 5191 tamen
2442 5138 2799 5206 irrumpentes
2844 5136 2895 5189 id
2937 5136 3138 5191 eﬂicere
3174 5138 3366 5200 valent,

1850 5242 1907 5283 ut
1933 5230 2142 5283 virtutis
2166 5227 2399 5280 ﬁrmitati
2430 5226 3107 5283 suecussionemeinierant.

1918 5334 2075 5393 Vens.
2107 5337 2141 5388 2
2198 5335 2365 5391 Nubes
2402 5348 2445 5388 et
2482 5339 2645 5406 caligo
2676 5339 2725 5389 in
2754 5338 2971 5388 circuitu
3001 5338 3132 5404 ejus,
3156 5339 3370 5405 justitia

1848 5438 1896 5483 et
1919 5428 2170 5497 judicium
2197 5429 2440 5481 correctio
2471 5427 2639 5481 throni
2668 5427 2797 5495 ejus.
2830 5424 3009 5480 Nubes
3048 5426 3261 5495 quidem
3284 5432 3371 5482 est

989 5584 1027 5611 ³³
1068 5578 1249 5632 Matth.
1289 5592 1336 5629 ν.
1370 5577 1417 5630 ί.
1498 5578 1545 5609 ’δ
1588 5577 1694 5636 lsa.
1734 5597 1849 5645 xu,
1890 5582 1935 5637 ι.

2989 5672 3065 5729 39
