3890 6428
220 454 368 508 Ιὲνὲε)

1313 443 1805 501 COMMENTARIA
1845 448 1909 500 1N
1948 437 2288 499 PSALMOS.

3258 445 3386 498 1250

215 562 331 626 ζων
358 565 612 636 Χριστοῦ,
644 568 763 627 τοὺς
788 567 846 618 τὸ
876 566 1006 618 θεῖον
1047 568 1136 618 καὶ
1171 557 1519 627 εὐαγγελικδν
1558 563 1762 632 ἱερουρ-

1873 561 2030 622 listas,
2062 556 2154 625 qui
2179 557 2351 607 instar
2377 551 2596 606 luminis
2629 555 2810 608 orbem
2838 564 3096 610 terrarum
3144 557 3381 609 illustra—

213 653 459 719 γοῦντας
487 657 755 726 κήρυγμα,
782 656 1043 707 τουτέστιν
1073 649 1395 712 ἀποστόλους
1418 653 1512 703 καὶ
1540 651 1761 719 εὐαγγε-

212 743 435 806 λιστάς,
465 745 513 796 οἳ
534 744 704 810 φωτὸς
731 743 880 813 δίκην
916 745 1010 813 τὴν
1040 742 1357 812 οἰκουμένην
1392 741 1755 810 κατέλαμψανο

211 826 304 894 οἷς
335 834 432 885 καὶ
458 834 613 895 αὐτὸς
634 832 732 902 ἔφη
754 835 979 905 Χριστός
998 850 1013 865 ο
1055 833 1233 902 Ὑμεῖς
1261 830 1398 882 ἐστε
1420 830 1484 881 τὸ
1512 831 1633 897 φῶς
1661 827 1762 880 τοῦ

211 920 466 988 κόσμου
505 921 620 983 Φῶς
641 922 736 990 μὲν
768 923 872 990 γὰρ
897 922 955 974 τὸ
977 922 1218 991 ἀληθινὸν
1244 919 1400 980 αὐτός
1430 920 1572 970 ἐστιν
1594 921 1621 971 6
1643 917 1762 978 Υἱὸς

210 1009 620 1076 καταφωτίζων
655 1011 863 1062 ἅπασαν
897 1010 1065 1062 κτίσιν
1093 1010 1326 1078 λογικήν.
1346 1007 1557 1076 Ἐπειδὴ
1586 1007 1640 1058 δὲ
1671 1023 1763 1072 γε·

209 1094 424 1161 γόνασι
454 1096 662 1165 μέτοχοι
687 1097 779 1148 τοῦ
812 1098 938 1167 παρ’
960 1097 1118 1148 αὐτοῦ
1142 1095 1313 1164 φωτὸς
1341 1096 1430 1146 καὶ
1457 1095 1605 1146 αὐτοὶ
1630 1093 1764 1146 κατὰ

209 1183 282 1233 τό
303 1198 319 1212 ο
352 1185 665 1251 Ἀνθρακες
687 1183 1038 1251 ἀνήφθησαν
1062 1186 1156 1238 ἀπ’
1180 1183 1382 1244 αὐτοῦ,
1410 1181 1765 1252 χρηματίζου-

209 1285 276 1323 σι
309 1271 434 1338 φῶς
465 1271 557 1324 τοῦ
595 1272 813 1341 κόσμου.
844 1267 996 1326 Οὗτοι
1025 1274 1196 1326 τοίνυν
1230 1271 1472 1340 καθάπερ
1499 1271 1767 1339 ἀστραπαὶ

209 1360 492 1427 γεγόνασι
522 1363 585 1430 τῇ
615 1361 702 1412 ὑπ’
732 1360 952 1429 οὐρανὸν
981 1359 1335 1430 διατρέχοντες
1367 1357 1654 1426 πανταχοῦ,
1677 1357 1767 1409 καὶ

208 1449 285 1502 τὸ
319 1448 470 1501 θεῖον
492 1450 582 1501 καὶ
605 1449 786 1518 νοητὸν
807 1451 922 1510 ταῖς
953 1448 1056 1500 τῶν
1082 1447 1604 1517 μυσταγωγουμένων
1620 1453 1766 1516 ’καρ-

207 1537 373 1600 δίαις
405 1538 786 1608 εἰσπέμπονται
814 1537 944 1604 φῶς.
965 1538 1070 1588 Καὶ
1091 1536 1198 1606 πῦρ
1223 1537 1278 1588 δέ
1300 1553 1457 1605 φησιν
1484 1538 1511 1587 6
1536 1535 1765 1603 ψάλλων,

207 1627 282 1680 οὐ
321 1629 547 1688 πάντως
581 1626 731 1679 τοῦτο
755 1626 813 1676 τὸ
839 1625 1105 1693 αἰσθητὸν,
1138 1623 1258 1676 οὔτε
1299 1625 1401 1694 μὴν
1440 1626 1540 1694 τὴν.
1567 1622 1769 1692 ὁρωμέ-

209 1734 328 1785 νην
365 1717 557 1785 φλόγα,
581 1715 710 1768 ἀλλὰ
737 1715 880 1768 θείαν
907 1715 1025 1766 τινὰ
1050 1713 1271 1782 δύναμιν
1296 1715 1498 1781 ἄμαχον
1527 1713 1617 1764 καὶ
1647 1711 1769 1762 δυσ-

209 1807 467 1874 άντητον
488 1805 577 1857 καὶ
603 1804 1000 1872 δυσδιάφυκτον,
1034 1805 1195 1874 πυρὸς
1222 1803 1371 1870 δίκην
1397 1800 1770 1853 κατεσθίουσαν

209 1896 357 1957 τοὺς
392 1895 761 1964 ὲχθραίνοντας
807 1893 969 1962 αὐτῷ.
1001 1889 1154 1945 Οὗτοι
1200 1892 1254 1943 δὲ
1293 1887 1428 1960 ἦσαν
1459 1891 1550 1942 καὶ
1583 1888 1682 1957 πρό
1705 1905 1765 1954 γε
1803 1879 1841 1931 Β

210 1980 335 2034 τῶν
364 1981 540 2034 ἄλλων
558 1982 606 2032 οἰ
630 1979 888 2049 ἀλιτήριοι
910 1979 1153 2047 δαίμονες
1179 1977 1270 2029 καὶ
1295 1979 1323 2028 6
1345 1981 1441 2044 τῆς
1463 1975 1656 2045 ἀγέλης
1677 1975 1771 2028 αὑ-

211 2070 338 2124 τῶν
377 2070 670 2136 ἐπιστάτης
689 2085 701 2098 ο
735 2069 914 2120 τοῦτον
945 2067 1258 2134 κατέφλεξεν
1287 2069 1314 2118 6
1341 2065 1524 2134 Σωτὴρ
1549 2068 1657 2126 τοῖς
1686 2064 1770 2116 ἀλ-

211 2160 342 2222 λοις
379 2159 534 2226 ὁμοῦ.
568 2159 639 2211 Οὐ
668 2158 772 2228 γάρ
800 2155 864 2228 ἦν
889 2158 1080 2225 ἑτέρως
1115 2155 1376 2219 ἐξελέσθαι
1404 2156 1526 2216 τοὺς
1557 2155 1646 2206 ἐπὶ
1675 2155 1769 2222 τῆς

214 2247 333 2315 γῆς
371 2245 464 2297 ὑπ’
487 2245 629 2314 αὑτῷ
667 2245 994 2314 γενομένους,
1019 2245 1064 2294 εἰ
1096 2244 1167 2313 μὴ
1203 2243 1442 2312 καθάπερ
1469 2259 1520 2296 τι
1547 2241 1653 2310 πῦρ
1678 2243 1770 2292 ἐπ-

215 2338 449 2405 αφῆκεν
478 2333 728 2403 αὐτῷτὴν
747 2333 1061 2386 δαπανῶσάν
1085 2349 1143 2383 τε
1175 2333 1263 2384 καὶ
1294 2332 1646 2400 ἀφανίζουσαν
1671 2323 1769 2382 αὐ-

213 2426 318 2477 τὸν
343 2424 540 2494 ὀργήν.
560 2421 738 2484 Οὕτως
759 2422 984 2485 ἐξείλετο
1010 2422 1130 2484 τοὺς
1155 2423 1241 2473 ὑπ’
1258 2421 1415 2474 αὐτοῦ
1439 2421 1768 2490 γενομένους,

219 2515 446 2566 σέσωκε
475 2512 596 2573 τοὺς
623 2514 678 2564 ὲν
707 2513 1054 2582 αἰχμαλωσίᾳ,
1078 2511 1476 2582 ὲρῤύσατο,τοὺς
1503 2510 1770 2581 πεπλανη-

220 2603 456 2670 μένους,
493 2600 583 2652 καὶ
614 2602 690 2662 εἰς
720 2601 778 2652 τὸ
803 2601 900 2668 τῆς
923 2601 1172 2671 ἀληθείας
1205 2601 1422 2654 ἐκάλεσε
1465 2601 1595 2668 φῶς.
1625 2601 1770 2669 Τάχα

216 2692 276 2742 δὲ
314 2689 497 2759 πυρὸς
528 2689 618 2740 καὶ
646 2690 918 2758 ἀστραπῆς
950 2690 1335 2758 ἐμνημόνευσεν
1359 2692 1386 2743 6
1408 2690 1582 2753 Δαυῒδ,
1611 2691 1770 2760 ἤγουν

219 2776 437 2844 φλογὸς
471 2777 563 2828 καὶ
605 2776 770 2843 φωτός
796 2795 808 2806 ·
842 2776 1021 2844 ἐπειδὴ
1051 2778 1207 2846 διπλῆ
1240 2777 1328 2830 τοῦ
1358 2779 1522 2848 πυρὸς
1561 2779 1593 2847 ἡ
1623 2778 1766 2847 ὲνέρο

217 2884 360 2934 γεια
382 2880 397 2894 ⁸
441 2865 500 2916 οὐ
531 2864 634 2935 γὰρ
668 2867 819 2934 μόνον
850 2867 908 2918 τὸ
931 2869 1118 2930 καίειν,
1148 2867 1278 2920 ἀλλά
1310 2869 1400 2919 καὶ
1440 2869 1498 2920 τὸ
1528 2867 1770 2936 φωτίςὲιν

217 2959 347 3026 ἔχει
367 2971 383 2984 ο
419 2954 513 3008 καὶ
559 2955 617 3006 τὸ
663 2955 756 3024 μὲν
787 2956 896 3022 φῶς
925 2960 1032 3020 τοῖς
1065 2957 1284 3020 δικαίοις
1308 2958 1703 3027 ἀποχαρίζεται,
1737 2962 1769 3029 ὴ

217 3047 278 3098 δὲ
318 3043 522 3106 καῦσις
546 3046 654 3106 τοῖς
683 3046 1006 3114 παρανόμοις
1025 3046 1336 3116 ἀφώρισται.
1362 3047 1541 3100 Ταῦτα
1563 3048 1770 3116 καὶτῆς

218 3134 498 3203 δευτέρας
532 3134 837 3199 ἐπιφανείας
867 3135 932 3187 τά
961 3136 1292 3189 θεσπίσματα
1311 3154 1326 3167 ο
1353 3136 1519 3189 ταῦτα
1551 3137 1642 3189 καὶ
1671 3140 1772 3189 Δα-

219 3223 357 3292 νιὴλ
401 3220 690 3292 έθεάσατω
720 3223 999 3290 Ποταμύς,
1033 3224 1146 3292 γάρ,
1183 3242 1331 3294 φησι,
1365 3225 1549 3292 πυρὸς
1581 3222 1776 3278 εἷλκεν

219 3313 577 3385 ἔμπροσθεν
606 3310 786 3362 αὐτοῦ
807 3328 818 3339 ·
851 3311 941 3364 καὶ
961 3314 988 3363 6
1014 3312 1208 3381 Κύριος
1227 3310 1392 3374 εἶπεν,
1419 3314 1491 3375 ῶς
1517 3315 1549 3383 ἡ
1576 3330 1774 3382 παρου-

224 3407 325 3457 σία
381 3399 547 3454 αὐτοῦ
586 3399 733 3450 ἔσται
764 3399 836 3462 ὡς
862 3402 894 3468 ἡ
921 3401 1025 3453 ἀπὸ
1069 3401 1333 3454 ἀνατολῶν
1378 3403 1532 3472 μέχρι
1565 3400 1776 3470 δυσμῶν

224 3495 522 3564 φθάνουσα
551 3489 814 3558 ἀστραπή.
845 3489 915 3540 Τὸ
955 3489 1050 3558 μὲν
1092 3489 1198 3560 πῦρ
1223 3489 1382 3542 αὑτοῦ
1421 3488 1777 3559 προπορεύσε-

223 3603 325 3640 ται
349 3584 520 3636 ἓνεκα
537 3579 640 3630 τῶν
659 3578 858 3649 ἐχθρῶν
876 3579 1032 3631 αὑτοῦ
1051 3596 1064 3610 ⁸
1094 3579 1199 3632 τῶν
1225 3579 1279 3631 δὲ
1305 3578 1533 3631 εὐσεϐῶν
1554 3579 1645 3630 καὶ
1665 3577 1778 3630 θεο-

1859 659 2015 701 runt:
2048 647 2248 716 quibus
2303 643 2460 695 etiam
2506 645 2748 699 Christus
2793 645 2961 711 dixit,
3011 645 3108 698 Vos
3138 647 3261 698 estis
3293 646 3383 697 (na:
3425 657 3436 663 '

1859 737 2036 790 mundi
2065 737 2129 790 ⁸⁸.
2185 732 2317 788 Nam
2366 730 2488 786 ver'a
2523 735 2609 788 lux
2663 745 2742 789 est
2777 737 2892 802 ipse
2915 733 3102 796 Filius,
3140 736 3232 803 qui
3262 750 3372 787 om-

1859 843 1980 882 nem
1999 835 2300 880 creaturam
2343 825 2710 878 rationabilem
2753 824 3036 877 illuminat.
3079 824 3213 889 Quia
3260 839 3383 878 vero

1861 918 1994 971 lucis
2021 918 2163 970 illius
2194 915 2478 984 participes
2503 915 2716 970 fuerunt
2744 915 3038 969 secundum
3077 915 3228 975 illud,
3251 915 3384 967 Car-

1861 1004 2011 1057 bones
2038 1002 2268 1054 succensi
2291 1011 2412 1054 sunt
2450 1004 2512 1054 ab
2541 1020 2597 1055 eo
2629 1003 2691 1066 ³³,
2725 1002 2842 1056 ideo
2905 1003 2993 1055 lux
3049 1013 3173 1056 sunt
3225 1003 3382 1070 hujus

1861 1091 2067 1144 mundi.
2097 1091 2162 1144 Hi
2194 1091 2372 1159 itaque
2402 1091 2561 1144 veluti
2591 1091 2799 1159 fulgura
2836 1089 2955 1144 facti
2999 1100 3123 1144 sunt
3149 1131 3163 1154 ,
3217 1100 3381 1145 totam

1863 1182 2056 1249 ubique
2087 1188 2280 1234 terram
2326 1187 2724 1249 percurrentes,
2773 1195 2833 1232 ac
2860 1180 3092 1234 divinam
3132 1183 3383 1249 spiritua-

1862 1269 2072 1338 lemque
2123 1269 2295 1322 lucem
2354 1269 2680 1322 initiatorum
2752 1268 3001 1322 cordibus
3069 1269 3378 1323 immitlunt.

1864 1359 2038 1428 Ignem
2064 1374 2225 1428 porro
2252 1358 2534 1414 Psalmista
2561 1359 2708 1422 dicit,
2735 1374 2839 1413 non
2860 1359 3000 1412 hunc
3031 1361 3333 1414 scnsibilem
3364 1399 3380 1422 ,

1865 1464 2037 1518 neque
2058 1448 2320 1501 ﬂammam
2346 1449 2486 1500 illam
2505 1463 2622 1516 quae
2660 1448 2760 1502 sub
2783 1458 3050 1516 aspectum
3081 1450 3257 1514 cadit;
3292 1450 3382 1501 sed

1865 1535 2096 1588 divinam
2141 1535 2424 1603 quamdam
2471 1535 2716 1588 virtutem
2766 1534 3259 1604 inexpugnabilem,
3300 1538 3385 1588 cui

1867 1641 1971 1678 non
2002 1625 2210 1690 obsisti,
2240 1639 2356 1693 qua:
2388 1640 2492 1677 non
2535 1623 2692 1694 eﬂ’ugi
2723 1632 2930 1694 potest,
2977 1640 3096 1693 qua:
3123 1626 3262 1694 ignis
3301 1625 3385 1678 in-

1869 1723 1980 1769 star
2002 1715 2182 1768 hostes
2224 1729 2350 1768 suos
2383 1713 2620 1769 devorat.
2653 1713 2717 1768 Hi
2747 1725 2920 1770 autem
2943 1721 3112 1777 erant,
3137 1729 3244 1783 prae
3269 1715 3389 1770 aliis

1870 1803 2153 1872 perniciosi
2181 1803 2447 1856 daemones
2471 1840 2487 1864 ,
2529 1811 2581 1856 ct
2629 1803 2804 1872 gregis
2850 1818 3034 1858 eorum
3066 1803 3346 1872 prarfectus
3371 1841 3388 1867 ,

1868 1907 2024 1960 quem
2055 1873 2296 1944 Salvator
2338 1905 2456 1944 cum
2501 1893 2619 1946 aliis
2659 1893 2970 1947 combussit.
3023 1891 3204 1960 Neque
3259 1893 3391 1949 alias

1870 1981 2223 2063 poterantoqui
2249 1981 2302 2032 in
2331 1988 2472 2034 terra
2499 1981 2573 2033 illi
2591 1982 2816 2050 subjecti
2837 1989 2988 2036 erant
3021 1982 3257 2044 liberari,
3284 1981 3387 2036 nisi

1869 2085 1964 2124 ceu
2001 2071 2175 2140 ignem
2194 2071 2493 2139 quempiam
2523 2073 2970 2140 consumptricem
3001 2072 3066 2124 ad
3100 2073 3387 2140 perniciem

1872 2169 1927 2213 et
1953 2147 2390 2224 destructionem,
2428 2163 2558 2215 iram
2588 2178 2738 2216 suam
2785 2163 3094 2218 immisissct
3131 2165 3185 2217 in
3217 2165 3386 2217 illum.

1872 2251 1960 2304 Sic
1981 2250 2069 2305 ille
2094 2251 2334 2305 liberavit
2382 2266 2474 2305 eos
2509 2252 2598 2318 qui
2630 2251 2826 2306 subditi
2883 2252 3126 2313 fuerant,
3155 2254 3392 2320 captivos

1870 2337 2085 2406 eripuit,
2148 2347 2392 2393 errantes
2438 2337 2678 2402 reduxit,
2723 2347 2776 2393 et
2821 2340 2875 2393 in
2933 2341 3168 2395 veritatis
3218 2343 3388 2395 lucem

1871 2427 2127 2481 evocavit.
2166 2425 2412 2482 Fortasse
2459 2444 2583 2482 vero
2618 2428 2753 2497 ignis
2783 2436 2836 2481 et
2880 2429 3103 2498 fulguris
3152 2431 3389 2484 meminit

1871 2514 2056 2577 David,
2086 2517 2568 2572 videlicetﬂammae
2592 2529 2643 2573 et
2683 2519 2846 2582 lueis;
2907 2520 3029 2588 quia
3057 2521 3247 2589 duplex
3284 2523 3389 2589 igni

1870 2607 2100 2660 eﬂicacia
2129 2609 2266 2662 inest
2294 2626 2306 2661 :
2339 2623 2447 2661 non
2474 2609 2613 2662 enim
2644 2610 2826 2663 urendi
2873 2609 3066 2672 solum,
3097 2609 3189 2664 sed
3230 2611 3386 2663 etiam

1871 2690 2203 2744 illuminandi
2239 2693 2342 2745 vim
2392 2693 2583 2760 habet;
2631 2709 2693 2747 ac
2741 2695 2911 2748 lucem
2961 2695 3173 2763 quidem
3225 2697 3389 2764 justis

1872 2779 2129 2849 impertit,
2153 2783 2452 2837 combustio
2474 2789 2646 2838 autem
2687 2783 2882 2852 iniquis
2907 2793 3229 2838 reservatur.
3271 2784 3391 2839 lltec

1873 2875 1998 2922 sunt
2024 2870 2240 2924 secundi
2269 2872 2529 2926 adventus
2560 2873 2802 2925 vaticinia
2829 2891 2840 2926 :
2874 2873 2983 2926 haec
3016 2872 3198 2927 Daniel
3218 2874 3349 2928 vidit
3373 2911 3390 2935 ,

1873 2973 1993 3011 nam
2011 2960 2102 3022 ait,
2123 2958 2335 3012 Flavius
2353 2961 2525 3028 igneus
2549 2961 2776 3014 trahebat
2809 2963 2858 3014 in
2888 2975 3154 3030 conspectu
3176 2964 3284 3031 ejus
3309 2964 3388 3028 νος

1873 3055 1925 3101 et
1953 3047 2204 3102 Dominus
2235 3031 2396 3109 dicit,
2449 3049 2728 3103 adventum
2763 3066 2916 3103 suum
2944 3091 2958 3114 ,
3009 3058 3064 3102 ut
3121 3051 3296 3120 fulgur
3325 3053 3394 3106 ab

1873 3138 2074 3193 oriente
2097 3138 2162 3190 ad
2184 3137 2511 3192 occidentem
2552 3140 2874 3207 pertingens,
2904 3139 3138 3192 futurum
3181 3155 3300 3194 esse
3321 3141 3391 3198 ".

1873 3225 2012 3296 Ignis
2055 3227 2267 3294 quidem
2321 3226 2438 3294 ejus
2485 3226 2744 3294 praecedet
2799 3227 3135 3281 inimicorum
3189 3243 3389 3293 causa;

1874 3316 2164 3370 amicorum
2193 3321 2318 3369 vero
2345 3330 2407 3368 ac
2435 3315 2801 3383 religiosorum
2856 3315 3124 3369 hominum
3179 3317 3348 3385 gratia
3375 3355 3390 3379 ,

1872 3404 2077 3475 fulgura
2099 3419 2128 3456 a
2150 3404 2268 3458 luce
2291 3404 2408 3471 ejus
2425 3404 2620 3458 emissa
2642 3404 2758 3456 loco
2787 3405 2914 3457 solis
2940 3405 3120 3458 orbem
3154 3406 3392 3460 illustra-

1873 3498 2024 3551 bunt.
2056 3494 2110 3548 Si
2133 3494 2275 3547 enim
2308 3503 2436 3546 tunc
2472 3493 2551 3546 sol
2579 3492 2964 3556 obscurabitur,
3016 3503 3066 3547 et
3124 3495 3248 3548 luna
3291 3513 3394 3549 non

1874 3581 2014 3635 dabit
2041 3581 2208 3632 lumen
2239 3595 2420 3640 suum,
2470 3587 2518 3631 et
2549 3578 2712 3632 stella:
2742 3579 2925 3632 cadent
2967 3580 3026 3632 de
3053 3581 3175 3634 caelo
3209 3582 3274 3645 ",
3312 3597 3394 3635 se-

226 3674 417 3745 φιλῶν
465 3669 666 3740 ἀνδρῶν
712 3671 863 3738 χάριν
907 3670 1174 3739 ἀστραπαί⁹
1201 3668 1358 3722 αὑτοῦ
1389 3671 1450 3722 ὲκ
1476 3667 1569 3720 τοῦ
1613 3665 1772 3719 αὑτοῦ

1877 3669 2106 3723 cundum
2136 3667 2428 3721 Salvatoris
2455 3666 2786 3732 doctrinam;
2819 3667 2958 3721 unde
2997 3668 3130 3723 alias
3162 3669 3394 3722 mundus

227 3763 426 3835 φωτὸς
475 3759 874 3827 ὲκπεμπόμεναι
921 3759 1036 3811 ἀντὶ
1082 3759 1228 3828 ήλίου
1260 3757 1654 3826 καταλάμψουσι
1679 3755 1772 3824 τὴν

1878 3756 2280 3817 illuminabitur,
2311 3755 2411 3810 nisi
2435 3770 2499 3809 ex
2528 3756 2681 3826 ipso?
2713 3756 3140 3826 quandoquidem
3170 3765 3252 3812 est
3282 3757 3396 3826 ipse

228 3850 585 3921 οἰκουμένην.
630 3849 690 3900 Εἰ
719 3847 822 3915 γὰρ
864 3848 978 3899 τότε
1021 3851 1053 3900 ό
1091 3848 1256 3914 ἣλιος
1301 3847 1770 3916 σκοτισθήσεται,

1881 3845 2132 3900 Dominus
2167 3846 2252 3898 lux
2279 3851 2495 3898 aeterna.

230 3942 339 3998 καὶ
365 3941 423 4008 ξή
461 3935 687 4002 σελήνη
713 3939 782 3988 οὐ
814 3935 985 3989 δώσει
1028 3937 1091 3989 τὸ
1129 3936 1340 4005 φέγγος
1365 3937 1568 4003 αὐτῆς,
1598 3938 1693 3991 καὶ
1722 3941 1775 3990 οί
1809 3935 2052 4004 ἀστέρες
2078 3937 2393 3989 πεσοῦνται
2423 3937 2485 3988 ἐκ
2541 3936 2641 3988 τοῦ
2680 3936 2948 4002 οὐρανοῦ,
2986 3935 3123 3989 κατά
3151 3935 3246 4005 τὴν
3295 3953 3400 3988 σω-

231 4037 434 4105 τήριον
478 4028 840 4083 διδασκαλίαν·
876 4031 1033 4083 πόθεν
1080 4029 1293 4083 ἄλλοθεν
1343 4029 1726 4098 φωτισθήσεται
1751 4034 1779 4083 ό
1814 4031 2011 4098 κόσμος
2034 4031 2080 4082 εἰ
2103 4029 2175 4098 μὴ
2197 4029 2253 4093 ἐξ
2280 4028 2437 4080 αὑτοῦ
2458 4045 2470 4055 ’
2509 4027 2822 4096 Ἐπειδήπεο
2843 4027 2986 4080 ἐστὶν
3003 4026 3158 4088 αὐτὸς
3195 4027 3224 4076 6
3288 4023 3399 4077 Κύ-

232 4140 360 4197 ριος
396 4119 511 4188 φῶς
541 4119 767 4174 αἰώνιον.

309 4231 780 4300 Προσκυνήσατε
828 4231 981 4296 αὺτῷ
1025 4233 1240 4298 πάντες
1282 4234 1513 4302 ἄγγελοι
1559 4233 1738 4287 αὑτοῦ
1758 4249 1771 4261 ·

233 4324 481 4393 ἤκουσε
512 4319 609 4372 καί
629 4320 922 4388 εὐφράνθη
955 4322 992 4386 ἡ
1029 4323 1195 4384 Σιὼν,
1220 4323 1314 4374 καὶ
1342 4321 1775 4390 ἡγαλλιάσαντο

1945 4227 2106 4282 Vens.
2137 4226 2283 4280 8-12.
2319 4225 2544 4278 Adorate
2569 4241 2682 4278 eum
2705 4240 2874 4276 omnes
2918 4225 3086 4292 angeli
3116 4227 3228 4293 ejus
3252 4242 3271 4278 :
3299 4244 3397 4280 au-

1877 4319 2002 4372 divit
2034 4325 2081 4370 et
2114 4316 2291 4368 lcetata
2307 4322 2383 4366 est
2401 4314 2545 4373 Sion,
2564 4323 2611 4366 et
2633 4314 3013 4366 exsultaverunt
3043 4315 3170 4382 ﬁliae
3199 4315 3400 4372 Iudaica

233 4416 301 4467 αἱ
325 4407 642 4478 θυγατέρες
680 4407 786 4474 τῆς
824 4409 1096 4473 Ἰουδαίας
1137 4410 1338 4464 ἕνεκεν
1359 4409 1474 4473 τῶν
1499 4411 1772 4478 χριμάτων

1879 4415 2090 4495 propter.
2103 4405 2304 4474 judicia
2358 4411 2477 4468 tua,
2529 4402 2762 4455 Domine.
2816 4401 2944 4456 Sion
2974 4405 3184 4472 quidem
3218 4407 3402 4465 Eccle-

233 4518 385 4563 σου,
406 4498 601 4564 Κύριε.
625 4494 757 4547 Σιὼν
785 4495 878 4563 μὲν
905 4495 997 4565 τὴν
1025 4497 1335 4563 Ἐκκλησίαν
1357 4497 1583 4565 Χριστοῦ
1609 4497 1779 4567 ὑπάρ-

233 4608 360 4660 χειν
393 4587 585 4648 ἰστέον,
613 4585 902 4654 θυγατέρας
939 4584 994 4636 δὲ
1035 4586 1129 4654 τῆς
1167 4584 1411 4648 Ἰουδαίας
1431 4585 1528 4647 τὰς
1553 4587 1776 4639 ἀποστο.

235 4678 404 4738 λικάς
451 4673 623 4742 ψυχὰς
671 4673 774 4725 ἀπὸ
819 4673 908 4724 τοῦ
954 4671 1206 4725 Ἰουδαίων
1237 4673 1414 4736 ἔθνους
1443 4673 1776 4738 διελθούσας·

236 4769 298 4820 αἳ
331 4767 400 4834 δὴ
433 4764 526 4817 καὶ
557 4761 908 4832 ἐμπίπλανται
933 4762 1259 4832 εὐφροσύνης
1289 4763 1378 4814 καὶ
1400 4763 1776 4829 ἀγαλλιάσεως,

241 4853 616 4926 μανθάνουσαι
649 4850 772 4920 περὶ
795 4849 898 4901 τῶν
923 4849 1194 4918 χριμάτων
1223 4850 1315 4900 τοῦ
1342 4849 1560 4918 Κυρίου,
1591 4850 1698 4902 τῶν
1721 4869 1780 4903 τε

239 4947 360 5006 τοῖς
393 4939 790 5009 εἰδωλολάτραις
820 4938 1183 5006 ἀποκειμένων
1219 4937 1507 5006 τιμωριῶν,
1537 4939 1631 4990 καὶ
1675 4940 1782 4992 τῶν

240 5035 360 5094 τοῖς
384 5031 558 5083 ἔθνεσι
577 5027 946 5097 τετηρημένων
971 5026 1317 5094 ἐπαγγελιῶν.
1334 5025 1564 5088 Εἰκότως
1588 5029 1646 5080 δὲ
1664 5031 1782 5098 χαι-

245 5138 433 5192 ρουσιν
457 5119 551 5171 ἅτε
573 5116 715 5186 αὒτῷ
743 5116 1100 5184 ἀνακείμεναι,
1127 5116 1214 5169 καὶ
1241 5113 1542 5176 ἐλπίζουσαι
1573 5116 1675 5186 τῆς
1698 5120 1783 5170 ὲν-

238 5212 399 5274 δόξου
434 5207 592 5261 αὐτοῦ
621 5207 911 5276 παρουσίας
954 5203 1580 5274 καταξιωθήσεσθαι.’οτι
1619 5207 1704 5259 σὺ
1734 5205 1792 5262 ετ

243 5300 466 5364 Κύριος
502 5299 535 5349 ό
573 5297 846 5361 ’Ὺψιστος
877 5295 974 5347 ἐπὶ
1006 5292 1200 5349 πᾶσαν
1229 5290 1340 5355 τὴν
1376 5291 1502 5359 γῆν,
1540 5297 1788 5364 σφόδρα

242 5390 441 5453 ὑπερυ
449 5385 648 5451 poem
668 5381 814 5447 ὑπὲρ
835 5370 1052 5445 πάντὰς
1070 5380 1202 5442 τοὺς
1221 5378 1406 5442 θεούς.
1425 5383 1486 5432 Οἱ
1501 5369 1789 5450 ἀγαπῶν.

244 5491 349 5538 τες
384 5473 489 5525 τὸν
511 5472 743 5537 Κύριον,
759 5468 976 5536 μισεῖτε
1012 5465 1288 5532 πονηρόν’
1325 5468 1630 5531 φυλάσσει
1676 5474 1791 5526 κά.

244 5580 377 5632 ριος
400 5562 504 5626 τὰς
519 5561 716 5629 ψυχὰς
737 5558 849 5610 τῶν
867 5561 1039 5612 ὁσίων
1055 5553 1247 5614 αὐτοῦ,
1281 5553 1346 5606 ἐκ
1363 5559 1553 5625 χεφὸς
1569 5560 1794 5631 ,ἁμαρ

1881 4500 2013 4553 siam
2035 4493 2228 4550 Christi
2264 4509 2382 4548 esse
2419 4493 2689 4546 sciendum
2715 4498 2827 4557 est;
2870 4493 3004 4548 filias
3033 4511 3156 4550 vero
3183 4495 3397 4560 Iudam.

1881 4586 2200 4656 apostolicas
2230 4583 2434 4636 animas
2465 4597 2529 4635 ex
2557 4580 2859 4635 Iudaeorum
2901 4594 3056 4652 gente
3101 4586 3356 4642 oriundas
3382 4607 3397 4642 :

1882 4692 2000 4746 quae
2024 4690 2152 4730 sane
2174 4673 2400 4741 impletae
2419 4678 2542 4725 sunt
2565 4671 2760 4740 gaudio
2781 4679 2834 4725 et
2855 4673 3244 4740 exsultatione;
3275 4691 3397 4730 cum

1883 4766 1949 4819 de
1970 4763 2186 4833 iudiciis
2211 4760 2418 4814 Domini
2453 4759 2755 4822 audierunt,
2775 4759 2947 4829 deque
2971 4763 3266 4830 suppliciis,
3284 4780 3401 4832 quae

1883 4853 2142 4906 idolorum
2171 4847 2463 4902 cultoribus
2497 4849 2728 4916 reposita
2760 4856 2905 4909 sunt,
2948 4865 3152 4904 necnon
3181 4853 3247 4906 de
3277 4868 3404 4921 pro-

1883 4940 2082 5002 missis,
2105 4953 2223 5007 qua:
2240 4936 2485 5006 gentibus
2505 4946 2866 4992 reservantur.
2895 4941 2958 4992 Et
2984 4941 3171 4993 merito
3189 4941 3403 5010 quidem

1883 5029 2129 5100 gaudent,
2150 5033 2328 5095 utpote
2348 5025 2446 5093 ipsi
2470 5026 2712 5088 addictze,
2743 5041 2805 5080 ac
2830 5035 3102 5096 sperantes
3129 5042 3187 5082 se
3207 5029 3406 5097 glorio-

1887 5131 1946 5170 so
1984 5114 2100 5182 eius
2152 5115 2376 5166 adventu
2415 5111 2712 5180 dignandos
2750 5127 2889 5166 esse.
2941 5110 3196 5174 Quoniam
3243 5120 3299 5163 tu
3352 5128 3405 5165 es

1888 5205 2134 5259 Dominus
2189 5201 2471 5254 altissimus
2519 5216 2666 5268 super
2718 5215 2912 5254 omnem
2965 5207 3191 5259 terram,
3251 5200 3406 5251 nimis

1885 5293 2145 5348 exaltatus
2173 5307 2225 5344 es
2246 5303 2395 5356 super
2422 5305 2592 5342 omnes
2633 5288 2774 5343 deos.
2825 5287 2928 5353 Qui
2959 5285 3174 5354 diligitis
3227 5285 3409 5338 Domi-

1891 5397 2010 5438 num
2029 5421 2044 5446 ,
2073 5379 2204 5432 adite
2231 5377 2421 5430 malum
2447 5392 2464 5428 :
2498 5375 2721 5429 custodit
2748 5375 3004 5429 Dominus
3049 5374 3253 5425 animus
3285 5389 3412 5426 san-

1893 5482 2088 5524 ctorum
2121 5482 2328 5520 suorum
2348 5503 2364 5526 ,
2416 5463 2477 5519 de
2503 5481 2661 5518 manu
2679 5474 3009 5534 peccatorum
3048 5449 3286 5512 liberabit
3309 5476 3418 5515 eos.

1899 5562 1952 5616 Si
1979 5561 2192 5618 malum.
2223 5558 2412 5626 inquit,
2443 5557 2692 5619 aversati,
2723 5553 2898 5612 sancti
2919 5549 3262 5612 efﬁciamini;
3286 5557 3429 5617 tunc

322 5713 368 5745 "
403 5712 587 5768 Matth.
621 5727 708 5776 rt,
742 5709 821 5762 η.
893 5711 934 5742 ⁸³
967 5709 1094 5765 Psal.
1126 5719 1266 5769 xm,
1303 5705 1354 5759 9.
1424 5711 1466 5744 ’⁸
1493 5710 1655 5766 Dan.
1705 5730 1788 5768 vn
1812 5755 1828 5780 ,
1866 5716 1950 5769 10.
2021 5715 2062 5744 9‘
2102 5711 2282 5765 Matth.
2317 5725 2461 5775 xxiv,
2499 5709 2587 5762 ετ.
2661 5710 2704 5740 ⁹⁹
2736 5704 2879 5779 ibid.
2920 5700 3018 5756 39.
