3890 6448
285 343 437 400 1233

1401 338 1893 399 COMMENTARIA
1929 340 1992 396 IN
2030 339 2357 396 PSALMOS.

3319 340 3453 394 ιατι

272 456 453 513 εἶτ-ἀι’
470 478 542 515 σε
556 466 637 529 εἰς
657 463 949 529 σωτηρίαν
966 464 1074 530 ἕως
1087 464 1340 533 ἐσχάτου
1357 461 1463 528 τῆς
1476 458 1602 528 γῆς.
1621 459 1835 529 Ἐπειδὴ

1938 458 2236 511 inaalutem
2282 471 2437 525 usque
2478 455 2546 507 ad
2585 456 2821 507 ultimum
2864 454 3087 508 terrm”.
3133 450 3266 517 Quia
3311 454 3450 506 enim

275 546 405 618 γάρ
441 554 553 613 τοῖς
590 550 901 621 θαυμασίοις
932 554 1282 623 πατριάρχαις
1328 551 1419 603 καὶ
1553 546 1708 599 Δαυῒδ
1736 547 1835 599 ὐπ-

274 635 492 706 έσχετο
518 640 664 707 ὁξτῶν
692 640 822 693 ὅλων
838 640 965 705 Θεὸς
986 642 1048 694 ἐκ
1067 643 1157 696 τοῦ
1181 640 1481 712 σπέρματος
1507 634 1677 689 αὐτῶν
1699 634 1833 686 κατὰ

281 727 485 797 σάρκα
515 731 602 782 τὸν
633 732 856 802 Χριστὸν
882 732 1214 802 ἀναστήσειν,
1247 732 1337 784 καὶ
1366 727 1627 798 σωτηρίαν
1654 726 1716 778 δι’
1740 725 1834 779 αύ-

272 816 387 867 τοῦ
429 822 591 870 πᾶσιν
611 819 905 889 ἀνθρώποις
926 820 1191 889 παρέξειν,
1213 818 1468 889 διαθήκην
1493 814 1712 869 ἐκάλεσε
1738 812 1835 882 τὴν

274 904 438 972 πρὸς
470 906 595 966 τοὺς
627 905 861 976 πατέρας
886 907 1174 976 γενομένην
1208 904 1547 972 ἐπαγγελίαν.
1592 901 1746 963 Γένος
1781 898 1836 950 δὲ

273 993 469 1046 αὐτοῦ
520 995 609 1047 τὸν
652 996 862 1065 Ἰσραὴλ
912 996 1199 1067 κέκληκεν·
1246 994 1425 1064 ἐπειδὴ
1474 993 1530 1058 ἐξ
1577 991 1835 1045 Ἰουδαίων

196 1085 210 1095 ’
272 1084 445 1136 κατὰ
480 1085 653 1156 σάρκα
684 1084 927 1155 Χριστός.
960 1084 1169 1137 Δέδωκά
1196 1101 1253 1136 σε
1280 1084 1453 1136 τοίνυν
1478 1084 1554 1139 είς
1584 1080 1836 1148 διαθήκην

273 1168 516 1234 γένους,
534 1170 966 1233 τουτέστιν,ὦστε
992 1170 1265 1242 πληρῶσαι
1287 1170 1383 1232 τὰς
1401 1169 1532 1238 πρὸς
1564 1167 1835 1228 Ἰουδαίους

276 1260 675 1327 γεγενημένας
710 1257 997 1326 συνθήκας*
1030 1258 1140 1311 ἀλλ’
1169 1260 1247 1321 είς
1295 1258 1408 1327 φῶς
1452 1257 1549 1308 οὐκ
1593 1255 1670 1307 ἔτι
1714 1255 1837 1307 Ἰου-

277 1344 497 1411 δαίων,
530 1347 639 1399 ἀλλ’
672 1347 867 1399 ἐθνῶν⁶
902 1340 1045 1399 οὗτοι
1075 1346 1181 1416 γάρ
1226 1346 1311 1398 διὰ
1358 1344 1455 1412 τῆς
1485 1344 1711 1405 πίστεως
1740 1343 1835 1411 τῆς

277 1438 582 1509 σωτηρίας
622 1436 931 1506 μετέλαχον·
967 1437 1155 1488 ἐκεῖνοι
1192 1434 1246 1487 δὲ
1291 1434 1377 1486 τὸν
1405 1432 1562 1501 ζόφον
1582 1432 1681 1501 τῆς
1708 1433 1834 1485 άπι-

278 1526 465 1587 (rt-iac
519 1526 821 1595 ἠγάπησαν.
846 1525 1010 1577 Τοῦτο
1060 1524 1150 1575 καὶ
1208 1522 1434 1577 ἐνταῦθα
1494 1521 1593 1591 ἐφη
1642 1522 1831 1573 Δαυῖδ·

288 1615 623 1683 Ἐμνήσθη
646 1615 746 1668 τοῦ
776 1613 979 1679 ἐλέους
1005 1614 1187 1667 αὑτοῦ
1212 1612 1287 1678 τῷ
1326 1612 1537 1677 Ἰακὼϐ,
1575 1613 1736 1682 ἤγουν
1760 1610 1833 1680 τῷ

287 1702 550 1773 Ἰσραὴλ,
602 1702 838 1754 τουτέστι
880 1701 977 1763 τάς
1024 1702 1156 1771 πρὸς
1204 1700 1436 1763 ἐκείνους
1476 1699 1835 1769 γεγενημένας

271 1791 631 1858 ἐπαγγελίας
666 1791 961 1861 ἐπλήρωσε,
994 1790 1086 1843 καὶ
1129 1792 1205 1852 είς
1232 1790 1385 1861 ἔργον
1410 1791 1578 1860 ἤγαγε
1604 1806 1618 1820 ο
1649 1789 1726 1841 διδ
1756 1788 1832 1841 εἷο

274 1876 500 1930 ὄσσαν
520 1879 710 1932 πάντα
725 1880 794 1933 τὰ
812 1879 1026 1947 πέρατα
1059 1878 1164 1945 τῆς
1184 1877 1293 1947 γῆς
1314 1879 1378 1931 τὸ
1405 1878 1698 1945 Σωτήρων
1729 1877 1833 1929 τοῦ

279 1968 455 2021 Θεοῦ
477 1968 659 2036 ἡμῶν.
677 1969 1039 2039 Κηρυχθέντος
1053 1968 1158 2038 γὰρ
1176 1967 1267 2019 τοῦ
1279 1968 1593 2036 Εὐαγγελίου
1610 1968 1665 2018 ἐν
1688 1966 1835 2037 πάσῃ

270 2061 349 2127 τῇ
385 2058 485 2109 ὑπ’
499 2058 721 2127 οὐρανὸν
742 2058 833 2111 καὶ
850 2059 907 2109 ἐν
925 2057 1065 2125 πάσῃ
1079 2059 1140 2125 τῇ
1156 2054 1436 2125 οἰκουμένῃ
1452 2057 1528 2117 είς
1550 2054 1835 2125 μαρτύριον

273 2152 437 2201 πᾶσι
470 2151 581 2211 τοῖς
612 2149 802 2212 ἔθνεσι,
836 2149 972 2201 κατὰ
998 2149 1093 2219 τὴν
1123 2147 1349 2219 Χριστοῦ
1381 2145 1740 2215 χρησμῳδίαν,
1760 2139 1835 2195 εἷ-

272 2239 380 2291 δον
417 2239 593 2292 πάντα
613 2238 678 2292 τά
703 2239 907 2309 πέρατα
937 2240 1035 2308 τῆς
1063 2242 1163 2307 γῆς
1192 2235 1440 2308 Χριστὸν,
1473 2235 1531 2287 τὸ
1570 2235 1837 2303 Σωτήριον

278 2329 394 2379 τοῦ
428 2327 585 2380 Θεοῦ.

374 2436 741 2499 Ἀλαλάεατε
784 2435 861 2501 τῷ
908 2434 1046 2501 Θεῷ,
1077 2433 1240 2490 πᾶσα
1283 2435 1321 2502 ἡ
1374 2432 1469 2501 γῆ,
1499 2431 1699 2498 ᾇσατε,
1741 2429 1838 2483 καὶ

274 2525 670 2596 ἀγαλλιᾶσθε
699 2526 791 2579 καί
823 2525 1069 2593 parum.
1098 2524 1329 2577 Ψάλατε
1352 2521 1430 2588 τῷ
1452 2523 1638 2590 Κυρίῳ
1659 2522 1728 2574 ἐν
1752 2539 1837 2573 κι-

275 2615 475 2682 θάρᾳ,
500 2615 568 2669 ἐν
593 2614 798 2682 κιθάρᾳ
842 2614 939 2667 καὶ
974 2614 1137 2682 φωνῇ
1156 2612 1414 2682 ψαλμοῦ,
1437 2612 1504 2664 ἐν
1523 2610 1840 2679 σάλπιγξιν

275 2704 562 2769 ἐλαταῖς,
596 2703 690 2757 καὶ
729 2703 893 2772 φωνῇ
928 2704 1255 2772 σάλπιγγος
1276 2700 1839 2769 κεραίης-,Ἀλαλά-

279 2797 443 2860 Eata
476 2793 725 2847 ἐνώπιον
758 2794 862 2847 τοῦ
884 2793 1182 2858 ,βασιλέως
1202 2792 1437 2858 Καρίου,
1466 2792 1555 2843 καὶ
1594 2791 1659 2843 τά
1692 2790 1834 2859 ἑξῆς.

277 2883 462 2935 Κατὰ
491 2881 588 2951 μὲν.
618 2881 676 2933 τὸ
708 2880 882 2951 ῥητὸν,
911 2879 1192 2947 συνάψατε,
1220 2879 1368 2947 φησι,
1398 2881 1503 2940 τοῖς
1536 2877 1718 2947 ὖμνοις
1751 2878 1839 2930 καὶ

279 2971 513 3040 δργανα
542 2968 786 3039 ψαλμικά
804 2985 817 2999 '
848 2971 984 3021 κατὰ
1012 2969 1067 3021 δὲ
1095 2968 1395 3037 ἀναγωγὴν,
1413 2966 1607 3035 κιθάρα
1637 2970 1669 3036 ἡ
1702 2983 1840 3037 πρα·

1932 544 2260 599 admirandis
2287 544 2393 599 illis
2426 543 2743 614 patriarcltis
2780 552 2831 597 et
2873 541 3051 595 Davidi
3084 543 3452 595 universorum

1931 632 2072 687 Deus
2102 633 2437 704 promiserat,
2460 648 2518 689 se
2540 648 2604 688 ex
2629 633 2832 687 semine
2858 646 3042 685 eorum
3071 629 3340 684 Christum
3369 644 3455 684 se-

1932 723 2164 776 cundum
2191 736 2409 775 carnem
2436 722 2814 787 excitaturum,
2844 735 2907 774 ac
2938 735 3029 790 per
3055 719 3201 773 illum
3229 719 3453 773 salutem

1932 808 2180 862 omnibus
2210 808 2519 863 hominibus
2550 808 2800 863 daturum
2833 822 2985 873 esse;
3015 806 3319 875 hujusmodi
3342 809 3457 876 pol-

1932 895 2275 950 licitationem
2308 897 2548 965 patribus
2576 896 2774 959 datam,
2814 903 3189 950 testamentum
3222 897 3450 951 vocavit.

1933 983 2102 1053 Ipsius
2131 994 2304 1039 autem
2332 1001 2498 1054 genus
2527 986 2772 1039 lsraelem
2794 985 3036 1050 vocavit;
3064 985 3188 1053 quia
3210 982 3453 1039 Christus

1906 1063 2223 1129 'secundum
2252 1089 2465 1129 carnem
2503 1091 2568 1129 ex
2597 1073 2794 1129 Iudaeis
2830 1081 2932 1129 est.
2969 1074 3094 1128 Dedi
3124 1083 3173 1128 te
3206 1073 3365 1142 igitur
3402 1074 3454 1126 in

1932 1171 2306 1218 testamentum
2339 1165 2584 1233 generis;
2617 1164 2666 1217 id
2710 1171 2813 1227 est,
2850 1171 2905 1217 ut
2932 1172 3083 1232 pacta
3113 1178 3233 1215 cum
3258 1161 3456 1217 ludatis

1932 1250 2061 1302 inita
2095 1251 2446 1319 impleantur;
2478 1252 2569 1305 sed
2603 1253 2655 1305 in
2700 1253 2867 1305 lucem
2899 1251 3017 1305 dedi
3059 1259 3128 1315 te,
3170 1266 3273 1304 non
3320 1252 3456 1303 ultra

1930 1340 2145 1406 Iudaeis,
2178 1340 2270 1395 sed
2313 1342 2557 1411 gentibus
2579 1381 2594 1407 ,
2630 1357 2724 1409 per
2759 1341 2914 1396 ﬁdem
2943 1341 3085 1395 enim
3120 1342 3198 1394 lue
3230 1342 3455 1394 salutem

1931 1435 2101 1482 nactae
2129 1436 2286 1483 sunt:
2318 1429 2394 1483 illi
2423 1444 2547 1483 vero
2580 1430 2906 1484 inﬁdelitatis
2948 1430 3227 1497 caliginem
3254 1429 3454 1483 dilexe-

1932 1523 2075 1570 runt.
2108 1514 2163 1569 Id
2194 1516 2268 1569 ait
2299 1518 2399 1571 hoc
2441 1518 2559 1571 loco
2594 1516 2758 1571 David
2791 1534 2803 1568 :
2844 1517 3155 1571 Recordatus
3187 1529 3261 1571 est
3308 1520 3457 1571 mise-

1931 1605 2170 1659 ricordiw
2193 1622 2302 1660 sua:
2344 1605 2541 1671 Iacob,
2585 1608 2789 1662 scilicet
2817 1608 3021 1673 lsraeli,
3071 1610 3122 1663 id
3160 1619 3261 1672 est,
3303 1611 3457 1664 datas

1934 1694 2065 1762 ipsis
2100 1695 2482 1763 promissiones
2529 1696 2789 1767 implevit,
2828 1707 2881 1752 et
2927 1699 2994 1753 ad
3036 1714 3148 1752 rem
3195 1699 3453 1752 deduxit:

1861 1771 1904 1828 Β
1930 1798 2094 1851 quare
2129 1782 2362 1837 viderunt
2405 1800 2577 1839 omnes
2617 1787 2820 1839 termini
2878 1798 3027 1843 terra:
3064 1787 3313 1842 Salutare
3367 1789 3461 1842 Dei

1930 1874 2111 1928 nostri.
2143 1873 2429 1943 Evangelio
2465 1876 2605 1928 enim
2650 1878 2702 1929 in
2750 1880 2893 1931 omni
2944 1887 3107 1944 terra,
3163 1880 3458 1936 secundum

1930 1962 2125 2015 Christi
2164 1963 2491 2025 vaticinium,
2519 1965 2647 2018 etin
2682 1967 2931 2021 universo
2958 1977 3219 2021 terrarum
3247 1969 3376 2023 orbe
3405 1969 3460 2023 in

1932 2053 2293 2108 testimonium
2324 2055 2575 2110 omnibus
2602 2057 2848 2124 gentibus
2878 2059 3182 2126 prazdicato,
3211 2059 3460 2115 viderunt

1932 2157 2118 2198 omnes
2155 2141 2288 2197 lines
2321 2149 2474 2197 terra:
2502 2141 2797 2209 Christum,
2833 2142 3077 2199 Salutarc
3105 2143 3220 2199 Dei.

2003 2422 2165 2479 Vens.
2199 2423 2305 2478 4-6.
2348 2422 2579 2477 Jubilate
2607 2420 2730 2485 Deo,
2769 2423 2937 2474 omnis
2976 2430 3136 2484 terra,
3181 2429 3385 2475 cantate
3408 2431 3466 2476 et

1933 2514 2193 2567 exsultate
2224 2523 2270 2567 et
2296 2514 2523 2581 psallite.
2560 2511 2780 2566 Psallite
2812 2510 3030 2564 Domino
3073 2511 3129 2563 in
3153 2511 3374 2575 cithara,
3404 2514 3461 2567 in

1934 2605 2133 2656 cithara
2158 2612 2206 2657 et
2240 2619 2354 2657 voce
2399 2602 2619 2670 psalmi,
2661 2602 2715 2654 in
2750 2600 2882 2653 tubis
2921 2599 3224 2665 ductilibus,
3268 2611 3315 2654 et
3344 2615 3463 2655 voca

1936 2693 2068 2747 tuba:
2117 2710 2332 2748 cornere.
2367 2692 2598 2747 Jubilate
2645 2693 2699 2744 in
2739 2701 3007 2744 consoectu
3060 2693 3189 2761 regis
3236 2690 3461 2758 Domini,

1932 2791 1985 2838 et
1999 2784 2303 2841 caetera.Ad
2327 2785 2538 2838 verbum
2562 2780 2798 2851 quidem,
2827 2781 3054 2851 hymnis,
3071 2784 3166 2844 ait,
3193 2780 3468 2851 adjungite

1934 2882 1985 2928 et
2014 2874 2367 2928 instrumenta
2388 2874 2663 2942 psalmica.
2688 2872 2991 2927 Secundum
3010 2872 3351 2941 anagogicum
3370 2887 3464 2924 au-

1934 2970 2039 3015 tem
2089 2962 2476 3031 interpretandi
2532 2963 2770 3025 modum,
2817 2961 3023 3015 cithara
3068 2968 3149 3014 est
3188 2961 3462 3029 practica;

280 3059 503 3126 κτική·
551 3058 699 3127 φωνὴ
742 3058 797 3110 δὲ
826 3058 1036 3128 ψαλμοῦ
1081 3059 1113 3127 ἡ
1165 3056 1378 3126 θεωρία.
1411 3054 1669 3118 Δοξάσατε
1732 3051 1833 3120 δῦν,

1938 3067 2033 3105 vox
2064 3066 2193 3104 vero
2223 3050 2434 3119 psalmi,
2455 3050 2683 3105 theoria.
2707 3050 2930 3103 Domino
2961 3051 3162 3127 itaque,
3185 3050 3279 3111 ait,
3310 3051 3462 3119 praxi

283 3149 463 3219 φησὶ,
492 3147 579 3198 τὸν
604 3146 801 3216 Κύριον
827 3146 913 3198 διὰ
942 3146 1183 3218 πράξεως
1215 3147 1305 3199 καὶ
1327 3146 1570 3215 θεωρίας,
1598 3145 1839 3214 καὶπρὸς

281 3241 388 3295 τὸν
415 3236 633 3306 ψαλμὸν
660 3238 747 3290 τὸν
774 3237 859 3290 διὰ
896 3237 987 3289 τοῦ
1024 3239 1246 3307 ὀργάνου
1275 3236 1649 3306 πληττόμενον,
1681 3238 1839 3305 ἤγουν

284 3331 400 3391 τάς
428 3326 520 3378 διὰ
550 3325 642 3379 τοῦ
673 3324 910 3395 σώματος
942 3326 1208 3395 ἐνεργείας
1234 3325 1330 3387 τὰς
1359 3324 1474 3377 κατ’
1503 3324 1720 3394 ἀρετὴν,
1752 3326 1841 3376 καὶ

289 3416 463 3487 φωνή
496 3431 575 3487 τις
606 3414 772 3483 ᾀδέτω
795 3415 826 3485 ή
851 3416 974 3484 περὶ
1006 3414 1107 3466 τῶν
1134 3413 1413 3484 πρακτέων
1439 3411 1661 3482 θεωρία’
1694 3412 1842 3467 κιθά-

293 3483 405 3576 ραν
576 3504 670 3572 τὴν
697 3502 789 3555 τοῦ
818 3483 1059 3571 σώματος
1092 3483 1223 3573 προς
1254 3502 1347 3572 τὴν
1374 3502 1546 3571 ψυχὴν
1587 3503 1841 3573 ἁρμονίαν

289 3596 485 3660 λέγει.
511 3591 616 3643 Καὶ
647 3591 827 3645 τοῦτον
855 3591 910 3643 δὲ
941 3592 1028 3647 τὸν
1060 3592 1216 3661 νόμον
1249 3591 1393 3645 ἐστιν
1430 3593 1555 3646 ίδεῖν
1568 3590 1844 3658 ’διηνεκῶς

293 3685 358 3735 ἐν
393 3681 523 3742 ταῖς
546 3679 848 3748 ἐκκλησίαις
875 3679 1234 3751 πληρούμενον
1253 3694 1265 3706 °
1290 3682 1354 3750 τῇ
1374 3680 1482 3750 γὰρ
1508 3664 1843 3749 πνευματικῇ

296 3772 516 3840 κιθάρᾳ
542 3770 638 3839 τὴν
675 3769 817 3823 θείαν
847 3770 1246 3839 ἀνακρουόμεθα
1278 3770 1552 3839 μελῳδίαν.
1584 3771 1846 3840 Ποιοῦμεν

294 3862 359 3914 δὲ
396 3859 497 3913 καὶ
531 3860 686 3927 ἡμεῖς
715 3857 930 3925 λογικὰς
953 3860 1177 3928 κιθάρας
1214 3859 1281 3911 τὰ
1318 3858 1555 3929 ἡμέτερα
1587 3859 1843 3929 στόματα,

298 3952 405 4005 καὶ
440 3948 696 4019 χρώμεθα
726 3950 840 4001 ἀντὶ
874 3949 969 4018 μὲν
1007 3949 1205 4020 χορδῶν
1240 3952 1349 4011 τοῖς
1385 3949 1608 4016 ὀδοῦσιν,
1640 3950 1758 4003 ἀντὶ
1788 3950 1843 4002 δὲ

302 4038 519 4111 χαλκοῦ
551 4040 659 4100 τοῖς
679 4037 907 4107 χείλεσι·
942 4038 1211 4108 πλήκτρου
1237 4038 1291 4089 δὲ
1324 4038 1519 4101 παντὸς
1556 4041 1590 4108 ἡ
1632 4039 1844 4106 γλῶσσα

301 4130 568 4198 ὀξύτερον
615 4127 915 4197 κινουμένη,
962 4127 1057 4198 τὴν
1101 4128 1406 4199 ἐναρμόνιον
1454 4129 1699 4181 ἀποτελεῖ
1742 4128 1844 4180 τῶν

301 4214 670 4287 κρουσμάτων
700 4216 838 4284 ἠχήν
857 4232 873 4246 ·
892 4218 1026 4268 κινεί
1046 4216 1101 4267 δέ
1130 4215 1224 4284 τὴν
1248 4215 1485 4281 γλῶτταν
1514 4219 1543 4268 ό
1573 4214 1711 4278 νοῦς,
1739 4212 1844 4269 οἷόν

300 4322 394 4367 τις
436 4303 683 4372 μουσικὸς
718 4305 830 4372 μετ’
859 4305 1158 4373 ἐπιστήμης
1197 4306 1505 4374 ποιούμενος
1531 4303 1625 4374 τὴν
1649 4304 1845 4374 ταύτης

1937 3148 1988 3196 et
2018 3140 2220 3194 theoria
2242 3140 2452 3193 laudem
2469 3139 2630 3194 dicite
2662 3157 2675 3192 :
2702 3146 2958 3207 ειμι-αξιοι·
2980 3138 3240 3207 psalmum
3270 3140 3465 3194 instru-

1936 3238 2115 3284 mento
2147 3231 2434 3299 pulsatum,
2463 3230 2708 3284 videlicet
2734 3238 2924 3298 prmter
2951 3232 3192 3298 corporis
3224 3230 3471 3285 actiones

1936 3331 2058 3371 cum
2086 3318 2284 3373 virtute
2320 3318 2514 3380 editas,
2547 3334 2645 3371 vox
2696 3319 2820 3372 item
2862 3326 3038 3382 canat,
3094 3318 3142 3372 id
3175 3330 3276 3380 est,
3309 3334 3462 3388 agen-

1937 3407 2123 3460 darum
2154 3422 2333 3461 rerum
2363 3407 2568 3462 tbeoria
2598 3407 2729 3476 (sive
2755 3408 3067 3478 speculatio)
3097 3408 3322 3462 addatur
3344 3426 3358 3462 :
3380 3408 3461 3462 ci-

1940 3495 2143 3549 tharam
2168 3495 2365 3564 quippe
2386 3505 2562 3559 vocat,
2588 3497 2828 3565 corporis
2858 3512 2979 3550 cum
3012 3498 3186 3551 anima
3234 3512 3471 3552 concen-

1938 3595 2071 3638 tum.
2105 3583 2254 3639 Hanc
2282 3599 2443 3653 porro
2466 3586 2633 3656 legem
2664 3586 2844 3640 videre
2870 3586 3028 3640 liccat
3059 3586 3274 3641 assidue
3300 3586 3352 3641 in
3379 3600 3465 3640 ec-

1939 3674 2120 3729 clesiis
2142 3675 2387 3743 impleri:
2417 3690 2539 3729 nam
2562 3676 2825 3745 spirituali
2855 3676 3058 3731 cithara
3080 3677 3314 3730 divinam
3344 3677 3462 3746 put.-

1940 3779 2123 3818 samus
2164 3763 2469 3818 melodiam.
2520 3762 2630 3818 lmo
2666 3765 2824 3819 etiam
2868 3780 2959 3819 ora
3003 3774 3187 3820 nostra
3233 3765 3475 3821 citharas

1939 3853 2228 3909 rationales
2254 3852 2542 3918 eilicimus;
2580 3860 2634 3908 et
2678 3870 2775 3923 pro
2802 3856 3039 3917 chordis,
3067 3855 3314 3910 dentibus
3354 3856 3464 3908 uti-

1940 3960 2097 4011 mur;
2129 3958 2228 4013 pro
2258 3959 2382 4009 aere,
2413 3942 2570 3999 labiis
2596 3960 2610 3995 :
2652 3944 2842 4015 quovis
2875 3953 3050 3999 autem
3095 3946 3299 4015 plectro
3326 3946 3471 4001 cele-

1940 4036 2057 4090 rius
2101 4035 2294 4106 agitata
2346 4036 2545 4105 lingua,
2591 4036 2911 4096 concinnum
2947 4036 3055 4089 edit
3106 4036 3464 4104 pulsarionum

1941 4139 2131 4177 sonum
2165 4142 2180 4178 :
2214 4138 2364 4179 mens
2398 4130 2571 4176 autem
2616 4122 2849 4192 linguam
2894 4131 3087 4183 movet,
3121 4138 3217 4176 ceu
3264 4124 3480 4190 peritus

1941 4214 2156 4285 quidam
2206 4214 2441 4268 musicus
2482 4214 2614 4268 scite
2658 4213 2774 4281 ejus
2822 4213 3169 4265 mutationem
3210 4210 3464 4265 etliciens.

1944 4304 2066 4359 llaec
2094 4304 2299 4357 cithara
2335 4303 2440 4356 Deo
2484 4302 2685 4370 gratior
2709 4310 2811 4363 est,
2855 4316 3012 4369 quam
3059 4300 3144 4352 illa
3172 4300 3334 4353 animi
3370 4313 3471 4352 ex-

306 4392 631 4467 μετάϐασιν.
650 4389 792 4461 Αὕτη
824 4391 899 4460 τῷ
926 4391 1039 4460 Θεῷ
1070 4394 1107 4461 ἡ
1129 4392 1322 4464 κιθάρα
1343 4394 1436 4463 τῆς
1465 4394 1664 4462 ἀψύχου
1682 4393 1842 4463 θυμη-

1947 4412 2085 4464 pers.
2114 4395 2281 4464 Cujus
2313 4393 2388 4447 rei
2430 4394 2581 4447 testis
2621 4394 2730 4460 ipse
2761 4400 2842 4445 est
2881 4407 2973 4459 per
3014 4391 3321 4459 prophetam
3354 4390 3467 4444 haec

305 4483 565 4560 ρεστέρα.
594 4483 699 4535 Καὶ
729 4480 929 4550 μάρτυς
958 4482 1114 4544 αὐτὸς
1138 4482 1222 4535 διὰ
1254 4484 1343 4535 τοῦ
1370 4485 1641 4552 προφήτου
1676 4482 1810 4553 βοῶν
1829 4499 1843 4511 ⁸

316 4574 697 4637 Ἆπόστησον
718 4572 812 4638 ἀφ’
833 4570 997 4637 ἡμῶν
1021 4568 1169 4640 ἦχον
1195 4573 1356 4639 ᾠδῶν
1374 4590 1508 4639 σου,
1528 4574 1622 4626 καὶ
1647 4573 1848 4641 φωνῆς

305 4663 584 4731 ὀργάνων
612 4676 724 4714 σου
756 4663 864 4714 οὐκ
891 4662 1228 4729 ἀκούσομαι.
1246 4664 1343 4715 Ἐν
1366 4663 1687 4730 σάλπιγξιν
1710 4664 1846 4715 ἐλα-

304 4751 466 4815 ταῖς,
484 4750 578 4802 καὶ
598 4747 761 4817 φωνῇ
776 4748 1097 4817 σάλπιγγος
1114 4752 1433 4818 κερατίνης.
1454 4751 1659 4803 Ἐλαταὶ
1676 4752 1850 4818 λέγον-

306 4856 407 4893 ται
439 4837 728 4903 σάλπιγγες
758 4837 804 4886 οἱ
832 4835 971 4913 λόγοι
1003 4836 1129 4887 τῶν³
1148 4836 1452 4890 ἀποστόλων
1480 4837 1570 4889 τοῦ
1600 4838 1847 4907 Σωτῆρος

311 4927 475 4997 ἡμῶν
495 4925 581 4978 διὰ
608 4925 666 4977 τὸ
683 4925 1122 4994 βεϐασανισμένον
1146 4928 1236 4980 καὶ
1255 4926 1635 4993 πεπυρωμένον
1648 4928 1744 4996 τῆς
1767 4929 1853 4981 πί.

314 5031 491 5076 στεως
523 5013 729 5066 αὐτῶνο
769 5014 1038 5082 κεράτιναι
1069 5015 1125 5066 δὲ
1155 5016 1238 5068 διὰ
1268 5014 1326 5066 τδ
1360 5015 1665 5081 πρακτικόν.
1702 5017 1851 5069 Βοῶν

311 5104 427 5172 γὰρ
458 5104 512 5154 αἱ
544 5103 812 5172 κεράτιναι
845 5103 1128 5171 σάλπιγγες
1147 5122 1160 5135 ο
1182 5104 1301 5173 βοῦς
1318 5103 1373 5153 δὲ
1397 5104 1676 5171 ἐργατικὸν
1692 5105 1847 5168 ζῶον.

310 5196 430 5249 Καὶ
458 5196 580 5265 περὶ
600 5194 704 5246 τῶν
729 5195 1031 5247 ἀποστόλων
1059 5194 1117 5245 δέ
1143 5194 1342 5262 φησινςό
1362 5192 1566 5254 Παῦλος
1586 5210 1598 5222 ·
1617 5194 1715 5260 Μὴ
1735 5197 1855 5248 τῶν

313 5283 482 5347 βοῶν
495 5282 661 5351 μέλει
690 5282 768 5347 τῷ
794 5284 1011 5349 Κυρίῳ;
1030 5284 1069 5352 ἢ
1088 5284 1151 5335 δι’
1168 5282 1308 5351 ἡμᾶς
1331 5280 1535 5343 πάντως
1562 5280 1852 5348 λέγει.Φω-

314 5374 410 5428 ναὶ
457 5372 735 5441 τοιγαροῦν
784 5371 889 5423 τῶν
939 5372 1091 5441 ἱερῶν
1139 5370 1229 5421 τοῦ
1276 5368 1520 5436 Σωτῆρος
1540 5370 1854 5429 ἀποστόλων

316 5461 509 5515 ὲλαταὶ
531 5460 662 5529 ὁμοῦ
694 5461 784 5512 καὶ
816 5460 1081 5528 κεράτιναι
1107 5457 1392 5521 σάλπιγγες
1419 5456 1728 5524 ἐτύγχανον.
1755 5462 1865 5514 Ri.-

1946 4488 2213 4538 e-lamans:
2245 4482 2427 4535 Averte
2453 4496 2483 4532 a
2516 4479 2660 4532 nobis
2689 4494 2869 4532 conum
2893 4479 3210 4531 canticorum
3241 4487 3481 4538 (uorum,

1944 4583 1992 4626 et
2038 4588 2206 4627 vocem
2246 4572 2701 4623 instrumentorum
2724 4577 2927 4620 tuorum
2947 4584 3047 4619 non
3074 4564 3283 4617 audiam
3311 4564 3377 4617 “.
3405 4562 3470 4616 In

1947 4665 2076 4718 tubis
2116 4660 2425 4723 ductilibus,
2464 4668 2512 4713 et
2572 4674 2688 4712 voce
2735 4657 2868 4711 tuba:
2916 4672 3133 4710 cornere.
3166 4653 3330 4707 Tuba!
3371 4653 3472 4707 du-

1947 4754 2100 4807 ctiles
2149 4752 2403 4805 dicuntur
2439 4762 2715 4803 sermones
2760 4747 3120 4817 apostolorum
3171 4741 3486 4796 Servatoris

1952 4841 2144 4905 nostri,
2186 4841 2255 4894 ob
2303 4838 2580 4907 probatam
2626 4847 2678 4892 et
2730 4839 2849 4907 igne
2893 4834 3244 4889 examinatain
3287 4847 3487 4886 eorum.

1953 4930 2142 4997 iidem;
2203 4944 2411 4984 corneae
2486 4942 2612 4981 vero
2688 4936 2904 4997 propter
2978 4924 3233 4977 actiones.
3309 4922 3487 4975 Boum.

1950 5020 2088 5072 cnim
2154 5028 2279 5072 sunt
2334 5018 2473 5070 tuba:
2523 5032 2732 5071 cornea:
2774 5033 2787 5069 :
2845 5024 2926 5071 est
2979 5021 3153 5066 autem
3207 5008 3309 5065 bos
3358 5010 3477 5063 ani-

1952 5104 2059 5159 mal
2106 5104 2447 5157 laboriosum.
2502 5101 2577 5156 De
2630 5103 2885 5171 apostolis
2932 5115 3057 5154 vero
3108 5098 3183 5148 ait
3227 5095 3478 5151 Paulus:

1958 5191 2205 5261 Nunquid
2244 5191 2306 5242 de
2359 5189 2514 5242 bobus
2554 5207 2681 5243 cura
2736 5203 2810 5244 est
2883 5189 3088 5242 Domine
3114 5186 3206 5237 "1’
3248 5185 3333 5238 vel
3372 5200 3487 5252 pro.

1956 5293 2073 5353 pter
2102 5298 2197 5336 nos
2238 5280 2453 5334 omnino
2488 5280 2588 5333 hoc
2611 5282 2761 5337 dicit.
2805 5280 2971 5334 Voces
3003 5280 3173 5344 itaque
3206 5289 3489 5329 sacrorum

1959 5371 2246 5428 Salvatoris
2284 5368 2689 5437 apostolorum,
2717 5371 2942 5424 ductiles
2985 5365 3144 5422 simul
3179 5370 3235 5416 et
3287 5375 3499 5417 cornea

1960 5464 2100 5518 tubae
2114 5468 2281 5517 erant.
2302 5458 2417 5514 Alio
2433 5466 2620 5514 autem
2640 5467 2819 5525 modo,
2839 5461 3094 5516 citharam
3124 5470 3194 5510 ne
3221 5451 3521 5509 cunctcr'w

393 5608 439 5641 ’³
482 5610 582 5663 lsa.
616 5624 773 5670 xm,
810 5608 859 5664 6.
932 5608 973 5643 ἐ
1015 5607 1166 5660 Amos
1197 5621 1245 5668 ν.
1283 5604 1369 5665 93.
1444 5603 1707 5663 θ’·ιϐυτο
1751 5625 1849 5678 ιι,
1883 5614 1937 5669 9»
