3890 6448
229 377 251 429 I
261 372 372 428 257

222 485 419 551 ἓτερον
458 471 606 528 εἶναι
632 471 727 524 τὸν
749 470 971 524 ἐνταῦθα
997 471 1426 542 δοξολογούμενον
1459 473 1658 545 Κύριον
1698 474 1792 528 τοῦ
1821 483 1864 538 Α

224 566 366 622 Θεοῦ
394 563 494 617 τοῦ
525 558 984 630 νομοθετήσαντος
1007 562 1062 612 ὲν
1091 564 1152 630 τῇ
1183 562 1386 631 ἐρήμῳ.
1413 562 1481 614 Σὺ
1494 562 1619 631 γὰρ,
1643 563 1790 632 φησι,

227 652 433 722 Κύριε,
469 644 534 701 οὗ
561 647 667 716 τὴν
704 646 969 713 βασιλείαν
999 647 1334 716 θεσπίζομεν,
1376 649 1534 711 αὐτὸς
1566 648 1639 700 ὣν
1669 666 1792 716 τυγ.

230 740 442 812 χάνεις,
475 738 506 788 6
527 737 628 787 καὶ
656 734 732 803 τῷ
757 736 818 786 ὲκ
840 735 1130 804 περιτομῆς
1150 734 1260 803 λαῷ
1277 735 1450 805 κρίσιν
1479 738 1569 788 καὶ
1597 737 1794 790 δικαιο-

233 827 404 895 σύνην
425 822 829 892 διαταξάμενος
861 823 996 874 κατά
1036 823 1128 892 τὴν
1160 823 1394 876 δοθεῖσαν
1427 826 1604 887 αὐτοῖς
1640 842 1789 895 νομο·

231 915 447 975 θεσίαν,
466 909 818 980 δικαιώματα
848 912 939 963 καλ⁸
962 911 1196 981 κρίματα
1227 912 1594 982 περιέχουσαν.
1627 913 1698 965 Σὺ
1739 912 1794 965 δὲ

231 1007 400 1066 αὐτὸς
431 1005 534 1055 καὶ
569 1000 869 1070 εὐθύτητας
895 1000 1188 1070 ἡτοίμασας
1215 1001 1352 1054 κατά
1386 1001 1473 1053 τὸν
1499 1002 1594 1070 τῆς
1639 1002 1797 1054 ἀντα-

232 1094 516 1153 ποδόσεως
539 1088 736 1158 καιρὸν
755 1089 1215 1159 ἀποδοθησομένας
1239 1093 1346 1153 τοῖς
1365 1090 1678 1157 φυλάττουσι
1703 1089 1795 1159 τὴν

234 1179 422 1250 κρίσιν
453 1177 554 1231 καλΙ
581 1177 684 1247 τὴν
704 1175 1056 1246 δικαιοσύνην.
1084 1176 1337 1242 Μωῠσῆς
1365 1177 1462 1228 καὶ
1502 1175 1709 1242 Ἀαρὼν
1729 1177 1798 1229 ἐν

235 1268 364 1332 τοῖς
395 1265 673 1334 ἱερεῦσιν
697 1264 897 1330 αὐτοῦ,
930 1265 1024 1317 καὶ
1060 1266 1332 1332 Σαμουὴλ
1357 1266 1423 1318 ἐν
1453 1265 1573 1331 τοῖς
1603 1266 1798 1318 ἐπικα-

233 1351 567 1419 λουμένοις
601 1350 670 1402 τὸ
699 1349 878 1418 ὄνομα
898 1350 1096 1403 αὐτοῦ.
1125 1350 1544 1403 Ἐπεκαλοῦντο
1573 1353 1673 1404 τὸν
1687 1353 1799 1403 Κύ-

225 1457 390 1506 ριον,
444 1438 548 1491 καὶ
602 1438 786 1502 αὐτὸς
823 1437 1154 1504 εὶσήκουεν,
1198 1440 1265 1491 ἐν
1303 1443 1500 1503 στύλῳ
1548 1441 1800 1508 νεφέλης

235 1527 452 1581 ἐλάλει
496 1527 656 1594 πρὸς
692 1528 926 1591 αὐτούς.
990 1527 1363 1594 Ἐφύλασσον
1410 1530 1478 1582 τὰ
1515 1531 1800 1598 μαρτύρια

235 1617 454 1679 αὐτοῦ,
485 1617 589 1670 καὶ
617 1615 690 1668 τὰ
707 1617 1114 1684 προστάγματα
1149 1617 1184 1670 d
1215 1618 1431 1671 ἔδωκεν
1455 1621 1670 1684 αὐτοῖς.
1706 1621 1796 1680 Τὸ,

238 1707 311 1756 ει
331 1706 741 1757 ἐπιστεύσατε
753 1705 991 1772 Μωῦσῇ,
1012 1707 1393 1759 ἐπιστεύσατε
1410 1707 1482 1760 ἂν
1492 1710 1619 1776 ἐμοι
1634 1725 1648 1739 ·
1673 1709 1800 1774 περὶ

242 1795 353 1862 γὰρ
380 1796 534 1862 ἐμοῦ
562 1795 792 1861 ἐκεῖνος
815 1796 1052 1865 ἔγραψε,
1074 1798 1168 1866 τῆς
1193 1794 1281 1851 οὖν
1303 1799 1466 1868 αὐτῆς
1486 1799 1661 1868 ἔχεται
1689 1800 1799 1851 δια-
1831 1793 1868 1844 Β

240 1883 392 1946 νοίας
449 1885 549 1936 καὶ
597 1886 668 1938 τὰ
719 1888 1063 1956 προκείμενα.
1100 1886 1294 1940 Τοῦτον
1317 1887 1421 1957 γὰρ
1449 1888 1537 1939 τὸν
1578 1888 1794 1959 Κύριον,

243 1977 335 2026 καὶ
363 1977 465 2042 οὐχ
497 1981 712 2045 ἑτερον,
738 1977 886 2047 φησι,
917 1978 1004 2028 τὸν
1035 1979 1089 2029 ὲν
1119 1977 1193 2046 τῷ
1219 1979 1438 2046 παρόντι
1460 1977 1800 2047 θεολογούμε-

241 2079 362 2125 νον,
401 2063 498 2114 καὶ
542 2065 790 2133 Μωῡσῆς
831 2066 919 2117 καὶ
955 2065 1154 2134 Ἀαρὼν
1191 2066 1281 2118 καὶ
1314 2066 1589 2136 Σαμουὴλ,
1628 2067 1720 2119 καὶ
1753 2067 1803 2118 εῐ

241 2163 322 2209 τις
357 2149 565 2217 ἕτερος,
586 2150 699 2202 εἴτε
724 2153 1027 2222 προφητῶν,
1055 2154 1159 2204 εἴτε
1191 2154 1396 2222 ἱερέων,
1426 2157 1797 2209 ἐπεκαλοῦντο.

245 2238 353 2289 Καὶ
381 2233 538 2302 οὗτος
564 2236 634 2310 ἦν
668 2241 827 2303 αὐτὸς
854 2243 881 2292 6
906 2243 996 2294 τοῦ
1038 2243 1167 2294 Θεοῦ
1190 2245 1375 2310 Λόγος,
1437 2245 1528 2297 καὶ
1573 2245 1666 2298 νῦν
1710 2245 1802 2297 ἐπὶ

243 2327 452 2390 πάντας
483 2330 612 2393 τοὺς
634 2330 798 2391 λαοὺς
825 2331 1019 2400 ὑψηλὸς
1052 2333 1323 2403 ὑπάρχων,
1359 2334 1452 2386 καὶ
1486 2333 1631 2406 παρὰ
1671 2336 1800 2386 πᾶσι

242 2417 354 2476 τοῖς
397 2415 580 2470 ἔθνεσι
624 2419 991 2490 δοξαζόμενος,
1027 2423 1054 2474 6
1098 2423 1356 2475 κάκείνων
1399 2425 1687 2476 είσακούων
1710 2426 1802 2477 καὶ

242 2502 418 2557 λαλῶν
448 2508 640 2571 αὐτοῖς
693 2511 749 2560 ὲν
791 2509 960 2579 στύλῳ
1000 2511 1240 2578 νεφέλης.
1286 2512 1396 2563 Οὐκ
1426 2513 1593 2574 ἄλλως
1619 2513 1674 2566 δὲ
1702 2513 1803 2582 τῆς

244 2592 516 2666 τοσαύτης
548 2598 709 2663 ἀξίας
740 2598 921 2668 ἔτυχον
953 2601 998 2651 οἱ
1030 2599 1369 2669 δηλωθέντες,
1398 2603 1443 2652 εἰ
1470 2601 1544 2671 μὴ
1569 2603 1646 2654 ὅτι
1672 2602 1803 2667 ἐφύ-

244 2681 436 2737 λαττον
467 2686 538 2741 τά
563 2688 839 2758 μαρτύρια
885 2689 1066 2753 αὑτοῦ,
1107 2691 1197 2742 καὶ
1226 2691 1284 2742 τὸ
1327 2692 1641 2762 πρόσταγμα
1668 2694 1696 2744 ὃ
1722 2693 1806 2746 δὲ-

247 2771 417 2828 δωκεν
460 2777 668 2839 αὐτοῖς.
711 2776 890 2840 Οὕτως
936 2775 1025 2830 οὖν
1068 2779 1158 2832 καὶ
1192 2782 1322 2849 ἡμῖν
1352 2779 1436 2832 διὰ
1474 2781 1567 2850 τῆς
1601 2781 1804 2849 Καινῆς

252 2859 531 2931 Διαθήκης
577 2865 607 2915 6
654 2864 812 2925 αὐτὸς
873 2865 1260 2934 προστάγματα
1304 2868 1396 2918 καὶ
1440 2867 1671 2929 ἐντολὰς,
1712 2868 1805 2920 καὶ

259 2949 534 3022 μαρτύρια
568 2953 784 3015 ἔδωκεν,
837 2953 972 3026 ἅπερ
1029 2955 1074 3005 εἰ
1118 2955 1489 3024 φυλάττοιμεν,
1526 2956 1630 3007 τῶν
1679 2955 1804 3007 ῐσων

255 3037 348 3087 καὶ
373 3038 529 3090 αὐτοὶ
550 3040 1080 3110 καταξιωθησόμεθα.

1354 356 1844 414 COMMENTARIA
1880 361 1946 416 IN
1982 359 2312 416 PSALMOS.

3269 360 3408 420 1238

1893 476 2163 530 dominum
2193 474 2361 544 gloria
2405 470 2686 532 celebrari,
2721 485 2878 540 quam
2926 469 3087 526 Deum
3115 471 3206 540 qui
3244 473 3410 542 legem

1893 566 2036 620 dedit
2086 566 2140 619 in
2171 565 2399 620 deserto.
2440 561 2522 618 Tu
2549 563 2713 624 enim,
2750 562 2944 631 inquit,
2978 561 3219 624 Domine,
3258 561 3414 630 cujus

1893 671 2114 724 regnum
2157 654 2532 716 vaticinamur,
2560 653 2697 706 idem
2749 651 2860 720 ipse
2891 666 2950 705 es
2987 651 3076 720 qui
3123 653 3319 720 populo
3349 667 3410 705 ex

1892 741 2296 795 circumcisione
2327 740 2586 808 judicium
2614 746 2667 792 et
2687 738 2950 807 justitiam
2981 739 3295 808 praecepisti,
3326 755 3414 794 se-

1891 832 2119 884 cundum
2145 838 2398 885 statutam
2434 829 2565 898 ipsis
2599 829 2788 896 legem,
2816 827 3224 896 iustiﬁcationes
3252 835 3304 882 et
3325 828 3416 894 ju-

1890 921 2026 975 dicia
2065 921 2521 988 complectentem.
2555 917 2634 971 Tu
2670 925 2844 971 autem
2887 917 2999 986 ipse
3039 918 3239 985 parasti
3278 915 3417 970 dirc-

1892 1011 2115 1071 ctiones,
2146 1008 2511 1062 retributionis
2535 1015 2773 1074 tempore
2799 1006 2866 1060 iis
2887 1005 3182 1060 reddendas
3203 1005 3293 1072 qui
3327 1004 3417 1071 ju-

1891 1099 2087 1152 dicium
2139 1105 2191 1151 et
2241 1097 2504 1165 justitiam
2561 1095 2928 1150 eustodieriut.
2986 1123 3052 1133 --
3086 1092 3330 1152 “2115.6,
3364 1093 3413 1145 7.

1895 1187 2096 1256 Moyses
2121 1197 2168 1239 et
2193 1187 2366 1238 Aaron
2397 1186 2449 1237 in
2480 1183 2830 1238 sacerdotibus
2868 1183 3001 1251 ejus,
3023 1194 3069 1235 et
3094 1181 3306 1236 Samuel
3336 1183 3416 1233 in-

1895 1288 1970 1330 ter
1996 1294 2078 1330 eos
2104 1280 2190 1345 qui
2210 1277 2444 1328 invocant
2485 1291 2666 1327 nomen
2697 1274 2826 1341 ejus.
2875 1271 3190 1326 Invocabant
3242 1271 3419 1323 Domi-

1895 1383 2038 1428 num,
2071 1378 2116 1418 et
2149 1367 2252 1432 ipse
2283 1363 2716 1426 exaudiebateos,
2746 1364 2798 1416 in
2821 1363 3057 1415 columna
3080 1361 3228 1414 nubis
3254 1361 3421 1430 loque-

1896 1455 2049 1507 batur
2096 1453 2162 1506 ad
2195 1470 2300 1516 eos,
2326 1452 2678 1506 custodiebant
2729 1453 3016 1505 testimonia
3058 1452 3189 1520 ejus,
3214 1459 3259 1503 et
3283 1466 3418 1518 pra:-

1896 1554 2038 1612 cepta
2091 1560 2204 1612 qua:
2246 1543 2384 1595 dedit
2423 1543 2550 1595 illis.
2604 1541 2757 1604 Illud,
2794 1543 2851 1595 Si
2910 1542 3183 1595 crederetis
3227 1538 3419 1608 Moysi,

1896 1635 2165 1688 crederetis
2209 1636 2381 1703 utique
2428 1635 2572 1697 mihi,
2604 1635 2666 1688 de
2698 1651 2774 1687 me
2827 1635 2958 1686 enim
3007 1633 3094 1684 ille
3121 1631 3418 1699 scripsit",

1899 1725 2134 1792 ejusdem
2167 1726 2440 1778 sententia:
2477 1736 2557 1779 est
2604 1733 2762 1793 atque
2805 1725 2888 1776 illa
2918 1739 3035 1791 quae
3073 1723 3182 1790 jam
3231 1729 3421 1774 tracta-

1899 1830 2037 1867 mus.
2069 1812 2199 1865 Nam
2230 1813 2496 1876 eumdem,
2514 1816 2700 1882 inquit,
2722 1821 2774 1867 et
2799 1829 2904 1866 non
2928 1813 3088 1865 alium
3121 1810 3421 1866 Dominum.

1898 1904 1986 1972 qui
2012 1903 2120 1970 jam
2147 1902 2285 1956 Deus
2308 1904 2643 1972 praedicatur,
2665 1903 2892 1972 Moyses.
2913 1902 3088 1954 Aaron
3108 1909 3160 1954 et
3191 1899 3422 1958 Samuel,

1898 2007 1959 2044 ac
1981 1992 2025 2045 si
2042 1993 2162 2061 quis
2183 1991 2340 2055 alius,
2363 1991 2474 2046 sive
2496 1992 2893 2061 prophetarum,
2925 1991 3034 2044 sive
3063 1989 3423 2050 sacerdotum,

1899 2083 2234 2136 invocabant.
2268 2080 2336 2135 Et
2378 2082 2464 2134 hic
2521 2090 2635 2134 erat
2675 2080 2848 2148 ipsum
2903 2079 2994 2132 Dei
3031 2077 3282 2138 Verbum,
3316 2077 3424 2143 jam

1899 2179 2036 2238 apud
2081 2183 2266 2224 omnes
2297 2169 2518 2238 p0pulos
2561 2168 2828 2221 excelsum
2871 2173 2924 2219 et
2959 2164 3095 2233 apud
3149 2165 3425 2216 universas

1899 2265 2083 2326 gentes
2112 2258 2278 2326 gloria
2301 2257 2566 2314 allectum,
2598 2253 2738 2324 quod
2776 2254 2897 2307 illos
2935 2253 3059 2307 olim
3087 2251 3422 2313 exaudiebat.

1900 2356 1952 2400 et
1976 2347 2030 2398 in
2055 2347 2306 2399 columna
2331 2345 2488 2398 nubis
2523 2346 2837 2413 loquebatur
2872 2343 2936 2395 ad
2964 2356 3076 2396 eos.
3110 2340 3288 2408 Neque
3321 2341 3425 2394 alio

1901 2436 2058 2489 modo
2090 2436 2366 2489 memorati
2400 2436 2496 2488 viri
2527 2442 2725 2486 tantam
2761 2432 3068 2501 dignitatem
3107 2430 3248 2483 nacti
3271 2439 3420 2491 sunt,

1901 2527 2002 2580 nisi
2033 2526 2156 2595 quia
2190 2526 2494 2580 testimonia
2521 2525 2638 2592 ejus
2667 2531 2718 2577 et
2742 2529 3083 2591 praeceptum,
3118 2521 3258 2590 quod
3280 2520 3427 2574 dedit

1903 2617 2028 2678 illis,
2085 2615 2474 2670 custodiebant.
2539 2614 2629 2667 Sic
2688 2613 2868 2681 itaque
2923 2612 3008 2666 ille
3062 2626 3155 2680 per
3217 2609 3422 2663 Novum

1903 2705 2299 2760 Testamentum
2330 2712 2592 2774 praecepta
2629 2711 2682 2757 et
2722 2702 2968 2756 mandata
2999 2711 3159 2770 atque
3187 2701 3427 2757 testimo-

1904 2797 1990 2848 nia
2028 2797 2182 2852 nobis
2206 2795 2370 2860 dedit,
2399 2810 2516 2865 qua:
2549 2795 2594 2848 si
2637 2794 3023 2855 custodiamus,
3054 2791 3196 2862 paria
3231 2799 3284 2845 et
3321 2790 3426 2859 ipsi

1903 2884 2275 2939 obtinebimus.

319 3126 499 3190 Κύριε
526 3127 671 3191 Θεὸς
701 3128 879 3195 ἡμῶν,
905 3130 984 3182 σὺ
1026 3129 1313 3196 ἐπήκουες
1343 3133 1554 3196 αὐτῶν,
1577 3135 1656 3188 σὺ
1691 3136 1800 3189 εὐΐ-

1974 3119 2133 3174 νιειιε.
2164 3121 2214 3174 8.
2247 3119 2462 3172 Domine
2492 3120 2626 3171 Deus
2661 3128 2852 3180 noster,
2887 3127 2941 3169 tu
2979 3117 3290 3170 exaudiebas
3314 3131 3426 3180 eos.

253 3209 441 3274 λατος
479 3211 684 3278 ἐγένου
710 3216 925 3280 αὐτοῖς,
957 3219 1051 3271 καὶ
1088 3219 1332 3272 ἐκδικῶν
1356 3221 1451 3273 ἐπὶ
1506 3221 1699 3274 πάντα
1737 3222 1806 3276 τὰ

255 3295 694 3366 ἐπιτηδεύματα
721 3302 929 3355 αὐτῶν.
955 3305 1046 3368 Σὺ,
1071 3307 1250 3376 φησιν,
1272 3309 1299 3358 6
1332 3309 1587 3377 ἡμέτερος
1612 3309 1809 3378 Κύριος

262 3384 354 3436 καὶ
383 3385 538 3450 Θεὸς,
573 3392 601 3442 6
626 3390 730 3442 τῶν
761 3392 924 3445 ἐθνῶν
955 3394 1221 3462 βασιλεὺς,
1252 3398 1278 3448 6
1300 3396 1387 3465 ὑφ’
1424 3397 1576 3467 ἡμῶν
1605 3415 1805 3469 κηρυτ-

261 3473 504 3542 τόμενος,
560 3481 715 3543 αὐτὸς
754 3478 893 3551 ἦσθα
942 3485 969 3534 6
1017 3485 1108 3536 καὶ
1147 3485 1251 3536 τῶν
1291 3487 1429 3555 ἀμφὶ
1459 3487 1682 3540 Μωῦσέα
1715 3489 1808 3542 καὶ

274 3559 485 3632 Ἀαρὼν
516 3568 801 3621 ὑπακούων
833 3610 848 3633 ,
876 3574 967 3623 καὶ
993 3574 1089 3642 τῆς
1111 3573 1371 3642 τοσαύτης
1393 3575 1615 3639 ἐκείνοις
1647 3593 1807 3646 μετα-

260 3647 436 3715 διδοὺς
487 3658 814 3728 παρρησίας,
870 3661 1189 3730 ἱλεουμένοις
1231 3680 1288 3715 σε
1321 3663 1457 3734 ὑπὲρ
1483 3664 1575 3716 τοῦ
1606 3681 1807 3734 παρορ-

263 3739 507 3807 γίζοντος
535 3745 688 3810 λαοῦ,
724 3749 813 3799 καὶ
852 3749 1044 3820 πολλῆς
1085 3752 1274 3815 αὐτοὺς
1306 3752 1466 3816 ἀξιῶν
1505 3754 1802 3823 εὐμενείας.

264 3827 326 3880 Εἰ
353 3832 461 3901 γὰρ
486 3836 579 3887 καί
604 3855 739 3889 τισιν
785 3839 1080 3904 ἀσθενείαις
1112 3843 1456 3912 περιέπιπτον
1486 3844 1560 3906 ὡς
1603 3843 1806 3915 ἄνθρωα-

268 3928 379 3982 ποι,
428 3920 503 3984 ὠς
547 3926 780 3995 Μωῦσῆς
829 3928 920 3978 ἐπὶ
965 3931 1028 3999 τῇ
1063 3930 1284 4001 ἀπιστίᾳ
1328 3931 1421 3983 τοῦ
1460 3931 1673 3996 ὓδατος,
1713 3933 1805 3986 καὶ

280 4003 484 4076 Ἀαρὼν
502 4013 594 4064 ἐπὶ
613 4018 675 4083 τῇ
702 4017 1032 4088 μοσχοποιία,
1063 4021 1145 4081 σὺ,
1169 4019 1241 4082 ὡς
1267 4021 1576 4088 παναγάθου
1606 4022 1804 4091 πατρὸς

273 4096 577 4164 πανάγαθος
620 4104 749 4165 υἱὸς,
807 4105 958 4167 ἵλεως
1005 4107 1180 4170 αὐτοῖς
1237 4110 1431 4175 ἐγίνου,
1484 4110 1802 4181 συγγνώμην

272 4183 446 4251 νέμων
475 4193 540 4259 τῇ
576 4191 737 4263 θνητῇ
774 4194 1036 4265 ἀσθενείᾳ.
1068 4198 1173 4249 Καὶ
1205 4199 1450 4252 ἐκδικῶν
1488 4200 1582 4253 ἐπὶ
1615 4200 1807 4252 πάντα

217 4317 224 4322 ,
275 4272 344 4324 τὰ
382 4276 812 4350 ἐπιτηδεύματα
850 4284 1060 4338 αὐτῶν.
1096 4287 1153 4338 Ei
1188 4289 1279 4339 καὶ
1311 4287 1490 4352 ἔδοξάν
1521 4307 1593 4350 τι,
1621 4290 1800 4358 φησὶν,

277 4361 603 4434 ἁμαρτάνειν
650 4372 722 4433 ὡς
765 4372 1052 4442 ἄνθρωποι,
1083 4375 1194 4426 ἀλλ’
1229 4377 1498 4440 ἐπαίδευες
1528 4380 1717 4440 αὐτοὺς
1749 4381 1802 4430 ὲν

277 4443 356 4538 οἷς
387 4456 629 4521 παιδείας
670 4459 892 4512 ἐδέοντο.
933 4461 1210 4529 Ἦλὲγχετο
1243 4465 1348 4532 γὰρ
1376 4467 1463 4518 ἐπὶ
1491 4467 1580 4522 τοῦ
1609 4469 1802 4538 μόσχου

277 4536 592 4612 ἁμαρτήσας
633 4547 854 4618 ⁹Λαριῖυν,
883 4551 973 4600 καὶ
1000 4551 1229 4619 Μωῦσῆς
1263 4554 1352 4604 ἐπὶ
1385 4555 1474 4605 τοῦ
1499 4554 1683 4613 ὓδατος

279 4624 598 4695 ἀντιλογίας,
1783 4625 1786 4628 ⁴

355 4715 594 4784 Ὑψοῦτε
629 4727 840 4791 Κύριον
877 4726 976 4778 τὸν
1009 4726 1151 4778 Θεὸν
1189 4727 1369 4794 ἡμῶν,
1405 4731 1501 4782 καὶ
1546 4749 1804 4799 προσκυ-

277 4801 426 4856 νεῖτε
461 4811 546 4873 εὶς
594 4812 725 4878 ὄρος
757 4814 922 4876 ἅγιον
959 4816 1158 4876 αὐτοῦ,
1199 4818 1284 4868 ὅτι
1329 4818 1490 4886 ἅγιος
1522 4822 1729 4887 Κύριος
1774 4825 1805 4874 ό

283 4893 419 4958 Θεὸς
446 4899 626 4965 ἡμῶν.
666 4905 837 4974 Μηδὲν
865 4905 1130 4966 ταπεινὸν,
1160 4909 1306 4978 φησι,
1351 4909 1436 4959 καὶ
1478 4910 1802 4981 ἀνθρώπινον

282 4983 402 5070 περξι
422 4988 512 5038 τοῦ
547 4991 746 5062 Κυρίου
773 4998 1038 5061 φρονεῖτε·
1071 4996 1183 5047 ἀλλ’
1219 4997 1407 5062 ὑψοῦτε
1443 5000 1596 5050 αὑτὸν
1631 5001 1802 5070 ὑψηλά

284 5069 407 5136 περὶ
465 5075 622 5128 αὐτοῦ
679 5079 1007 5143 δοξάζοντες,
1069 5082 1158 5132 καὶ
1223 5083 1280 5136 τὸ
1335 5085 1600 5153 προσῆκον
1657 5069 1801 5156 αὐτῷ

283 5163 668 5242 προσενέγκατε
723 5169 900 5232 σέϐας.
933 5171 1088 5240 Ὄρος
1115 5171 1169 5222 δὲ
1204 5170 1352 5239 ἅγιον
1397 5172 1558 5224 πάλαι
1613 5174 1708 5242 μὲν
1741 5175 1802 5226 τὸ

285 5241 414 5344 Σιὼν
473 5252 732 5317 ἐκαλεῖτο,
779 5259 870 5310 νῦν
922 5260 975 5311 δὲ
1041 5261 1136 5328 τῆς
1177 5260 1494 5326 Θεογνωσίας
1536 5263 1596 5314 τὸ
1636 5262 1797 5332 ἴδψοῖ

282 5337 531 5406 οὕτωγὰρ
549 5346 640 5393 καὶ
668 5346 885 5407 Ἡσαΐας
903 5348 993 5398 καὶ
1009 5347 1237 5414 Μιχαίας
1265 5346 1547 5400 ὲθέσπισαν
1563 5365 1577 5379 ·
1599 5351 1802 5405 Ἔσται

285 5419 350 5472 ἐν
368 5426 487 5492 ταῖς
505 5431 779 5498 ἐσχάταις
809 5435 1038 5501 ἡμέραις
1051 5435 1303 5502 ἐμφανὲς
1313 5435 1375 5486 τὸ
1397 5437 1530 5500 ὄρος
1554 5439 1766 5504 Kvplov
1785 5457 1797 5469 °

354 5600 401 5648 ,ιλ
437 5601 584 5658 Ιυιηι,
624 5625 672 5670 ν,
714 5609 796 5660 .50.
873 5609 912 5637 9'
957 5609 1033 5661 [sa
1097 5623 1170 5666 IL,
1200 5607 1232 5657 2
1262 5625 1276 5669 ;
1304 5604 1459 5664 λὶἱιΊι.
1494 5625 1564 5672 tv,
1607 5610 1654 5660 l.

1906 3217 1959 3262 tu
1987 3211 2238 3276 propitius
2262 3210 2408 3278 fuisti
2429 3211 2525 3268 eis,
2550 3219 2596 3261 et
2626 3209 2875 3260 ulciscens
2906 3209 2957 3258 in
2983 3223 3154 3260 omnes
3182 3205 3428 3258 adiuven-

1906 3299 2066 3352 tiones
2087 3315 2286 3353 eorum.
2322 3298 2423 3361 Tu,
2458 3298 2647 3366 inquit,
2681 3295 2937 3350 Dominus
2961 3305 3014 3350 et
3044 3297 3179 3349 Deus
3221 3302 3447 3358 noster”

1903 3390 2136 3444 omnium
2162 3404 2276 3452 rex,
2314 3387 2458 3456 quia
2490 3386 2647 3440 nobis
2675 3385 3005 3456 praedicaris,
3030 3385 3143 3452 ipse
3167 3398 3287 3437 eras
3334 3384 3429 3456 qui

1904 3479 2136 3545 Moysem
2171 3487 2224 3532 et
2277 3478 2537 3530 Aaronem
2595 3476 2932 3539 exaudiebas,
2967 3490 3028 3528 ac
3071 3481 3270 3527 tantam
3320 3473 3438 3528 illis

1905 3567 2136 3620 addebas
2166 3566 2433 3627 ﬁduciam,
2460 3579 2581 3618 eum
2624 3575 2676 3618 te
2703 3563 3044 3616 exacerbanti
3078 3561 3272 3631 populo
3301 3575 3427 3630 pro-

1903 3657 2092 3725 pitium
2143 3654 2442 3715 redderent,
2471 3653 2668 3721 quique
2697 3652 2815 3706 illos
2847 3651 3014 3704 multa
3059 3648 3426 3704 benevolentia

1905 3745 2213 3814 dignabare.
2244 3742 2464 3797 Etiamsi
2495 3743 2634 3796 enim
2680 3743 2732 3793 in
2780 3740 3038 3810 quasdam
3092 3737 3426 3792 inﬁrmitates

1905 3833 2228 3896 laberentur,
2263 3841 2445 3899 utpote
2473 3831 2734 3892 homines,
2753 3827 3194 3898 quemadmodum
3223 3824 3428 3894 Moyses

1903 3923 1957 3976 in
1991 3922 2413 3977 incredulitatem
2438 3922 2581 3975 circa
2614 3934 2826 3989 aquam,
2861 3926 2913 3972 et
2937 3919 3111 3971 Aaron
3137 3917 3191 3970 in
3227 3913 3429 3970 conﬂa-

1904 4011 2101 4066 tionem
2153 4011 2336 4074 vituli;
2377 4022 2431 4064 tu
2471 4019 2529 4064 ut
2549 4009 2733 4078 optimi
2782 4007 2956 4076 patris-
2984 4006 3216 4074 optimus
3262 4005 3423 4069 li'lius,

1904 4101 2164 4169 propitius
2193 4101 2324 4170 ipsis
2367 4114 2507 4160 eras,
2540 4113 2601 4150 ae
2652 4097 2860 4148 mortali
2902 4094 3195 4147 inﬁrmitati
3217 4093 3425 4144 veniam

1903 4188 2264 4251 concedebas,
2313 4185 2378 4238 Et
2426 4186 2670 4238 ulciscens
2719 4184 2784 4240 in.
2821 4198 2991 4236 omnes
3043 4181 3424 4233 adinventiones

1903 4291 2098 4329 eorum.
2148 4275 2388 4337 Etiamsi,
2421 4274 2609 4342 inquit,
2641 4281 2819 4340 utpote
2853 4271 3115 4332 homines,
3157 4271 3210 4323 in
3246 4269 3424 4338 aliquo

1905 4380 2122 4433 peccare
2149 4365 2483 4427 viderentur,
2507 4371 2562 4414 tu
2584 4362 2882 4430 eastigabas
2910 4376 3024 4421 eos,
3053 4375 3172 4416 cum
3200 4360 3426 4428 castiga-
3518 4378 3529 4428 ;

1904 4456 2048 4508 tione
2080 4470 2214 4524 opus
2241 4463 2374 4508 erat.
2402 4453 2532 4505 Nam
2583 4452 2647 4505 de
2678 4450 2905 4505 conﬂato
2935 4451 3100 4503 vitulo
3129 4451 3306 4504 Aaron
3339 4463 3430 4501 τει-

1905 4543 2279 4611 darguebatur,
2315 4549 2367 4596 et
2399 4541 2605 4610 Moyses
2645 4540 2781 4609 apud
2820 4555 3010 4609 aquam
3049 4536 3427 4592 contradictio-

1906 4637 2004 4686 Itis.
3309 4615 3318 4625 ο

1976 4729 2132 4780 Vens.
2181 4725 2233 4778 9.
2281 4723 2519 4775 Eraltate
2551 4720 2822 4774 Dominum
2876 4719 3040 4772 Deum
3090 4727 3342 4778 nostrum,
3371 4723 3422 4768 et

1905 4817 2116 4868 adorate
2149 4816 2200 4866 in
2237 4821 2402 4865 monte
2431 4823 2608 4865 sancto
2647 4811 2781 4879 ejus,
2805 4809 3047 4880 quoniam
3075 4817 3283 4861 sanatus
3315 4803 3423 4856 Do-

1909 4906 2074 4957 minus
2106 4903 2238 4955 Deus
2281 4911 2469 4953 noster.
2501 4899 2658 4959 Nihil,
2710 4899 2900 4968 inquit,
2929 4895 3128 4949 humile
3155 4902 3208 4948 et
3236 4896 3421 4946 huma-

1905 5007 2032 5047 num
2054 4992 2119 5045 de
2137 4991 2357 5042 Domino
2401 4989 2626 5053 sentite;
2679 4978 2773 5042 sed
2816 4985 3025 5040 excelsa
3053 4983 3121 5038 de
3157 4982 3248 5035 illo
3274 4978 3423 5048 cogi-

1907 5091 2077 5136 tantes
2114 5083 2284 5148 ipsum
2333 5079 2578 5139 exaltate,
2639 5077 2847 5146 ipsique
2885 5073 3128 5128 debitum
3173 5070 3421 5126 exhibete

1903 5173 2124 5224 cultum.
2150 5169 2297 5222 Mons
2325 5176 2499 5222 autem
2531 5177 2748 5220 sanctus
2776 5167 2900 5218 olim
2949 5163 3075 5216 Sion
3107 5160 3417 5220 vocabatur,

1904 5274 2044 5319 nunc
2076 5273 2200 5311 vero
2223 5257 2416 5309 divinae
2464 5255 2760 5308 sublimitas
2787 5251 3106 5321 cognitionis
3129 5266 3144 5314 ;
3175 5248 3248 5301 ita
3275 5245 3418 5300 enim

1905 5349 2069 5402 Isaias
2095 5353 2147 5400 et
2191 5345 2436 5398 Micheeas
2462 5343 2736 5398 vaticinati
2762 5348 2887 5396 sunt
2917 5355 2930 5391 :
2964 5338 3079 5392 Erit
3114 5338 3167 5390 in
3200 5335 3420 5389 novissi-

1907 5435 2211 5490 mis'diebus
2241 5433 2544 5501 manifestus
2588 5449 2730 5486 mons
2776 5429 3038 5485 Domini”
3058 5426 3156 5492 °,,id
3188 5433 3291 5495 est,
3322 5423 3417 5480 Dei
