3890 6440
238 450 239 453 η
271 413 409 469 1241

1400 409 1588 467 COMM
1597 407 1887 465 ENTARIA
1923 408 1988 463 IN
2018 404 2350 464 PSALMOS.

3304 419 3437 471 1242

346 529 661 584 Εισέλθετε
712 534 794 597 είς
834 532 933 597 τὰς
968 534 1152 595 nudat:
1192 524 1381 578 αὑτοῦ
1432 526 1502 579 ἐν
1533 527 1807 593 ἐξομολο-

1976 524 2138 581 Veus.
2198 525 2255 579 4.
2324 520 2542 575 Introite
2593 532 2767 587 portas
2818 526 2929 592 ejus
2976 526 3031 579 in
3086 528 3432 596 confessione,

267 612 476 680 γήσει,
517 619 594 682 εἰς
626 618 726 684 τὰς
766 621 949 684 αὐλὰς
974 618 1145 672 αὑτοῦ
1191 613 1263 665 ἐν
1318 613 1541 682 ὕμνοις.
1601 616 1818 681 Μνημο-

265 704 489 767 νεὺετε,
511 709 657 775 φησι,
680 707 782 760 τῶν
815 708 1013 771 κακῶν,
1043 710 1097 759 ἐν
1126 700 1211 765 οἷς
1244 703 1454 772 πρῶτον
1488 701 1816 767 ἐξετάξεσθε,

268 791 373 843 ὅτε
400 795 614 864 μακρὰν
640 796 947 864 ἐτυγχάνετε
972 797 1061 848 τοῦ
1084 792 1286 862 Κυρίου
1315 794 1402 861 ὑφ’
1428 793 1627 863 ἑτέροις
1640 791 1821 844 δεσπό-

269 894 409 942 ταις
441 886 690 952 πονηροῖς
715 884 979 953 ἀγόμενοι.
1011 884 1098 936 Διὸ
1126 884 1199 944 ὡς
1233 881 1655 952 περιρραντηρίῳ
1678 879 1817 951 χρώ-

275 985 444 1037 μενοι
465 976 527 1043 τῇ
554 974 658 1025 τῶν
684 975 953 1044 προτέρων
985 972 1332 1041 ἀσεϐημάτων
1363 970 1611 1039 ὁμολογίᾳ
1656 968 1817 1020 εἴσιτε

263 1060 361 1121 είς
388 1061 489 1124 τὰς
536 1062 703 1125 πύλας
746 1062 903 1116 αὑτοῦ
933 1062 1251 1131 θαρροῦντες
1275 1079 1286 1091 ·
1314 1061 1392 1113 ὅτι
1438 1059 1572 1129 μετά
1602 1058 1696 1120 τὰς
1725 1058 1819 1110 πύ-

265 1142 403 1208 λας,
438 1148 674 1199 τουτέστι
722 1148 854 1216 μετά
890 1147 984 1209 τὰς
1004 1148 1171 1217 ἀρχὰς
1199 1149 1290 1199 καὶ
1322 1146 1415 1208 τὰς
1455 1145 1669 1215 πρώτας
1711 1145 1818 1195 είσ-

264 1232 441 1297 ὁδους
464 1236 561 1303 τῆς
594 1236 686 1288 τοῦ
718 1236 845 1289 Θεοῦ
874 1236 1128 1299 δουλείας,
1162 1238 1237 1299 είς
1263 1237 1329 1289 τὰ
1351 1236 1590 1287 ἐνδότατα
1612 1235 1700 1286 καὶ
1723 1234 1819 1295 τὰς

260 1318 453 1381 αὐλὰς
493 1322 858 1390 παρελθόντες,
893 1324 1070 1374 οὑκέτι
1104 1322 1361 1392 χρήσεσθε
1403 1324 1466 1391 τῇ
1506 1321 1817 1389 ἐξομολογή-

264 1420 386 1468 σει,
438 1407 550 1460 ἀλλ’
607 1409 783 1477 ὕμνοις
836 1409 1015 1461 λοιπὸν
1047 1415 1154 1473 τοῖς
1202 1413 1279 1472 είς
1317 1410 1471 1462 αὑτὸν
1512 1410 1813 1478 σχολάσετε.

264 1493 499 1564 ’Ὠσπερ
530 1497 705 1564 μέντοι
739 1498 954 1550 εἰσιέναι
988 1498 1065 1550 δεῖ
1101 1500 1354 1569 πρότερον
1387 1500 1465 1561 είς
1495 1500 1590 1561 τὰς
1628 1498 1815 1563 πύλας,

261 1578 409 1635 εἶτα
437 1586 515 1645 είς
542 1585 637 1646 τὰς
663 1586 843 1648 αὐλὰς,
891 1586 1055 1649 οὑτως
1093 1588 1517 1656 ἐξομολογεῖσθαι
1562 1589 1817 1658 πρότερον

260 1671 387 1739 χρὴ
418 1672 486 1724 τὰ
516 1674 891 1742 ἁμαρτήματα,
934 1671 1047 1728 εἶτα
1081 1678 1261 1746 ὑμνεῖν
1286 1676 1375 1729 τὸν
1417 1677 1564 1740 Θεὸν,
1597 1678 1681 1729 ἴνα
1701 1715 1716 1738 ,
1749 1679 1813 1746 τῇ

258 1757 659 1828 ἐξομολογήσει
716 1762 1067 1833 καθαρθείσης
1103 1764 1199 1832 τῆς
1239 1763 1497 1832 γλώττης,
1531 1764 1760 1834 καθαρὸς
1788 1766 1816 1816 ό

1918 617 2055 667 atria
2082 615 2195 683 ejus
2219 614 2273 666 in
2301 612 2524 681 hymnis.
2570 612 3014 681 Commemorate,
3057 618 3247 686 inquit,
3273 621 3431 683 mala,

1916 705 1969 757 in
1994 706 2189 773 quibus
2225 704 2374 772 prius
2411 702 2791 768 versabamini,
2821 704 3035 774 quando
3079 707 3145 759 ab
3170 708 3287 762 aliis
3310 724 3433 777 pra-

1915 795 1996 849 vis
2046 794 2278 848 dominis
2323 792 2561 858 abducti,
2584 794 2769 861 procul
2825 808 2855 847 a
2910 793 3132 850 Domino
3172 798 3432 866 agebatis.

1916 884 2091 949 Quare
2112 884 2456 952 pristinarum
2490 883 2820 951 impietatum
2842 884 3199 949 confessione,
3229 901 3322 940 seu
3345 902 3436 944 as-

1916 973 2136 1042 pergillo
2158 972 2263 1035 usi,
2294 970 2632 1041 ingredimini
2663 978 2846 1040 portas
2874 973 2992 1041 ejus
3044 988 3164 1026 cum
3196 974 3385 1029 fiducia
3415 994 3428 1029 :

1913 1062 2037 1129 quia
2090 1061 2381 1117 secundum
2430 1068 2635 1129 portas,
2689 1061 2742 1113 id
2788 1068 2893 1123 est,
2943 1068 3065 1130 post
3092 1063 3353 1133 principia
3380 1074 3434 1119 et

1914 1152 2115 1218 primos
2144 1152 2416 1207 servitutis
2470 1150 2558 1205 Dei
2599 1151 2893 1221 ingressus,
2928 1152 2982 1207 in
3020 1153 3274 1207 interiora
3298 1163 3352 1209 et
3377 1156 3433 1210 in

1915 1239 2049 1292 atria
2081 1245 2443 1305 transeuntes,
2477 1254 2583 1293 non
2622 1240 2759 1293 ultra
2805 1240 3145 1295 confessione
3187 1240 3436 1310 utemini,

1914 1328 2006 1382 sed
2038 1327 2250 1396 hymnis
2283 1328 2531 1397 deinceps
2558 1329 2659 1397 ipsi
2711 1330 2953 1383 vacaturi
2987 1331 3141 1384 estis.
3169 1330 3435 1395 Quemad-

1914 1416 2129 1471 modum
2179 1417 2319 1470 enim
2359 1418 2531 1486 primo
2564 1418 2619 1472 in
2648 1427 2851 1487 portas,
2874 1417 3064 1473 deinde
3093 1420 3147 1473 in
3178 1419 3326 1475 aulas
3360 1420 3437 1474 in-

1913 1505 2059 1575 gredi
2090 1520 2225 1574 Opus
2255 1513 2357 1568 est,
2398 1506 2470 1559 ita
2500 1507 2671 1577 primo
2699 1516 2914 1576 peccata
2942 1508 3181 1563 confiteri
3204 1518 3433 1577 oportet,

1914 1600 2097 1661 postea
2136 1607 2264 1646 vero
2292 1592 2454 1647 Deum
2482 1593 2694 1661 hymnis
2722 1594 3013 1656 celebrare,
3040 1604 3123 1661 ut,
3147 1596 3324 1667 lingua
3342 1612 3437 1665 per

1913 1679 2300 1735 confessionem
2353 1689 2597 1749 purgata,
2650 1697 2816 1749 purus
2866 1683 3096 1769 hymnus
3162 1684 3432 1738 offeratur.

1915 1764 2145 1819 —VERs.
2168 1767 2217 1820 5.
2243 1766 2565 1835 Conﬁtemini
2590 1768 2688 1823 illi.
2711 1768 2938 1825 Laudate
2966 1764 3143 1832 nomen
3163 1770 3295 1838 ejus,
3313 1786 3439 1837 quo-

259 1846 294 1898 ὓ
306 1866 454 1916 μνος
476 1852 869 1923 προσενεχθείη.
910 1855 1377 1924 Ἑξομολογεῖσθε
1401 1855 1576 1919 αὐτῷ.
1597 1855 1817 1907 Αἰνεῖτε

1924 1856 2055 1907 niam
2087 1857 2257 1908 suavis
2287 1865 2361 1909 est
2403 1856 2685 1920 Dominus,
2706 1859 2946 1925 quoniam
2985 1860 3039 1912 in
3079 1869 3323 1912 teternum
3348 1860 3441 1910 mi-

259 1938 339 1989 τὸ
402 1937 588 2005 ὄνομα
626 1942 828 2005 αὐτοῦ,
870 1944 956 1996 ὅτι
987 1946 1244 2011 χρηστὸς
1291 1949 1324 1999 ὀ
1353 1948 1593 2013 Κύριος·
1626 1945 1711 1996 ὅτι
1737 1947 1823 2009 εὶς

257 2029 389 2077 τὸν
436 2028 617 2081 αἰῶνα
671 2030 734 2082 τὸ
782 2032 949 2096 ἕλεος
988 2034 1189 2096 αὑτοῦ,
1234 2034 1331 2086 καὶ
1359 2034 1466 2099 ἕως
1490 2032 1695 2102 γενεᾶς
1725 2034 1821 2085 καὶ

260 2114 495 2185 γενεᾶς
544 2120 581 2184 ἡ
633 2120 874 2187 ἀλήθεια
910 2122 1108 2174 αὐτοῦ.
1134 2122 1363 2185 Δίκαιον,
1396 2125 1576 2192 φησὶν,
1607 2124 1820 2194 εὐχαρι-

260 2206 431 2255 στεῖν
452 2207 544 2257 καὶ
565 2208 746 2274 ὑμνεῖν
773 2208 861 2259 τὸν
889 2209 1105 2279 ἀρρήτῳ
1139 2210 1505 2281 φιλανθρωπίᾳ
1529 2211 1820 2281 χρώμενον,

260 2294 377 2344 καὶ
408 2298 529 2356 ταῖς
561 2296 785 2361 ἀγαθαῖς
819 2298 1164 2366 ὑποσχέσεσιν
1204 2299 1505 2352 ἐπιτιθέντα
1535 2301 1595 2352 τὸ
1632 2302 1821 2369 πέρας.

266 2382 351 2432 "A
382 2381 494 2450 γὰρ
516 2384 606 2434 ἐπὶ
627 2385 719 2453 τῆς
740 2385 843 2438 τῶν
863 2388 1135 2456 προγόνων
1150 2389 1411 2457 ὑπέσχετο
1429 2393 1634 2457 γενεᾶς,
1656 2390 1823 2444 ταῦτα

260 2471 376 2523 ἐπὶ
414 2472 513 2539 τῆς
550 2475 814 2543 ἡμετέρας
855 2477 1194 2546 πεπλήρωκε,
1245 2479 1338 2531 καὶ
1374 2480 1438 2548 ἢν
1475 2480 1823 2549 ἐπηγγείλατο

264 2563 581 2631 σωτηρίαν,
611 2564 818 2630 ἀληθῶς
836 2564 1140 2635 ἐδωρήσατο
1159 2582 1174 2598 ⁸
1199 2570 1290 2620 καὶ
1318 2569 1377 2621 οὑ
1404 2568 1661 2621 παύσεταί
1697 2586 1821 2621 ποτε

263 2656 301 2722 ἡ
340 2654 428 2712 εἰς
448 2654 591 2720 ἡμᾶς
612 2654 736 2721 παρ’
756 2654 915 2706 αὑτοῦ
943 2656 1199 2727 γενομένη
1225 2658 1523 2727 εὐεργεσία,
1540 2660 1655 2728 ἥτις
1680 2662 1822 2713 ἐστίν

262 2741 533 2810 ἀλήθεια,
561 2741 695 2792 κατὰ
714 2742 791 2805 τὸ,
809 2743 1097 2810 Ἐμνήσθη
1117 2744 1396 2811 διαθήκης
1416 2748 1597 2800 αὐτοῦ
1620 2750 1704 2812 είς
1722 2747 1824 2801 τὸν

263 2831 474 2884 αἰῶνα
492 2847 506 2861 ⁸
538 2830 569 2899 ἢ
597 2831 674 2894 τὸ,
716 2832 1206 2902 Ἐξομολογεῖσθε,
1238 2836 1356 2888 ἀντὶ
1381 2836 1491 2900 τοῦ,
1546 2838 1631 2898 Ὠς
1660 2838 1824 2908 ίατρῷ

262 2921 350 2974 τὰ
376 2919 482 2988 τῆς
501 2920 671 2989 ψυχῆς
705 2922 1069 2991 ἀπογυμνοῦτε
1103 2923 1383 2993 τραύματα
1423 2926 1486 2977 δι’
1513 2925 1825 2995 ἐξομολογή-

267 3027 448 3071 σεωςο
482 3010 807 3081 Θαρροῦντες
841 3013 899 3064 δὲ
924 3013 1077 3065 τοῦτο
1108 3014 1387 3083 πράττετε,
1421 3016 1592 3084 δόγμα
1633 3016 1824 3085 ἀληθὲς

1919 1945 2201 1998 sericordia
2225 1947 2358 2014 ejus,
2383 1955 2431 1999 et
2462 1963 2618 2015 usque
2649 1949 2703 2000 in
2746 1949 3115 2017 generationem
3152 1956 3200 2001 et
3239 1963 3440 2017 genera-

1921 2035 2108 2086 tionem
2136 2035 2321 2087 veritas
2347 2035 2478 2102 ejus.
2507 2034 2932 2090 Consentaneum
2961 2045 3063 2098 est,
3095 2036 3285 2103 inquit,
3317 2050 3440 2104 gra-

1919 2124 2023 2176 tias
2062 2136 2239 2191 agere,
2273 2136 2337 2175 ac
2364 2137 2483 2176 eum
2506 2123 2718 2192 hymnis
2752 2124 3022 2177 celebrare
3065 2124 3154 2191 qui
3189 2123 3437 2177 ineffabili

1917 2225 2040 2278 erga
2064 2210 2311 2263 homines
2335 2210 2614 2265 clementia
2647 2219 2730 2265 est
2751 2226 2903 2273 usus,
2928 2218 2983 2265 et
3021 2211 3112 2280 qui
3141 2211 3296 2264 bonis
3325 2214 3439 2265 suis

1917 2300 2392 2368 pollicitationibus
2444 2302 2726 2354 terminum
2781 2302 2977 2369 posuit.
3032 2299 3164 2353 Nam
3217 2314 3335 2368 quae
3385 2300 3437 2352 in

1918 2404 2235 2458 proavorum
2267 2390 2609 2459 generatione
2650 2391 2992 2458 promiserat,
3025 2405 3086 2445 ea
3112 2404 3224 2444 aevo
3254 2397 3439 2444 nostro

1919 2479 2191 2547 implevit;
2217 2488 2270 2533 et
2298 2494 2456 2548 quam
2482 2479 2748 2549 pollicitus
2776 2490 2889 2535 erat
2915 2481 3159 2543 salutem,
3181 2494 3296 2534 eam
3317 2495 3441 2534 vere

1918 2568 2196 2637 impertiit;
2218 2584 2389 2637 neque
2419 2571 2558 2623 ullus
2578 2569 2699 2623 ﬁnis
2732 2569 2943 2623 futurus
2965 2577 3046 2623 est
3071 2570 3187 2638 ejus
3205 2583 3327 2638 erga
3343 2584 3440 2623 nos

1919 2657 2185 2721 beneficii,
2223 2658 2362 2726 quod
2388 2665 2473 2712 est
2494 2657 2716 2721 veritas,
2740 2658 3032 2712 secundum
3056 2659 3187 2711 illud
3218 2673 3232 2709 :
3264 2656 3444 2711 Recor-

1919 2744 2071 2798 datus
2100 2753 2175 2798 est
2204 2746 2494 2801 testamenti
2524 2745 2606 2799 sui
2626 2746 2681 2799 in
2708 2747 2976 2803 saeculum;
3008 2753 3099 2798 aut
3130 2745 3279 2811 illud,
3313 2744 3445 2801 Con-

1920 2835 2158 2902 ﬁtemini,
2205 2835 2283 2891 sic
2325 2835 2694 2904 accipiendum
2765 2844 2868 2897 est,
2906 2835 3182 2905 Tanquam
3239 2836 3445 2891 medico

1922 2923 2112 2975 animae
2158 2924 2379 2977 vulnera
2428 2922 2528 2991 ipsi
2582 2937 2676 2990 per
2738 2922 3129 2977 confessionem
3194 2923 3440 2992 detegite.

1922 3010 2262 3065 Confidenter
2284 3018 2462 3063 autem
2499 3009 2551 3063 id
2584 3010 2743 3078 agite,
2781 3010 2918 3063 bona
2951 3011 3016 3064 de
3057 3012 3175 3079 ipso
3202 3010 3441 3064 doctrina

267 3100 416 3169 περὶ
440 3097 597 3149 αὑτοῦ
630 3098 900 3165 μαθόντες,
933 3101 1013 3151 ὅτι
1072 3101 1269 3167 ἀγαθός
1292 3103 1403 3152 ἐστι
1429 3104 1520 3153 καὶ
1550 3102 1822 3166 πολυέλεος

1924 3095 2111 3149 imbuti
2145 3114 2158 3149 :
2184 3097 2438 3163 quoniam
2464 3096 2636 3151 bonus
2660 3101 2742 3148 est
2766 3102 2819 3149 et
2848 3097 3027 3149 multae
3067 3096 3443 3149 misericordia:

269 3161 381 3243 καί
422 3161 687 3253 ἀληθινός.
735 3188 825 3238 καὶ
856 3161 993 3241 κοιτά
1023 3161 1197 3242 πᾶσαν
1234 3161 1420 3255 γενεὰν
1459 3191 1705 3258 ἀληθείας
1735 3161 1825 3260 γέλ

1924 3189 1977 3235 et
2006 3161 2263 3247 verax,et
2282 3181 2336 3235 in
2370 3180 2514 3235 omni
2544 3182 2887 3249 generatione
2918 3197 3194 3237 sermones
3213 3185 3330 3249 ejus
3358 3197 3443 3236 ve-

273 3294 486 3351 μουσιν
510 3276 557 3328 oi
581 3275 722 3343 λόγοι
746 3277 923 3330 αὑτοῦ.

674 3431 956 3483 “mox
993 3432 1077 3501 Ta
1113 3435 1326 3487 ΑΑΥΙΔ.
1368 3434 1442 3486 Ρ’.

361 3543 580 3603 Ἔλεος
603 3539 695 3589 καί
720 3539 915 3605 κρίσιν
934 3539 1149 3608 ᾄσομαι
1177 3555 1292 3603 σοι,
1314 3542 1510 3606 Κύριε·
1546 3541 1709 3608 ψαλῶ
1728 3543 1824 3595 καί

273 3630 547 3694 συνήσω
582 3631 650 3681 ἐν
687 3629 800 3692 ὀδῷ
842 3630 1081 3698 ἀμώμῳ,
1136 3632 1277 3683 πότε
1317 3632 1480 3697 ἣξεις
1526 3632 1672 3697 πρὸς
1717 3632 1825 3700 pe;

280 3723 458 3775 Ἤτοι
487 3719 576 3771 τὸν
608 3720 695 3771 σὺν
742 3719 884 3771 ἔλεον
906 3721 997 3772 καὶ
1023 3720 1116 3791 τὴν
1159 3720 1254 3791 σὴν
1288 3721 1460 3790 κρίσιν
1498 3720 1711 3790 ᾄσομαι,
1738 3722 1827 3775 τὸν

275 3811 495 3883 τρόπον
535 3806 735 3871 διεξιὼν
762 3808 879 3861 καθ’
904 3809 962 3861 ὃν
994 3809 1252 3877 πέφυκας,
1285 3810 1343 3861 οὑ
1374 3809 1580 3879 πρῶτον
1607 3810 1823 3879 κρίνειν,

278 3901 487 3955 ἔπειτα
530 3897 692 3949 ἐλεεῖν
712 3912 724 3925 ·
773 3896 906 3949 ἀλλά
934 3897 1142 3967 πρῶτον
1182 3897 1365 3958 ἐλεεῖν,
1394 3896 1575 3949 ἔπειτα
1608 3898 1825 3966 κρίνειν,

281 3993 388 4047 καὶ
440 3988 578 4059 μετὰ
620 3976 1017 4058 φιλανθρωπίας
1061 3987 1153 4041 καὶ
1198 3987 1375 4050 ἐλέους
1425 3987 1682 4040 ποιεῖσθαι
1734 3987 1828 4050 τὰς

284 4079 617 4145 ἀποφάσεις.
657 4070 729 4147 τῌ
764 4076 870 4143 ἐγὼ
914 4077 1088 4141 αὑτὸς,
1124 4076 1265 4139 ἔλεος
1307 4078 1470 4129 ποιῶν
1511 4078 1603 4129 καὶ
1656 4076 1829 4147 κρίσιν

284 4169 386 4220 ἐπὶ
418 4165 543 4224 τοὺς
583 4163 822 4232 πλησίον,
852 4162 1032 4233 θαρρῶ
1073 4165 1319 4233 παριέναι
1346 4163 1437 4216 ἐπὶ
1465 4164 1539 4232 τῷ
1576 4163 1715 4233 ᾄδειν
1751 4180 1829 4216 σοι

286 4256 388 4309 καὶ
434 4251 667 4319 ψάλλειν.
714 4252 917 4312 Συνιεὶς
951 4251 1076 4317 γοῦν
1122 4253 1264 4313 ὅπως
1306 4254 1409 4321 χρὴ
1444 4252 1598 4304 τοῦτο
1641 4254 1826 4314 ποιεῖν,

287 4347 393 4407 τὰς
422 4339 654 4411 ἐμαυτοῦ
675 4340 821 4401 ὁδοὺς
844 4339 1097 4407 ἀμώμους
1120 4342 1209 4391 καὶ
1231 4342 1541 4409 ἀμέμπτους
1567 4341 1827 4408 φυλάττω.

1920 3271 2095 3324 ritatis
2116 3271 2256 3339 pleni
2287 3278 2432 3325 sunt.

2277 3417 2591 3474 PSALMUS
2628 3416 2752 3472 lPSl
2791 3418 3008 3473 DAVID.
3049 3419 3108 3475 C.

1995 3531 2153 3586 Vens.
2194 3532 2249 3594 2,
2297 3532 2349 3585 5.
2391 3528 2799 3583 Miscricordiam
2848 3539 2896 3581 et
2922 3530 3180 3598 judicium
3228 3530 3445 3586 cantabo

1926 3622 2036 3685 tibi,
2064 3621 2558 3686 Domine:psallam
2596 3628 2644 3671 et
2683 3618 2964 3687 intelligam
2995 3619 3047 3671 in
3084 3621 3164 3671 uia
3197 3620 3445 3673 immacu-

1926 3714 2054 3775 lata,
2095 3709 2299 3779 quando
2334 3710 2498 3763 venies
2549 3708 2615 3760 ad
2651 3709 2767 3760 me?
2802 3705 2855 3760 ld
2887 3716 2987 3774 est,
3028 3709 3445 3764 misericordiam

1926 3810 2071 3855 tuam
2100 3814 2153 3857 et
2171 3801 2433 3871 judicium
2462 3807 2612 3854 tuum
2647 3800 2895 3865 cantabo,
2931 3800 3145 3854 modum
3174 3802 3447 3871 explicans

1926 3905 2033 3958 quo
2063 3889 2223 3953 soles,
2254 3904 2360 3943 non
2390 3888 2615 3956 primum
2647 3886 2912 3952 judicare,
2943 3886 3134 3941 deinde
3170 3887 3445 3953 misereri;

1928 3978 2021 4032 sed
2054 3979 2282 4045 primum
2306 3976 2569 4037 misereri,
2601 3982 2783 4044 postea
2810 3975 3074 4043 judicare,
3104 3990 3167 4028 ac
3193 3991 3313 4029 cum
3340 3978 3448 4031 cle-

1928 4070 2121 4123 mentia
2155 4079 2206 4123 et
2236 4066 2597 4121 misericordia
2631 4066 2946 4118 sententiam
2978 4065 3132 4120 ferre.
3152 4066 3326 4130 Quare
3353 4082 3449 4137 ego

1928 4158 2060 4227 ipse,
2103 4172 2223 4211 cum
2263 4156 2682 4212 misericordiam
2732 4166 2784 4210 et
2817 4158 3076 4225 judicium
3118 4172 3241 4226 erga
3278 4159 3450 4226 proxi~

1928 4263 2072 4301 mum
2120 4264 2418 4313 exerceam,
2464 4248 2631 4301 audeo
2665 4249 2919 4303 accedere
2950 4249 3017 4303 ad
3051 4249 3349 4302 canendum
3396 4256 3450 4302 et

1931 4339 2261 4408 psallendum
2294 4339 2408 4393 tibi.
2455 4337 2667 4393 Gnarus
2701 4339 2877 4406 itaque
2910 4351 3015 4406 quo
3055 4345 3212 4407 pacto
3242 4340 3295 4392 id
3330 4353 3451 4408 per-

290 4431 659 4499 πεπεισμένος
700 4428 880 4480 τοῦτον
916 4429 1002 4481 τὸν
1034 4429 1224 4499 τρόπον
1267 4430 1600 4497 ἀρεσκόντως
1641 4446 1721 4482 σοι
1764 4429 1825 4480 διΊ

1932 4442 2086 4495 agere
2112 4442 2246 4494 opus
2277 4427 2363 4488 sit,
2394 4426 2508 4478 vias
2550 4439 2695 4479 meas
2725 4424 3022 4493 inculpatas
3062 4432 3116 4479 et
3147 4426 3453 4481 immacula-

290 4528 476 4597 ἔργων
504 4519 717 4584 ἀγαθῶν
750 4517 983 4586 ψάλλειν.
1012 4518 1203 4569 Λοιπὸν
1235 4512 1326 4569 οὖν
1357 4514 1454 4587 ἦκε
1490 4519 1623 4589 πρὸς
1668 4518 1757 4587 μὲ,
1786 4512 1825 4570 ὦ

1932 4526 2011 4568 las
2051 4514 2315 4577 custodio,
2356 4528 2667 4583 persuasum
2696 4512 2900 4567 habens
2922 4514 3019 4566 hoc
3058 4514 3218 4568 modo
3246 4530 3331 4568 me
3356 4513 3453 4567 tibi

292 4615 495 4683 Κύριε,
530 4610 737 4678 ἕτοιμον
763 4608 1002 4677 εὑρήσων
1035 4609 1160 4676 παρ’
1184 4608 1303 4676 ἐμοὶ
1328 4609 1519 4676 μονήν·
1547 4608 1833 4678 ἐπειδήπερ

208 4708 217 4724 '
293 4706 478 4757 πάντα
507 4716 592 4768 μοι
615 4698 681 4749 τὰ
707 4697 842 4750 καλὰ
872 4695 1318 4766 παρεσκεύασται,
1348 4699 1678 4766 περιμένοντι
1708 4698 1832 4750 πότε

292 4792 453 4861 ἥξεις
494 4787 625 4856 πρὸς
660 4785 742 4855 μέ.
784 4785 1203 4851 Διεπορευόμην
1238 4783 1307 4835 ἐν
1348 4784 1560 4850 ἀκακία
1596 4785 1834 4852 καρδίας

296 4900 437 4951 μου,
465 4879 534 4929 ἐν
567 4874 727 4943 μέσῳ
763 4874 863 4926 τοῦ
891 4874 1057 4925 οἴκου
1085 4890 1219 4940 μου.
1253 4873 1332 4923 Οὐ
1368 4873 1692 4941 προεθέμην
1724 4874 1833 4941 πρὸ

300 4967 625 5040 ὀφθαλμῶν
651 4963 879 5031 πρᾶγμα
906 4962 1240 5030 παράνομον
1260 4978 1273 4991 ⁸
1316 4962 1627 5027 ποιοῦντας
1658 4980 1836 5031 παρα-

302 5064 512 5124 ϐάσεις
561 5057 836 5124 ἐμίσησα.
890 5057 950 5106 Οἱ
1000 5056 1093 5124 μὲν
1145 5052 1325 5104 πολλοὶ
1378 5052 1485 5103 τῶν
1545 5053 1835 5123 ἀνθρώπων

305 5145 755 5221 σχηματιζόμενα
798 5143 932 5195 κατὰ
974 5143 1069 5205 τὰς
1116 5140 1315 5209 ἀγορὰς
1351 5140 1535 5209 σεμνοὶ
1568 5142 1837 5209 φαίνονται

304 5242 400 5293 καὶ
427 5231 732 5294 ’ἐπιεικεῖς⁸
777 5232 833 5283 ἐν
879 5231 932 5284 δὲ
978 5234 1093 5293 ταῖς
1144 5226 1343 5280 ἑαυτῶν
1386 5227 1618 5290 οίκίαις,
1664 5231 1839 5282 οὐκέτι

1929 4603 2245 4672 placiturum
2280 4615 2369 4669 per
2404 4600 2540 4654 bona
2575 4614 2735 4668 opera
2764 4598 3056 4669 psallendo.
3089 4598 3149 4652 ln
3186 4608 3454 4667 posterum

1933 4695 2111 4763 igitur,
2153 4707 2185 4743 ο
2224 4690 2465 4751 Domine,
2504 4690 2570 4743 ad
2598 4706 2682 4745 me
2709 4691 2913 4751 venias,
2938 4695 3177 4757 paratam
3205 4689 3343 4757 apud
3372 4702 3457 4741 me

1932 4783 2260 4835 mansionem
2284 4786 2628 4847 reperturus:
2658 4777 3084 4848 quandoquidem
3115 4779 3295 4830 omnia
3320 4775 3458 4844 apud

1934 4888 2015 4925 me
2044 4873 2179 4923 bona
2212 4882 2392 4939 parata
2434 4879 2578 4931 sunt,
2609 4876 3006 4938 exspectantem
3034 4866 3253 4933 quando
3284 4865 3462 4917 venies

1934 4962 1999 5015 ad
2032 4977 2132 5014 me.
2176 4958 2602 5013 Perambulabam
2646 4961 2700 5011 in
2745 4955 3030 5011 innocentia
3068 4955 3246 5007 cordis
3278 4955 3375 5006 mei
3411 4954 3467 5006 in

1936 5052 2099 5104 medio
2154 5049 2330 5103 domus
2386 5064 2510 5101 mew
2544 5063 2563 5101 :
2592 5065 2691 5101 non
2731 5043 3079 5115 proponebam
3130 5053 3250 5095 ante
3298 5042 3469 5094 oculos

1937 5158 2037 5195 rem
2068 5141 2333 5207 injustam,
2366 5137 2611 5205 facientes
2632 5133 3087 5205 prwvaricationes
3124 5131 3283 5183 odiui.
3314 5128 3478 5182 Pleri-

1936 5245 2039 5299 que
2065 5244 2129 5283 ex
2158 5226 2465 5280 hominibus
2491 5227 2742 5281 ementita
2764 5220 2949 5293 specie
2974 5218 3030 5270 in
3058 5216 3192 5270 foro
3210 5230 3396 5284 graves
3430 5222 3484 5267 et

1937 5318 2087 5388 probi
2113 5316 2357 5370 videntur
2378 5330 2534 5379 esse;
2568 5315 2707 5368 domi
2732 5327 2887 5371 vero,
2927 5322 3033 5359 nou
3057 5304 3355 5357 occultatis
3377 5317 3491 5354 mo-

1941 5408 2107 5466 ribus,
2136 5402 2356 5470 improbi
2381 5417 2503 5456 esse
2547 5397 3050 5471 deprehenduntur.
3090 5389 3219 5457 Ego
3240 5403 3387 5450 vero,
3414 5390 3495 5471 in-

1942 5492 2073 5562 quit,
2105 5487 2451 5558 perambuiavi
2484 5488 2537 5540 in
2561 5470 2860 5540 innocentia
2897 5476 3072 5530 cordis
3098 5475 3231 5562 mei,
3256 5472 3311 5521 in
3342 5470 3504 5521 medio

1941 5561 2120 5635 domus
2144 5595 2287 5641 mem,
2318 5578 2492 5631 nullas
2530 5578 2583 5630 in
2609 5593 2690 5631 me
2730 5573 2957 5627 habens
2997 5561 3371 5630 cogilaliOﬂeS
3401 5570 3512 5607 πη·

1945 5676 2021 5727 las
2054 5688 2116 5728 cx
2145 5669 2304 5725 corde
2342 5668 2678 5739 prodeuntes.
2706 5663 3019 5726 Nunquam
3044 5664 3199 5705 enim
3229 5662 3297 5700 cx
3329 5644 3519 5696 alicam

306 5328 637 5398 κρύπτοντες
676 5323 763 5374 τὸν
812 5319 1009 5373 ἑαυτῶν
1051 5317 1261 5388 τρόπον,
1301 5315 1609 5384 ἐλέγχονται
1654 5319 1841 5384 φαῦλοί

307 5432 453 5477 τινες
479 5413 628 5473 ὄντες
646 5428 658 5440 ⁸
694 5409 799 5476 ἐγὼ
823 5409 897 5471 δὲ,
929 5409 1098 5479 φησὶν,
1130 5403 1198 5453 ἐν
1218 5403 1429 5468 ἀκακία
1458 5402 1705 5469 καρδίας
1725 5424 1840 5472 μου

308 5504 563 5572 ἐνμέσῳ
590 5500 693 5553 τοῦ
723 5499 886 5551 οἴκου
912 5514 1019 5564 μου
1039 5491 1378 5556 ἐπορεύθηιί,
1410 5492 1512 5543 οὑκ
1543 5490 1683 5558 ἔχων
1710 5493 1842 5546 ἔσω-

312 5595 405 5649 θεν
434 5596 497 5644 ἐκ
524 5590 620 5658 τῆς
650 5586 861 5656 καρδίας
892 5602 983 5653 μου
1008 5581 1247 5645 ἐξιόντας
1271 5580 1652 5648 διαλογισμοὺς
1679 5599 1842 5650 πονη-

318 5683 461 5754 ρούς.
491 5678 747 5734 Οὐδέποτε
804 5672 921 5738 γοῦν
950 5670 1071 5724 κατά
1108 5669 1423 5739 προαίρεσίν
1470 5686 1521 5722 τι
1555 5670 1805 5740 ἥμαρτον
1826 5689 1840 5707 ι
