3890 6484
322 461 460 516 1245

324 575 609 646 peccabam
638 594 652 631 :
677 574 769 631 sed
806 573 852 628 si
896 570 1025 641 quid
1067 568 1196 622 mihi
1229 567 1542 620 humanitus
1574 556 1850 622 acciderit,
1881 558 1928 614 Α
1954 554 2001 605 εί
2024 552 2077 604 δὲ
2108 551 2198 646 καί

326 666 380 721 id
406 683 510 721 non
535 683 600 721 ex
626 664 898 734 proposito
925 676 1043 715 meo
1077 658 1276 712 factum
1305 664 1407 711 est.

397 756 555 809 Vens.
593 756 644 808 4.
686 752 804 805 Non
850 750 1069 804 adhcesit
1104 747 1228 801 mihi
1261 762 1348 799 cor
1383 760 1617 813 pravum.
1652 741 1854 795 Diaboli

329 846 572 907 consilia,
619 851 803 912 utpote
827 855 946 910 quae
986 848 1192 894 rectum
1238 837 1373 890 nihil
1400 836 1652 896 habeant,
1694 847 1854 902 prava

329 950 458 988 sane
478 943 529 986 et
554 946 799 1001 perversa
824 938 972 994 sunt,
1010 944 1129 998 quae
1156 940 1455 996 nunquam,
1492 924 1587 985 ait,
1625 921 1678 974 in
1700 920 1859 975 corde

331 1022 561 1077 admisi:
592 1036 790 1090 gnarus
833 1035 982 1083 vero,
1027 1034 1149 1073 eum
1196 1018 1289 1087 qui
1338 1015 1569 1069 adhaeret
1597 1012 1745 1081 justo
1771 1010 1860 1078 ju-

330 1123 471 1170 stum
521 1112 654 1176 fore,
686 1127 896 1165 omnem
941 1125 1250 1181 perversum
1304 1123 1389 1161 me
1441 1106 1750 1172 contingere
1798 1116 1859 1154 ac

331 1204 459 1256 mihi
497 1203 765 1256 adhaerere
791 1200 1109 1254 abnuebam.
1138 1197 1270 1251 Nam
1312 1207 1515 1250 rectum
1549 1207 1713 1246 curvo
1739 1206 1861 1245 coa-

331 1292 467 1359 ptari
506 1292 712 1359 nequit,
742 1298 926 1361 utpote
956 1289 1097 1359 quod
1117 1288 1382 1357 quadrare
1417 1292 1664 1353 nequeat.
1697 1282 1862 1335 Decli-

333 1391 486 1434 nante
515 1398 547 1433 a
570 1396 648 1433 me
668 1380 893 1450 maligno
921 1396 1023 1433 non
1042 1374 1424 1446 cognoscebam.
1454 1371 1550 1426 Vir
1572 1369 1859 1441 perfectus,

332 1475 422 1544 qui
449 1489 543 1528 cor
580 1487 888 1542 perversum
926 1486 1035 1525 non
1074 1469 1232 1523 habet
1262 1469 1315 1521 in
1344 1465 1485 1535 quod
1509 1465 1679 1533 possit
1711 1463 1864 1516 mali-

253 1597 269 1608 -
332 1580 469 1634 gnus
497 1564 727 1633 operari,
761 1562 868 1615 Deo
906 1561 1178 1630 repletur;
1207 1560 1279 1611 ita
1309 1564 1369 1610 ut
1417 1557 1703 1625 malignus,
1740 1569 1860 1606 cum

332 1655 508 1708 locum
539 1652 677 1720 apud
702 1666 823 1704 eum
852 1664 957 1702 non
1000 1647 1251 1715 reperiat,
1278 1643 1507 1697 declinet
1534 1643 1601 1696 ab
1625 1657 1689 1696 eo
1721 1661 1733 1695 :
1767 1642 1864 1695 de-s

333 1743 569 1796 clinante
598 1749 775 1794 autem
801 1739 912 1802 illo,
944 1737 1137 1805 inquit,
1165 1749 1271 1789 non
1295 1731 1701 1803 cognoscebam,
1739 1731 1864 1800 quia

336 1830 631 1898 prmsentiae
672 1828 791 1896 ejus
821 1841 980 1882 sensu
1027 1824 1312 1878 destitutus
1347 1837 1514 1887 eram,
1546 1822 1636 1890 qui
1668 1834 1766 1874 nec
1800 1820 1866 1873 de

338 1922 429 1974 illo
459 1921 778 1989 cogitabam,
821 1932 921 1973 nec
966 1931 1103 1985 opus
1148 1930 1269 1969 cum
1303 1914 1395 1967 illo
1434 1913 1716 1966 habebam.
1747 1909 1871 1965 Hazc

340 2023 500 2078 porro
543 2008 804 2075 intelliges
835 2019 1047 2074 quoque
1086 2002 1151 2056 de
1198 2001 1413 2054 homine
1451 2000 1704 2069 maligno,
1748 1998 1873 2067 quia

339 2114 439 2154 nec
465 2113 586 2152 cum
616 2095 911 2157 accederet,
938 2108 1035 2147 nec
1057 2108 1178 2146 cum
1209 2090 1526 2151 discederet,
1558 2088 1871 2155 sentiebam,

340 2188 416 2240 ita
447 2185 731 2255 pestiferos
764 2183 1007 2236 homines
1041 2180 1453 2249 vilipendebam,
1489 2193 1550 2231 ac
1581 2192 1685 2231 non
1717 2191 1875 2230 nosse

340 2276 656 2332 simulabam
702 2292 715 2327 :
769 2288 866 2327 nec
924 2272 1065 2326 enim
1128 2270 1386 2339 dignabar
1438 2269 1643 2321 amicus
1689 2282 1874 2320 eorum

340 2381 480 2420 esse.
507 2363 643 2417 Num
675 2364 798 2432 quia
826 2361 1087 2430 superbus
1118 2360 1216 2413 es?
1248 2357 1614 2425 Nequaquam,
1647 2354 1757 2421 ait;
1783 2355 1876 2408 sed

342 2456 523 2510 sciens
552 2454 702 2515 illud,
727 2451 1073 2517 Corrumpunt
1100 2464 1264 2500 mores
1290 2446 1444 2498 bonos
1473 2445 1728 2513 colloquia
1760 2461 1878 2508 pra-

343 2561 405 2596 va
424 2543 467 2607 ⁸,
502 2559 621 2596 cum
653 2543 805 2595 malis
832 2541 1139 2595 societatem
1170 2552 1276 2590 non
1303 2536 1522 2589 inibam.

413 2711 575 2766 Vsus.
619 2713 671 2765 5.
712 2710 1067 2763 Detrahentcm
1111 2717 1300 2762 secreto
1335 2708 1571 2775 proximo
1603 2723 1716 2772 suo,
1745 2708 1879 2759 hunc

345 2800 699 2871 persequebar.
728 2800 859 2853 Cum
890 2799 1178 2860 hominem,
1217 2797 1411 2865 inquit,
1457 2803 1570 2850 tum
1609 2796 1880 2866 cogitatio-

346 2907 468 2946 nem
498 2891 628 2944 mihi
666 2889 867 2958 aliquid
894 2888 1014 2940 mali
1039 2896 1225 2941 contra
1251 2887 1553 2955 quempiam
1583 2901 1876 2955 suggeren-

346 2987 477 3063 tem,
500 2995 566 3032 ex
593 2979 754 3033 corde
782 2977 1041 3046 pellebam
1070 2984 1129 3029 ut
1150 2989 1337 3029 canem
1363 2975 1501 3028 clam
1520 2975 1874 3028 mordentem.

346 3068 481 3125 Nam
506 3071 585 3124 vir
605 3069 828 3138 probus,
859 3068 947 3137 qui
984 3068 1038 3121 in
1066 3067 1318 3121 omnibus
1350 3066 1574 3120 ﬁdenter
1611 3082 1768 3135 agere
1797 3082 1879 3120 so-

1040 449 1299 509 EUSEBII
1326 439 1788 504 CAESARIENSIS
1824 438 1968 494 OPP.
2005 434 2181 490 PARS
2218 432 2301 489 lll.
2341 463 2413 475 —
2451 417 2917 484 EXEGETICA.
3508 466 3511 467 ,

1902 1887 1944 1940 B

351 3162 442 3223 let,
483 3160 622 3215 sicut
645 3175 706 3213 ea
741 3173 859 3227 quas
887 3158 1023 3211 clam
1057 3163 1308 3225 aguntur,
1347 3162 1529 3224 utpote
1559 3156 1879 3210 confusione
1907 3198 1949 3254 ϐ

349 3249 530 3318 digna.
561 3256 865 3313 aversatur;
910 3247 983 3299 ita
1018 3252 1225 3301 secreto
1253 3253 1441 3299 contra
1475 3246 1774 3314 quempiam
1797 3247 1880 3300 vel

353 3339 529 3394 dicere
558 3338 757 3407 aliquid
782 3338 863 3391 vel
900 3337 1085 3390 audire
1111 3349 1220 3389 non
1252 3335 1480 3389 sustinet
1506 3354 1519 3389 :
1552 3350 1673 3387 nam
1705 3336 1757 3388 id
1790 3336 1885 3388 im-

355 3428 505 3499 probi
535 3435 588 3481 et
614 3427 885 3481 illiberalis
914 3434 1057 3481 esset
1085 3443 1097 3479 :
1127 3440 1225 3481 nec
1242 3424 1506 3493 ejusmodi
1530 3441 1614 3479 res
1646 3426 1884 3494 periculo

356 3527 529 3582 vacat,
562 3533 681 3573 cum
714 3518 989 3584 Scriptura
1022 3516 1204 3571 dicat:
1234 3514 1313 3568 Ille
1334 3532 1473 3569 ames
1505 3518 1791 3582 detrahere,
1825 3534 1887 3571 ne

357 3608 418 3663 de
467 3609 632 3662 medio
679 3609 957 3671 tollaris’;
990 3614 1062 3670 et,
1111 3606 1288 3660 Nolite
1333 3607 1601 3662 detrahere
1648 3610 1883 3675 invicem,

359 3700 567 3767 fratres,
609 3716 670 3752 ne
698 3697 791 3751 sub
815 3698 1070 3765 judicium
1111 3697 1313 3749 cadatis
1333 3700 1398 3754 ‘°.
1434 3698 1572 3763 Quid
1603 3700 1673 3753 sit
1704 3701 1888 3754 detra-

359 3789 674 3856 bere,quasi
697 3789 937 3856 exemplo
954 3787 1333 3841 declarandum
1354 3796 1464 3843 est:
1494 3805 1600 3843 non
1630 3791 1799 3856 enim,
1825 3790 1892 3847 de

360 3878 542 3946 aliquo
564 3877 702 3930 clam
730 3875 945 3945 obloqui
983 3890 1196 3945 quoque
1223 3876 1402 3943 modo,
1442 3877 1575 3932 illud
1603 3886 1685 3934 est
1709 3879 1892 3934 detra-

363 3967 511 4022 here.
538 3964 852 4033 Plerumque
886 3964 1027 4019 enim
1056 3964 1122 4019 de
1145 3964 1326 4033 aliquo
1353 3974 1484 4019 tunc
1511 3966 1733 4021 absente
1754 3968 1894 4023 male

364 4058 654 4125 loquimur,
695 4070 802 4109 non
850 4054 992 4124 quod
1044 4054 1327 4110 detrahere
1369 4055 1471 4124 ipsi
1502 4056 1767 4126 velimus,
1799 4061 1894 4115 sed

364 4147 604 4203 dolentes
632 4146 775 4215 quod
807 4146 854 4200 is
888 4144 1118 4200 fortasse
1145 4144 1421 4214 improbus
1455 4146 1565 4199 sit:
1591 4154 1750 4216 atque
1784 4148 1897 4204 hzec

365 4251 583 4292 narrare
613 4237 890 4292 studemus
913 4235 999 4298 iis,
1030 4235 1121 4305 qui
1155 4234 1376 4305 perinde
1406 4243 1566 4303 atque
1593 4251 1692 4290 nos
1721 4252 1787 4292 ex
1812 4239 1897 4291 di-

366 4326 613 4381 lectionis
645 4324 838 4378 ati‘ectu
870 4323 936 4378 de
958 4324 1047 4377 illo
1075 4331 1265 4378 curant
1287 4330 1340 4377 et
1375 4323 1590 4377 solliciti
1620 4332 1763 4379 sunt.
1795 4326 1898 4392 Qui

370 4417 531 4485 igitur
575 4415 652 4469 sic
695 4422 880 4468 contra
934 4415 1203 4469 absentem
1250 4413 1506 4483 loquitur,
1561 4429 1897 4484 nequaquam

3589 389 3739 445 12“

2229 568 2281 602 τι
2310 546 2516 617 συνέϐη
2567 537 2979 607 ἀνθρώπινον,
3033 520 3177 576 ἀλλ’
3223 515 3305 569 οὐ
3342 506 3743 581 προθεμένου

1960 659 2059 712 μου
2086 641 2240 693 τοῦτο
2262 640 2499 707 ἐγένετο.
3556 688 3586 699 _

3173 702 3213 712 -
3240 698 3258 712 .
3335 694 3421 712 πη
3483 706 3586 712 _--.

2512 740 2623 793 μοι
2660 713 2907 784 καρδία
2948 698 3291 796 σκαμξή.
3335 694 3441 746 Τὰ
3478 688 3591 742 τοῦ
3626 686 3749 796 8ιὶιέ

1960 774 2653 891 οόῇξηβξξᾶέξξέὲιζξξέτε
2694 774 2884 879 μῖηδὲν
2923 797 3120 859 εὺθὲς
3175 791 3463 891 ξέογτα.
3502 774 3751 891 σκαμδὲ

2893 892 3076 958 ἅπερ
3148 880 3493 936 οὐδέποτε
3559 876 3624 926 ὲν
3680 873 3749 941 τῇ

1967 1414 2081 1505 οὐκ⁸
2107 1414 2462 1518 ,ἐγίνωσκοπ
2503 1443 2565 1494 '0
2608 1438 2854 1498 τέλειος,
2909 1428 3215 1518 καρδίαν
3283 1418 3603 1515 σκαμῶγν
3619 1414 3755 1518 ἢούκ

1968 1501 2233 1609 bicorni-.1;
2280 1536 2344 1604 ἢν
2375 1532 2624 1600 ἐνεργεῖν
2666 1530 2697 1581 ὁ
2738 1520 3020 1593 πονηρὸς
3078 1515 3417 1609 δύναῖαι,
3466 1506 3583 1560 τοῦ
3616 1501 3754 1609 εἷ*εοῦ

1970 1598 2351 1697 πεπλήρωται·
2388 1598 2531 1674 (bare
2582 1618 2681 1670 τὸν
2730 1612 3036 1682 πονηρὸν,
3110 1605 3218 1677 μὴ
3280 1603 3528 1697 ἕξοντα
3587 1598 3753 1697 τόξον

1970 1717 2097 1787 παρ’
2141 1713 2307 1783 αὐτῷ,
2353 1709 2628 1762 ἐκκλίνειν
2685 1704 2787 1758 ἀπ’
2849 1697 3060 1753 αὐτοῦ
3095 1713 3115 1726 ·
3199 1691 3632 1748 ἐκκλίνοντος
3680 1685 3749 1747 ἃ,

1972 1777 2150 1877 φησὶν,
2184 1777 2283 1857 οὐκ
2327 1801 2667 1868 ἐγίνωσκονσ
2710 1793 2796 1863 τῷ
2853 1791 2944 1861 μὴ
3002 1786 3362 1856 αἴσθησιν
3416 1777 3753 1877 παρουσίας

1972 1868 2143 1950 αύτού
2162 1892 2449 1963 ἐσχηκέναι
2471 1904 2486 1918 ο
2518 1889 2581 1940 οὐ
2604 1885 2719 1956 γὰρ
2748 1882 3116 1951 ἐνθύμημα.
3154 1876 3204 1947 ἢ
3249 1875 3457 1963 ἔργον
3499 1870 3621 1963 πῶν
3659 1868 3751 1963 aia-

1971 1987 2063 2041 τοῦ
2088 1952 2400 2053 ἔσχονδπαρ
2432 1978 2580 2048 ἐμοί.
2611 1952 2866 2044 Νοήσεις
2903 1970 2977 2023 δὲ
3025 1968 3277 2021 ταῦτα
3312 1962 3439 2016 καὶ
3476 1952 3625 2032 περὶ
3657 1958 3747 2012 ἀν-

1974 2052 2190 2147 epam
2229 2068 2489 2142 πονηροῦ,
2538 2068 2621 2119 ὅτι
2670 2064 2786 2117 οὐδ’
2840 2063 2951 2114 ὅτε
3016 2055 3463 2129 προσῆλθεν,
3497 2052 3619 2105 οὐδ’
3661 2053 3745 2102 ὅτε

1975 2140 2234 2234 ἀνεχώρει
2265 2140 2515 2228 αἴσθησιν
2544 2152 2897 2224 ἐλάμϐανον,
2943 2148 3187 2210 οὕτως
3222 2148 3299 2198 ὲν
3342 2144 3561 2197 οὐδενὶ
3596 2140 3746 2212 μέρει

1975 2256 2268 2323 ἐποιούμην
2314 2252 2439 2310 τοὺς
2485 2244 2738 2315 λοιμοὺς,
2816 2242 2931 2295 καὶ
2991 2240 3208 2293 οὐδὲν
3273 2236 3526 2289 εἰδέναι
3580 2249 3736 2303 προεσ

1976 2321 2300 2411 εποιούρήν·
2337 2340 2396 2391 ού
2432 2337 2542 2404 γὰρ
2582 2334 2779 2401 ἠξίουν
2813 2327 2984 2383 εἶναι
3042 2329 3257 2398 φίλον
3322 2326 3568 2380 αὐτῶν.
3604 2321 3742 2393 ’Ἆρα

1976 2436 2051 2499 ὼς
2091 2434 2467 2503 ύπερήφανοςς
2516 2423 2821 2494 Οὐδαμῶς,
2878 2421 3100 2491 φησίν
3133 2438 3153 2450 ·
3234 2419 3383 2473 ἀλλ’
3439 2417 3638 2479 εἰδὼς,
3669 2417 3742 2468 ὅτι

1977 2525 2327 2592 Φθείρουσιν
2364 2519 2481 2586 ἤθη
2510 2514 2751 2585 χρηστὰ
2786 2512 3073 2580 ὁμιλίαι
3116 2511 3389 2575 κακαὶ,
3426 2509 3500 2562 οὐ
3541 2507 3742 2560 συνδιε-

1977 2616 2201 2684 τιθέμην
2232 2614 2342 2673 τοῖς
2371 2626 2506 2678 πονη
2515 2609 2652 2678 ροῖς.

2054 2704 2163 2758 Τόν
2190 2699 2655 2756 καταλαλοῦντα
2685 2694 2902 2761 λάθρα
2938 2694 3089 2747 τὸν
3143 2694 3497 2762 πλησίον
3535 2686 3739 2749 αὑτοῦ,

1978 2795 2191 2848 τοῦτον
2214 2791 2553 2855 ἐξεδίωκον.
2601 2787 2718 2838 Καὶ
2750 2783 3148 2854 ἄνθρωπον,
3204 2786 3407 2855 φησὶ,
3447 2784 3557 2838 καὶ
3600 2782 3739 2851 λογι-

1980 2884 2115 2953 σμὸν
2140 2878 2514 2935 ὑποϐάλλοντά
2547 2894 2599 2930 τι
2639 2876 2898 2945 πονηρόν
2950 2893 3074 2944 μοι
3139 2878 3334 2929 κατά
3365 2894 3541 2939 τινος
3563 2873 3743 2937 ἐξέϐα-

1978 2976 2068 3027 λον
2097 2976 2160 3025 ὲκ
2200 2973 2301 3041 τῆς
2342 2970 2567 3039 καρδίας
2605 2984 2732 3036 μου,
2778 2966 2865 3028 ὡς
2918 2966 3109 3020 κύνα
3163 2968 3641 3040 λαθροδήκτην.
3684 2966 3740 3017 Ὀ

1980 3065 2087 3134 γὰρ
2129 3061 2433 3120 σπουδαῖος,
2470 3060 2528 3110 ὲν
2569 3056 2737 3108 παντί
2771 3072 2862 3125 τῳ
2915 3059 3347 3127 παρρησίαν
3399 3059 3565 3129 ἔχειν
3613 3058 3738 3123 ἀγα-

1983 3153 2123 3218 πῶν,
2151 3152 2339 3220 ὥσπερ
2378 3150 2448 3201 τὰ
2491 3147 2672 3217 λάθρα
2720 3145 3027 3215 δρώμενα.
3086 3149 3193 3219 τῷ
3258 3149 3577 3221 αἰσχύνης
3612 3145 3739 3201 εἶναι

1981 3244 2127 3310 ἀξια,
2168 3244 2551 3312 παραιτεῖταιο
2598 3236 2749 3289 οὕτω
2794 3237 2907 3289 καὶ
2970 3238 3055 3290 τὸ
3118 3240 3361 3309 λέγειν
3422 3242 3461 3312 ἢ
3523 3241 3739 3295 ἀκούειν

1981 3335 2125 3387 κατά
2161 3348 2306 3393 τινος
2354 3328 2598 3399 κρύϐδην
2640 3327 2747 3378 οὐκ
2799 3327 3165 3396 ἀνέχεταιο
3222 3332 3593 3404 κακοήθους
3639 3331 3738 3402 γὰρ

1982 3426 2076 3477 καὶ
2111 3419 2459 3490 ἀνελευθέρου
2506 3417 2569 3469 τὸ
2609 3417 2855 3486 χρῆμα,
2904 3420 3320 3492 ἐπήρτηται
3372 3425 3442 3477 δὲ
3495 3424 3737 3483 κίνδυνος

1982 3512 2059 3583 τῷ
2098 3510 2415 3582 πράγματι,
2454 3510 2555 3577 τῆς
2599 3507 2841 3577 Γραφῆς
2901 3508 3304 3584 λεγούσης·
3362 3516 3479 3583 Μὴ
3533 3514 3737 3584 ἀγάπα

2229 3600 2363 3663 ῑεῑν,
2411 3600 2513 3650 ἵνα
2554 3597 2643 3665 μὴ
2688 3597 2994 3666 ἐξαρθῇς
3020 3618 3037 3631 -
3101 3606 3259 3669 καὶ,
3293 3606 3414 3675 Μὴ
3468 3608 3737 3661 καταλα-

1985 3692 2144 3748 λεῖτε
2171 3688 2478 3754 ἀλλήλων,
2524 3689 2817 3757 ἀδελφοὶ,
2848 3691 2975 3744 ἵνα
3020 3694 3135 3763 μὴ
3180 3698 3335 3751 ὑπὸ
3380 3699 3612 3767 κρίσιν
3643 3695 3738 3750 πέ-

1988 3796 2151 3849 σητε.
2185 3779 2329 3831 Τίδὲ
2359 3781 2475 3831 ἐστι
2504 3777 2566 3829 τὸ
2595 3779 2956 3834 καταλαλεῖν
2993 3782 3095 3847 ὡς
3140 3787 3215 3839 ὲν
3265 3789 3460 3860 τύπῳ
3500 3789 3738 3859 παραδο-

1988 3874 2138 3927 τέονο
2172 3870 2231 3922 οὐ
2274 3869 2382 3940 γὰρ
2413 3869 2476 3921 τὸ
2508 3869 2771 3923 ὁπωσοῦν
2806 3871 3026 3939 λέγειν
3080 3881 3252 3947 περί
3282 3898 3459 3945 τινος
3508 3884 3611 3935 καὶ
3644 3880 3734 3933 λά-

1991 3964 2095 4036 θρα
2118 3961 2322 4015 ἐκείνου
2352 3960 2682 4014 καταλαλεῖν
2707 3964 2836 4015 ἐστι
2856 3981 2872 3994 ’
2906 3967 3245 4036 πολλάκις
3276 3975 3437 4042 γοῦν
3472 3973 3734 4047 ἀγορεύο-

1997 4054 2094 4123 μέν
2124 4068 2245 4105 τινα
2275 4050 2461 4112 κακῶς
2503 4052 2746 4119 ἀπόντα,
2790 4054 2859 4106 ού
2918 4061 3341 4118 καταλαλεῖν
3390 4066 3576 4120 αὐτοῦ
3616 4065 3732 4135 βουο

1993 4143 2221 4212 λόμενοι,
2253 4138 2387 4191 ἀλλὰ
2434 4138 2781 4211 λυπούμενοι
2834 4144 2940 4197 διὰ
2988 4148 3067 4201 τὸ
3134 4148 3313 4207 εἶναι
3371 4157 3558 4210 αὑτὸν
3610 4156 3729 4216 ἴσως

1996 4231 2230 4300 φαῦλον
2283 4226 2614 4297 πειρώμεθα
2658 4230 2718 4282 δὲ
2764 4231 2979 4299 λέγειν
3035 4238 3123 4291 τὰ
3178 4245 3341 4315 περὶ
3400 4244 3587 4298 αὑτοῦ
3626 4246 3731 4304 τοῖς

1994 4322 2248 4383 ὡσαύτως
2292 4322 2425 4389 ἡμῖν
2472 4321 2815 4390 κηδομένοις
2871 4327 3076 4383 αὐτοῦ
3136 4337 3256 4387 κού⁸
3327 4339 3730 4407 φροντίζουσιν

1998 4413 2103 4466 ἀπὸ
2138 4410 2431 4472 διαθέσεως
2478 4411 2731 4482 φιλικῆς.
2789 4415 2854 4468 Ὀ
2922 4414 3035 4472 οὖν
3102 4424 3283 4479 οὓτω
3340 4428 3547 4496 λέγων
3595 4426 3728 4481 κατὰ

371 4505 664 4559 maledicus
690 4510 774 4558 est
801 4523 813 4556 :
846 4505 998 4574 (nam
1031 4503 1343 4558 maledicus'
1367 4518 1472 4555 non
1504 4503 1577 4555 ita
1598 4504 1705 4571 agit
1732 4508 1772 4570 ),
1806 4506 1884 4558 sec

2229 4503 2316 4569 ,οὐ
2350 4501 2662 4564 κατάλαλὸς
2690 4505 2853 4557 ἐστιν
2879 4523 2895 4536 ⁸
2943 4510 3115 4565 ἀλλὰ
3154 4519 3441 4589 σπουδὴν
3481 4520 3603 4588 ἔχει
3641 4519 3730 4569 σὺν

371 4609 495 4649 cum
536 4595 809 4663 voluptate
841 4603 1028 4653 contra
1061 4596 1344 4664 quemdam
1374 4594 1628 4663 loquitur,
1657 4608 1765 4647 non
1796 4609 1906 4649 mo-

374 4685 508 4739 leste
542 4683 721 4740 ferens
748 4684 892 4753 quod
925 4685 1014 4738 ille
1049 4684 1175 4737 talia
1203 4684 1461 4753 patrarit;
1507 4682 1599 4736 sed
1640 4682 1705 4735 de
1751 4696 1814 4735 ea
1847 4697 1905 4736 re

375 4773 597 4828 laetatur.
652 4774 780 4843 Ejus
830 4788 1061 4843 namque
1106 4782 1255 4843 gesta
1310 4773 1582 4827 malevolis
1636 4782 1904 4835 recenset,

374 4867 465 4935 qui
515 4882 575 4921 ea
616 4875 853 4935 relegere
898 4874 951 4921 et
1004 4866 1313 4920 renuntiare
1356 4871 1581 4934 possunt
1623 4864 1742 4917 aliis
1772 4864 1907 4918 bene

376 4958 578 5012 multis.
628 4956 763 5022 Quid
801 4958 901 5013 sibi
935 4957 1048 5010 vult
1086 4967 1261 5012 autem
1294 4957 1424 5011 illud
1463 4955 1903 5025 quodadjicitur,

378 5056 587 5110 secreto,
653 5064 770 5102 cum
814 5048 988 5116 palam
1026 5048 1092 5101 sit
1132 5048 1423 5117 quamlibet
1466 5047 1903 5101 obtrectationem

380 5147 584 5193 secreto
615 5138 726 5193 ﬁeri
748 5140 770 5192 ?
796 5138 891 5193 Vel
916 5138 967 5192 id
1002 5138 1132 5198 dicit
1171 5139 1317 5209 quod
1346 5141 1554 5209 agitur;
1590 5145 1681 5190 aut
1729 5139 1798 5191 ita
1827 5136 1905 5190 di-

381 5228 751 5297 stinguendum
802 5239 885 5283 est
920 5229 1377 5284 :ohtrectatorum
1422 5229 1678 5299 quosdam
1721 5236 1906 5279 contra

382 5327 668 5380 praesentes
688 5333 869 5370 coram
899 5319 1143 5387 obloqui;
1169 5319 1225 5373 hi
1252 5333 1413 5389 porro
1442 5318 1830 5371 conviciatores
1854 5325 1908 5366 ct

385 5408 751 5460 contumeliosi
803 5418 1019 5462 assueto
1064 5425 1211 5464 more
1259 5419 1550 5474 vocantur;
1604 5408 1691 5462 sed
1733 5416 1907 5459 tamen

2004 4594 2192 4665 ἡδονῆς
2232 4594 2347 4644 κατ’
2381 4594 2596 4644 ἐκείνου
2638 4593 2860 4663 λέγειν,
2906 4601 3029 4653 οὐκ
3079 4606 3448 4677 ἀχθόμενος
3507 4612 3607 4662 ἐπὶ
3657 4607 3728 4678 τῷ

2003 4683 2220 4773 τοιαῦτα
2243 4685 2455 4773 εκεῖνον
2479 4686 2891 4755 πεποιηκέναι,
2924 4692 3093 4747 ἀλλὰ
3121 4701 3233 4751 καὶ
3268 4703 3537 4773 χαίρων,
3566 4703 3724 4768 Λέγει

2004 4772 2130 4838 γοῦν
2154 4771 2383 4833 ἐκείνοις
2404 4772 2476 4824 τὰ
2508 4774 2645 4841 περὶ
2678 4776 2861 4829 αὑτοῦ
2896 4786 3033 4846 τοῖς
3077 4790 3379 4856 μισοῦσιν
3395 4771 3610 4854 ἀύτὸν,
3639 4791 3722 4845 και

2006 4862 2311 4930 φανερῶσαι
2341 4863 2668 4929 δυναμένοις
2699 4867 2773 4920 δι’
2802 4870 3197 4943 ἐπαγγελίας
3240 4883 3487 4953 ἑτέροις
3514 4887 3719 4937 πλείοσι

2006 4952 2072 5004 τὰ
2114 4952 2239 5022 περὶ
2269 4953 2457 5007 αὑτοῦ.
2485 4954 2551 5007 Τί
2583 4956 2644 5009 δὲ
2683 4958 2960 5027 βούλεται
3001 4952 3471 5042 προσκείμενον
3504 4976 3592 5036 τὸ,
3621 4972 3717 5027 ,ιά-

2006 5045 2133 5108 θρα,
2160 5044 2407 5137 ιρανεροῦ
2433 5046 2608 5137 ὄντος,
2641 5048 2732 5102 ὅτι
2759 5054 2925 5106 πᾶσα
2966 5064 3325 5133 κατηγορία
3350 5064 3549 5137 λάθρα
3578 5066 3713 5133 γίνε-

2004 5149 2123 5197 ται;
2158 5135 2229 5186 ’Ἡ
2264 5136 2398 5188 αὐτὸ
2422 5136 2571 5206 λέγει
2596 5140 2662 5191 τὺ
2687 5140 2777 5205 ὃν,
2812 5145 2849 5215 ἦ
2877 5145 3224 5218 διαιρετέον
3258 5155 3450 5220 οὕτω,
3478 5135 3579 5210 γδτι
3608 5157 3714 5208 τῶν

2008 5231 2463 5322 κατηγορούντων
2497 5234 2679 5298 τινὰς,
2725 5240 2784 5291 οἱ
2832 5241 2937 5311 μὲν
2979 5246 3140 5299 κατὰ
3188 5249 3524 5319 πρόσωπον
3574 5269 3709 5322 παρ-

2007 5320 2169 5411 όντας
2214 5327 2616 5395 κακηγοροῠσι,
2663 5327 2925 5404 λοίδοροι
2971 5337 3034 5389 δὲ
3080 5333 3243 5391 οὗτοι
3281 5342 3393 5394 καὶ
3452 5320 3704 5411 ὑϐρισταὶ

2014 5408 2260 5475 συνήθως
2304 5414 2633 5468 καλοῦνται·
2671 5418 2842 5491 ὅμως
2880 5421 2981 5477 οὖν
3029 5426 3113 5496 τῷ
3143 5431 3301 5482 κατά
3335 5449 3499 5495 τινος
3528 5408 3700 5497 λέγειν

388 5492 511 5556 quia
547 5504 728 5548 contra
760 5501 1060 5568 quempiam
1088 5502 1401 5571 loquuntur,
1448 5501 1774 5553 detractorcs
1800 5496 1884 5548 lue

2229 5516 2310 5555 Ι.οι
2354 5505 2423 5559 ἂν
2460 5504 2598 5561 εἷεν“
2637 5510 2690 5560 οἱ
2744 5512 2807 5566 δὲ
2862 5515 3055 5573 λάθρα
3109 5520 3208 5571 καὶ
3263 5521 3544 5573 ἁπάντων
3595 5518 3698 5572 τῶν

390 5580 530 5645 Tim;
564 5583 650 5633 alii
681 5600 803 5636 vm'n
830 5589 962 5643 clam
995 5599 1045 5643 et
1076 5594 1385 5648 absentibus
1413 5592 1499 5655 iis,
1523 5589 1718 5658 quibus
1747 5586 1909 5640 malc-

457 5754 484 5790 ο
520 5755 536 5808 ι
572 5755 693 5808 Cor.
733 5772 816 5821 xv,
852 5760 935 5813 3'5.
961 5804 973 5827 ,
1073 5769 1091 5795 θ
1133 5767 1286 5837 [Ὗογ.
1327 5782 1413 5831 xx,
1472 5764 1549 5827 15,
1587 5779 1684 5816 sec.
1723 5756 1915 5851 LXX.’

2013 5599 2524 5668 κατηγορουμένων
2571 5598 2815 5668 λέγουσι
2865 5610 2995 5662 κατ’
3049 5610 3255 5663 αὐτῶν.
3322 5613 3436 5665 Τὸν
3494 5610 3695 5683 ταύτην

2024 5760 2066 5792 ³⁸
2105 5761 2227 5821 ’36-
2268 5789 2347 5841 IV,
2395 5780 2479 5833 lt.
