3890 6444
218 392 357 448 1215

1341 393 1835 454 ΟΟΜΜΕΝΤΑΒΙΑ
1867 398 1932 453 IN
1970 382 2318 454 PSALMOS.

3248 406 3378 463 1248

209 504 305 560 οῦν
335 510 520 579 ἔχοντα
541 511 635 581 τὴν
663 511 809 576 τάξιν
834 512 1099 566 ὲκδιώκειν
1129 514 1159 564 6
1186 510 1335 578 ἅγιος
1357 511 1521 581 λέγει.
1547 515 1605 566 οὑ
1629 516 1741 577 τοὺς

1848 516 2067 578 dicitur,
2096 512 2493 578 obloquuntur.
2519 510 2678 591 _Eum
2702 533 2831 574 vero
2859 518 2949 589 qui
2978 518 3139 588 hujus
3158 519 3374 575 'ordinis

208 600 293 659 εἰς
321 599 604 667 πρόσωπον
647 600 1181 672 διαλοιδορουμένους.
1224 601 1454 664 Ἐκεῖνος
1482 602 1589 673 γὰρ
1628 603 1744 655 καθ’

207 680 271 737 οὗ
297 690 354 739 αι
380 688 707 759 βλασφημίαι
729 690 759 759 ἢ
785 690 966 762 παρὼν
988 693 1396 761 ἀπολογήσεται,
1420 695 1451 762 ἦ
1481 693 1746 762 ἐλεγχθεὶς

206 777 306 827 ἐπὶ
334 777 411 846 τῷ
437 778 667 840 τοιοῦτος
698 775 851 841 εἶναι,
886 781 1312 851 αἰσχυνθήσεται.
1352 782 1575 835 Δυνατὸν
1606 784 1747 834 ἀντι-

206 864 612 918 διαστέλλεσθαι
636 868 731 937 τὴν
760 868 928 938 λάθρα
960 872 1240 938 γινομένην
1265 871 1584 923 καταλαλιάν
1615 872 1745 940 πρὸς

206 953 308 1021 τὴν
345 958 435 1008 ἐπὶ
464 958 659 1027 κριτῶν
691 959 1033 1029 κατηγορίαν,
1071 962 1177 1013 Καὶ
1208 961 1312 1031 γὰρ
1345 961 1478 1031 αὕτη
1502 961 1577 1030 τῷ
1602 962 1743 1027 γένει

208 1043 530 1108 καταλαλιὰ,
556 1047 665 1098 ἀλλ’
691 1049 750 1100 οὑ
780 1048 950 1117 λάθρα
980 1050 1256 1118 γινομένη.
1285 1050 1501 1121 Καρπδς
1527 1051 1625 1120 μὲν
1653 1047 1743 1102 οὖν

204 1130 449 1195 διανοίας
496 1137 848 1207 ἁγιοπρεποῦς
896 1138 955 1189 τὸ
996 1140 1365 1207 παραιτεῖσθαι
1410 1140 1530 1201 τοὺς
1583 1156 1744 1209 πονη-

206 1221 369 1290 ρούς·
400 1225 629 1294 ἐσχάτης
663 1228 717 1279 δὲ
753 1229 1008 1297 πονηρίας
1040 1231 1303 1293 ἀπόδειξις
1331 1231 1389 1281 τὸ
1432 1229 1740 1283 καταλαλείν

203 1312 463 1391 ἀδελφοῦ,
494 1317 582 1367 καὶ
614 1316 781 1370 ταῦτα
819 1319 1006 1389 λάθρα,
1036 1321 1169 1373 ἀλλά
1213 1322 1285 1389 μὴ
1318 1323 1394 1382 είς
1439 1320 1736 1389 πρόσωπον,

203 1402 295 1453 ῖνα
328 1406 402 1474 μὴ
435 1407 619 1476 παρὼν
643 1409 1036 1480 ἁπολογήσηται
1074 1414 1100 1463 6
1148 1411 1633 1481 κατηγορούμενος’
1664 1411 1738 1475 ὡς

114 1515 126 1528 ·
199 1491 229 1540 ὂ
260 1509 326 1555 γε
378 1495 463 1560 ἐφ’
491 1495 640 1564 ἡμῶν
675 1499 855 1568 ἐτέρου
888 1499 1213 1561 καταλαλῶν,
1251 1493 1400 1561 οὗτος
1436 1500 1553 1551 οὑδὲ
1589 1499 1739 1569 ἡμῶν

200 1583 527 1635 καταλαλεῖν
552 1586 632 1651 ἐφ’
660 1586 853 1654 ἑτέρων
884 1587 1150 1655 ἀφέξεται.
1182 1588 1336 1641 Ὅθεν
1368 1588 1468 1658 χρὴ
1501 1589 1589 1640 τὸν
1628 1606 1737 1641 τοι·

197 1669 365 1723 οῦτον
394 1672 466 1733 ὼς
508 1674 677 1727 κοινὸν
712 1674 897 1744 ἐχθρὸν
936 1677 1152 1739 εἰκότως
1184 1677 1513 1740 ἐλαύνεσθαι,
1541 1678 1614 1738 ὡς
1650 1677 1737 1730 τὸν

197 1758 261 1807 ὲν
293 1761 601 1829 παραδείσῳ
637 1762 962 1831 μιμούμενον
983 1763 1261 1833 δράκοντα,
1287 1764 1342 1825 ὃς
1367 1764 1456 1815 τοῦ
1488 1764 1617 1815 Θεοῦ
1648 1780 1736 1816 κα·

196 1849 513 1919 ταλαλήσας
546 1828 648 1921 τὴν
680 1828 818 1905 Εὕαν
844 1828 1135 1923 ἠπάτησεν.
1176 1855 1358 1923 Ἡμεῖς
1384 1854 1437 1906 δὲ
1481 1856 1616 1923 μήτε
1651 1854 1737 1905 λέ·-
1771 1828 1812 1880 Β

198 1940 616 2007 γωμενοκακῶς,
649 1944 739 1993 καὶ
768 1946 874 2004 τοῖς
901 1943 1138 2009 λέγουσιν
1167 1943 1330 2012 ἀκοὴν
1361 1944 1434 2013 μὴ
1464 1943 1741 2013 παράσχω-

201 2045 328 2097 μεν.
369 2029 569 2095 Ἀκοὶιν
598 2029 682 2092 δὲ,
714 2032 860 2100 φησι,
903 2033 1154 2099 ματαίαν
1177 2032 1260 2099 μὴ
1290 2032 1613 2099 παραδέξῃ’
1642 2033 1742 2084 οὑκ

198 2114 349 2180 εἷπε,
389 2120 460 2189 μὴ
492 2120 801 2193 πιστεύσῃς,
846 2122 995 2181 ἀλλὰ,
1023 2123 1106 2190 μὴ
1131 2123 1449 2190 παραδέξῃ.
1481 2122 1568 2175 Διὸ
1596 2123 1687 2175 καὶ
1712 2123 1741 2173 6

198 2210 520 2279 Προφήτης,
570 2210 925 2273 Ἐξεδίωχον,
956 2214 1108 2281 φησι,
1140 2213 1240 2265 τὸν
1263 2206 1739 2267 καταυῖαλοῦντα·

195 2300 301 2351 οὑκ
337 2295 507 2352 εἶπεν·
536 2302 645 2353 Οὑκ
667 2303 957 2364 ἐπίστευον,
988 2303 1043 2373 ἢ,
1074 2305 1144 2355 Οὑ
1174 2304 1540 2373 παρεδεχόμην
1566 2304 1632 2355 τά
1659 2304 1743 2355 λε-

195 2389 444 2456 γόμενα·
478 2389 610 2441 ἀλλὰ
642 2392 734 2442 καὶ
762 2391 835 2453 ὡς
872 2391 1057 2460 ἐχθρὸν
1093 2391 1413 2460 ἀπήλαυνον.
1443 2391 1571 2443 Εἰπὲ
1612 2390 1743 2459 πρὸς

194 2477 291 2528 τὸν
350 2476 762 2543 καταλαλοῦντα,
812 2480 988 2548 Ἔχεις
1034 2480 1308 2531 ἐπαινέσαι
1363 2461 1498 2542 τινὰ,
1548 2480 1742 2545 ἀνοίγω

192 2566 299 2627 τὰς
321 2566 510 2629 ἀκοὰς,
543 2567 627 2619 ἵνα
658 2568 887 2637 δέξωμαι
929 2570 997 2620 τὰ
1030 2569 1205 2639 μύρα·
1249 2568 1429 2631 κακῶς
1460 2569 1628 2630 θέλεις
1670 2570 1744 2619 εί-

196 2658 344 2719 πεῖν,
377 2656 702 2726 ἀποφράττω
736 2658 832 2727 τὴν
865 2659 1060 2710 εἴσοδον
1102 2662 1210 2720 τοῖς
1254 2660 1483 2728 ῥήμασιν
1503 2675 1517 2687 ·
1552 2660 1610 2710 οὑ
1637 2641 1745 2727 γὰρ

194 2745 466 2813 ἀνέχομαι
496 2746 693 2816 κόπρον
724 2748 813 2798 καὶ
840 2746 1088 2818 βόρϐορον
1109 2748 1364 2817 δέχεσθαι.
1406 2748 1741 2817 Ἐπιστόμιζε

193 2834 287 2885 τὸν
319 2832 716 2887 καταλαλοῦντα
736 2838 791 2886 ὲν
816 2837 998 2899 ἀκοαῖς
1022 2854 1131 2898 σου,
1161 2838 1242 2889 ἵνα
1268 2838 1338 2907 μὴ
1361 2838 1544 2907 διπλῆν
1571 2840 1745 2908 ἀμαρ-

194 2925 323 2976 τίαν
360 2924 456 2975 σὺν
487 2923 631 2993 αὑτῷ
673 2925 1002 2994 ἀμαρτάνῃς,
1048 2927 1136 2977 καὶ
1169 2927 1355 2978 σαυτὸν
1388 2925 1607 2995 ὀλεθρίῳ
1637 2925 1742 2976 πάν

192 3014 278 3065 θει
308 3009 530 3075 ἐθίζων,
558 3014 800 3065 κάκεῖνον
825 3014 961 3066 κατὰ
992 3014 1079 3065 τοῦ
1118 3014 1337 3083 πλησίον
1368 3014 1617 3081 φλυαρεῖν
1647 3014 1743 3065 οὑκ

190 3102 545 3156 ἀνακόπτων.
576 3102 666 3169 Μὴ
690 3101 828 3170 δῴης
864 3102 957 3171 τὴν
986 3104 1149 3172 ἀκοήν
1178 3119 1267 3154 σου
1308 3106 1371 3171 τῇ
1404 3102 1615 3171 γλώσσῃ
1649 3101 1741 3153 τοῦ

189 3191 526 3251 καταλάλου,
564 3190 692 3259 μηδὲ
724 3192 819 3260 τὴν
844 3193 1084 3259 γλῶσσάν
1115 3210 1205 3245 σου
1231 3196 1294 3260 τῇ
1323 3194 1456 3262 ἀκοῇ
1478 3192 1569 3244 τοῦ
1599 3191 1742 3260 φιλο-

184 3284 395 3353 ψόγου,
435 3281 601 3350 ἡδέως
629 3280 800 3334 λαλῶν
832 3282 863 3350 ἢ
908 3283 1115 3334 ἀκούων
1146 3283 1284 3336 κατά
1313 3283 1404 3335 τοῦ
1443 3282 1625 3348 πέλας,
1660 3282 1742 3333 ἵνα

190 3376 271 3446 μὴ
302 3371 546 3439 ὲκπέσης
572 3370 669 3437 τῆς
707 3369 939 3439 ἀγάπης,
975 3372 1065 3423 καὶ
1091 3372 1360 3441 ἀλλότριος
1398 3371 1619 3441 εὑρεθῇς
1647 3374 1743 3441 τῆς

185 3463 421 3519 αἰωνίου
442 3460 599 3528 ζωῆς.
626 3460 871 3531 Διαφέρει
886 3461 939 3513 δὲ
960 3462 1019 3513 τὸ
1042 3470 1401 3529 κατακρτναι,
1433 3464 1492 3515 τὺ
1511 3463 1743 3520 ἐξουδε-

185 3554 415 3613 νῶσαι,
446 3550 537 3602 καὶ
559 3549 617 3601 τὸ
635 3549 1061 3617 καταλαλῆσαι.
1079 3551 1613 3622 Κατωαλῆσαιγάρ
1631 3554 1741 3604 ἐστι

185 3644 251 3696 τὸ
302 3640 483 3693 εἰπεῖν
519 3638 655 3691 κατά
692 3654 849 3700 τινος,
892 3635 1018 3701 οἷον,
1063 3641 1143 3691 ὅτι
1186 3640 1472 3708 Ἑψεύσατο
1517 3643 1545 3692 ὀ
1577 3640 1741 3703 δεῖνα,

184 3735 245 3804 ἢ,
283 3727 623 3802 ὠργίσθη,ἢ
666 3727 999 3797 ὲπόρνευσεν,
1039 3730 1072 3798 ἦ
1118 3746 1172 3781 τι
1221 3730 1477 3781 τοιοῦτονο
1521 3730 1741 3798 ὲλάλησε

184 3822 307 3892 γὰρ
323 3817 588 3888 ἐμπαθῶς
615 3817 672 3868 τὸ
699 3816 991 3886 ἁμάρτημα
1013 3818 1104 3871 τοῦ
1129 3818 1373 3886 ἀδελφοῦ.
1391 3820 1741 3886 Κατακρῖναι

181 3913 246 3965 δέ
276 3913 401 3964 ἐστι
431 3907 490 3959 τὸ
516 3908 703 3971 εἰπεῖν,
736 3907 815 3958 ὅτι
860 3908 914 3960 ὐ
939 3907 1082 3959 δεῖνα
1109 3907 1339 3978 ψεύστης
1367 3910 1498 3972 ἐστὶ,
1530 3911 1739 3980 πόρνος,

183 4001 417 4074 ὀργίλος
436 4016 449 4028 ·
482 3996 587 4049 ἰδοὺ
612 3996 715 4067 γὰρ
742 3997 1051 4066 κατέκρινεν
1080 4000 1244 4068 αὑτὴν
1272 4000 1367 4069 τὴν
1391 4000 1620 4053 διάθεσιν
1645 4004 1741 4070 τῆς

184 4092 381 4161 ψυχῆς
419 4085 604 4148 αὑτοῦ,
633 4085 723 4137 καὶ
749 4087 1056 4156 ἀπεφήνατο
1082 4088 1197 4139 καθ’
1226 4088 1345 4141 ὅλου
1375 4089 1464 4141 τοῦ
1497 4091 1605 4159 βίου
1643 4093 1737 4144 αὑ-

181 4182 289 4237 τοῦ
331 4180 526 4245 λέγων,
569 4177 647 4228 δτι
677 4176 874 4228 τοιόσδε
912 4178 1090 4229 ἐστίν·
1124 4178 1246 4230 ἄλλο
1290 4180 1393 4249 γάρ
1420 4181 1532 4232 ἐστι
1572 4181 1630 4231 τὸ
1666 4183 1740 4233 εί-

186 4274 343 4333 πεῖν,
384 4265 656 4337 Ὠργίσθη,
676 4267 767 4319 καὶ
798 4265 920 4318 ἄλλο
953 4267 1031 4326 τὸ,
1074 4268 1310 4337 Ὀργίλος
1331 4269 1491 4323 ἐστίν.
1535 4270 1737 4333 Ἐξου-

183 4358 462 4414 ὃενῶσαι
476 4354 530 4407 δέ
546 4356 658 4406 ἐστι
695 4355 753 4406 τὸ
779 4356 933 4407 οἱονεὶ
974 4356 1340 4423 βδελύσσεσθαι
1380 4359 1465 4411 τὸν
1496 4360 1732 4430 πλησίον,

1843 608 1936 671 sit,
1968 622 2025 662 se
2043 606 2249 676 pellere
2280 610 2499 655 sanctus
2524 602 2617 661 ille
2644 610 2726 663 vir
2759 609 2909 673 dicit,
2945 624 3049 662 non
3078 617 3250 663 autem
3279 624 3373 663 eos

1842 698 1934 766 qui
1958 711 2139 752 coram
2170 692 2564 748 conviciantur.
2600 695 2649 751 Is
2673 698 2813 752 enim
2842 697 2894 750 in
2918 713 3073 766 quem
3096 698 3370 753 maledicta

1841 788 2230 857 conjiciuntur,
2261 784 2344 839 vel
2371 800 2608 854 praesens
2638 802 2757 842 sese
2787 786 3059 857 purgabit;
3089 789 3171 841 vel
3209 803 3268 842 se
3295 795 3371 839 ta-

1843 879 1942 933 lem
1973 893 2095 933 esse
2125 877 2425 941 convictus,
2463 877 2663 945 pudore
2713 877 2987 930 aﬂicietur.
3035 874 3215 929 Potest
3244 876 3368 929 item

1841 967 2094 1035 distingui
2121 965 2440 1018 obtrectatio
2466 964 2604 1018 clam
2631 964 2773 1020 edita
2808 964 2875 1017 ab
2904 964 3249 1018 accusatione
3284 976 3370 1016 eo-

1841 1072 1950 1109 ratn
1969 1056 2150 1124 judice
2168 1056 2327 1109 facta.
2352 1054 2558 1109 Etenim
2578 1056 2693 1123 ipsa
2714 1070 2925 1124 quoque
2943 1054 2995 1107 in
3019 1069 3211 1122 genere
3229 1053 3372 1107 oblo-

1839 1148 1984 1201 cutio
2024 1147 2130 1201 dici
2164 1154 2373 1216 potest;
2411 1146 2502 1199 sed
2534 1161 2651 1214 quae
2688 1146 2824 1198 clam
2866 1160 2974 1197 non
3005 1145 3111 1197 ﬁat.
3142 1141 3370 1197 Fructus

1838 1241 2016 1306 itaque
2036 1246 2235 1292 sanctae
2252 1239 2447 1293 mentis
2465 1237 2623 1291 fuerit
2640 1238 2897 1305 malignos
2915 1236 3146 1289 aversari
3165 1252 3178 1300 ;
3202 1241 3373 1288 extre-

1838 1343 1935 1381 mae
1968 1342 2093 1381 vero
2126 1327 2337 1380 malitiae.
2364 1333 2731 1395 argumentum
2755 1332 2941 1378 contra
2977 1324 3194 1376 fratrem
3228 1323 3373 1376 oblo-

1837 1417 1925 1484 qui
1947 1432 1961 1481 ;
1978 1415 2135 1485 idque
2153 1416 2288 1468 clam
2306 1429 2476 1483 neque
2494 1414 2545 1465 in
2563 1422 2871 1482 conspectu,
2900 1427 2968 1465 ne
2980 1412 3072 1480 qui
3089 1416 3373 1464 accusatur

1836 1523 1953 1562 sese
1978 1521 2203 1575 purgare
2232 1505 2435 1571 valeat;
2487 1506 2557 1558 ita
2596 1511 2655 1556 ut
2702 1503 2794 1572 qui
2844 1518 3023 1558 coram
3073 1501 3229 1557 nobis
3276 1500 3367 1556 alii

1835 1595 2121 1657 maledicit,
2146 1610 2211 1648 ne
2231 1594 2445 1662 quidem
2469 1609 2499 1647 a
2522 1593 2681 1647 nobis
2703 1592 3017 1647 vellicaudis
3039 1606 3216 1644 coram
3247 1590 3371 1644 aliis

1836 1684 2118 1738 abstineat.
2183 1683 2536 1748 Quamobrem
2610 1680 2917 1751 hujusmodi
2991 1680 3255 1733 hominem
3310 1685 3371 1731 ut

1836 1788 2172 1825 communem
2200 1773 2406 1826 hostem
2436 1772 2693 1841 repellere
2723 1778 3140 1826 consentaneum
3176 1764 3367 1828 fuerit;

1838 1867 2021 1929 utpote
2052 1860 2142 1927 Qui
2181 1860 2328 1912 illum
2358 1861 2483 1914 olim
2517 1862 2567 1913 in
2602 1860 2849 1928 paradiso
2879 1859 3160 1911 draconem
3196 1854 3371 1907 imite-

1837 1956 1943 2012 tur,
1975 1949 2065 2014 qui
2099 1956 2285 2000 contra
2338 1947 2498 2001 Deum
2548 1949 2875 2015 obloquens,
2931 1945 3091 1997 Evam
3136 1940 3369 1997 seduxit.

1837 2036 1944 2090 Nos
1991 2044 2166 2089 autem
2214 2052 2311 2089 nec
2342 2036 2745 2098 maledicamus,
2798 2049 2897 2087 nec
2931 2029 3372 2085 maledicentibus

1839 2141 2015 2179 aurem
2047 2126 2395 2192 praebeamus.
2425 2123 2706 2187 Auditum,
2744 2122 2932 2191 inquit,
2964 2137 3149 2173 vanum
3189 2135 3249 2171 ne
3274 2132 3371 2171 ex-

1838 2214 1998 2281 cipias
2023 2229 2041 2265 :
2074 2228 2179 2265 non
2211 2213 2318 2273 ait,
2349 2227 2416 2265 ne
2444 2211 2668 2275 credas;
2719 2211 2832 2272 sed,
2859 2224 2919 2262 ne
2945 2208 3193 2275 excipias.
3248 2204 3372 2260 Ideo

1838 2302 2098 2372 Propheta
2119 2303 2268 2366 dicit,
2287 2300 2647 2353 Detrahentem
2676 2298 3042 2368 persequebar;
3066 2310 3237 2364 neque
3263 2294 3367 2348 ait:

1837 2392 1952 2447 Non
1981 2392 2256 2447 credebam
2276 2391 2345 2454 ei,
2373 2392 2456 2444 vel
2481 2409 2493 2443 :
2528 2389 2674 2443 Dicta
2703 2389 2821 2456 ejus
2852 2404 2959 2442 nou
2984 2384 3325 2439 admittebam
3353 2398 3370 2448 ;

1838 2484 1931 2537 sed
1985 2490 2041 2535 ut
2097 2482 2368 2535 inimicum
2421 2481 2700 2549 pellebam.
2758 2477 2851 2531 Dic
2912 2475 3253 2531 detrahenti:
3311 2472 3369 2526 Si

1838 2573 2137 2642 quempiam
2161 2572 2379 2625 laudare
2410 2572 2513 2634 vis,
2546 2584 2703 2624 aures
2733 2568 2988 2637 aperiam,
3017 2571 3076 2618 ut
3101 2571 3368 2631 unguenta

1839 2662 2131 2731 excipiam;
2159 2662 2240 2716 sin
2271 2661 2589 2715 maledicere
2617 2660 2781 2724 velis,
2826 2657 3001 2712 verbis
3032 2656 3137 2709 tuis
3168 2653 3369 2707 aditum

1840 2751 2210 2813 iutercludam,
2239 2765 2411 2819 neque
2434 2751 2577 2804 enim
2608 2749 2788 2802 limum
2833 2756 2887 2801 et
2926 2746 3094 2800 lutqu
3128 2743 3373 2811 excipere

1840 2842 2132 2896 sustinebo.
2165 2840 2236 2895 Os
2271 2841 2418 2894 frena
2450 2839 2749 2895 detrahenti
2811 2837 2877 2891 ad
2923 2849 3082 2890 aures
3130 2843 3270 2895 tuas,
3306 2846 3372 2884 ne

1839 2946 1961 2985 cum
1987 2933 2078 2986 illo
2109 2931 2337 3000 duplicis
2369 2931 2573 2998 peccati
2628 2943 2753 2982 reus
2790 2926 2985 2981 evadas
3007 2964 3022 2989 ,
3073 2938 3192 2978 cum
3228 2928 3281 2976 et
3313 2928 3371 2973 tu

1839 3022 2064 3077 exitioso
2089 3022 2222 3075 mori
2256 3034 2558 3081 assuescas,
2594 3027 2646 3071 et
2677 3018 2825 3069 illum
2858 3030 2887 3067 a
2919 3014 3156 3068 susurris
3184 3016 3371 3082 contra

1842 3110 2137 3180 proximum
2175 3123 2280 3161 non
2306 3110 2628 3162 absterreas.
2662 3105 2739 3159 Ne
2783 3119 2966 3158 aurem
2998 3110 3143 3155 tuam
3176 3102 3370 3168 lingua

1841 3197 2167 3253 detrahentis
2196 3199 2451 3265 prtebeas,
2490 3210 2661 3263 neque
2688 3193 2924 3261 linguam
2968 3199 3114 3243 tuam
3148 3188 3371 3240 auribus

1838 3287 2098 3355 vituperia
2156 3288 2426 3339 amantis:
2475 3285 2651 3338 dulcia
2698 3282 2917 3350 loquare
2965 3287 3019 3332 et
3074 3277 3261 3330 audias
3304 3276 3371 3330 de

1840 3379 2100 3448 proximo,
2139 3393 2205 3430 ne
2232 3392 2262 3429 a
2290 3376 2549 3429 charitate
2575 3372 2793 3426 excidas
2818 3412 2832 3435 ,
2859 3378 2907 3423 et
2964 3383 2992 3421 a
3023 3367 3131 3421 vita
3168 3372 3367 3419 :eterua

1838 3471 2041 3523 alienus
2087 3467 2377 3521 inveniare.
2429 3464 2687 3518 Diﬂ'eruut
2735 3468 2911 3515 autem
2966 3461 3105 3512 inter
3148 3471 3205 3511 se
3254 3471 3370 3508 con-

1838 3559 2099 3620 demnare,
2153 3556 2409 3625 despicere
2460 3561 2513 3607 et
2556 3551 2845 3605 detrahere.
2903 3546 3033 3605 Nam
3102 3544 3370 3599 detrahere

1836 3655 1919 3703 est
1946 3653 2133 3701 contra
2166 3647 2395 3715 aliquem
2428 3644 2586 3699 verba
2639 3641 2814 3695 facere
2839 3679 2853 3701 ,
2902 3638 3049 3694 verbi
3083 3638 3250 3706 gratia
3289 3636 3370 3689 dia

1838 3751 1993 3790 cere:
2019 3733 2109 3787 llle
2130 3734 2290 3787 homo
2320 3732 2573 3786 mentitus
2596 3739 2698 3791 est,
2719 3734 2833 3791 aut,
2860 3726 2914 3778 in
2943 3727 3077 3778 iram
3104 3721 3367 3791 prorupit,

1838 3835 1928 3879 aut
1956 3825 2253 3879 moechatus
2280 3830 2396 3887 est,
2429 3830 2518 3874 aut
2548 3819 2677 3889 quid
2713 3818 2920 3882 simile;
2979 3816 3026 3870 is
3072 3813 3213 3867 enim
3245 3825 3369 3883 pec-

1836 3925 2012 3970 catum
2045 3913 2221 3968 fratris
2247 3913 2330 3968 sui
2359 3927 2424 3967 ex
2451 3909 2615 3963 animi
2650 3914 2793 3962 motu
2812 3904 3083 3959 revelavit.
3115 3901 3369 3955 Condeut-

1836 4020 1981 4070 uare,
2014 4004 2064 4057 id
2091 4013 2175 4057 est
2205 4001 2382 4056 dicere
2414 4019 2426 4054 :
2463 3998 2608 4051 Talis
2637 3996 2796 4049 homo
2822 3991 3047 4047 mendax
3078 3998 3192 4054 est,
3233 4002 3370 4042 mm—

1834 4097 1989 4157 chus,
2023 4091 2353 4156 iracundus;
2379 4104 2524 4153 nam,
2552 4094 2610 4140 ut
2642 4084 2812 4147 vides,
2851 4083 3025 4150 ipsum
3059 4078 3223 4132 animi
3252 4078 3370 4145 ejus

1833 4186 2080 4240 affectum
2101 4190 2154 4237 et
2172 4196 2329 4236 usum
2361 4177 2651 4236 damnavit.
2691 4188 2754 4227 ac
2790 4180 2974 4225 contra
3004 4176 3171 4223 totam
3206 4166 3367 4219 vitam

1831 4278 1947 4346 ejus
1979 4273 2294 4329 sententiam
2312 4271 2451 4332 tulit,
2475 4267 2657 4321 dicens
2681 4280 2802 4318 eum
2822 4263 2913 4315 illo
2928 4259 3086 4313 modo
3108 4255 3352 4310 ail‘ectum

1829 4344 1968 4422 esse.
2000 4362 2157 4417 Aliud
2183 4363 2376 4435 quippe
2420 4365 2502 4413 est
2548 4356 2763 4411 dicere:
2808 4351 2868 4406 1n
2914 4352 3046 4404 iram
3097 4344 3366 4417 prorupit;

186 4451 292 4503 καὶ
318 4443 683 4514 σικχαίνεσθαι
711 4443 783 4505 ὡς
809 4442 940 4513 ἀηδῆ
964 4461 1107 4496 τιναο
1138 4444 1167 4495 ὃ
1191 4446 1280 4496 καὶ
1306 4445 1395 4498 τοῦ
1423 4451 1735 4517 κατακρῐναι

1841 4452 1984 4507 aliud
2022 4466 2189 4507 vero:
2248 4445 2541 4501 iracundus
2599 4450 2701 4497 est.
2749 4440 3020 4507 Despicere
3067 4444 3243 4491 autem
3287 4439 3370 4487 est
3429 4484 3449 4507 ο

182 4535 321 4591 ὀλεθ
329 4532 489 4605 ριὼτε
498 4549 607 4601 ρον.

276 4811 358 4862 Οὐ
413 4802 655 4867 κατῴκει
698 4803 765 4854 ἐν
796 4802 959 4870 μέσῳ
1014 4801 1115 4869 τῆς
1162 4805 1349 4867 οἰκίας
1396 4821 1511 4871 μου
1562 4806 1741 4861 ποιῶν

186 4895 633 4965 ὑπερηφανίαν.
684 4894 828 4944 Ἀνω
881 4894 974 4961 μὲν
1022 4894 1146 4962 περὶ
1197 4891 1346 4959 φίλου
1400 4894 1740 4966 ὑπερηφάνου

187 4989 386 5055 ἔλεγεν
408 5003 420 5015 ο
453 4981 683 5035 ἐνταῦθα
708 4981 762 5033 δὲ
792 4982 915 5051 περὶ
942 4983 1202 5051 ὑπηρέτου
1229 4981 1408 5049 φησιν,
1441 4984 1521 5035 ὅτι
1546 4988 1743 5042 Οὐδένα

187 5080 312 5131 τῶν
358 5074 627 5144 ὑπεροψίᾳ
676 5072 963 5142 χρωμένων
1008 5073 1242 5124 σύνοικον
1292 5072 1431 5139 ἔχειν
1474 5077 1739 5147 ᾑρούμην,

184 5168 322 5221 οὐδὲ
352 5163 633 5236 πρωτείων
664 5163 750 5213 καὶ⁹
780 5163 1077 5231 παρρησίας
1110 5159 1318 5227 ἠξιοῦτο
1346 5164 1472 5229 παρ’
1504 5165 1645 5233 ἐμοὶ,
1671 5169 1742 5231 ὡς

185 5255 298 5310 τοῦ
337 5259 394 5308 ὲν
438 5254 585 5323 μέσῳ
621 5254 714 5319 τῆς
758 5251 924 5312 οἰκίας
964 5249 1261 5321 παρρησίαν
1305 5250 1393 5299 καὶ
1431 5251 1743 5325 ἐλευθερίαν

186 5348 443 5414 ἔχοντος·
482 5344 535 5393 ἐν
561 5340 706 5407 ὄψεσι
736 5339 838 5407 γὰρ
867 5341 1110 5393 δεσπότου
1142 5339 1169 5389 6
1195 5336 1440 5399 τοιοῦτος,
1477 5342 1660 5397 Ποιεῖν
1687 5349 1742 5400 δὲ

186 5431 579 5503 ὑπερηφανίαν
612 5430 722 5480 ἐστὶ
756 5430 814 5480 τὸ
848 5432 977 5497 μετά
1006 5427 1308 5489 ἀλαζονείας
1336 5430 1602 5497 ἐνεργεῖν.
1653 5439 1743 5488 Ag.

183 5539 291 5592 γοι
317 5522 361 5574 δ’
394 5521 479 5578 ἂν,
515 5519 603 5569 καὶ
628 5520 704 5568 ὅτι
730 5536 740 5546 ·
767 5519 835 5569 Ob
868 5520 1082 5587 κατῴκει
1109 5520 1164 5568 ἐν
1198 5518 1257 5583 τῇ
1287 5519 1473 5587 καρδίᾳ
1504 5540 1615 5589 μου
1658 5526 1742 5578 λο-

182 5610 398 5679 γισμὸς
438 5605 740 5659 ὑποϐάλλων
782 5607 1143 5675 ὑπερηφανίαν.
1196 5604 1398 5655 Ααλώι·
1441 5608 1637 5664 ἄδικα
1668 5620 1739 5667 σὺ

184 5700 565 5752 κατεύθινςέν
609 5693 845 5743 ἐνώπιον
887 5695 989 5747 τῶν
1019 5689 1325 5748 cibatum}
1356 5712 1486 5748 «α’.
1536 5700 1739 5755 Συντὸ-

1839 4541 1991 4612 quasi
2028 4538 2282 4595 detestari
2324 4534 2645 4605 proximum,
2679 4538 2731 4585 et
2763 4528 2915 4598 quasi
2944 4526 3188 4581 odiosum
3221 4524 3367 4577 illum

1839 4610 2105 4686 exsecrari
2133 4648 2145 4682 :
2177 4627 2317 4697 quod
2366 4625 2523 4679 etiam
2560 4622 2673 4691 ipsa
2701 4616 3141 4673 condemnatione
3193 4610 3370 4682 perni-

1840 4722 2039 4776 ciosius
2067 4732 2167 4774 est.

1911 4809 2073 4864 Vsus.
2113 4810 2161 4860 7.
2205 4806 2323 4859 Non
2353 4803 2619 4857 habitabat
2649 4804 2701 4856 in
2736 4800 2897 4855 medio
2923 4796 3106 4849 domus
3136 4806 3259 4845 mea:
3282 4787 3372 4859 qui

1843 4902 2031 4970 faceret
2064 4898 2375 4967 superbiam.
2424 4894 2682 4964 Superius
2702 4889 2915 4962 quidem
2959 4887 3025 4940 de
3074 4882 3246 4937 amico
3274 4895 3367 4934 su-

1843 4990 2006 5060 perbo
2036 4989 2244 5040 locutus
2278 4992 2393 5051 est;
2426 4986 2510 5037 hic
2533 4991 2708 5037 autem
2749 4981 2814 5034 de
2851 4976 3051 5031 famulo
3094 4972 3331 5041 loquitur
3354 5008 3369 5030 ,

1844 5082 2020 5150 aitque
2050 5099 2061 5132 :
2094 5078 2365 5133 Neminem
2399 5091 2581 5130 eorum
2611 5073 2702 5143 qui
2744 5068 2971 5138 superbe
3014 5074 3233 5134 agerent
3280 5062 3374 5113 do-

1844 5170 2123 5225 mesticum
2154 5166 2283 5220 mihi
2311 5165 2601 5234 deligebam
2629 5202 2644 5225 ,
2688 5172 2861 5227 neque
2910 5152 3270 5207 concedebam
3321 5155 3380 5199 ut

1844 5259 1981 5330 apud
2006 5273 2087 5310 me
2122 5258 2319 5325 primas
2349 5260 2591 5308 tenerent
2615 5261 2669 5306 et
2702 5249 2927 5302 tldenter
2956 5252 3222 5310 agerent,
3257 5240 3382 5307 quia

1845 5350 2043 5404 scilicet
2072 5347 2117 5400 is
2146 5346 2311 5415 quiin
2334 5345 2508 5397 medio
2530 5345 2721 5397 domus
2750 5344 2836 5391 est
2863 5332 3127 5388 ﬁduciam
3154 5339 3207 5383 et
3225 5330 3387 5381 liber-

1844 5446 2003 5493 tatem
2038 5436 2276 5491 obtinet:
2319 5450 2440 5487 uam
2477 5429 2786 5503 hujusmodi
2815 5428 2977 5479 homo
3003 5422 3067 5473 in
3100 5420 3275 5472 oculis
3301 5419 3396 5470 do-

1844 5530 1974 5584 mini
2005 5536 2260 5582 versatur.
2292 5526 2607 5595 Superbiam
2638 5537 2772 5578 vero
2810 5518 3012 5572 facere,
3048 5520 3140 5564 est
3166 5526 3290 5562 cum
3322 5524 3405 5559 ar-

1844 5620 2080 5690 rogantia
2112 5636 2168 5673 sc
2194 5633 2390 5687 gerere.
2423 5617 2617 5673 Dixerit
2651 5618 2787 5668 item
2818 5629 2831 5663 :
2872 5607 2987 5660 Non
3019 5600 3325 5690 habitabat
3355 5598 3415 5690 in

1847 5710 2002 5766 corde
2033 5725 2147 5763 meo
2180 5706 2427 5764 coaitatio
2459 5705 2780 5767 superbiam
2818 5704 3151 5759 suggerens.
3194 5688 3303 5747 Qui
3352 5684 3423 5735 ιο·
