3890 6434
257 410 395 465 1249
1358 401 1792 455 COMMENTARI

1892 404 1941 455 .N
1979 403 2306 459 PSALMOS.
3289 405 3422 459 i250

250 524 347 579 τοῦ
380 518 632 589 σώματος
661 515 925 584 ἐνέργειαν
971 514 1127 566 αὑτὸν
1162 515 1564 583 ἐκκαλούμενος,
1626 513 1791 567 Τοῦτο

1892 528 2204 583 corporeum
2250 529 2385 584 opus
2422 514 2683 569 evocabit.
2712 510 2767 565 id
2822 512 3005 582 itaque
3059 514 3188 568 dicit
3237 514 3419 579 David,

251 612 345 669 οὖν
368 610 518 675 λέγει
551 604 710 657 Δαυῒδ
739 605 845 668 ὅτι,
876 603 1009 665 Τοὺς
1040 604 1382 673 ἁμαρτωλοὺς
1411 604 1502 656 καὶ
1532 604 1788 673 ἐμπαθεῖς

250 696 550 767 λογισμοὺς
589 694 712 754 τοὺς
753 696 815 745 ἐκ
844 692 934 744 τοῦ
970 692 1199 760 γεώδους
1234 691 1475 760 σώματος
1499 692 1789 759 φυομένους

249 791 372 849 ταῖς
415 784 667 844 ἐωθιναῖς
704 784 1020 851 προσευχαῖς
1058 782 1147 834 καὶ
1183 784 1247 851 τῇ
1299 781 1430 850 πρὸς
1467 781 1594 833 Θεὸν
1627 797 1789 849 προσ-

250 874 405 944 εδρίᾳ
432 870 690 933 ἐκόλαζον
708 888 721 901 ·
749 872 839 922 καὶ
867 872 942 940 τῷ
969 872 1103 939 φωτὶ⁵
1131 872 1227 939 τῆς
1250 869 1493 937 γνώσεως
1524 871 1614 922 καὶ
1635 872 1697 938 τῇ
1723 871 1789 922 δι’

249 962 693 1032 ὲξομολογὴσεως
723 961 1014 1029 φανερώσει
1040 961 1297 1030 διέκρινον
1323 961 1414 1013 καὶ
1443 960 1791 1031 ἐξωλόθρευον

247 1054 318 1106 τὰ
336 1052 431 1105 τοῦ
455 1051 704 1119 σώματος
724 1049 886 1118 πάθη,
909 1050 1001 1101 καὶ
1021 1052 1143 1113 τοὺς
1160 1050 1485 1119 ἀνομοῶιτας
1507 1049 1791 1118 λογισμοὺς

248 1144 314 1196 ἐκ
344 1143 444 1212 τῆς
492 1140 720 1209 καρδίας
760 1156 876 1208 μου.
914 1139 1057 1210 Δῦτη
1086 1138 1191 1209 γάρ
1232 1142 1375 1192 ἐστιν
1418 1142 1450 1209 ἡ
1498 1138 1648 1200 πόλις
1687 1137 1789 1190 ’τοῦ

247 1232 459 1301 Κυρίου
481 1269 495 1291 ,
523 1229 600 1290 ὡς
626 1224 766 1290 οἶκος
784 1228 875 1281 τοῦ
908 1229 1056 1295 ἁγίου
1084 1229 1388 1298 Πνεύματος
1406 1269 1421 1292 ,
1447 1226 1585 1280 κατὰ
1611 1226 1696 1278 τό·
1729 1228 1791 1278 Ol

248 1320 513 1388 θεμέλιοι
548 1317 733 1369 αὐτοῦ
760 1316 828 1370 ἐν
867 1317 987 1383 τοῖς
1010 1318 1169 1384 ὄρεσι
1195 1318 1317 1383 τοῖς
1346 1317 1529 1385 ἁγίοις
1548 1333 1560 1345 °
1599 1313 1792 1384 ἀγαπᾷ

248 1409 468 1473 Κύριος
494 1406 603 1471 τὰς
633 1406 823 1471 πύλας
842 1407 989 1459 Σιὼν
1012 1406 1158 1474 ὑπὲρ
1184 1406 1374 1460 πάντα
1398 1406 1467 1460 τὰ
1492 1408 1792 1475 σκηνώμα-

248 1512 326 1547 τα
370 1493 601 1548 Ἰακώϐ.
665 1493 1066 1561 Δεδοξασμένα
1103 1493 1365 1561 ἐλαλήθη
1396 1496 1524 1561 περὶ
1563 1494 1705 1556 σοῦ,
1752 1494 1789 1560 ή

251 1586 431 1648 πόλις
449 1583 557 1636 τοῦ
580 1583 741 1635 Θεοῦ.
760 1583 961 1636 Οὐκοῦν
979 1583 1158 1653 ἐπειδὴ
1187 1584 1362 1655 πληγή
1387 1586 1544 1648 ἐστιν,
1568 1584 1642 1647 ὡς
1661 1584 1791 1653 ἀλη-

252 1670 362 1732 Θῶς
382 1711 397 1735 ,
421 1671 564 1723 κατά
584 1669 688 1722 τῶν
720 1669 919 1739 ἀρετῶν
940 1671 972 1739 ἡ
992 1671 1084 1740 τῆς
1110 1671 1301 1734 κακίας
1320 1671 1597 1740 εὐημερία,
1623 1670 1793 1733 καλῶς

251 1758 365 1826 ἔχει
403 1759 497 1809 τὸν
531 1758 857 1826 προφητικὸν
885 1757 1222 1827 ζηλώσαντας
1246 1760 1398 1827 λόγον
1438 1761 1642 1830 πρωῒαν
1672 1760 1793 1811 ἐαυ-

1887 600 2203 655 Peccatores
2236 602 2355 655 illos
2383 608 2435 654 et
2466 601 2817 669 cogitationes
2860 599 3187 668 aiiectusque
3213 614 3276 654 er
3316 610 3424 655 ter-

1888 704 2015 744 reno
2045 704 2268 758 corpore
2311 697 2479 752 ortos,
2514 688 2790 742 matutinis
2818 687 3173 750 orationibus,
3204 696 3258 743 et
3284 691 3423 744 assi-

1887 779 2007 832 duis
2035 779 2097 832 ad
2128 778 2293 833 Deum
2319 777 2533 833 emissis
2560 777 2807 847 precibus
2833 776 3177 844 castigabam,
3207 791 3271 829 ac
3303 777 3423 833 luce

1887 864 2225 934 cognitionis,
2250 864 2712 932 declarationeque
2734 877 2827 931 per
2847 861 3239 915 confessionem
3260 864 3420 929 edita,

1888 968 2174 1022 con-porcos
2216 953 2437 1007 aii‘ectus
2465 960 2518 1007 et
2550 952 2742 1021 impias
2770 951 3120 1021 cogitationes
3149 949 3421 1007 discerne-

1888 1042 2029 1105 bam,
2059 1059 2231 1112 exque
2262 1043 2422 1097 corde
2456 1058 2574 1097 meo
2603 1042 3040 1097 exterminabam.
3079 1040 3191 1095 Hoc
3230 1042 3423 1111 quippe

1889 1137 1971 1183 est
2012 1132 2201 1185 civitas
2250 1130 2463 1185 Domini
2514 1140 2697 1200 utpote
2743 1131 2937 1185 domus
2968 1129 3203 1199 Spiritus
3225 1134 3420 1195 sancti,

1890 1219 2180 1272 secundum
2247 1220 2375 1273 illud
2420 1238 2433 1273 :
2479 1218 2846 1272 Fundamenta
2891 1220 3006 1287 ejus
3058 1222 3110 1272 in
3163 1222 3422 1273 montibus

1890 1308 2117 1371 sanctis;
2148 1309 2325 1378 diligit
2366 1309 2614 1363 Dominus
2644 1317 2837 1376 ‘portas
2893 1308 3018 1362 Sion
3066 1325 3215 1377 super
3249 1313 3423 1364 omnia

1890 1397 2220 1451 tabernacula
2253 1399 2437 1453 Iacob.
2474 1399 2713 1452 Gloriosa
2735 1400 2874 1453 dicta
2914 1410 3032 1453 sunt
3058 1400 3120 1453 de
3146 1410 3217 1463 te,
3246 1402 3422 1454 civitas

1888 1482 2062 1538 Dei“.
2112 1485 2277 1554 igitur
2301 1487 2428 1555 quia
2473 1486 2684 1540 malitia
2736 1487 3062 1555 prosperitas
3105 1502 3231 1541 vere
3265 1488 3418 1556 plaga

1890 1573 2143 1627 virtutum
2186 1582 2299 1640 est,
2346 1583 2760 1629 consentaneum
2806 1585 2907 1639 est,
2939 1582 3021 1638 ut,
3053 1576 3421 1644 propheticum

1890 1664 2198 1718 aemulantes
2229 1663 2453 1728 dictum,
2488 1665 2804 1717 matutinum
2826 1664 2982 1719 nobis
3009 1666 3421 1726 constituamus,

1891 1762 1997 1815 quo
2032 1748 2413 1805 interﬁciamus
2454 1765 2638 1805 omnes
2684 1758 2989 1819 peceatores
3032 1759 3209 1815 terrae,
3238 1760 3289 1807 et
3314 1752 3426 1805 dis-

248 1851 365 1910 τοῖς
390 1849 596 1909 ποιεῖν,
625 1848 711 1900 διὰ
740 1849 799 1900 τὸ
827 1850 1131 1901 ἀποκτεῖναι
1161 1850 1359 1911 πάντας
1388 1851 1511 1911 τοὺς
1537 1850 1790 1920 ἀμαρτω-

1892 1837 2170 1905 perdamus
2196 1838 2263 1893 de
2288 1840 2501 1892 civitate
2522 1838 2751 1903 Domini,
2768 1855 2884 1909 qua?
2902 1849 2985 1895 est
3019 1842 3220 1904 anima,
3238 1854 3425 1894 omnes

250 1937 376 1999 λοὺς
401 1937 505 2005 τῆς
535 1937 639 2007 γῆς
681 1936 773 1989 τοῦ
818 1936 1183 2006 ἐξολοθρεῦσαι
1235 1940 1296 1991 ἐκ
1337 1939 1539 2002 πόλεως
1569 1938 1788 2006 Κυρίου,

251 2025 396 2095 ψυχὴ
433 2026 490 2079 δὲ
528 2029 562 2096 ἡ
595 2027 773 2088 πόλις,
802 2027 1002 2089 πάντας
1027 2028 1147 2089 τοὺς
1175 2027 1457 2098 λογισμοὺς
1488 2028 1608 2089 τοὺς
1635 2029 1794 2097 ἐργα-

253 2114 515 2183 ζομένους
537 2115 635 2184 τὴν
662 2115 903 2183 ἀνομίαν,
923 2109 994 2167 ὧν
1025 2118 1053 2168 ό
1083 2116 1294 2185 ὄλεθρος
1320 2115 1428 2185 ζωὴ
1462 2116 1661 2181 γίνεται
1688 2114 1792 2166 τῶν

252 2203 574 2274 ἀμεινόνων,
609 2205 745 2256 κατὰ
772 2205 851 2265 τὸ,
893 2206 1028 2273 Ἐγὼ
1062 2204 1362 2257 ἀποκτενῶ
1384 2202 1603 2271 καὶζῆν
1626 2205 1792 2271 ποιή-

251 2304 340 2344 σω
363 2308 378 2322 ο
406 2291 670 2356 πατάξω,
694 2292 848 2361 κάγὼ
873 2292 1129 2361 ἰάσομαι,
1154 2292 1249 2344 καὶ
1271 2295 1377 2345 οὐκ
1395 2292 1562 2345 ἔστιν
1598 2292 1664 2357 ὃς
1702 2293 1794 2356 ἐξ·

252 2380 469 2432 υλεῖται
499 2382 567 2433 ἐκ
601 2380 715 2433 τῶν
744 2380 947 2451 χειρῶν
983 2399 1119 2450 μου.
1152 2383 1530 2451 Νεκρουμένων
1562 2384 1667 2452 γὰρ
1691 2383 1797 2434 τῶν

255 2467 431 2535 μελῶν
457 2470 565 2521 τῶν
584 2470 677 2522 ἐπὶ
699 2470 933 2551 τῆςὶγῆς,
962 2470 1394 2539 ὑπωπιαζομένου
1423 2488 1480 2523 τε
1507 2472 1599 2523 καὶ
1618 2471 1797 2523 δουλα-

254 2571 435 2623 γωγου
442 2558 604 2627 μένου
629 2559 721 2611 τοῦ
747 2558 1008 2629 σώματος,
1028 2560 1081 2612 αί
1105 2562 1164 2611 ἐκ
1179 2560 1275 2628 τῆς
1296 2560 1488 2629 σαρκὸς
1503 2559 1608 2612 τῶν
1629 2561 1800 2630 ἀμαρ-

254 2645 513 2713 τημάτων
538 2649 781 2717 ἀφορμαὶ
803 2649 898 2717 οὐχ
924 2642 1030 2700 οἶαί
1055 2649 1111 2700 τέ
1136 2651 1266 2701 εἰσιν
1287 2651 1489 2718 ἐγεῖραι
1516 2649 1798 2718 λογισμοὺς

254 2734 321 2800 τῇ
363 2732 507 2805 ψυχῇ
548 2738 673 2798 τοὺς
702 2736 1021 2799 σπεύδοντας
1057 2738 1122 2789 δι’
1159 2738 1345 2807 ἡδονῆς
1385 2739 1673 2791 ἀπόλαυσιν
1702 2738 1798 2806 τὴν

256 2820 483 2890 ἀνομίαν
516 2828 714 2877 ποιεῖν·
762 2827 854 2880 καὶ
880 2826 1061 2879 λοιπὸν
1094 2825 1222 2890 ζῶσι
1265 2826 1331 2879 τὰ
1362 2827 1658 2897 κρείττονα.
1713 2829 1800 2877 Δεῖ

257 2911 430 2963 τοίνυν
454 2914 599 2982 ἡμᾶς
631 2914 702 2983 μὴ
726 2916 878 2983 μόνον
905 2914 1087 2968 παθῶν
1116 2912 1248 2968 εἶναι
1275 2918 1590 2985 σωματικῶν
1614 2934 1799 2986 φονευ-

257 2998 387 3064 τάς,
422 3003 559 3055 ἀλλά
595 3005 685 3055 καὶ
722 3003 828 3055 τῶν
859 3004 997 3056 κατὰ
1030 3004 1202 3073 ψυχὴν
1244 3005 1499 3073 ἐμπαϐὦν
1527 3006 1798 3075 λογισμῶν

259 3085 551 3159 ὀλετῆρας.
618 3090 946 3161 Ἀμαρτωλοὶ
971 3092 1077 3161 γὰρ
1101 3092 1203 3161 γῆς
1224 3093 1288 3145 τά
1312 3093 1402 3145 τοῦ
1428 3093 1669 3163 σώματος
1689 3094 1764 3146 πά
1780 3124 1797 3134 -

259 3173 351 3244 θη,
382 3176 735 3247 ἐργαζόμενοι
767 3179 822 3231 δὲ
842 3180 1065 3248 ἀνομίαν
1084 3182 1146 3232 ἐκ
1174 3182 1374 3244 πόλεως
1397 3184 1599 3252 Κυρίου
1627 3184 1798 3249 ἐξολο-

257 3260 596 3333 θρευόμενοι,
630 3267 725 3335 τῆς
754 3267 923 3338 ψυχῆς
941 3271 989 3320 οί
1017 3270 1335 3338 ἀπμοῦντες
1353 3271 1613 3341 λογισμοί.
1647 3273 1801 3326 Κατά

258 3351 316 3403 δὲ
331 3353 391 3405 τὸ
409 3356 593 3425 ῥητὸν,
625 3357 977 3421 ’ᾼπέκτεινον,
1000 3360 1149 3428 φησὶ,
1174 3359 1298 3421 τοὺς
1312 3361 1680 3431 ἁμαρτωλοὺς,
1704 3364 1799 3431 χά-

261 3452 347 3504 ριν
368 3439 462 3492 τοῦ
478 3441 842 3511 ἐξολοθρεῦσαι
860 3445 981 3505 τοὺς
997 3446 1451 3515 παρανομοῦντας,
1469 3449 1551 3499 ἵνα
1564 3450 1660 3517 τὴν
1676 3452 1799 3501 ἀπο-

257 3526 452 3594 τομίαν
482 3529 581 3598 τῆς
606 3530 870 3593 κολάσεως
896 3533 928 3601 ἡ
960 3536 1265 3605 παρανομία
1310 3535 1573 3603 βλέπουσα
1611 3554 1799 3590 συστα-

259 3614 323 3683 λῇ
366 3618 460 3670 καὶ
502 3620 792 3690 ἀφανισθῇ.
861 3622 921 3673 Ἡ
962 3621 1018 3673 δὲ
1045 3625 1223 3693 πρωῖα
1253 3625 1311 3676 τὸ
1344 3625 1623 3679 σπουδαῖον
1652 3626 1799 3696 δηλοί

259 3704 399 3756 κατὰ
419 3705 479 3757 τὸ
506 3709 665 3777 τάχος
682 3724 695 3738 ·
723 3709 943 3778 νόμιμος
962 3710 1018 3761 δὲ
1047 3714 1080 3781 ἡ
1107 3714 1212 3766 τῶν
1237 3714 1481 3783 πονηρῶν
1502 3714 1792 3784 ἐξαίρεσις·

278 3791 595 3861 Ἐξαιρεῖτε
622 3797 726 3866 γὰρ
748 3837 761 3859 ,
789 3799 949 3866 φησι,
975 3799 1080 3853 τὸν
1101 3803 1358 3869 πονηρὸν
1383 3804 1450 3865 ἐξ
1475 3803 1653 3870 ὑμῶν.

268 3901 1036 3985 ΠΡπίῖξβῙέΗζΓΩ-Ηίὲξὲο
1074 3911 1791 3985 ΩΤΝΕῙΑΚΕᾹΙΑΣῌᾸΑΙ

337 3971 688 4050 $13515):th
733 3971 1017 4030 ’ΚΥΡΙθῨ
1074 3980 1305 4050 ΕΚΧΕῌ
1363 3982 1502 4033 THN
1548 3971 1793 4034 signth

338 4042 593 4097 ΑΥΤΟΥ.
621 4046 739 4097 PA'.

331 4150 509 4217 Κύριε
529 4191 546 4213 ,
579 4153 933 4211 είσάκουσον
958 4156 1064 4224 τῆς
1090 4155 1424 4225 προσευχῆς
1450 4174 1595 4225 μου,
1630 4158 1725 4210 καὶ
1752 4159 1790 4225 ἡ

260 4240 491 4308 κραυγή
517 4260 636 4309 μου
664 4243 810 4310 πρὸς
837 4245 911 4297 σὲ
932 4246 1162 4300 ἐλθέτω.
1193 4246 1288 4313 Μὴ
1313 4248 1695 4315 ἀποστρέψῃς
1725 4247 1791 4301 τὸ

261 4325 582 4389 πρόσωπόν
605 4344 720 4383 σου
749 4331 846 4384 ἀπ’
871 4332 1012 4399 ἐμοῦ
1031 4372 1047 4397 ,
1094 4334 1185 4386 καὶ
1219 4334 1286 4386 τὰ
1336 4334 1476 4402 ἑξῆς·
1519 4335 1726 4405 Ἐπειδῆ
1757 4336 1789 4404 ἡ

1888 1927 2237 1995 cogitationes
2265 1940 2546 1997 operantes
2571 1930 2903 1999 iniquitatem
2925 1948 2940 1995 ;
2962 1945 3189 1999 quarum
3202 1931 3425 1983 exitium

1889 2017 2167 2071 meliorum
2194 2018 2300 2071 vita
2321 2026 2422 2082 est,
2452 2021 2745 2074 secundum
2776 2019 2928 2082 illud,
2967 2019 3075 2089 Ego
3108 2019 3425 2079 occidam,“

1888 2105 2051 2157 vivere
2084 2105 2306 2173 faciam;
2343 2107 2646 2174 percutiam,
2677 2115 2726 2159 et
2759 2122 2848 2175 ego
2877 2106 3095 2168 sonabo,
3121 2114 3168 2158 et
3208 2120 3310 2157 non
3348 2116 3425 2156 est

1889 2192 1976 2259 qui
2003 2192 2066 2246 de
2095 2193 2330 2247 manibus
2374 2195 2499 2247 meis
2528 2194 2688 2261 possit
2731 2209 2908 2248 eruere
2926 2193 2988 2249 “.
3017 2192 3148 2247 Nam
3198 2189 3424 2244 moniti-

1891 2281 2031 2336 catis
2061 2284 2315 2337 membris
2343 2299 2459 2352 qua:
2497 2291 2622 2336 sunt
2669 2296 2829 2351 super
2859 2290 3078 2345 terram,
3108 2289 3160 2335 et
3213 2280 3426 2335 sublato

1892 2371 1944 2423 in
1972 2374 2384 2442 servitutemqne
2414 2372 2630 2425 redacto
2660 2386 2902 2441 corpore,
2922 2371 3164 2424 carnales
3194 2369 3259 2422 ad
3302 2384 3425 2437 pec-

1882 2470 2011 2514 cata
2055 2463 2285 2533 impetus
2317 2464 2660 2533 cogitationes
2690 2464 2742 2516 in
2764 2462 2938 2516 anima
2968 2460 3202 2514 excitare
3228 2473 3426 2526 neque-

1894 2558 2012 2613 unt,
2030 2564 2147 2617 qua:
2162 2565 2258 2618 pro
2277 2551 2549 2619 voluptate
2582 2549 2806 2604 fruenda
2830 2548 2896 2601 ad
2922 2547 3252 2616 iniquitatem
3274 2560 3425 2600 exer-

1894 2640 2115 2697 cendam
2156 2640 2377 2695 incitent
2404 2659 2417 2694 :
2453 2656 2513 2694 ac
2544 2641 2590 2695 si
2622 2640 2833 2693 demum
2866 2652 2929 2693 ea
2957 2638 3141 2690 vivunt
3167 2629 3291 2705 quae
3313 2650 3426 2688 me-

1893 2733 2027 2786 liora
2052 2739 2194 2786 sunt.
2218 2728 2364 2800 Opus
2395 2731 2572 2798 itaque
2597 2738 2679 2783 est
2704 2743 2803 2783 nos
2826 2742 2931 2782 non
2956 2727 3113 2780 modo
3142 2740 3429 2794 corporeo~

1893 2839 2012 2879 rum
2042 2822 2321 2877 allectuum
2368 2819 2758 2883 interfectores,
2790 2818 2881 2875 sed
2918 2826 2972 2872 et
2994 2831 3276 2887 pravarum
3307 2815 3426 2869 ani-

1898 2927 1995 2966 me:
2026 2912 2406 2980 cogitationum
2432 2910 2875 2963 exterminatores
2899 2922 3037 2962 esse.
3073 2905 3205 2958 Nam
3244 2920 3430 2974 pecca-

1897 3009 2039 3054 tores
2068 3008 2222 3053 terrae
2269 3008 2394 3052 sunt
2421 2999 2665 3066 corporis
2709 2997 2962 3061 aﬂectus;
2995 3006 3277 3066 operantes
3303 3014 3428 3052 vero

1897 3089 2250 3157 iniquitatem,
2285 3087 2377 3156 qui
2409 3086 2474 3140 de
2525 3086 2736 3139 civitate
2766 3085 2971 3139 Domini
3025 3085 3423 3153 disperduntnr,

1897 3180 2088 3247 iniqua:
2116 3176 2276 3229 animi
2299 3174 2665 3243 cogitationes.
2692 3172 2995 3227 Secundum
3023 3184 3196 3228 autem
3228 3175 3425 3228 dictum

1896 3267 2046 3329 illud,
2100 3265 2505 3326 lnteriieiebam,
2567 3265 2660 3321 ait.
2717 3271 3057 3331 peccatores,
3105 3271 3165 3317 ut
3214 3264 3425 3330 iniqnos

1894 3355 2338 3416 exterminarem;
2371 3366 2478 3420 quo
2519 3350 2771 3418 iniquitas
2804 3351 3186 3403 immanitatem
3225 3354 3426 3420 suppli-

1893 3445 1963 3498 cii
2012 3444 2321 3511 conspicata
2370 3441 2710 3494 coliiberetur
2744 3447 2797 3494 et
2828 3440 2894 3494 de
2923 3439 3097 3493 medio
3124 3439 3421 3494 tolleretur.

1894 3533 2208 3587 Matutinum
2244 3546 2404 3601 porro
2450 3530 2779 3600 diligentiam
2835 3530 3072 3583 denotat.
3136 3527 3423 3584 Pravorum

1894 3633 2070 3677 autem
2100 3621 2469 3677 exterminium
2527 3620 2817 3689 legitimum
2858 3627 2942 3675 est
2973 3637 2986 3674 :
3021 3635 3166 3686 nam,
3190 3620 3421 3688 Auferte,

1892 3711 2081 3781 inquit,
2107 3710 2301 3764 malum
2331 3724 2396 3763 ex
2425 3708 2641 3762 vobis“.

1891 3904 2143 3960 ORATIO
2182 3903 2495 3965 PAUPERI,
2534 3900 2675 3956 CUM
2723 3900 2975 3955 ANXIUS
3012 3900 3281 3968 FUERIT.
3336 3902 3422 3956 ΕΤ

1962 3976 2021 4027 IN
2076 3971 2468 4029 CONSPECTU
2519 3968 2751 4024 DOMINI
2824 3968 3204 4023 EFFUDERIT
3269 3970 3423 4025 PRE-

1957 4043 2092 4097 CEM
2133 4041 2314 4097 SUAM
2325 4080 2337 4093 .
2380 4040 2463 4093 Cl.

1959 4152 2120 4207 Vens.
2156 4151 2277 4205 2-6.
2310 4149 2546 4210 Domine,
2576 4146 2764 4202 exaudi
2816 4147 3099 4199 orationem
3142 4162 3328 4209 meant,
3373 4158 3421 4201 et

1886 4244 2084 4298 clamor
2114 4257 2255 4296 meus
2278 4240 2347 4295 ad
2378 4249 2425 4293 te
2456 4239 2643 4292 uenth
2676 4235 2797 4290 Non
2821 4246 3021 4289 avertas
3051 4237 3236 4303 faciem
3276 4247 3421 4290 tuam

1888 4350 1919 4385 a
1942 4349 2040 4396 me,
2065 4342 2168 4386 etc.
2222 4330 2479 4396 Quoniam
2528 4326 2717 4380 titulus
2749 4326 2829 4380 sic
2858 4325 3043 4386 habet,
3084 4324 3266 4379 Oratio
3292 4340 3421 4393 pau-

262 4412 539 4489 ἐπιγραφὴ
572 4418 715 4487 ἔχει,
749 4419 1052 4489 ιζροσευχὴ
1092 4421 1170 4485 τῷ
1197 4422 1401 4490 πτωχῷ
1425 4463 1440 4489 ,
1469 4422 1613 4476 ὅταν
1648 4424 1789 4490 ἀκη-

1892 4423 2018 4488 peri,
2042 4435 2156 4472 cum
2173 4418 2356 4471 anxius
2388 4416 2565 4484 fuerit,
2598 4424 2645 4467 et
2675 4414 2727 4467 in
2763 4427 3032 4482 conspectu
3058 4411 3267 4466 Domini
3286 4415 3420 4481 eﬂ'u-

260 4498 440 4572 ϐιάσῃ
455 4543 470 4567 ,
497 4508 593 4560 καί
617 4508 885 4561 ἐναντίον
902 4510 1113 4575 Κυρίου
1134 4510 1306 4579 ἐκχέῃ
1332 4511 1443 4578 τὴν
1463 4511 1669 4579 δέησιν
1687 4514 1788 4565 αὺ-

263 4586 368 4639 τοῦ
387 4629 403 4653 ,
434 4594 642 4663 νοήσεις
680 4596 769 4647 τὸν
799 4596 1026 4649 ἐνταῦθα
1055 4596 1335 4666 λεγόμενον
1368 4600 1575 4668 πτωχὸν
1600 4637 1613 4660 ,
1651 4615 1784 4667 συμ-

264 4677 471 4734 ϐάλλων
503 4686 661 4737 αὐτὸν
682 4685 757 4755 τῷ
787 4687 1210 4756 μακαριζομένῳ,
1238 4687 1374 4740 κατά
1396 4688 1480 4740 τό·
1507 4687 1787 4755 Μακάριοι

264 4769 317 4818 οὶ
345 4774 563 4839 πτωχοὶ
593 4773 670 4838 τῷ
704 4776 1001 4842 πνεύματι,
1034 4774 1121 4828 ὅτι
1156 4776 1347 4829 αὐτῶν
1370 4777 1534 4828 ἐστιν
1552 4779 1588 4843 ἡ
1610 4778 1786 4839 ,βασι-

264 4857 397 4910 λεία
429 4860 548 4915 τῶν
578 4863 858 4929 οὐρανῶν.
928 4865 1202 4933 Ἀρμόσειε
1232 4865 1274 4916 δ’
1306 4864 1371 4917 ἂν
1397 4864 1471 4931 τῷ
1503 4866 1787 4933 ἀκηδιῶντι

264 4949 461 5018 πτωχῷ
487 4954 579 5004 καὶ
596 4956 654 5007 τό
669 4970 683 4983 ’
708 4952 985 5019 Μακάριοι
1006 4956 1057 5005 οἱ
1076 4954 1377 5016 κλαίοντες
1394 4953 1486 5004 καὶ
1511 4955 1791 5007 πενθοῦν-

266 5048 381 5098 τες,
398 5037 485 5091 ὅτι
504 5044 664 5095 αὐτοὶ
693 5040 1255 5108 παρακληθήσονται.
1284 5040 1395 5099 Πᾶς
1415 5039 1695 5107 τοιγαροῦν
1713 5041 1788 5109 τῷ

266 5118 382 5192 Θεῷ
406 5127 751 5200 ἀνακείμενος
769 5171 782 5192 ,
812 5128 1097 5195 πτωχεύων
1122 5129 1175 5178 ἐν
1200 5125 1309 5185 τοῖς
1355 5123 1443 5175 τοῦ
1488 5123 1600 5189 βίου
1645 5127 1785 5194 πρά-

266 5223 456 5278 γμασι⁶
493 5220 637 5287 παρὰ
663 5219 717 5270 δὲ
745 5217 858 5287 Θεῷ
879 5216 1134 5277 πλουτῶν,
1153 5214 1344 5281 ἀκηδιᾷ
1362 5212 1705 5281 λυπούμενος,
1732 5219 1788 5285 ἢ,

266 5296 476 5368 ἀθυμίᾳ
502 5345 515 5366 ,
548 5305 682 5358 κατά
708 5306 801 5373 τὴν
826 5304 916 5356 τοῦ
948 5303 1226 5372 Συμμάχου
1270 5300 1583 5367 ἑρμηνείαν,
1650 5319 1787 5355 κατ-

269 5384 485 5454 ἐχεται,
521 5395 611 5445 ἐπὶ
629 5398 696 5463 τῇ
727 5394 830 5444 τῶν
854 5393 1049 5444 πολλῶν
1078 5389 1233 5456 κακίᾳ
1266 5389 1357 5438 καὶ
1384 5388 1647 5458 ἀπωλείᾳο
1676 5386 1787 5455 οἷος

269 5468 333 5541 ἦν
355 5480 381 5527 ὁ
393 5478 558 5548 λέγων
578 5497 588 5508 -
614 5483 791 5548 Οἵμοι,
816 5480 896 5532 ὅτι
919 5480 1212 5533 ἀπόλωλεν
1230 5475 1487 5542 εὐλαϐὴς
1507 5478 1628 5529 ἀπὸ
1647 5479 1784 5547 τῆς,

1888 4509 2020 4563 derit
2064 4522 2261 4575 precem
2307 4520 2491 4565 suam,
2556 4503 2642 4557 hic
2698 4515 2982 4571 pauperem
3031 4502 3317 4571 intelligas,
3374 4504 3419 4556 si

1890 4598 2064 4667 ipsum
2093 4610 2214 4650 cum
2254 4594 2344 4647 illo
2389 4591 2482 4661 qui
2523 4592 2710 4645 beatus
2750 4591 3088 4659 praedicatur,
3121 4607 3416 4661 compares,

1891 4688 2182 4743 secundum
2236 4684 2397 4747 illud,
2446 4682 2596 4735 Beati
2637 4698 2884 4751 pauperes
2932 4684 3136 4749 spiritu,
3175 4684 3417 4751 quoniam

1890 4778 2118 4845 ipsorum
2149 4783 2224 4827 est
2253 4788 2463 4841 regnum
2490 4771 2731 4825 cozlorum
2756 4772 2817 4823 "‘.
2858 4771 3065 4824 Aillicto
3111 4773 3232 4824 item
3289 4786 3417 4839 pau-

1888 4864 1999 4933 peri
2044 4863 2175 4917 illud
2205 4861 2487 4930 aptaveris,
2523 4860 2670 4914 Beati
2716 4859 2894 4927 ﬂentes
2936 4868 2984 4911 et
3015 4860 3260 4926 lugentes,
3290 4875 3418 4926 quo-

1885 4951 2025 5003 niam
2071 4948 2167 5015 ipsi
2207 4946 2686 4999 consolabuntur".
2710 4945 2965 5013 Quisquis
2998 4946 3140 4999 enim
3172 4943 3279 4998 Deo
3324 4947 3418 4998 ad-

1887 5038 2061 5091 dictus
2090 5044 2193 5099 est,
2225 5044 2278 5088 et
2303 5035 2395 5103 qui
2424 5034 2478 5088 in
2506 5036 2625 5088 vita:
2645 5035 2805 5087 rebus
2839 5048 3057 5101 panper,
3084 5034 3221 5101 apud
3250 5033 3413 5088 Deum

1889 5137 2061 5179 autem
2091 5126 2241 5179 dives
2263 5132 2364 5185 est,
2395 5123 2580 5178 dolens
2615 5125 2983 5187 contristatur,
3004 5133 3094 5175 aut
3119 5124 3411 5177 secundum

1896 5214 2198 5285 Symmachi
2248 5212 2753 5281 interpretationem,
2782 5212 2999 5263 tristitia
3022 5211 3298 5275 detinetur,
3350 5213 3414 5265 de

1889 5302 2087 5356 malitia
2113 5308 2166 5355 et
2196 5300 2409 5353 interitu
2436 5300 2786 5367 plurimorum
2825 5319 2836 5352 :
2871 5299 3171 5367 cujusmodi
3208 5311 3322 5354 erat
3368 5304 3413 5355 is

1889 5392 1977 5460 qui
2000 5389 2229 5451 dicebat,
2262 5386 2360 5439 Ilei
2393 5387 2536 5449 mihi,
2572 5389 2693 5455 quia
2726 5388 2878 5454 periit
2920 5388 3035 5453 pius
3075 5386 3136 5439 de
3178 5396 3336 5450 terra,
3366 5398 3414 5442 et

1890 5484 1942 5534 in
1972 5478 2257 5532 hominibus
2283 5493 2382 5530 non
2413 5486 2487 5530 est
2517 5479 2603 5545 qui
2638 5486 2769 5530 recte
2802 5486 2922 5547 agat
2948 5492 2963 5529 :
2992 5492 3163 5543 omnes
3194 5476 3260 5528 ad
3291 5494 3410 5529 sam

347 5650 384 5680 ¹²
429 5651 563 5707 Psal.
601 5668 817 5718 Luxu,
851 5652 907 5716 2,
943 5652 989 5704 5.
1064 5650 1100 5682 ¹³
1131 5647 1288 5702 Deut.
1328 5666 1496 5716 χχιιι,
1530 5653 1622 5705 39.
1712 5658 1753 5689 ³³

1892 5673 1968 5711 or.
2008 5658 2073 5719 5,
2111 5657 2193 5712 15.
2274 5658 2312 5686 ’⁵
2355 5653 2536 5708 Matth.
2575 5668 2625 5715 ν,
2660 5652 2712 5706 5-.
2790 5653 2830 5682 ¹⁶
2868 5650 3078 5714 Lucm,
3110 5648 3233 5718 2L.
