3890 6426
260 402 391 457 Ιὶὲἱό

1318 392 1804 448 COMMENTARIA
1841 391 1906 446 IN
1944 388 2276 445 PSALMOS.

3258 394 3397 445 1256

255 514 289 563 ό
306 509 521 576 λύχνος
548 508 694 574 ὑπὲρ
733 508 995 575 κεφαλῆς
1029 524 1144 575 μου
1168 521 1180 535 ⁶
1234 506 1329 557 ὅτε
1357 505 1515 572 ἥμην
1538 503 1768 570 ὑλώδης

1872 503 2064 556 terialis
2087 503 2240 555 nimis
2263 503 2329 557 ²¹.
2376 500 2605 554 Lucebat
2630 501 2731 570 ipsi
2754 500 2968 557 lucerna
2997 511 3123 557 tunc
3151 503 3203 557 in
3230 505 3396 556 abun-

253 600 404 651 λίαν.
452 597 613 665 nam
645 597 787 666 αὐτῷ
819 600 847 649 6
880 596 1065 665 λύχνος
1098 596 1215 647 τότε
1260 597 1316 648 ὲν
1352 593 1566 665 εὐθηνίᾳ
1596 595 1771 663 ὑπάρ-

251 702 391 754 χοντι
412 701 426 715 ⁸
471 689 553 738 ὅτε
578 687 633 739 δὲ
664 688 834 739 πάντα
867 686 1012 755 αὐτῴ
1047 686 1115 737 τὰ
1145 686 1449 755 ὑπάρχοντα
1473 682 1771 737 διαπεπτώο

251 792 351 836 κει,
384 770 530 827 εἶπεν
555 776 621 828 ἂν
649 778 738 830 καὶ
770 776 957 837 αὑτός·
994 778 1109 827 Ὅτι
1151 775 1426 838 ἐξέλιπον
1454 775 1592 827 ὡσεί
1625 789 1771 826 καπ-

250 865 349 930 νὸς
390 868 447 918 αὶ
474 867 680 943 ᾐμέραι
707 883 841 933 μου.
897 865 1142 927 Τοιοῦτος
1177 865 1231 916 δέ
1261 867 1402 917 ἐστιν
1429 867 1457 917 6
1482 863 1619 916 κατὰ
1643 862 1772 914 Θεὸν

246 953 452 1023 πτωχὸς
472 993 487 1015 ,
519 954 714 1018 ἀδόξως
750 954 842 1006 καὶ
880 952 1093 1021 ἀφανῶς
1121 952 1217 1014 τὰς
1240 952 1445 1021 ἡμέρας
1478 950 1637 1003 αὐτοῦ
1674 949 1772 1018 τῆς

246 1043 568 1113 προσκαίρου
593 1043 733 1110 ζωῆς
774 1043 1048 1109 διεξάγων.
1077 1039 1205 1095 Εἶτα
1226 1043 1454 1103 ἀσιτίαις
1476 1040 1659 1093 ἑαυτὸν
1682 1039 1773 1092 καὶ

241 1131 539 1184 εεακὼσεσιν
574 1132 902 1194 ὑποῦάλλων,
925 1132 981 1183 ὲν
1012 1131 1150 1201 λιμῷ
1178 1132 1269 1183 καὶ
1295 1132 1428 1199 δίψει
1452 1128 1771 1199 κατατρύχει

241 1222 330 1273 καὶ
360 1222 709 1291 καταφρύγει.
746 1222 853 1274 Καὶ
880 1223 997 1273 ἐπεὶ
1023 1220 1186 1275 πᾶσα
1207 1220 1360 1288 σὰρξ
1384 1220 1592 1288 χόρτος
1614 1259 1628 1283 ,
1675 1218 1769 1272 καὶ

238 1306 403 1361 πᾶσα
432 1309 578 1372 δόξα
605 1307 784 1375 αὐτῆς
807 1310 886 1375 ὡς
909 1309 1085 1374 ἄνθος
1110 1312 1339 1376 χόρτου,
1364 1307 1633 1377 μαραίνων
1655 1308 1772 1358 ἐαυ-

237 1396 327 1449 τοῦ
353 1398 451 1466 τὴν
482 1398 656 1468 σάρκα
686 1399 845 1466 φησὶν
863 1436 879 1460 ,
918 1396 1214 1466 Ἐπλήγην
1240 1396 1376 1449 ὡσεὶ
1408 1397 1629 1464 χόρτος.

315 1505 373 1556 'U
401 1506 457 1558 δὲ
479 1506 678 1576 ἀληθὴς
712 1507 1019 1574 στεναγμὸς,
1048 1506 1105 1567 ὃς
1132 1507 1223 1557 καὶ
1252 1505 1429 1574 φωνὴν
1456 1504 1565 1575 ἔχει
1591 1506 1772 1558 ἀκουο-

239 1594 403 1663 μένην
433 1595 579 1665 παρὰ
611 1594 773 1655 Θεοῦ,
809 1595 958 1663 τήκει
998 1593 1056 1644 τὸ
1090 1593 1272 1663 σῶμα,
1317 1594 1412 1646 καὶ
1439 1594 1535 1662 τῆς
1577 1594 1770 1664 σαρκὸς

234 1683 520 1753 ἐργάζεται
546 1684 823 1753 νέκρωσιν,
853 1682 988 1734 ὥστε
1013 1682 1100 1734 τὸν
1123 1681 1227 1734 ἔσω
1254 1682 1663 1735 άνακαινοῦσθαι
1688 1682 1772 1735 άν-

234 1772 465 1841 θρωπον.
512 1772 811 1834 Ἐπιϐαλεῖς
836 1773 890 1824 δὲ
912 1773 1000 1824 καὶ
1027 1765 1151 1823 ὧδε·
1169 1772 1431 1823 Ἐκλείπει
1452 1772 1651 1835 καπνὸς
1674 1790 1770 1823 πυ-
1801 1812 1843 1868 Β

235 1861 324 1931 ρος
353 1860 703 1929 σϐεννυμένου
720 1878 731 1889 ·
768 1860 1079 1929 ὑφεστηκὼς
1107 1862 1184 1922 είς
1207 1862 1326 1912 ὅσον
1356 1862 1563 1929 ἐνεργεῖ
1580 1860 1639 1912 τὸ
1659 1860 1768 1930 πῦρ

230 1943 274 2015 ᾧ
308 1950 467 2012 αὐτὸς
497 1948 905 2019 παρακολουθεῖ.
941 1949 1035 2002 'lv'
1068 1946 1177 2009 οὖν,
1205 1948 1353 2019 φησὶ,
1381 1949 1473 2000 καὶ
1495 1949 1549 2002 αἱ
1570 1950 1767 2020 ἡμέραι

235 2038 307 2108 μὴ
324 2038 662 2091 ἐκλείπωσιν.
684 2038 754 2090 Οὐ
771 2038 875 2107 γάρ
896 2054 981 2106 μοι
999 2038 1130 2107 πρὸς
1150 2037 1307 2089 καλοῦ
1322 2037 1469 2090 ἔσται
1484 2037 1543 2089 τὸ
1556 2036 1769 2105 σϐεσθῆο

231 2143 315 2179 ναι
344 2126 404 2178 τὸ
437 2127 550 2195 φῶς
580 2127 672 2179 ἀπ’
704 2126 832 2196 ἐμοῦ
865 2127 924 2179 τὸ
958 2127 1227 2196 ποιητικὸν
1252 2126 1358 2178 τῶν
1389 2125 1605 2195 ἡμερῶν
1637 2142 1764 2195 μουο

230 2216 515 2287 παράγαγε
536 2218 603 2270 τὰ
634 2216 867 2287 θλιὸερά.
902 2218 963 2269 Ei
986 2218 1091 2286 γὰρ
1112 2217 1429 2286 ἐπιμένοιεν,
1452 2218 1596 2269 αἴτια
1615 2219 1770 2286 γενή-

231 2324 409 2361 σονται
442 2308 541 2377 τῆς
574 2309 860 2376 ἐκλείψεως
890 2310 996 2361 τῶν
1021 2308 1236 2378 ἡμερῶν
1267 2325 1365 2377 μου
1383 2346 1396 2369 ,
1425 2307 1556 2360 ἀλλὰ
1586 2308 1678 2360 καὶ
1703 2308 1770 2360 τά

228 2396 357 2450 ὀστᾶ
384 2416 483 2467 μου
511 2398 591 2450 ἔτι
618 2398 811 2467 μᾶλλον
841 2398 1194 2469 συμφρύξοιεν
1221 2397 1616 2467 παραμένοντα,
1648 2414 1769 2450 του-

228 2485 392 2549 τέστι,
426 2486 523 2548 τὰς
551 2486 795 2548 εὐτόνους
820 2487 911 2538 καὶ
941 2486 1323 2556 στεῤῥοτάτους
1354 2486 1449 2555 τῆς
1478 2486 1651 2556 ψυχῆς
1682 2487 1770 2539 δυ-

230 2575 446 2643 νάμεις,
482 2576 536 2628 αἳ
576 2577 670 2629 καὶ
706 2576 1102 2646 συμφρύγονται
1135 2575 1239 2627 ὑπὸ
1264 2576 1361 2644 τῆς
1392 2576 1497 2627 τῶν
1530 2575 1769 2644 ψυχικῶν

226 2663 412 2716 παθῶν
440 2666 755 2736 πυρώσεως.
806 2664 1137 2734 Ξηρανθῆναι
1174 2664 1228 2715 δὲ
1256 2664 1400 2732 αὐτῷ
1428 2663 1523 2733 τὴν
1550 2664 1770 2735 καρδίαν

228 2751 419 2821 φησιν,
451 2753 600 2804 οὐδὲν
638 2751 815 2822 ἱλαρὸν
839 2751 943 2804 οὐδ’
968 2753 1049 2818 ἐφ’
1080 2745 1123 2817 ᾧ
1167 2751 1308 2803 ἐστιν
1340 2749 1478 2819 ἔχειν
1512 2749 1770 2819 θυμηδίαν

227 2843 590 2911 κεκτημένην.
642 2841 830 2907 Γέγονε
858 2839 963 2910 γάρ
995 2842 1051 2893 ἐν
1084 2842 1191 2902 τοῖς
1220 2839 1593 2910 προκειμένοις
1621 2856 1770 2909 περι-

228 2934 498 2993 στατικοῖς
518 2931 676 2982 τοσοῦ
686 2948 788 2993 τον,
811 2930 883 2993 ὡς
910 2930 1100 2999 μηκέτι
1125 2924 1290 2981 οἷόντε
1311 2925 1444 2981 εἶναι
1465 2929 1553 2980 τὸν
1578 2928 1771 2983 κατάλ-

224 3021 383 3091 ληλον
417 3022 512 3073 καὶ
557 3021 808 3088 ἁρμόδιον
836 3024 900 3090 τῇ
948 3020 1244 3089 τιμιωτέρᾳ
1272 3019 1403 3088 αὐτῇ
1435 3018 1586 3087 οὐσίᾳ
1612 3019 1771 3087 ἄρτον

223 3109 518 3177 τρέφεσθαι
537 3126 550 3138 ·
576 3108 762 3159 τούτου
783 3109 885 3177 γὰρ
900 3108 991 3159 τοῦ
1017 3109 1176 3178 ἄρτου
1200 3108 1617 3176 μεταλαμϐάνειν
1636 3107 1767 3167 ἔστι,

224 3200 297 3268 μὴ
344 3196 786 3265 περιελκόμενον,
826 3197 953 3266 μηδὲ
991 3196 1299 3265 θολούμενον
1340 3196 1441 3247 ὑπὸ
1466 3195 1571 3247 τῶν
1598 3196 1770 3257 ἐκτός.

221 3287 309 3348 lii;
338 3285 599 3337 τοσοῦτον
629 3284 683 3335 δέ
708 3302 834 3354 φησι
866 3285 936 3354 μὴ
962 3284 1253 3354 τεθράφθαι
1278 3285 1460 3337 τοῦτον
1484 3285 1570 3335 τὸν
1595 3284 1771 3355 ἄρτον,

214 3376 292 3437 ὡς
322 3374 421 3427 καὶ
455 3373 630 3442 λήθην
658 3372 795 3440 ἔχειν
821 3373 912 3425 τοῦ
945 3391 1069 3425 ποτε
1096 3374 1256 3427 αὐτοῦ
1290 3373 1598 3440 γεγεῦσθαι.
1631 3374 1773 3429 Πάνυ

215 3466 271 3515 δὲ
292 3462 574 3527 στενάζων
595 3461 680 3513 διά
701 3461 766 3513 τὰ
786 3463 1021 3532 παρόντα
1044 3464 1287 3525 ἐπίπονα,
1310 3463 1557 3515 τοσοῦτον
1581 3462 1774 3532 ἀφίημι

214 3553 617 3623 ἐπιτεταμένον
648 3553 739 3605 καὶ
766 3553 959 3623 συνεχῆ
996 3554 1313 3623 στεναγμὸν,
1347 3554 1420 3613 ὡς
1452 3555 1515 3604 ὲκ
1546 3552 1643 3620 τῆς
1669 3569 1776 3618 φω-

216 3646 313 3715 νῆς
340 3662 444 3714 μου
471 3644 616 3713 μετὰ
637 3642 889 3711 ὀλολυγῆς
911 3645 1194 3712 γινομένης
1213 3642 1525 3711 κολληθῆναι
1549 3641 1639 3694 καὶ
1656 3642 1776 3709 τρό-

212 3753 317 3789 πον
345 3736 472 3788 τινὰ
510 3734 773 3802 ένωθῆναι
801 3733 860 3785 τὸ
888 3733 1073 3785 ὀστοῦν
1111 3750 1209 3804 μου
1238 3737 1302 3802 τῇ
1335 3732 1492 3803 σαρκί
1523 3748 1620 3801 μου
1644 3771 1657 3794 ,
1690 3730 1775 3782 διὰ

210 3828 312 3898 τὴν
349 3826 559 3893 πολλὴν
602 3823 860 3892 ξηρασίαν
898 3822 1253 3890 ἀναποθείσης
1289 3822 1465 3889 πάσης
1504 3822 1600 3889 τῆς
1641 3835 1775 3887 παρ-

209 3916 580 3985 εσπαρμένης
620 3911 695 3980 τῷ
728 3910 933 3980 σώματί
967 3928 1064 3980 μου
1089 3910 1377 3980 ὑγρότητος
1412 3910 1474 3961 ὲκ
1498 3907 1595 3977 τῆς
1623 3906 1775 3959 ὲπελ-

207 4008 414 4076 θούσης
433 4004 753 4064 κακώσεως.
780 4001 921 4071 Αὕτη
948 4002 1053 4071 γὰρ
1071 4004 1102 4070 ἡ
1121 4001 1348 4070 ὑγρότης
1364 4002 1447 4051 ὅτε
1468 4016 1553 4068 μοι
1576 4002 1771 4070 παρῆν,

206 4096 510 4148 πιαίνουσα
530 4094 594 4145 τὸ
624 4090 825 4153 ὀστοῦν,
854 4090 1020 4159 διῄρει
1047 4090 1174 4142 αὐτὸ
1201 4089 1305 4141 ἀπὸ
1324 4089 1419 4157 τῆς
1443 4087 1657 4156 σαρκὸς,
1680 4087 1775 4156 τὴν

206 4186 387 4255 μέσην
419 4186 613 4253 σάρκα
645 4182 735 4232 καὶ
766 4180 960 4232 ὀστέων
991 4179 1181 4248 ἔχουσα
1214 4178 1411 4249 χώραν.

288 4272 635 4343 Ὠμοιώθην
678 4268 953 4322 πελεκᾶνι
981 4268 1248 4337 ἐρημικῷο
1307 4265 1518 4335 φεύγων
1542 4265 1773 4335 δηλονότι

198 4364 300 4426 τὰς
329 4366 389 4416 ὲν
422 4362 576 4431 ὄχλῳ
610 4357 884 4427 διατριϐὰς
916 4356 1216 4426 έμονούμην
1249 4358 1340 4409 καὶ¹
1364 4354 1770 4425 ὲξηνθρώπιζον.

1868 594 2045 648 dantia
2068 592 2348 646 exsistenti
2382 608 2395 645 :
2423 591 2638 661 quando
2664 607 2792 646 vero
2816 595 3026 647 cunctis
3058 594 3396 649 facultatibus

1866 685 2154 748 exciderat,
2186 683 2380 737 dixerit
2415 683 2574 736 etiam
2606 683 2721 751 ipse
2749 701 2761 736 :
2796 683 2931 748 Quia
2967 684 3261 752 defecerunt
3288 686 3394 740 sic-

1867 784 1924 826 ut
1954 775 2126 841 fumus
2177 774 2285 827 dies
2332 774 2448 825 mei.
2499 772 2815 841 Hujusmodi
2862 780 3036 827 autem
3079 785 3161 828 est.
3190 775 3275 829 ille
3313 789 3397 827 se-

1868 862 2101 915 cundum
2137 860 2303 915 Deum
2332 876 2551 930 pauper,
2586 862 2844 931 inglorius
2876 871 2928 915 et
2967 862 3226 917 obscurus
3264 870 3397 917 tem-

1868 953 2065 1021 poralis
2088 952 2209 1006 vitae
2232 952 2346 1006 dies
2369 951 2689 1021 transigens.
2713 950 2911 1005 Deinde
2930 966 3054 1005 vero
3079 965 3197 1005 sese
3226 952 3395 1006 absti-

1869 1043 2066 1098 nentiis
2104 1050 2160 1097 et
2210 1042 2659 1097 macerationibus
2703 1041 3015 1110 subiiciens,
3050 1038 3189 1095 fame
3217 1048 3270 1094 et
3306 1041 3395 1095 siti

1832 1135 2096 1203 .castigat
2130 1141 2183 1188 et
2222 1134 2462 1187 arefacit.
2508 1132 2575 1185 Et
2620 1132 2745 1201 quia
2788 1133 2951 1185 omnis
2981 1148 3103 1185 caro
3151 1132 3319 1199 fenum
3346 1141 3395 1184 et

1868 1227 2034 1279 omnis
2056 1217 2225 1294 gloria
2248 1225 2359 1292 ejus
2385 1224 2534 1293 quasi
2555 1223 2781 1292 ﬂosftfeni
2799 1225 2862 1286 “,
2883 1238 3095 1277 carnem
3120 1224 3400 1280 exsiccata

1869 1330 2019 1371 suam
2047 1316 2122 1369 ait
2169 1331 2183 1367 ι
2219 1315 2503 1368 Percussus
2534 1330 2645 1367 sum
2671 1324 2726 1366 ut
2761 1314 2954 1382 fenum.

1938 1507 2108 1563 Verus
2146 1519 2317 1562 autem
2357 1510 2610 1579 gemitus,‘
2638 1510 2727 1578 qui
2756 1523 2941 1562 vocem
2987 1508 3146 1561 habet
3191 1507 3255 1561 ad
3307 1507 3401 1563 Dei

1869 1610 2027 1652 aures
2056 1598 2468 1666 pervenientem,
2501 1613 2695 1666 corpus
2742 1599 2999 1661 exsiccat,
3033 1605 3083 1651 et
3114 1598 3399 1651 mortiﬁca-

1868 1689 2064 1743 tionem
2094 1689 2272 1743 carnis
2318 1690 2560 1758 peragit;
2611 1690 2683 1742 ita
2713 1696 2773 1742 ut
2810 1690 3031 1742 interior
3060 1690 3219 1744 homo
3252 1704 3401 1743 reno-

1868 1787 2040 1833 vetur.
2074 1778 2169 1832 Hic
2200 1795 2360 1849 porro
2392 1781 2626 1833 animum
2672 1780 2926 1834 adhibeas
2960 1799 2973 1833 :
3008 1781 3191 1835 Deﬁcit
3223 1780 3401 1836 fumus

1871 1870 2137 1923 exstincto
2192 1870 2344 1939 igne,
2397 1884 2515 1921 cum
2559 1870 2741 1922 tandiu
2774 1872 2999 1924 exsistat
3048 1871 3400 1934 solummodo,

1872 1958 2107 2027 quandiu
2137 1958 2274 2028 ignis
2305 1959 2433 2028 agit,
2470 1974 2626 2027 quem
2680 1957 2857 2012 fumus
2903 1959 3164 2028 sequitur.
3214 1958 3281 2012 Ut
3337 1975 3403 2014 ne

1872 2048 2070 2116 itaque,
2108 2046 2203 2111 ait,
2235 2047 2347 2101 dies
2372 2048 2473 2101 mei
2502 2046 2753 2100 deﬁciant
2781 2066 2795 2108 ;
2832 2063 2936 2101 non
2965 2064 3048 2101 me
3072 2049 3225 2116 juvat
3259 2049 3400 2101 enim

1871 2139 1914 2193 si
1968 2139 2059 2191 lux
2112 2153 2143 2190 a
2185 2152 2268 2191 me
2315 2138 2707 2206 exstinguatur,
2735 2153 2852 2205 quae
2868 2137 2981 2191 dies
3019 2152 3165 2191 meos
3204 2138 3404 2206 efﬁcit;

1870 2241 2133 2282 aerumnas
2171 2241 2375 2281 amove.
2416 2226 2548 2279 Nam
2597 2227 2641 2280 si
2687 2228 2788 2280 illae
2838 2235 3106 2290 maneant,
3153 2229 3206 2281 in
3240 2242 3404 2283 causa

1870 2325 2028 2373 erunt
2059 2318 2200 2387 quod
2225 2318 2340 2371 dies
2371 2317 2474 2372 mei
2503 2317 2785 2383 deﬁciant;
2810 2318 2916 2371 imo
2944 2320 3121 2383 etiam,
3153 2320 3196 2372 si
3223 2335 3405 2388 perse-

1872 2406 2130 2467 verarint,
2151 2421 2272 2461 ossa
2292 2421 2407 2459 mea
2419 2406 2589 2474 magis
2612 2406 2881 2475 magisque
2895 2405 3203 2470 arefacient,
3226 2407 3276 2460 id
3300 2414 3401 2467 est,

1872 2497 2123 2551 robustas
2145 2508 2197 2550 et
2222 2496 2559 2549 ﬁrmissimas
2585 2496 2745 2549 animi
2779 2496 3024 2558 virtutes,
3050 2512 3169 2564 qua:
3190 2497 3257 2550 ab
3285 2498 3406 2566 igne

1872 2587 2177 2656 passionum
2221 2584 2412 2639 animae.
2456 2586 2812 2639 exsiccantur.
2871 2584 3176 2638 Arefaetum
3228 2595 3401 2637 autem

1872 2692 1965 2730 cor
1988 2691 2142 2729 suum
2172 2690 2291 2729 esse
2321 2675 2469 2734 dicit,
2495 2674 2635 2743 quod
2664 2675 2795 2727 nihil
2829 2678 3023 2735 laetum,
3056 2674 3186 2726 nihil
3217 2674 3269 2726 in
3300 2689 3406 2741 quo

1871 2765 2101 2833 gaudere
2123 2764 2316 2824 valeat,
2341 2763 2627 2831 possideat.
2656 2762 2728 2814 Ita
2758 2764 2898 2816 enim
2931 2766 2983 2815 in
3010 2764 3405 2821 calamitatibus

1872 2853 2148 2909 demersus
2175 2863 2276 2916 est,
2296 2863 2353 2906 ut
2377 2868 2480 2906 non
2504 2854 2642 2905 ultra
2668 2856 2837 2920 possit
2857 2868 3008 2921 congt
3024 2854 3167 2906 uenti
3192 2867 3253 2905 ac
3289 2867 3409 2922 pre—

1872 2943 2023 2994 tiosae
2044 2956 2153 2994 sua:
2174 2940 2485 2995 substantia:
2505 2941 2696 2994 idoneo
2719 2956 2851 3008 pane
2878 2943 3070 3011 nutriri
3095 2957 3109 2992 :
3135 2943 3235 2995 hoc
3262 2944 3403 2997 enim

1872 3045 2006 3098 pane
2028 3039 2155 3083 tunc
2185 3030 2356 3082 solum
2387 3030 2462 3081 uti
2503 3030 2646 3091 licet,
2679 3046 2800 3082 cum
2829 3032 2991 3083 rebus
3017 3033 3267 3085 extrariis
3296 3047 3403 3085 non

1798 3137 1838 3193 ρ
1873 3119 2214 3185 abstrahitur,
2244 3133 2415 3186 neque
2444 3117 2692 3172 fmdatur.
2723 3114 2927 3172 Tundiu
2975 3128 3150 3173 autem
3196 3138 3254 3176 se
3304 3123 3405 3175 hu-

1866 3212 2100 3281 jusmodi
2124 3212 2275 3279 panis
2305 3212 2557 3263 alimento
2580 3209 2843 3277 privatum
2877 3210 2973 3271 ait,
3004 3217 3061 3261 ut
3090 3226 3155 3263 ne
3186 3211 3399 3278 quidem

1869 3302 2172 3356 meminerit
2206 3317 2271 3353 an
2311 3300 2601 3369 aliquando
2634 3299 2805 3368 ipsum
2847 3300 3230 3368 degustaverit.
3270 3301 3405 3355 Mul-

1872 3402 1981 3445 tum
2014 3406 2172 3461 porro
2210 3391 2275 3444 de
2314 3390 2665 3459 praesentibus
2717 3391 2969 3443 aerumnis
3020 3390 3400 3459 ingemiscens,

1871 3490 1950 3535 tot
1978 3491 2192 3550 tamque
2224 3481 2519 3550 frequentia
2545 3481 2796 3548 suspiria,
2836 3488 2913 3532 tot
2943 3483 3171 3548 gemitus
3197 3481 3318 3545 edo,
3347 3491 3405 3537 ut

1873 3588 1901 3625 a
1950 3587 2071 3625 voce
2101 3586 2215 3626 mea
2247 3587 2368 3625 cum
2398 3571 2597 3639 ejulatu
2632 3571 2827 3624 emissa
2870 3586 2933 3624 os
2974 3587 3148 3626 meum
3187 3587 3283 3626 ceu
3314 3589 3407 3642 ag-

1872 3662 2186 3731 glutinatum
2215 3668 2266 3713 et
2296 3659 2606 3727 adjunctum
2645 3658 2803 3712 fuerit
2825 3662 2973 3711 carni
3006 3675 3155 3725 mea),
3187 3676 3308 3713 cum
3335 3659 3406 3714 ob

1872 3750 2089 3802 multam
2147 3749 2291 3801 illam
2323 3749 2639 3808 ariditatem,
2671 3749 2844 3802 omnis
2879 3749 2929 3801 in
2959 3763 3187 3816 corpore
3222 3764 3405 3818 sparsa

1873 3837 2163 3890 humiditas
2195 3852 2257 3891 ex
2315 3838 2594 3906 ingruente
2652 3837 2936 3891 aﬁlictione
2989 3840 3187 3892 amissa
3241 3834 3403 3894 esset.

1873 3924 1994 3978 Haec
2023 3925 2217 3994 quippe
2241 3925 2530 3979 humiditas
2556 3940 2675 3978 cum
2705 3926 2937 3988 adesset,
2965 3942 3024 3980 os
3047 3927 3405 3998 impinguans,

1872 4013 2003 4067 illud
2035 4028 2065 4066 a
2100 4028 2263 4067 carne
2291 4013 2578 4078 dividebat,
2612 4029 2733 4067 cum
2766 4016 2995 4069 medium
3024 4016 3161 4069 inter
3188 4031 3404 4069 carnem

1871 4112 1924 4158 et
1953 4118 2075 4159 ossa
2100 4104 2275 4157 locum
2307 4112 2525 4159 teneret.

1942 4261 2104 4315 Vsus.
2129 4263 2180 4314 7.
2210 4262 2411 4316 Similis
2441 4264 2609 4329 factus
2654 4278 2766 4315 sum
2802 4264 3053 4329 pellicuuo
3086 4264 3405 4329 solitudinis,

1874 4352 2133 4420 siquidem
2169 4367 2348 4405 moras
2390 4352 2441 4404 in
2480 4352 2635 4405 turba
2679 4351 2909 4421 fugiens.
2953 4352 3100 4405 solus
3136 4360 3191 4407 et
3219 4356 3407 4424 procul

211 4446 375 4505 Ἐπεὶ⁵
428 4452 531 4503 καὶ
567 4449 633 4501 τὸ
666 4446 799 4510 ζῶον
838 4445 990 4498 τοῦτο
1033 4446 1321 4516 φιλέρημον
1349 4442 1478 4497 εἶναι
1509 4445 1721 4511 λέγεται
1745 4445 1773 4495 ὀ

1875 4441 2179 4495 hominibus
2205 4440 2477 4509 degebam.
2525 4439 2657 4493 Nam
2700 4442 2898 4493 animal
2941 4443 3069 4495 illud
3116 4445 3409 4511 pellieanus

195 4541 472 4593 πελεκάν.
504 4535 814 4605 Παρίστησι
850 4534 905 4586 δὲ
938 4534 1029 4585 καὶ
1068 4533 1163 4602 τὴν
1195 4533 1422 4605 ἐρημίαν
1461 4534 1553 4585 τοῦ
1575 4533 1772 4595 ἔθνους,

194 4632 305 4682 καὶ·
323 4628 495 4681 τοῦτό
535 4642 644 4678 που
674 4623 792 4675 καθ’
815 4624 878 4692 ἢν
909 4622 1062 4691 μόνος
1082 4622 1302 4690 εὓρηται
1326 4616 1402 4683 εἷς
1424 4639 1522 4673 που
1553 4623 1643 4675 καὶ
1661 4622 1776 4673 δεύ-

192 4738 361 4791 τερος
393 4720 495 4771 καί⁵
534 4716 760 4786 βραχεῖς
786 4729 955 4774 τινες·
986 4707 1093 4764 οἷον
1134 4713 1395 4782 Ἱερεμίας
1421 4712 1453 4781 ἢ
1476 4712 1712 4784 Βαροῦχ.
1742 4713 1774 4782 ἢ

192 4812 392 4882 ἔτερος
427 4808 545 4860 τῶν
580 4804 703 4857 τότε
724 4802 1163 4871 ἀπολειφθέντων,
1192 4797 1264 4856 ὧν
1293 4805 1354 4853 ἐκ
1384 4803 1664 4871 προσώπου
1688 4805 1775 4856 λέ·-

193 4917 362 4965 γεται
398 4898 474 4952 τὰ
526 4893 886 4964 προκείμενα.
953 4892 1253 4962 Ὀμοιοῦται
1301 4891 1354 4941 δὲ
1402 4892 1492 4943 καὶ
1522 4893 1549 4941 ὀ
1580 4893 1778 4961 Κύριος

195 4988 468 5060 ἑρημικῷ
506 4984 769 5037 πελεκᾶνι
806 4982 942 5036 κατὰ
968 4983 1064 5053 τὴν
1106 4980 1197 5034 τοῦ
1224 4979 1403 5050 ὀρνέου
1430 4979 1614 5031 τούτου
1644 4984 1778 5052 πρὸς

192 5078 268 5131 τὰ
300 5078 517 5146 ἔγγονα
553 5072 1005 5142 θαυμασιωτάτην
1028 5067 1377 5141 συμπάθειαν.
1401 5068 1568 5120 Τοῦτο
1592 5069 1697 5140 γὰρ
1719 5073 1780 5125 τὸ

197 5168 346 5230 ζῶον
376 5167 487 5229 τὰς
522 5162 747 5225 νοσσιὰς
777 5162 921 5232 παρὰ
943 5161 1159 5231 πέτραις
1180 5155 1466 5225 ἀποτόμοις
1492 5158 1779 5228 πηγνύμε-

198 5242 292 5313 νον
318 5260 440 5320 τοῖς
488 5255 737 5314 νεοσσοῖς
755 5290 768 5314 ,
795 5252 853 5303 τὸ
885 5251 955 5321 μὴ
984 5253 1145 5321 ῥᾷστα
1176 5245 1325 5313 παρά
1347 5263 1483 5309 τινος
1512 5247 1621 5299 τῶν
1654 5249 1780 5303 ἐπι-

197 5348 417 5400 δούλων
440 5339 875 5411 διαφθείρεσθαι,
903 5334 1295 5409 κατεργάζεται.
1332 5334 1460 5387 Ἀλλ’
1482 5337 1510 5388 ὅ
1533 5354 1597 5404 γε
1628 5338 1779 5405 ὄφις,

202 5435 564 5493 ὰποπτάντος
582 5428 758 5481 αὐτῶν
788 5426 877 5477 τοῦ
909 5426 1125 5494 πατρὸς,
1160 5419 1344 5489 ἐπειδὴ
1378 5424 1567 5495 καὶμὴ
1601 5442 1783 5496 προσ-

198 5524 455 5595 εγγίζειν
489 5523 561 5590 τῇ
596 5518 756 5586 καλιᾷ
777 5515 1003 5578 δύναται,
1039 5508 1236 5577 ἐπιχέει
1277 5510 1450 5580 αὐτοῖς
1475 5514 1782 5585 πόρρωθεν

181 5702 188 5709 “
274 5702 319 5735 ⁸⁸
362 5697 471 5754 Job
506 5706 641 5749 xxix
664 5728 680 5756 ,
713 5689 766 5741 3.
837 5685 877 5718 "
910 5684 1001 5739 lsa.
1028 5696 1124 5745 ιι,
1159 5675 1215 5731 6ο

1874 4536 2115 4593 vocatus,
2146 4529 2451 4583 solitudinis
2477 4535 2560 4583 est
2585 4544 2791 4584 amans.
2823 4530 3066 4585 Declarat
3094 4548 3254 4599 porro
3281 4550 3409 4602 gen-

1875 4612 1944 4667 tis
1990 4613 2293 4667 vastitatem
2322 4622 2375 4666 et
2410 4613 2791 4678 solitudinem;
2827 4616 2983 4669 talem
3035 4615 3299 4679 videlicet,
3350 4626 3408 4669 ut

1874 4718 2015 4758 unus
2044 4709 2246 4756 tantum
2276 4704 2357 4755 vel
2388 4702 2514 4766 duo,
2548 4712 2638 4756 aut
2668 4707 2822 4770 pauci
2844 4704 3130 4757 admodum
3161 4720 3403 4760 remane-

1875 4802 1993 4845 rent
2025 4811 2040 4847 :
2070 4793 2241 4861 qualis
2272 4798 2388 4844 erat
2412 4790 2669 4845 Jeremias
2700 4800 2792 4845 aut
2833 4792 3062 4855 Baruch,
3090 4801 3181 4844 aut
3215 4794 3259 4848 si
3287 4795 3408 4862 quis
3516 4814 3517 4817 η

1876 4882 2013 4936 alius
2037 4882 2198 4936 exiis
2234 4882 2326 4949 qui
2368 4890 2493 4933 tunc
2537 4881 2707 4934 relicti
2747 4890 2893 4944 sunt,
2924 4898 2985 4935 ex
3020 4895 3249 4947 quorum
3289 4897 3410 4950 per-

1876 4988 2007 5029 sona
2035 4973 2147 5027 haec
2177 4975 2450 5028 dicuntur.
2498 4972 2701 5026 Similis
2735 4975 2860 5027 item
2889 4974 3146 5027 Dominus
3168 4982 3252 5027 est
3279 4974 3410 5028 soli-

1877 5062 2013 5116 tario
2053 5064 2333 5131 pellicano,
2377 5062 2671 5117 secundum
2724 5064 2912 5115 miram
2944 5063 3056 5115 avis
3087 5060 3256 5128 hujus
3286 5076 3411 5130 erga

1878 5151 2043 5207 fetum
2072 5152 2422 5207 affectionem.
2472 5150 2604 5204 Illud
2650 5152 2846 5222 quippe
2883 5150 3081 5203 animal
3112 5150 3325 5212 nidum,
3358 5152 3413 5203 in

1879 5244 2043 5314 petris
2064 5257 2126 5296 ac
2152 5242 2433 5311 praeruptis
2461 5242 2713 5300 delirum,
2748 5241 2909 5308 pullis
2939 5240 3053 5293 suis
3087 5238 3159 5290 ita
3194 5239 3418 5292 concin-

1882 5342 1991 5396 nat,
2017 5339 2073 5385 ut
2096 5346 2132 5383 ea
2162 5332 2440 5400 quibusvis
2469 5329 2875 5383 insidiatoribus
2902 5328 3058 5381 facile
3095 5327 3420 5382 labefactari

1880 5437 1987 5477 non
2002 5420 2191 5491 possit.
2216 5420 2467 5488 At,patre
2505 5420 2771 5481 avolante,
2803 5431 3042 5486 serpens.
3066 5416 3195 5482 quia
3235 5416 3427 5469 nidum

1882 5512 2029 5568 adire
2054 5510 2257 5580 nequit,
2285 5510 2434 5564 virus
2465 5523 2619 5564 suum
2651 5507 2781 5575 ipsis
2812 5507 2999 5576 procul
3025 5505 3298 5559 infundit.
3328 5502 3435 5556 0b-
