3890 6432
266 414 392 468 19.57
1347 406 1827 464 (ῙΟΜΜΕΝΤᾹΒΙΑ

261 527 338 585 εὶς
366 523 499 592 μέγα
530 522 680 591 δόξης
710 523 936 593 ἀρθέντα
962 524 1049 575 τὸν
1073 524 1215 586 λαὸν,
1247 522 1320 585 ὼς
1345 522 1475 575 Θεοῦ
1503 521 1624 574 λαὸν
1644 538 1775 590 χρη·
1804 544 1844 593 Α

263 610 491 678 ματίσαι,
524 612 663 664 τόνδε
692 612 780 663 τὸν
811 609 951 664 οἶκον
982 612 1111 664 Θεοῦ
1144 611 1495 681 ὀνομασθῆναι
1520 609 1608 663 διὰ
1630 609 1689 661 τὸ
1715 612 1772 660 ἐν

259 697 397 766 αὐτῷ
420 699 673 768 ἁγίασμα.
718 701 950 771 Ἐπάρας
976 702 1065 752 καὶ
1090 702 1323 769 τιμήσας
1349 701 1376 751 6
1399 699 1526 761 Θεὸς
1545 698 1770 768 ἐφαμίλ-

255 786 355 847 λως
384 789 446 855 τῇ
483 790 558 850 είς
587 788 714 857 ὕψος
738 789 958 861 ἀρθείσῃ
989 790 1160 842 αὐτῶν
1186 791 1330 861 δόξῃ,
1363 792 1441 852 εἰς
1465 790 1522 843 τὸ
1543 790 1772 843 ἐναντίον

254 876 596 944 παραγαγὼν,
622 878 911 948 κατέρῤαξε
930 895 943 908 ⁸
965 879 1055 931 τὸν
1081 879 1176 949 μὲν
1201 881 1361 933 τόπον
1384 879 1658 949 πολιορκίᾳ
1681 896 1776 930 πα·

254 965 439 1032 ραδοὺς
482 968 574 1018 καὶ
624 967 865 1019 παντελεῖ
911 969 1143 1039 ἐρημία,
1187 970 1275 1023 τὸν
1310 971 1364 1024 δὲ
1403 972 1525 1025 λαὸν
1578 972 1773 1040 αἰχμα-

250 1051 434 1106 λωσία.

306 1142 374 1191 Αἰ
398 1140 601 1207 ἡμέραι
616 1160 733 1210 μου
752 1146 889 1200 ὡσεὶ
918 1146 1061 1200 σκιὰ
1082 1147 1419 1213 ἐκλίθησαν,
1449 1146 1607 1215 κάγὼ
1634 1148 1773 1200 ὡσεὶ

246 1227 452 1293 χόρτος
481 1231 827 1301 ἐξηράνθην.
877 1235 1046 1289 Πᾶσα
1064 1235 1174 1303 γὰρ
1209 1236 1360 1303 σὰρξ
1388 1237 1627 1304 χόρτος,
1677 1237 1769 1288 καὶ

244 1315 407 1370 πᾶσα
431 1318 578 1384 δόξα
598 1322 784 1390 αὐτῆς
807 1326 883 1389 ὡς
920 1326 1097 1390 ἄνθος
1121 1328 1349 1392 χόρτου.
1410 1326 1572 1378 Πάλιν
1602 1343 1771 1378 κοινο-

245 1406 560 1476 ποιούμενος
600 1412 688 1465 τὸν
727 1412 963 1483 περὶτοῦ
992 1414 1117 1465 λαοῦ
1151 1414 1332 1480 λόγον,
1362 1413 1615 1481 ἐπιλέγει·
1664 1416 1769 1468 Kal
1812 1452 1838 1481 ,

240 1493 353 1561 ἐγὼ
376 1496 515 1549 ὡσεὶ
536 1502 744 1566 χόρτος
761 1502 1106 1569 ἐξηράνθην.
1135 1504 1216 1556 Σὺ
1238 1503 1323 1567 δὲ,
1350 1504 1539 1569 Κύριε,
1563 1507 1648 1569 είς
1671 1505 1773 1557 τὸν

240 1582 419 1637 αἰῶνα
438 1586 637 1653 μένεις
654 1628 667 1649 ,
698 1591 789 1642 καὶ
830 1590 893 1643 τὸ
911 1593 1295 1660 μνημόσυνόν
1315 1608 1429 1646 σου
1461 1597 1545 1659 εις
1567 1594 1773 1663 γενεὰν

239 1673 335 1725 καὶ
360 1677 589 1742 γενεάν.
612 1678 688 1729 Τὰ
713 1680 806 1747 μὲν
835 1680 1018 1749 θνητὰ,
1047 1681 1194 1749 φησὶ,
1218 1683 1310 1735 καὶ
1337 1684 1643 1753 ἀνθρώπινα
1667 1702 1772 1737 τοι-

239 1762 404 1825 αῦτα,
438 1760 524 1817 οἶα
556 1768 645 1818 καὶ
671 1767 982 1836 δεδήλωται,
1012 1772 1293 1839 τυγχάνει,
1325 1774 1651 1842 εὐμετάϐολα
1681 1775 1772 1829 καὶ

237 1849 518 1920 ἀνώμαλα,
537 1855 781 1908 ούδέποτε
803 1858 891 1909 ἐπὶ
910 1862 1020 1922 τοῖς
1036 1862 1211 1923 αὐτοῖς
1234 1862 1453 1930 μένοντα
1471 1881 1483 1893 ⁸
1506 1865 1615 1918 ἀλλ’
1631 1868 1772 1926 ἐπαι-
1803 1864 1843 1916 Β

237 1943 463 2012 ρόμενα,
483 1944 574 1996 καὶ
594 1948 1090 2017 καταρῥηγνύμενα,
1116 1951 1384 2020 ύψούμενά
1402 1972 1459 2006 τε
1481 1955 1571 2007 καί⁵
1588 1972 1771 2008 ταπει-

236 2032 472 2103 νούμενα
491 2074 507 2098 ,
544 2036 636 2087 καὶ
668 2037 920 2099 παντοίας
949 2039 1150 2107 τροπὰς
1193 2042 1283 2094 καὶ
1317 2044 1609 2111 μεταϐολὰς
1640 2046 1771 2098 ὑπο-

237 2122 461 2191 μένοντα
488 2124 575 2177 aia;
597 2125 694 2195 τὴν
717 2127 772 2177 ἐν
793 2125 1091 2197 ἀνθρώποις
1117 2129 1523 2203 πολιτευομένην
1549 2135 1739 2187 κακίαν
1754 2150 1769 2165 ο

235 2212 298 2264 σὺ
322 2213 399 2275 δὲ,
418 2213 610 2283 Κύριε,
634 2215 779 2267 οὐδὲν
798 2215 932 2285 ἔχων
954 2216 1137 2287 θνητὸν
1159 2221 1276 2272 ούδέ
1299 2221 1571 2292 ἐπίκηρον,
1591 2226 1666 2287 είς
1686 2224 1772 2277 τὸν

231 2301 399 2355 αἰῶνα
434 2302 616 2371 μένεις
634 2343 648 2366 ,
678 2304 762 2356 ἀεὶ
795 2307 928 2360 κατὰ
958 2309 1023 2361 τὰ
1050 2308 1187 2361 αὐτὰ
1214 2310 1305 2362 καὶ
1335 2311 1587 2375 ὡσαύτως
1615 2314 1769 2383 ἔχων,

227 2392 304 2454 ὼς
332 2392 499 2455 ἀΐδιος
528 2395 624 2447 καὶ
648 2396 992 2459 ἀναλλοίωτος
1010 2437 1024 2459 ,
1056 2401 1147 2452 καὶ
1174 2400 1241 2453 τὰ
1267 2402 1407 2467 ἅπαξ
1433 2403 1534 2455 ὑπὸ
1567 2404 1656 2456 σοῦ
1697 2406 1771 2475 (1)

230 2481 558 2535 σαλευθέντα
581 2523 597 2547 ,
628 2486 718 2537 καὶ
744 2487 800 2537 ἐν
824 2488 1115 2558 ἐπαγγελίᾳ
1147 2489 1493 2546 θεσπισθέντα
1521 2494 1667 2563 μένει
1696 2498 1773 2558 εἰς

227 2574 574 2642 μνημόσυνον
595 2574 782 2637 ἀΐδιον,
805 2578 837 2646 ἢ
866 2577 964 2629 κᾶν
989 2579 1061 2649 μὴ
1086 2582 1151 2648 τῇ
1174 2581 1411 2652 παρούσῃ
1442 2586 1616 2653 γενεᾷ,
1642 2585 1773 2638 ἀλλὰ

223 2664 286 2731 τῇ
317 2662 590 2733 ἐρχομένῃ
620 2664 757 2716 κατὰ
786 2665 882 2735 τὴν
902 2665 1226 2736 ψαλμῳδίαν.
1280 2671 1388 2722 Καὶ
1419 2671 1570 2724 τοῦτο
1594 2669 1682 2726 οῦν
1715 2691 1772 2725 σε

225 2751 461 2819 μάλιστα
505 2754 812 2823 ἐπικάμψαι
853 2757 1050 2823 ὀφείλει
1074 2798 1088 2821 ,
1124 2759 1394 2825 Δέσποτα,
1426 2763 1505 2814 ὅτι
1528 2762 1636 2830 ἐγὼ
1680 2764 1774 2833 μὲν

220 2843 313 2894 καὶ
327 2843 424 2911 τὴν
444 2843 607 2911 φύσιν
624 2843 870 2914 τοιαύτην
894 2846 998 2916 ἔχω
1014 2848 1269 2918 ἐπίκηρον
1288 2852 1378 2903 καὶ
1398 2852 1772 2924 ὀλιγοχρόνιον,

221 2930 315 2980 καὶ
350 2934 663 3000 συμφοραῖς
694 2932 985 3003 συνεζύγην
1026 2936 1334 3000 τοσαύταις’
1378 2941 1440 2990 σὺ
1472 2941 1528 2992 δὲ
1568 2941 1775 3004 αίώνιος

357 3017 664 3081 ἀθάνατος,
697 3020 833 3073 ὥστε
878 3024 1171 3094 μεταϐολήν
1198 3043 1318 3078 τινα
1361 3027 1470 3079 τῶν
1501 3030 1775 3099 παρόντων

217 3107 408 3159 κακῶν
433 3110 636 3179 ῥᾳδίως
665 3110 726 3161 ἄν
763 3129 848 3179 μοι
877 3114 1138 3181 χαρίσαιο.
1177 3116 1343 3168 Τοῦτο
1368 3118 1473 3188 γὰρ
1492 3120 1735 3191 ἐπιφέρει
1755 3138 1767 3153 ο

212 3194 299 3248 Σὺ
323 3197 604 3260 ἀναστὰς
618 3198 995 3265 οἱκτειρήσεις
1017 3208 1129 3268 τὴν
1149 3203 1317 3269 Σιὼν,
1343 3206 1428 3257 ὅτι
1446 3208 1643 3274 καιρὸς
1666 3210 1768 3264 τοῦ

210 3281 588 3347 οὶκτειρῆσαι
626 3283 845 3351 αὐτὴν,
892 3286 980 3339 ὅτι
1022 3289 1148 3354 ἥκει
1190 3294 1406 3359 καιρός.
1441 3294 1558 3359 Δὸς,
1589 3298 1766 3367 φησὶν,

209 3373 427 3441 ἀμείνω
469 3372 770 3442 μεταϐολὴν
799 3375 894 3443 τῆς
933 3380 1233 3448 συμφορᾶςο
1263 3382 1291 3429 6
1321 3379 1426 3450 γὰρ
1459 3384 1642 3453 καιρὸς
1679 3385 1768 3438 τὸν

208 3462 360 3514 ἐλέον
396 3464 654 3514 artat-:5?
692 3464 1083 3518 συντετέλεσται
1113 3467 1219 3537 γὰρ
1251 3470 1389 3540 ὁτῆς
1410 3472 1769 3544 ταλαιπωρίας

206 3551 369 3621 ἡμῶν
414 3552 637 3621 χρόνος.
699 3553 992 3606 Αἰνίττεται
1023 3555 1077 3607 δέ
1106 3555 1194 3609 διὰ
1222 3558 1422 3611 τούτων
1452 3562 1548 3629 τῆς
1582 3566 1691 3625 τοῖς
1719 3564 1767 3616 o'

203 3640 354 3694 ἔτεσι
378 3641 829 3712 περιωρισμένης
848 3644 1103 3714 τιμωρίας
1122 3649 1213 3700 καὶ
1232 3651 1593 3719 αἰχμαλωσίας
1610 3653 1669 3704 τὸ
1686 3653 1768 3705 τέ-

202 3728 315 3791 λος.
373 3730 541 3782 Οὕτω
592 3730 739 3783 καὶὸ
784 3731 1075 3802 θαυμάσιος
1120 3738 1310 3808 Δανιὴλ
1334 3739 1637 3811 ἀριθμήσας
1673 3745 1768 3814 τῆς

197 3822 602 3891 αἰχμαλωσίας
645 3821 733 3874 τὸν
775 3824 958 3893 χρόνον
1004 3828 1292 3899 προσφέρει
1333 3830 1427 3901 τὴν
1475 3832 1765 3904 ἱκετηρίαν,

197 3911 295 3963 καὶ
350 3910 581 3979 συνᾴδει
623 3910 827 3974 τούτοις
859 3913 957 3982 τῆς
1003 3919 1370 3988 πνευματικῆς
1408 3920 1665 3990 μελῳδίας
1701 3924 1768 3975 τὰ

196 3999 451 4067 ῥήματα.
504 3998 625 4050 Καὶ
668 4000 696 4051 6
740 4000 1007 4071 Ζαχαρίας
1048 4003 1103 4057 δὲ
1136 4008 1557 4077 προσευχόμενος
1593 4010 1763 4078 ἐλεγεο

193 4088 378 4154 Κύριε
409 4086 832 4153 παντόκρατυρ
853 4126 867 4150 ,
916 4090 1087 4157 μέχρι
1119 4093 1258 4144 πότε
1299 4096 1369 4145 οὐ
1394 4094 1476 4162 μὴ
1510 4095 1767 4163 ἐλεήσῃς

189 4176 311 4243 τὴν
339 4174 767 4244 Ἰερουσαλὴμ,
786 4178 882 4229 καὶ
896 4179 998 4243 τὰς
1011 4183 1213 4247 πόλεις
1241 4183 1438 4245 Ἰούδα,
1456 4183 1528 4249 ἃς
1540 4187 1767 4253 ὑπερεῖ-

188 4266 327 4331 δες;
364 4266 554 4319 τοῦτο
594 4265 1030 4335 ἑϐδομηκοστὸν
1054 4270 1204 4335 ἔτος.
1251 4272 1687 4342 Προφητεύεσθαι
1710 4277 1766 4327 δὲ

185 4357 434 4411 ἐνταῦθα
468 4352 638 4425 οἶμαι
664 4356 755 4408 καὶ
786 4359 882 4427 τὴν
909 4360 966 4409 ἐν
987 4359 1285 4429 ἀνθρώποις
1311 4362 1542 4431 Χριστοῦ
1573 4366 1766 4431 ἐπιφά-

185 4463 362 4512 νειαν,
389 4446 583 4499 αἰτίαν
612 4445 870 4516 ἐσομένην
888 4447 978 4499 τοῦ
1002 4449 1469 4521 ἀνοικοδομηθῆναι
1491 4453 1586 4523 τὴν
1608 4454 1760 4521 Σιὼν,

179 4538 443 4591 τουτέστι
480 4535 588 4588 τοῦ
616 4535 941 4606 ἀνεῳχθῆναι
961 4536 1021 4589 τὸ
1040 4539 1137 4606 τῆς
1156 4540 1428 4602 εὐσεϐείας
1450 4543 1759 4613 πολίτευμα.

181 4630 282 4691 Τίς
302 4629 364 4680 δὲ
385 4631 417 4680 6
444 4625 788 4688 πολύευκτος
813 4626 904 4678 καὶ
929 4626 1240 4696 τριπόθητος
1256 4630 1459 4699 καιρὸς,
1485 4632 1542 4683 ἐν
1562 4626 1605 4698 ᾧ
1631 4634 1764 4703 πλη-

180 4720 438 4790 ρωθῆναι
475 4717 705 4782 λέγεται
736 4716 801 4768 τὰ
828 4716 976 4785 παρὰ
1000 4718 1095 4785 τῆς
1125 4717 1256 4771 Σιὼν
1284 4720 1654 4790 ἐπηγγελμένα
1675 4725 1761 4787 ;'O

175 4811 282 4879 τῆς
305 4806 685 4869 ἀναστάσεως
710 4824 822 4871 σου,
840 4806 1027 4879 Κύριε.
1046 4810 1191 4861 Ἐπεὶ
1205 4810 1306 4880 γὰρ
1325 4811 1421 4879 τὴν
1442 4811 1533 4862 τοῦ
1558 4813 1758 4883 κόσμου

175 4902 475 4972 ἁμαρτίαν
512 4895 657 4967 ἆραι
688 4896 969 4967 ἐλήλυθας·
1005 4899 1099 4950 ούκ
1127 4899 1229 4950 ἔδει
1254 4899 1310 4950 δὲ
1335 4899 1421 4949 τὸν
1450 4901 1758 4969 τηλικοῦτον

173 4991 324 5061 ὑπὲρ
344 4990 563 5057 ὀλίγων
575 4987 909 5054 ἁμαρτωλῶν
930 4987 1096 5041 ἐλθεῖν
1115 4989 1205 5041 καὶ
1225 4986 1408 5039 παθεῖν
1424 5004 1436 5017 ο
1459 4989 1546 5041 ὅτε
1573 4992 1760 5064 ἐνέστη

173 5083 203 5133 6
233 5082 472 5152 χρόνος,
512 5077 650 5131 καθ’
674 5078 734 5129 ὃν
763 5077 970 5147 εἴρηται
996 5079 1100 5143 ὅτι,
1125 5099 1140 5131 ι
1169 5078 1366 5138 Πάντες
1392 5078 1632 5149 ἥμαρτον
1665 5084 1759 5134 καὶ

175 5171 561 5241 ὑστεροῦνται
608 5168 709 5236 τῆς
737 5167 889 5237 δόξης
922 5168 1011 5220 τοῦ
1037 5169 1163 5221 Θεοῦ
1185 5206 1198 5229 ,
1241 5166 1356 5218 τότε
1388 5168 1523 5220 ὑπέο
1558 5173 1756 5233 παντὸς

174 5262 401 5330 ἐγεύσω
432 5258 706 5314 θανάτου.
744 5275 763 5308 ›

1796 4495 1837 4548 D

246 5584 301 5619 ιι
335 5584 451 5639 153.
490 5596 603 5640 ιι,
641 5576 693 5629 6.
766 5576 808 5607 "
839 5575 1047 5630 Zachar.
1079 5589 1129 5639 ι,
1161 5572 1250 5627 12.
1328 5579 1373 5611 ³⁸
1406 5580 1563 5638 Rom.
1603 5596 1707 5647 nt,
1745 5582 1852 5637 25.

246 5736 331 5806 (1)
365 5730 638 5788 Mendum
667 5725 803 5779 haud
833 5724 994 5777 dubie.

422 5826 703 5885 Ps'rnOL.
750 5814 854 5871 Gtt.
899 5811 1103 5872 XXI".

1868 408 1932 461 IN
1969 406 2299 464 PSALMOS.
3255 407 3387 460 1258

1876 521 2008 574 riam
2058 522 2285 575 levatum
2318 518 2590 588 populum,
2622 517 2692 571 ita
2723 528 2780 570 ut
2810 519 3035 587 populus
3061 517 3152 573 Dei
3175 533 3390 574 vocare-

1875 619 1981 674 tur,
2012 623 2075 663 ac
2100 609 2290 662 domus
2321 608 2516 662 Domus
2545 608 2638 662 Dei
2668 609 2737 662 ob
2761 609 3123 663 sanctuarium
3148 609 3220 663 ihi
3254 610 3393 677 posi-

1874 705 1986 752 tum
2019 698 2303 754 diceretur.
2340 697 2473 751 Cum
2505 705 2681 752 autem
2709 712 2740 751 a
2772 697 2879 752 Deo
2904 708 3115 753 erectus
3135 707 3189 753 et
3218 699 3392 754 bono-

1874 795 2022 842 ratus
2068 788 2277 851 fuisset,
2320 788 2557 842 vicissim
2596 794 2780 857 postea
2809 788 2927 841 loco
2971 787 3114 841 illius
3146 788 3392 842 sublimis

1874 878 2069 945 εισι-ἰαὶ,
2102 878 2154 930 in
2186 877 2513 931 contrarium
2543 875 2804 945 deiectum
2820 891 2962 938 eum,
2992 876 3201 931 allisum
3230 890 3263 928 a
3287 876 3393 930 Deo

1876 964 2041 1019 fuisse
2076 965 2170 1030 ait,
2200 965 2274 1017 ita
2303 972 2360 1017 ut
2390 965 2562 1019 locum
2595 966 2860 1020 obsidioni
2882 975 2934 1019 et
2963 972 3211 1019 extremas
3229 968 3393 1020 vasti-

1876 1053 1990 1118 tati,
2026 1053 2278 1121 populum
2302 1067 2428 1107 vero
2448 1052 2742 1122 captivitati
2773 1053 3021 1107 traderet.

1942 1141 2104 1197 Vens.
2135 1142 2317 1196 12-14.
2353 1142 2474 1197 Dies
2503 1144 2601 1196 mei
2623 1144 2756 1195 sicut
2794 1146 2975 1195 umbra
2992 1142 3391 1205 declinaverunt,

1873 1239 1922 1282 et
1944 1244 2033 1297 ego
2062 1231 2193 1282 sicut
2214 1230 2387 1297 fenum
2415 1231 2549 1282 arui.
2592 1229 2770 1283 Omnis
2798 1231 2933 1283 enim
2963 1247 3085 1283 caro
3118 1231 3312 1299 fenum,
3345 1241 3395 1284 et

1876 1320 2039 1371 omnis
2068 1319 2236 1388 gloria
2274 1320 2383 1386 ejus
2416 1320 2565 1387 quasi
2589 1320 2686 1386 ﬂos
2721 1319 2900 1386 feni“.
2934 1318 3169 1373 Rursum
3197 1319 3263 1374 de
3300 1336 3395 1388 po-

1878 1408 1999 1475 pulo
2042 1422 2339 1463 sermonem
2382 1409 2533 1476 quasi
2570 1408 2671 1462 sibi
2705 1409 2976 1477 proprium
3018 1409 3242 1464 efferens
3266 1409 3394 1463 sub-

1870 1498 2064 1566 jungit,
2104 1496 2171 1549 Et
2206 1513 2295 1565 ego
2328 1498 2461 1549 sicut
2498 1497 2669 1563 fenum
2700 1499 2837 1551 arui.
2880 1497 2957 1549 Tu
2986 1507 3177 1562 autem,
3215 1497 3396 1551 Domi-

1874 1604 1955 1650 ne,
1990 1588 2046 1639 in
2068 1597 2311 1640 internum
2337 1602 2623 1654 permanes,
2651 1595 2698 1640 et
2728 1586 3025 1639 memoriale
3054 1596 3195 1638 tuum
3226 1587 3281 1639 in
3312 1603 3396 1655 ge-

1875 1677 2187 1728 nerationem
2230 1686 2279 1729 et
2314 1677 2709 1744 generationem.
2750 1674 2878 1739 Res,
2911 1676 3008 1739 ait,
3046 1677 3302 1735 mortales
3344 1687 3399 1731 et

1875 1765 2117 1817 humanae
2170 1766 2302 1819 tales
2331 1774 2475 1827 sunt,
2510 1764 2693 1833 quales
2736 1779 2899 1832 supra
2927 1766 3255 1819 declaratum
3290 1775 3395 1829 est,

1873 1856 2149 1909 mutationi
2195 1856 2399 1910 scilicet
2444 1865 2497 1911 et
2539 1857 2940 1924 inaequabilitati
2978 1857 3239 1923 obnoxia,
3280 1874 3399 1927 quas

1872 1962 2139 2015 nunquam
2162 1948 2345 2001 eodem
2371 1948 2425 2001 in
2461 1955 2604 2002 statu
2640 1958 2915 2015 maneant;
2946 1953 3039 2004 sed
3067 1950 3226 2003 modo
3247 1951 3396 2003 exal-

1871 2044 2011 2097 tatae,
2063 2051 2183 2089 mox
2228 2037 2430 2103 alliszc;
2477 2037 2634 2091 modo
2664 2046 2871 2105 erectae,
2908 2054 3031 2092 mox
3078 2038 3295 2106 dejectaa
3323 2039 3398 2092 vi-

1870 2125 2116 2188 deantur,
2151 2141 2212 2179 ac
2258 2128 2605 2181 mutationem
2633 2129 3144 2198 conversionemque
3170 2129 3398 2197 quamli-

1870 2214 1956 2268 bet
1977 2214 2223 2277 subeant,
2253 2216 2321 2270 ob
2354 2216 2646 2284 nequitiam
2680 2232 2797 2286 quae
2832 2218 2970 2272 inter
3003 2218 3247 2273 homines
3283 2234 3399 2271 ver-

1871 2311 2038 2356 satur.
2067 2304 2145 2356 Tu
2175 2313 2374 2369 autem,
2405 2304 2624 2358 Domine
2644 2344 2660 2371 ,
2696 2306 2786 2374 qui
2827 2305 2959 2358 nihil
2980 2306 3224 2371 mortale,
3266 2306 3398 2360 nihil

1870 2396 2067 2449 ﬂuxum
2119 2395 2304 2460 babes,
2355 2395 2410 2450 in
2451 2405 2706 2451 aeternum
2752 2412 3053 2466 permanes,
3098 2411 3162 2450 ac
3192 2411 3399 2466 semper

1870 2484 2052 2539 eodem
2075 2484 2252 2548 modo,
2283 2485 2469 2539 eodem
2502 2486 2557 2538 in
2586 2493 2729 2540 statu
2760 2486 3011 2551 versaris,
3040 2492 3220 2553 utpote
3247 2499 3400 2539 atter-

1872 2589 1973 2628 nus
2010 2583 2064 2628 et
2092 2574 2441 2628 immutabilis
2475 2593 2487 2627 :
2521 2590 2584 2628 ac
2615 2591 2733 2643 quat
2771 2576 2934 2630 semel
2977 2576 3074 2629 abs
3108 2583 3160 2628 te
3199 2584 3397 2629 statuta

1873 2672 2016 2729 sunt,
2046 2673 2100 2718 et
2134 2667 2187 2718 in
2220 2666 2492 2720 vaticiniis
2532 2666 2798 2733 promissa
2843 2663 3080 2728 fuerunt,
3108 2666 3162 2717 in
3198 2680 3403 2718 memo~

1876 2756 2002 2810 riale
2030 2756 2413 2831 sempiternum
2436 2764 2682 2818 manent,
2712 2756 2923 2809 etiamsi
2946 2770 3050 2808 non
3076 2757 3125 2807 in
3149 2756 3401 2823 praesenti

1872 2846 2236 2914 generatione,
2283 2852 2339 2898 at
2380 2846 2433 2900 in
2464 2844 2644 2899 futura
2693 2846 2984 2900 secundum
3030 2846 3397 2915 psalmodiam.

1872 2933 2044 3000 Atque
2069 2933 2171 2986 hoc
2201 2940 2273 2995 te,
2299 2932 2540 2995 Domine,
2572 2932 2801 2986 maxime
2824 2931 3034 2987 ﬂectere
3054 2933 3212 2988 debet
3236 2972 3251 2998 ,
3276 2934 3401 3002 quia

1871 3033 1969 3087 ego
1991 3019 2205 3087 quidem
2238 3020 2394 3073 talem
2426 3019 2595 3072 habeo
2623 3028 2891 3085 naturam,
2927 3019 3144 3084 ﬂuxam,
3185 3021 3399 3074 brevem

1872 3116 1924 3160 et
1956 3108 2026 3159 ita
2056 3108 2457 3171 calamitosam;
2492 3114 2547 3159 tu
2586 3123 2711 3161 vero
2748 3117 2978 3162 aeternus
3002 3116 3055 3162 et
3080 3109 3400 3163 immortalis

1868 3195 2056 3258 es;ita
2086 3203 2145 3247 ut
2195 3196 2536 3263 prasentium
2566 3196 2829 3255 malorum
2875 3197 3224 3250 mutationem
3271 3199 3399 3251 mihi

1867 3302 2120 3355 perquam
2169 3286 2326 3340 facile
2381 3286 2690 3355 prazbueris.
2737 3286 2794 3340 Id
2839 3300 3070 3355 namque
3111 3285 3290 3349 infert,
3321 3286 3399 3339 Tu

1865 3394 2138 3448 exsurgens
2171 3377 2485 3431 misereberis
2529 3375 2683 3439 Sion,
2728 3376 2852 3444 quia
2891 3384 3084 3442 tempus
3126 3376 3400 3429 misereudi

1866 3468 1998 3536 ejus,
2023 3469 2145 3536 quia
2174 3468 2307 3521 venit
2333 3476 2547 3534 tempus.
2579 3466 2674 3528 Da,
2699 3466 2891 3534 inquit,
2932 3465 3251 3518 calamitatis
3279 3479 3399 3517 tnu-

1866 3559 2119 3611 tationem
2168 3558 2221 3609 in
2265 3557 2455 3611 melius
2497 3574 2509 3609 :
2552 3570 2673 3607 nam
2721 3562 2932 3623 tempus
2974 3553 3399 3608 misericordiam

1869 3648 2128 3715 postulat;
2171 3646 2400 3699 miseriae
2439 3645 2634 3714 quippe
2683 3653 2879 3699 nostra
2919 3645 3235 3714 completum
3274 3658 3398 3713 spa-

1866 3735 1999 3788 tium
2029 3742 2129 3788 est.
2164 3732 2258 3787 llis
2283 3748 2444 3804 porro
2472 3734 2780 3789 subindicat
2811 3736 3061 3805 supplicii
3104 3735 3261 3790 annis
3310 3749 3397 3789 se-

1866 3825 2142 3894 ptuaginta
2190 3826 2581 3895 circumscripti
2626 3834 2680 3880 et
2733 3827 3051 3896 captivitatis
3101 3825 3279 3880 ﬂnem.
3310 3825 3400 3879 Sic

1867 3917 1993 3970 item
2046 3914 2231 3969 Daniel
2280 3916 2370 3970 ille
2420 3917 2717 3979 mirabilis,
2760 3918 3025 3970 recensito
3071 3917 3397 3984 captivitatis

1867 4016 2126 4076 tempore,
2154 4006 2595 4076 supplicationem
2628 4005 2781 4059 oﬂert
2812 4020 2997 4064 suam;
3032 4004 3220 4073 hisque
3244 4006 3398 4074 spiri-

1866 4100 2025 4153 tualis
2077 4098 2318 4152 melodiaa
2364 4098 2524 4151 verba
2578 4097 2850 4149 accinunt.
2913 4094 3196 4147 Zacharias
3268 4095 3397 4148 item

1865 4188 2065 4242 orando
2093 4188 2302 4242 dicebat
2336 4206 2350 4241 :
2385 4186 2598 4239 Domine
2638 4185 2971 4251 omnipotens,
3006 4199 3260 4253 usquequo
3294 4200 3395 4237 non

1865 4279 2178 4333 misereberis
2197 4277 2510 4339 Jerusalem,
2552 4284 2601 4328 ct
2641 4276 2908 4327 civitatum
2942 4273 3106 4336 Iuda,
3144 4290 3273 4342 quas
3302 4276 3395 4329 de-

1863 4368 2117 4435 spexisti?
2150 4367 2231 4419 hic
2275 4366 2675 4435 septuagesimus
2714 4380 2878 4417 annus
2912 4374 2986 4417 est
3004 4365 3068 4417 ’⁸.
3098 4362 3197 4417 Hic
3232 4365 3393 4420 etiam

1865 4453 2209 4521 pratnuntiari
2254 4462 2383 4519 puto
2428 4452 2632 4506 Christi
2678 4452 2744 4506 ad
2790 4452 3036 4506 homines
3084 4452 3391 4519 adventum,

1865 4542 1956 4611 qui
2004 4543 2057 4595 in
2089 4556 2252 4595 causa
2299 4542 2510 4595 futurus
2549 4548 2650 4606 est,
2684 4547 2742 4594 ut
2785 4549 3118 4597 restauretur
3160 4541 3311 4605 Sion,
3340 4544 3395 4598 id

1866 4638 1967 4692 est,
1997 4637 2056 4683 ut
2091 4629 2302 4698 pietatis
2353 4630 2656 4683 institutum
2691 4631 2982 4698 aperiatur.
3014 4626 3165 4695 Quod
3215 4641 3393 4687 autem

1867 4720 1997 4774 illud
2023 4726 2105 4775 est
2130 4719 2522 4789 optatissimum
2543 4728 2598 4773 et
2614 4719 3129 4775 desideratissimum
3160 4729 3389 4792 tempus,

1865 4826 1972 4879 quo
2023 4810 2289 4878 implenda
2339 4823 2458 4863 esse
2498 4809 2773 4871 dicuntur,
2800 4825 2918 4878 qua:
2957 4810 3022 4863 de
3068 4807 3230 4864 Sione
3268 4827 3393 4879 pro-

1864 4901 2029 4955 missa
2071 4900 2229 4956 sunt?
2266 4898 2398 4952 Illud
2436 4905 2517 4952 est
2561 4907 2768 4967 tempus
2809 4900 3226 4953 resurrectionis
3256 4910 3389 4965 tuae,

1838 4982 2107 5044 'Domine.
2131 4990 2267 5055 Quia
2292 4989 2433 5044 enim
2475 5000 2752 5057 peccatum
2787 4989 2973 5043 mundi
3003 4988 3276 5042 sublatum
3302 5006 3393 5044 ve-

1864 5081 2028 5135 nisti:
2060 5094 2158 5134 nec
2186 5079 2461 5147 oportebat
2500 5085 2706 5131 tantum
2747 5077 2894 5131 illum
2925 5075 3263 5130 Servatorem
3298 5092 3393 5146 pro

1866 5169 2047 5237 paucis
2088 5168 2453 5236 peccatoribus
2501 5166 2681 5221 venire
2727 5176 2780 5220 et
2827 5166 2964 5234 pati;
3001 5178 3123 5217 cum
3164 5163 3397 5219 instaret

1865 5266 2094 5326 tempus,
2121 5271 2227 5324 quo
2249 5255 2448 5308 dictum
2472 5261 2572 5317 est,
2613 5273 2630 5304 ι
2656 5251 2853 5309 Omnes
2891 5260 3185 5323 peccarunt
3202 5262 3262 5306 et
3283 5253 3398 5322 glo-

1864 5346 1945 5400 ria
1968 5346 2062 5400 Dei
2086 5348 2354 5413 privantur
2373 5347 2438 5411 ",
2472 5351 2600 5399 tunc
2626 5358 2725 5414 pro
2754 5345 3005 5399 omnibus
3037 5352 3277 5397 mortem
3310 5343 3402 5396 de-

1862 5436 2102 5503 gustasti.
2136 5454 2155 5487 ι

3069 5823 3144 5883 itii
