3890 6428
276 403 402 457 {9.37

1357 394 1836 453 COMMENTARIA
1878 396 1942 450 IN
1980 396 2309 453 PSALMOS.

3265 396 3397 450 l‘258

272 515 348 573 ei;
376 512 509 580 μέγα
541 510 690 579 δόξης
720 511 946 581 ἀρθέντα
972 513 1060 563 τὸν
1083 512 1225 575 λαὸν,
1257 511 1330 573 ὡς
1355 510 1485 563 Θεοῦ
1512 510 1634 563 λαὸν
1654 527 1780 578 χρη-

1887 510 2018 563 riam
2068 511 2295 564 levatum
2328 507 2600 577 p0pulum,
2632 505 2702 560 ita
2734 518 2790 560 ut
2820 508 3045 576 populus
3071 507 3161 563 Dei
3185 523 3400 563 vocare-

273 598 501 667 ματίσαι,
534 600 673 652 τόνδε
702 600 790 652 τὸν
820 597 961 653 οἶκον
992 600 1121 653 Θεοῦ
1154 600 1505 669 ὀνομασθῆναι
1530 598 1618 651 διά
1640 598 1699 650 τὸ
1725 600 1781 649 ἐν

270 686 407 754 αὐτῷ
431 687 683 756 ἀγίασμα.
728 689 959 759 Ἐπάρας
987 690 1075 741 καὶ
1100 691 1333 757 τιμήσας
1359 690 1386 740 ὀ
1409 688 1536 750 Θεὸς
1555 687 1780 757 ἐφαμίλ-

266 775 365 836 λως
394 778 457 843 τῇ
493 778 568 838 είς
597 777 724 845 ὕψος
748 778 968 849 ἀρθείσῃ
1000 779 1170 830 αὐτῶν
1196 779 1340 850 δόξῃ,
1372 781 1451 841 εἰς
1474 779 1532 831 τὸ
1553 779 1782 832 ἐναντίον

265 864 606 933 παραγαγὼν,
632 866 921 937 κατέρραξε
940 884 953 897 ·
975 868 1065 919 τὸν
1091 868 1186 937 μὲν
1211 869 1371 921 τόπον
1393 868 1667 938 πολιορκίᾳ
1691 885 1786 919 πα·

266 953 450 1021 ραδοὺς
493 956 584 1006 καὶ
633 956 875 1007 παντελεῖ
922 957 1153 1027 ἐρημίᾳ,
1197 959 1285 1011 τὸν
1320 960 1374 1012 δὲ
1413 960 1535 1013 λαὸν
1588 962 1783 1029 αἰχμα-

261 1040 445 1095 λωσία.

317 1131 385 1179 Αἰ
408 1129 611 1196 ἡμέραι
626 1149 743 1199 μου
761 1134 899 1188 ὡσεὶ
929 1135 1071 1189 σκιὰ
1092 1136 1430 1203 ἐκλίθησαν,
1460 1135 1617 1205 κάγὼ
1643 1137 1783 1188 ὡσεὶ

257 1216 462 1281 χόρτος
491 1219 837 1289 ἐξηράνθην.
886 1224 1056 1278 Πᾶσα
1075 1224 1184 1292 γὰρ
1219 1224 1370 1291 σὰρξ
1398 1226 1638 1293 χόρτος,
1687 1226 1779 1277 καὶ

255 1304 417 1358 πᾶσα
442 1307 588 1373 δόξα
608 1312 794 1379 αὐτῆς
817 1315 893 1378 ὠς
930 1315 1106 1379 ἄνθος
1131 1316 1358 1381 χόρτου.
1420 1315 1583 1367 Πάλιν
1612 1332 1781 1367 κοινο-

256 1395 570 1465 ποιούμενος
610 1400 698 1453 τὸν
737 1401 973 1471 περὶτοῦ
1002 1403 1127 1454 λαοῦ
1161 1403 1341 1469 λόγον,
1372 1402 1625 1470 ἐπιλέγειο
1674 1404 1779 1457 Καὶ
1822 1440 1848 1469 ,

251 1482 363 1549 ἐγὼ
387 1485 526 1538 ὡσεὶ
546 1490 754 1554 χόρτος
771 1490 1115 1558 ἐξηράνθην.
1144 1493 1225 1545 Σὺ
1248 1492 1332 1555 δὲ,
1359 1492 1548 1559 Κύριε,
1573 1495 1658 1558 είς
1680 1494 1783 1547 τὸν

251 1571 430 1625 αἰῶνα
449 1575 647 1641 μένεις
664 1617 677 1639 ,
707 1580 800 1630 καὶ
839 1579 903 1631 τὸ
921 1582 1305 1649 μνημόσυνόν
1324 1597 1438 1635 σου
1471 1586 1555 1648 εις
1577 1583 1783 1652 γενεὰν

251 1662 346 1714 καὶ
370 1666 598 1731 γενεάν.
621 1667 698 1718 Τὰ
723 1668 816 1735 μὲν
845 1668 1028 1738 θνητὰ,
1056 1670 1203 1738 φησὶ,
1227 1672 1319 1724 καὶ
1346 1672 1652 1742 ἀνθρώπινα
1677 1691 1782 1726 τοι-

250 1751 415 1815 αῦτα,
449 1749 534 1805 οἷα
566 1756 655 1806 καὶ
681 1756 992 1825 δεδήλωται,
1022 1760 1303 1828 τυγχάνει,
1335 1763 1661 1832 εὐμετάϐολα
1690 1764 1781 1817 καὶ⁸

1885 608 1991 663 tur,
2022 612 2084 652 ac
2110 598 2300 651 domus
2331 597 2526 651 Domus
2555 597 2648 651 Dei
2678 598 2747 651 ob
2771 598 3132 652 sanctuarium
3157 599 3229 651 ihi
3264 600 3403 667 posi-

1884 695 1995 741 tum
2028 688 2313 743 diceretur.
2350 686 2482 741 Cum
2515 694 2691 741 autem
2719 700 2750 740 a
2782 686 2889 741 Deo
2914 696 3125 743 erectus
3145 696 3199 742 et
3228 688 3402 743 bono-

1884 784 2032 831 ratus
2079 777 2287 840 fuisset,
2330 777 2567 831 vicissim
2606 784 2791 846 postea
2819 777 2937 830 loco
2981 776 3123 831 illius
3156 777 3402 831 sublimis

1883 867 2079 934 gloriae,
2112 867 2165 919 in
2197 867 2523 919 contrarium
2552 864 2972 934 dejectumeum,
3002 865 3211 920 allisum
3240 880 3272 918 a
3296 865 3403 920 Deo

1885 952 2050 1007 fuisse
2086 954 2180 1019 ait,
2210 954 2284 1006 ita
2312 961 2369 1007 ut
2400 955 2572 1008 locum
2605 956 2870 1009 obsidioni
2892 965 2943 1009 et
2973 961 3221 1008 extrema!
3238 958 3403 1009 vasti-

1885 1042 1999 1107 tati,
2036 1042 2288 1110 populum
2312 1057 2437 1096 vero
2458 1041 2752 1111 captivitati
2782 1042 3031 1096 traderet.

1952 1130 2114 1187 Vens.
2145 1131 2327 1185 l‘Z-M.
2363 1132 2484 1186 Dies
2513 1133 2610 1185 mei
2632 1134 2765 1185 sicut
2802 1135 2985 1185 umbra
3002 1132 3401 1195 declinaverunt,

1883 1227 1931 1271 et
1954 1233 2043 1286 ego
2072 1219 2203 1272 sicut
2224 1219 2396 1285 fenum
2425 1220 2560 1271 arui.
2602 1218 2780 1273 Omnis
2808 1220 2943 1272 enim
2973 1236 3095 1273 caro
3128 1220 3322 1288 fenum,
3355 1231 3404 1273 et

1886 1309 2049 1360 omnis
2078 1308 2245 1376 gloria
2284 1309 2393 1375 ejus
2425 1310 2574 1376 quasi
2599 1310 2695 1375 ﬂos
2731 1308 2910 1375 feni”.
2944 1308 3179 1363 Rursum
3206 1309 3273 1363 de
3310 1326 3405 1377 po-

1887 1396 2009 1464 pulo
2052 1412 2349 1452 sermonem
2391 1398 2543 1466 quasi
2580 1398 2681 1451 sibi
2714 1398 2987 1466 proprium
3027 1398 3251 1453 eﬂ‘erens
3276 1399 3404 1453 θυι»-

1880 1487 2074 1555 jungit,
2114 1485 2180 1537 Et
2216 1502 2305 1554 ego
2337 1487 2471 1539 sicut
2508 1486 2679 1553 fenum
2710 1488 2848 1540 arui.
2890 1486 2966 1539 Tu
2995 1496 3186 1551 autem,
3225 1486 3406 1541 Domi-

1884 1594 1965 1639 ne,
2000 1578 2055 1629 in
2078 1586 2321 1630 wternum
2346 1592 2632 1643 permanes,
2660 1584 2708 1629 et
2738 1575 3035 1628 memoriale
3063 1586 3205 1628 tuum
3236 1576 3290 1629 in
3321 1592 3406 1645 ge-

1884 1666 2197 1717 nerationem
2240 1675 2289 1718 et
2324 1666 2719 1733 generationem.
2760 1663 2888 1728 Res,
2921 1666 3017 1729 ait,
3056 1667 3312 1724 mortales
3354 1676 3409 1721 ct

1885 1754 2126 1807 humana:
2179 1755 2311 1808 tales
2341 1763 2484 1817 sunt,
2519 1753 2703 1822 quales
2745 1768 2908 1822 supra
2936 1755 3264 1808 declaratum
3300 1765 3404 1818 est,

249 1838 528 1908 ἀνώμαλα,
546 1844 791 1896 οὐδέποτε
812 1847 900 1898 ἐπὶ
920 1850 1029 1910 τοῖς
1045 1850 1221 1911 αὐτοῖς
1243 1851 1462 1919 μένοντα
1480 1870 1492 1882 ·
1516 1854 1625 1907 ἀλλ’
1641 1857 1780 1915 ἐπαι-

1882 1844 2159 1898 mutationi
2204 1845 2408 1898 scilicet
2454 1854 2507 1900 et
2549 1846 2949 1914 inaequabilitati
2987 1846 3248 1912 obnoxiae,
3290 1863 3408 1917 quae

249 1931 474 2001 ρόμενα,
493 1932 584 1984 καὶ
604 1936 1100 2006 καταρῤηγνύμενα,
1126 1939 1393 2008 ὑψούμενά
1411 1960 1469 1995 τε
1490 1944 1580 1996 καὶ
1597 1961 1781 1997 ταπει-

248 2020 483 2091 νούμενα
502 2063 517 2086 ,
554 2024 646 2076 καὶ
678 2025 929 2088 παντοίας
958 2028 1160 2096 τροπὰς
1202 2030 1292 2082 καὶ
1327 2032 1618 2100 μεταϐολὰς
1650 2034 1781 2086 ὑπο-

250 2110 472 2180 μένοντα
499 2112 585 2165 διά
608 2113 703 2183 τὴν
726 2116 781 2166 ὲν
802 2114 1100 2186 ἀνθρώποις
1127 2119 1532 2192 πολιτευομένην
1558 2125 1748 2176 κακίαν
1764 2139 1779 2154 ο

248 2200 310 2252 σὺ
334 2201 411 2264 δὲ,
428 2202 620 2271 Κύριε,
644 2204 789 2256 οὐδὲν
808 2204 942 2274 ἔχων
964 2205 1147 2276 θνητὸν
1168 2209 1286 2261 οὐδὲ
1308 2210 1580 2281 ἐπίκηρον,
1600 2216 1676 2276 εἰς
1695 2213 1781 2265 τὸν

244 2289 410 2343 αἰῶνα
446 2291 625 2360 μένεις
644 2331 658 2354 ,
687 2292 772 2345 ἀεὶ
805 2296 938 2348 κατά
967 2298 1032 2349 τὰ
1060 2297 1196 2349 αύτά
1223 2299 1315 2350 καὶ
1344 2299 1597 2363 ὡσαύτως
1624 2303 1778 2372 ἔχων,

240 2380 317 2442 ὼς
344 2380 510 2443 ἀΐδιος
538 2384 634 2435 καὶ
658 2384 1002 2448 ἀναλλοίωτος
1019 2426 1033 2448 ,
1065 2390 1157 2440 καὶ
1183 2389 1250 2441 τὰ
1276 2390 1416 2455 ἅπαξ
1442 2392 1544 2443 ὑπὸ
1576 2392 1666 2445 σοῦ
1706 2395 1780 2463 (ι)

243 2470 568 2523 σαλευθέντα
592 2511 606 2535 ,
637 2474 727 2525 καὶ
754 2476 810 2526 ἐν
834 2476 1124 2547 ἐπαγγελίᾳ
1156 2478 1502 2535 θεσπισθέντα
1531 2483 1676 2551 μένει
1706 2488 1782 2548 εὶς

241 2562 584 2631 μνημόσυνον
604 2563 791 2625 ἀΐδιον,
815 2566 846 2635 ἢ
876 2566 973 2618 κᾶν
999 2568 1070 2637 μὴ
1096 2571 1160 2637 τῇ
1183 2570 1420 2641 παρούσῃ
1451 2575 1625 2641 γενεᾷ,
1650 2574 1783 2627 ἀλλά

237 2652 299 2718 τῇ
330 2651 600 2721 ἐρχομένῃ
630 2652 766 2705 κατὰ
796 2653 891 2723 τὴν
912 2654 1235 2725 ψαλμῳδίαν.
1290 2660 1397 2711 Καὶ
1428 2660 1580 2713 τοῦτο
1603 2658 1691 2715 οὖν
1724 2680 1781 2714 σε

238 2739 472 2807 μάλιστα
516 2742 821 2810 ἐπικάμψαι
862 2745 1097 2811 ὀφείλει,
1133 2747 1403 2814 Δέσποτα,
1435 2751 1645 2819 ὄτιὲγὼ
1689 2754 1783 2822 μὲν

234 2831 326 2882 καὶ
340 2831 437 2900 τὴν
455 2831 617 2899 φύσιν
634 2832 879 2902 τοιαύτην
904 2834 1007 2905 ἔχω
1023 2837 1279 2907 ἐπίκηρον
1296 2840 1387 2892 καὶ
1408 2841 1781 2913 ὀλιγοχρόνιον,

235 2918 328 2968 καὶ
363 2922 672 2989 συμφοραῖς
704 2921 994 2992 συνεζύγην
1035 2925 1343 2989 τοσαύταις·
1388 2929 1449 2979 σὺ
1482 2930 1537 2981 δὲ
1578 2930 1784 2993 αἰώνιος

370 3006 672 3069 ἀθάνατος,
706 3009 843 3061 ὥστε
888 3013 1180 3083 μεταϐολήν
1207 3032 1327 3067 τινα
1370 3016 1479 3069 τῶν
1511 3020 1784 3087 παρόντων

232 3088 420 3147 κακῶν
445 3098 645 3167 ῥᾳδίως
674 3099 735 3150 ἄν
772 3117 857 3167 μοι
887 3102 1147 3171 χαρίσαιο.
1186 3105 1352 3157 Τοῦτο
1378 3107 1482 3177 γάρ
1502 3109 1776 3180 ἐπιφέρει·

226 3183 313 3236 Σὺ
336 3185 613 3248 ἀναστὰς
628 3188 1005 3253 οίκτειρήσεις
1026 3197 1138 3257 τὴν
1158 3191 1326 3257 Σιὼν,
1352 3194 1437 3246 ὅτι
1454 3196 1653 3263 καιρὸς
1676 3199 1777 3253 τοῦ

225 3269 597 3336 οὶκτειρῆσαι
635 3272 854 3339 αὐτὴν,
902 3275 989 3329 ὅτι
1031 3277 1157 3343 ἥκει
1199 3282 1415 3348 καιρός.
1450 3283 1568 3347 Δὸς,
1598 3288 1775 3356 φησιν,

224 3361 439 3429 ἀμείνω
481 3360 779 3431 μεταϐολὴν
808 3364 903 3432 τῆς
942 3368 1241 3437 συμφορᾶς
1272 3370 1301 3419 ὁ
1330 3368 1435 3439 γὰρ
1467 3373 1651 3442 καιρὸς
1688 3374 1777 3427 τὸν

223 3450 373 3502 έλὲον
409 3452 663 3502 ἀπαιτεῖ·
702 3452 1093 3506 συντετέλεσται
1122 3456 1228 3526 γὰρ
1260 3459 1399 3528 ὁτῆς
1418 3461 1778 3533 ταλαιπωρίας

222 3539 382 3609 ἡμῶν
426 3540 646 3610 χρόνος.
708 3541 1001 3595 Αίνίττεται
1032 3543 1087 3596 δὲ
1115 3543 1203 3597 διὰ
1231 3546 1430 3601 τούτων
1460 3551 1557 3619 τῆς
1591 3556 1700 3614 τοῖς
1728 3554 1775 3605 o'

219 3627 367 3682 ἔτεσι
392 3646 460 3681 πε
467 3629 838 3701 ριωρισμένης
856 3633 1113 3703 τιμωρίας
1131 3638 1222 3689 καὶ
1242 3640 1602 3708 αίχμαλωσίας
1619 3641 1678 3693 τὸ
1695 3643 1777 3694 τέ-

218 3716 329 3779 λος.
386 3717 552 3770 Οὕτω
601 3719 695 3770 καὶ
721 3721 748 3772 ὁ
794 3720 1085 3791 θαυμάσιος
1129 3727 1319 3797 Δανιὴλ
1343 3728 1647 3800 ἀριθμήσας
1682 3734 1777 3803 τῆς

214 3810 612 3879 αἰχμαλωσίας
654 3810 742 3864 τὸν
784 3813 967 3883 χρόνον
1013 3817 1301 3888 προσφέρει
1342 3819 1436 3889 τὴν
1484 3821 1773 3893 ἱκετηρίαν,

215 3899 311 3950 καὶ
364 3899 591 3968 συνᾴδει
633 3898 835 3962 τούτοις
868 3902 967 3971 τῆς
1012 3908 1379 3976 πνευματικῆς
1416 3909 1674 3978 μελῳδίας
1710 3913 1777 3964 τὰ

214 3987 463 4055 ῥήματα.
516 3987 634 4039 Καὶ
677 3989 704 4040 ὁ
748 3990 1017 4059 Ζαχαρίας
1057 3992 1113 4045 δὲ
1145 3996 1565 4065 προσευχόμενος
1602 3998 1772 4066 ἔλεγε·

210 4076 392 4141 Κύριε
422 4075 841 4141 παντόκρατορ
862 4114 876 4138 ,
926 4078 1097 4145 μέχρι
1128 4082 1267 4132 πότε
1308 4084 1377 4134 οὐ
1403 4082 1485 4150 μὴ
1519 4084 1776 4151 ἐλεήσῃς

206 4164 326 4230 τὴν
354 4164 776 4232 Ἰερουσαλὴμ,
794 4166 891 4217 καὶ
904 4168 1007 4231 τὰς
1020 4171 1221 4235 πόλεις
1250 4171 1447 4234 Ἰούδα,
1465 4172 1537 4238 ἃς
1549 4175 1775 4241 ὑπερεῖ-

206 4252 343 4319 δες;
379 4253 565 4306 τοῦτο
604 4253 1039 4322 ἑϐδομηκοστὸν
1063 4258 1213 4323 ἔτος.
1260 4260 1695 4330 Προφητεύεσθαι
1720 4265 1775 4316 δὲ

203 4344 448 4398 ἐνταῦθα
480 4340 647 4413 οἶμαι
673 4344 764 4396 καὶ
794 4347 890 4415 τὴν
918 4348 974 4397 ἐν
996 4347 1293 4418 ἀνθρώποις
1320 4351 1551 4420 Χριστοῦ
1581 4354 1775 4420 ἐπιφά-

203 4451 377 4499 νειαν,
403 4434 593 4487 αἰτίαν
621 4433 879 4504 ἐσομένην
897 4435 987 4487 τοῦ
1010 4437 1478 4509 ἀνοικοδομηθῆναι
1500 4441 1595 4511 τὴν
1616 4442 1769 4509 Σιὼν,

198 4525 456 4578 τουτέστι
492 4523 597 4576 τοῦ
625 4524 949 4594 ἀνεῳχθῆναι
970 4524 1030 4577 τὸ
1048 4527 1147 4595 τῆς
1165 4528 1436 4591 εὐσεϐείας
1458 4532 1768 4602 πολίτευμα.

199 4616 299 4678 Τίς
318 4616 379 4668 δὲ
399 4618 430 4668 ὁ
457 4614 796 4677 πολύευκτος
822 4614 912 4667 καὶ
937 4614 1249 4685 τριπόθητος
1265 4618 1467 4688 καιρὸς,
1494 4621 1551 4671 ὲν
1571 4615 1614 4687 ᾧ
1639 4623 1772 4692 πλη-

198 4706 451 4777 ρωθῆναι
487 4705 713 4771 λέγεται
744 4705 809 4756 τὰ
837 4704 984 4774 παρὰ
1008 4707 1103 4774 τῆς
1134 4706 1265 4759 Σιὼν
1292 4709 1663 4779 ἐπηγγελμένα
1684 4714 1770 4775 ;'0

194 4798 299 4866 τῆς
321 4794 693 4857 ἁναπάσεὼς
719 4812 830 4860 σου,
849 4795 1035 4867 Κύριε.
1054 4799 1200 4850 Ἐπεὶ
1213 4798 1315 4869 γὰρ
1334 4799 1429 4868 τὴν
1451 4799 1542 4851 τοῦ
1566 4802 1767 4871 κόσμου

195 4888 487 4959 ἁμαρτίαν
522 4883 666 4955 ἆραι
697 4884 977 4955 ἐλήλυθας·
1013 4888 1108 4939 οὐκ
1135 4888 1237 4939 ἔδει
1262 4888 1319 4939 δὲ
1344 4888 1430 4938 τὸν
1459 4889 1767 4958 τηλικοῦτον

193 4978 340 5047 ὑπὲρ
359 4977 573 5044 ὀλίγων
585 4975 917 5043 ἁμαρτωλῶν
938 4976 1104 5029 ἐλθεῖν
1124 4978 1213 5029 καὶ
1234 4975 1417 5027 παθεῖν
1433 4993 1445 5005 ·
1468 4978 1555 5030 ὅτε
1582 4981 1769 5052 ἐνέστη

193 5070 222 5119 ὁ
252 5069 485 5139 χρόνος,
524 5065 658 5119 καθ’
683 5066 742 5117 ὃν
771 5066 979 5136 εἴρηται
1004 5069 1108 5131 ὅτι,
1133 5088 1148 5119 ι
1178 5067 1375 5127 Πάντες
1401 5067 1641 5138 ἥμαρτον
1674 5074 1768 5123 καὶ

195 5158 571 5229 ὑστεροῦνται
616 5156 718 5225 τῆς
746 5156 897 5226 δόξης
929 5157 1019 5209 τοῦ
1046 5158 1171 5211 Θεοῦ
1193 5195 1207 5218 ,
1250 5155 1365 5207 τότε
1396 5157 1531 5209 ὑπὲο
1566 5162 1765 5222 παντὸς

194 5249 415 5316 ἐγεύσω
446 5246 715 5302 θανάτου.
751 5263 771 5297 ι

264 5570 318 5605 ⁸⁴
351 5570 464 5625 lsa.
502 5584 611 5628 ιι,
649 5564 701 5618 6.
774 5565 816 5595 ’³
847 5564 1055 5619 Zachar.
1088 5578 1137 5628 ι,
1170 5561 1258 5617 12.
1337 5568 1381 5601 ³⁸
1414 5569 1571 5627 Rom.
1612 5584 1715 5636 tu,
1754 5571 1861 5626 25.

265 5722 347 5792 (1)
380 5718 646 5775 Mendum
675 5714 811 5767 haud
841 5713 1003 5766 dubie.

436 5813 711 5872 Ρηιιοι.
758 5803 862 5860 Gn.
908 5800 1112 5861 XXI".

1880 1951 2148 2004 nunquam
2172 1937 2355 1990 eodem
2381 1938 2435 1989 in
2470 1945 2614 1991 statu
2650 1948 2925 2005 maneant;
2956 1942 3048 1993 sed
3077 1939 3235 1992 modo
3257 1940 3406 1993 exal-

1879 2033 2020 2086 tatae,
2072 2040 2192 2078 mox
2237 2026 2439 2091 allisre;
2486 2026 2643 2081 modo
2673 2035 2881 2094 erectae,
2917 2043 3041 2081 mox
3087 2027 3305 2096 dejecta:
3332 2029 3407 2081 vi—

1879 2114 2126 2177 deantur,
2160 2129 2221 2168 ac
2268 2116 2615 2170 mutationem
2642 2118 3153 2187 conversioncmque
3178 2119 3407 2187 quamli-

1880 2203 1965 2256 bet
1987 2203 2232 2265 subcant,
2262 2205 2330 2259 ob
2363 2206 2655 2273 nequitiam
2690 2222 2806 2275 qua:
2841 2208 2979 2261 inter
3013 2207 3256 2262 homines
3292 2223 3409 2260 ver-

1881 2300 2047 2345 satur.
2077 2293 2154 2345 Tu
2185 2301 2384 2358 autem,
2414 2292 2633 2347 Domine
2654 2333 2669 2360 ,
2705 2295 2796 2363 qui
2837 2295 2969 2347 nihil
2989 2296 3233 2361 mortale,
3275 2295 3407 2349 nihil

1878 2386 2077 2438 ﬂuxum
2128 2384 2313 2449 babes,
2364 2384 2419 2439 in
2461 2394 2715 2440 aeternum
2762 2401 3062 2455 permanes,
3106 2400 3171 2439 ac
3202 2400 3408 2455 semper

1879 2474 2062 2528 eodem
2084 2474 2262 2536 modo,
2292 2474 2479 2529 eodem
2512 2474 2566 2527 in
2596 2482 2738 2529 statu
2769 2475 3020 2540 versaris,
3049 2482 3229 2543 utpote
3256 2488 3409 2529 aucr-

1882 2578 1982 2617 nus
2019 2572 2073 2617 et
2100 2563 2450 2616 immutabilis
2484 2582 2497 2616 :
2531 2578 2593 2617 ac
2624 2580 2743 2632 qua:
2780 2565 2945 2619 semel
2986 2565 3083 2618 abs
3116 2573 3169 2617 te
3208 2573 3407 2618 statuta

1882 2662 2026 2718 sunt,
2055 2662 2109 2707 et
2143 2656 2197 2707 in
2229 2655 2501 2709 vaticiniis
2542 2655 2807 2723 promissa
2852 2652 3089 2717 fuerunt,
3117 2655 3172 2707 in
3208 2669 3412 2707 memo-

1885 2745 2011 2799 riale
2040 2745 2422 2821 sempiternum
2445 2752 2692 2807 manent,
2721 2745 3060 2799 etiamsinon
3085 2746 3135 2797 in
3158 2745 3410 2812 praesenti

1882 2836 2244 2903 generatione,
2292 2841 2347 2887 at
2389 2835 2443 2889 in
2473 2834 2654 2888 futura
2703 2835 2993 2889 secundum
3040 2835 3406 2905 psalmodiam.

1880 2923 2053 2990 Atque
2078 2922 2181 2975 hoc
2210 2929 2282 2985 te,
2308 2921 2550 2985 Domine,
2581 2921 2810 2975 maxime
2832 2920 3043 2977 ﬂectere
3063 2922 3221 2977 debet
3245 2962 3260 2987 ,
3286 2923 3410 2992 quia

1881 3023 1977 3077 ego
2000 3008 2214 3076 quidem
2247 3009 2402 3062 talem
2436 3007 2605 3061 habeo
2632 3017 2901 3074 naturam,
2937 3009 3153 3074 ﬂuxam,
3194 3010 3408 3064 brevem

1881 3105 1933 3149 et
1965 3097 2035 3148 ita
2065 3097 2466 3160 calamitosam;
2501 3104 2557 3149 tu
2595 3112 2721 3150 vero
2757 3105 2987 3151 aeternus
3012 3105 3065 3152 et
3089 3098 3409 3152 immortalis

1877 3184 2065 3247 es;ita
2095 3192 2154 3236 ut
2203 3185 2545 3253 prmscntium
2575 3185 2837 3243 malorum
2884 3186 3233 3240 mutationem
3280 3188 3409 3241 mihi

1876 3290 2129 3344 perquam
2179 3275 2335 3329 facile
2390 3276 2699 3344 prmbueris.
2746 3275 2803 3329 ld
2848 3289 3079 3345 namque
3120 3275 3299 3339 infert,
3330 3276 3408 3328 Tu

1874 3383 2147 3438 exsurgens
2180 3366 2493 3420 misereberis
2538 3364 2692 3428 Sion,
2738 3365 2860 3434 quia
2900 3374 3093 3432 tempus
3135 3366 3408 3418 miserendi

1875 3457 2007 3525 ejus,
2031 3458 2154 3525 quia
2184 3458 2316 3510 venit
2342 3466 2556 3524 tempus.
2588 3456 2683 3518 Da,
2708 3455 2901 3524 inquit,
2941 3454 3260 3507 calamitatis
3288 3469 3408 3507 mu-

1875 3548 2128 3601 tationem
2176 3548 2230 3599 in
2274 3546 2464 3601 melius
2506 3564 2519 3599 :
2562 3559 2682 3597 nam
2730 3552 2941 3613 tempus
2982 3543 3408 3598 misericordiam

1878 3636 2137 3704 postulat;
2179 3635 2409 3689 miseriae
2448 3635 2643 3703 quippe
2692 3642 2888 3689 nostra:
2928 3634 3245 3703 completum
3284 3648 3406 3702 spa-

1875 3724 2008 3777 tium
2038 3732 2138 3777 cst.
2172 3722 2266 3777 His
2291 3738 2452 3793 porro
2481 3723 2789 3778 subindicat
2820 3725 3070 3794 supplicii
3113 3724 3270 3780 annis
3319 3739 3406 3779 se-

1876 3814 2150 3883 ptuaginta
2199 3815 2589 3885 circumscripti
2634 3823 2689 3869 et
2742 3816 3061 3885 captivitatis
3110 3814 3288 3870 linem.
3319 3814 3409 3869 Sic

1876 3906 2001 3958 item
2055 3903 2240 3959 Daniel
2289 3906 2379 3959 ille
2429 3906 2726 3968 mirabilis,
2770 3908 3033 3960 recensito
3080 3906 3406 3973 captivitatis

1876 4004 2135 4065 tempore,
2163 3995 2604 4065 supplicationem
2636 3994 2791 4048 oﬂert
2821 4009 3006 4053 suam;
3042 3994 3229 4062 hisque
3253 3996 3407 4063 spiri-

1874 4088 2034 4141 tualis
2086 4087 2326 4141 melodiaa
2373 4087 2533 4140 verba
2587 4086 2859 4138 accinunt.
2922 4084 3205 4137 Zacharias
3277 4084 3405 4137 item

1874 4177 2074 4231 orando
2102 4177 2311 4230 dicebat
2345 4196 2359 4231 :
2394 4175 2606 4228 Domine
2648 4174 2980 4241 omnipotens,
3015 4189 3269 4242 usquequo
3303 4189 3404 4227 non

1874 4267 2187 4321 misereberis
2206 4266 2519 4328 Jerusalem,
2561 4274 2609 4318 et
2650 4265 2917 4316 civitatum
2951 4262 3115 4325 Juda,
3153 4279 3282 4331 quas
3311 4266 3403 4318 de-

1872 4356 2126 4424 spexisti?
2159 4356 2240 4408 hic
2284 4355 2684 4424 septuagesimus
2723 4369 2887 4406 annus
2920 4363 2995 4407 est
3013 4354 3077 4407 ”.
3107 4352 3206 4406 llic
3241 4354 3402 4410 etiam

1873 4442 2219 4509 prmnuntiari
2263 4451 2391 4508 puto
2437 4441 2640 4495 Christi
2686 4441 2753 4495 ad
2799 4441 3045 4495 homines
3093 4441 3400 4508 adventum,

1874 4532 1966 4599 qui
2012 4532 2066 4584 in
2098 4546 2261 4585 causa
2308 4531 2519 4584 futurus
2558 4536 2659 4595 est,
2692 4536 2751 4583 ut
2794 4538 3126 4585 restauretur
3169 4530 3319 4595 Sion,
3349 4533 3403 4587 id

1874 4626 1976 4681 est,
2006 4626 2065 4672 ut
2100 4618 2311 4688 pietatis
2362 4619 2665 4673 institutum
2699 4620 2990 4687 aperiatur.
3023 4620 3175 4684 Quod
3224 4630 3401 4677 autem

1876 4708 2007 4763 illud
2032 4716 2114 4763 est
2139 4708 2530 4778 optatissimum
2552 4716 2607 4762 et
2622 4708 3136 4764 desideratissimum
3168 4718 3397 4781 tempus,

1874 4814 1981 4868 quo
2032 4799 2297 4867 implenda
2348 4812 2467 4852 esse
2507 4798 2781 4861 dicuntur,
2808 4814 2927 4867 quae
2965 4799 3031 4853 de
3077 4796 3239 4854 Sione
3278 4816 3402 4868 pro-

1872 4890 2037 4944 missa
2080 4889 2238 4945 sunt?
2274 4887 2407 4941 Illud
2444 4894 2526 4940 est
2569 4896 2777 4957 tempus
2818 4889 3235 4943 resurrectionis
3264 4900 3399 4955 tum,

1847 4971 2116 5033 'Domine.
2140 4979 2275 5044 Quia
2301 4978 2441 5033 enim
2483 4988 2760 5046 peccatum
2795 4978 2981 5032 mundi
3012 4977 3285 5031 sublatum
3311 4996 3401 5034 ve-

1872 5070 2037 5124 nisti:
2069 5084 2166 5127 nec
2195 5068 2469 5137 oportebat
2508 5074 2714 5120 tantum
2756 5066 2903 5120 illum
2934 5065 3272 5119 Servatorem
3306 5082 3402 5134 pro

1874 5158 2056 5226 paucis
2096 5157 2462 5225 peccatoribus
2508 5155 2690 5209 venire
2736 5165 2789 5209 et
2835 5155 2973 5222 pati;
3009 5167 3131 5206 cum
3173 5153 3405 5208 instaret.

1874 5255 2103 5315 tempus,
2130 5260 2235 5313 quo
2258 5244 2456 5297 dictum
2480 5250 2581 5306 est,
2622 5262 2638 5293 ε
2664 5240 2861 5297 Omnes
2899 5249 3193 5311 peccarunt
3211 5252 3271 5295 et
3291 5242 3406 5311 glo—

1873 5335 1954 5388 ria
1977 5334 2070 5389 Dei
2094 5336 2446 5403 privantur",
2480 5341 2608 5388 tunc
2634 5346 2733 5402 pro
2762 5334 3013 5388 omnibus
3046 5340 3285 5386 mortem
3319 5332 3411 5385 de-

1872 5425 2110 5492 gustasti.
2144 5442 2163 5475 ι

3077 5812 3153 5872 lii!
