3890 6438
189 418 315 472 1261

1265 405 1755 465 COMMENTABIA
1792 404 1858 458 ΙΝ
1897 401 2228 458 PSALMOS.

3194 397 3329 455 15.62

182 531 398 582 δίκαιοι
437 525 811 593 επεθύμησαν
844 522 988 576 ἰδεῖν
1016 523 1054 575 d
1091 520 1255 590 ὑμεῖς
1292 519 1568 583 βλέπετε,
1614 515 1710 570 καὶ

1838 517 1942 566 tum
1969 527 2050 566 me
2075 511 2340 566 inﬁrmum
2360 515 2412 561 et
2437 513 2713 577 gravatum
2735 520 2916 568 cerno,
2941 506 3186 576 suspicor
3201 505 3328 559 mihi

181 621 289 671 οὐκ
311 614 491 680 εἶδον,
523 615 623 668 καὶ
648 615 897 667 ἀκοῦσαι
925 612 962 665 ἃ
981 613 1244 673 ἀκούετε,
1273 610 1367 661 καὶ
1395 611 1502 662 οὐκ
1532 608 1708 675 ἤκου-

178 716 317 752 σαν.
357 699 510 750 Κατά
536 699 591 750 δὲ
617 698 712 767 τὴν
746 697 978 766 ἱστορίαν
1000 736 1014 759 ,
1041 696 1276 758 Βλέπων,
1309 696 1488 763 φησὶν,
1541 696 1707 764 ἐμαυ-

177 785 266 835 τὸν
301 783 587 836 ἀτονοῦντα
619 783 712 835 καὶ
745 783 1116 852 βαρυνόμενον,
1149 783 1320 849 ὀλίγον
1349 782 1704 852 ὐπολαμὸἀνω

176 873 368 942 καιρὸν
396 875 766 944 ὑπολελεῖφθαι
799 891 885 944 μοι
921 873 1079 942 ζωῆς.
1107 873 1194 942 Μὴ
1219 871 1310 925 οὖν
1348 873 1709 943 ὲκδημήσαιμι

170 962 267 1014 τοῦ
318 963 565 1032 σώματος
611 966 667 1016 ὲν
710 963 785 1032 τῷ
831 964 1014 1032 ἡμίσει
1053 965 1143 1016 καὶ
1196 963 1370 1015 ἀτελεῖ
1415 962 1521 1014 τῶν
1573 964 1706 1030 ἡμε-

177 1050 305 1123 ρῶν.
357 1055 452 1104 Ἐν
503 1053 673 1122 γενεᾷ
725 1053 938 1121 γενεῶν
964 1053 1032 1105 τὰ
1055 1053 1158 1120 ἐτη
1210 1068 1342 1106 σου.
1381 1051 1706 1120 Ἀναγκαίως

173 1142 454 1212 προειπών
476 1158 490 1174 ο
539 1142 631 1210 Μὴ
671 1141 967 1210 ἀναγάγῃς
1002 1157 1076 1210 με
1122 1143 1191 1194 ἐν
1238 1143 1436 1212 ἡμίσει
1465 1141 1708 1209 ,τηιερῶν

165 1248 312 1298 μου,
340 1231 628 1302 εὐξάμενός
673 1248 729 1284 τε
767 1233 1078 1302 παραθεῖναι
1122 1233 1218 1302 τὴν
1260 1233 1398 1301 ζωὴν
1428 1231 1582 1300 μέχρι
1609 1231 1706 1297 τῆς

172 1318 460 1383 ἐκϐάσεως
487 1321 590 1373 τῶν
613 1323 1111 1391 προφητευομένων,
1149 1322 1343 1390 συνορᾷ
1367 1320 1427 1370 τὸ
1457 1319 1707 1371 ἀδύνατον

171 1406 262 1459 διὰ
294 1409 358 1459 τὸ
385 1409 605 1471 ἀσθενὲς
631 1410 720 1461 καὶ
744 1410 1096 1478 ὀλιγοχρόνιον
1122 1410 1217 1477 τῆς
1244 1409 1436 1478 θνητῆς
1464 1408 1672 1476 φύσεως
1692 1425 1706 1439 °

171 1490 296 1547 εἶτα
333 1496 436 1564 ἔφη
463 1512 476 1524 ·
513 1496 610 1548 Σοῦ
637 1497 814 1565 μόνου,
845 1496 1032 1564 Κύριε,
1065 1496 1132 1547 τὰ
1165 1495 1254 1564 ἐτη
1295 1497 1369 1557 είς
1401 1496 1586 1562 γενεὰν
1618 1497 1708 1548 καὶ

170 1582 375 1648 γενεὰν
412 1583 654 1636 διατείνει
679 1601 692 1614 ο
729 1584 818 1636 καὶ
864 1585 925 1636 σὺ
956 1583 1103 1651 ἥξεις
1144 1585 1224 1646 είς
1265 1585 1474 1655 ἐκείνην
1506 1586 1600 1656 τὴν
1625 1603 1714 1652 γε-

1808 603 2061 671 perbreve
2083 609 2292 668 tempus
2321 599 2440 652 vitae
2474 595 2747 651 residuum
2779 610 2915 649 esse.
2954 594 3030 650 Ne
3058 597 3236 664 itaque
3278 596 3330 648 in

1806 690 2030 744 dimidio
2069 689 2274 743 dierum
2329 694 2383 740 et
2433 686 2714 738 immature
2757 697 2788 736 a
2831 697 3053 751 corpore
3121 685 3336 753 proiici-

1809 794 1946 832 scar.
1983 777 2046 831 In
2069 778 2390 847 generatione
2411 775 2796 844 generationum
2816 775 2940 826 anni
2966 774 3062 826 tui.
3087 774 3221 826 Cum
3252 773 3335 828 di-

1810 871 1996 934 xisset,
2025 867 2106 921 Ne
2138 884 2335 921 revoces
2365 883 2442 919 me
2475 867 2527 918 in
2541 863 2762 917 dimidio
2784 863 2980 916 dierum
3005 879 3256 926 meorum,
3274 879 3337 918 ac

1808 969 2046 1031 rogasset
2075 961 2239 1015 vitam
2271 974 2422 1014 suam
2457 974 2624 1027 usque
2671 957 2737 1010 ad
2787 972 2965 1010 rerum
3013 957 3356 1024 praenuntiar

1809 1060 1982 1103 tarum
2008 1058 2254 1104 eventum
2286 1047 2592 1118 prorogari;
2622 1047 2765 1100 videt
2795 1047 2895 1099 hoc
2927 1047 2995 1099 ob
3021 1046 3339 1098 imbecillam

1811 1149 1862 1196 et
1889 1142 2084 1195 ﬂuxam
2131 1141 2370 1194 mortalis
2416 1146 2620 1192 natura:
2669 1137 3028 1191 conditionem
3072 1135 3182 1189 ﬁeri
3235 1151 3344 1189 non

1815 1247 1997 1298 posse;
2024 1231 2214 1285 deinde
2248 1231 2350 1283 ait:
2385 1228 2487 1281 Tui
2532 1228 2698 1282 solius
2728 1228 2875 1287 anni,
2909 1226 3150 1288 Domine,
3182 1227 3235 1278 in
3262 1240 3346 1294 ge-

1813 1319 2137 1372 nerationem
2184 1325 2236 1370 et
2282 1317 2672 1385 generationem
2715 1315 3130 1382 producuntur:
3185 1324 3348 1382 tuque

1814 1409 2092 1477 pervenies
2140 1409 2204 1461 ad
2255 1409 2399 1460 illam
2430 1409 2822 1477 generationem
2859 1415 2910 1459 et
2941 1407 3193 1474 populum
3227 1445 3242 1467 ,
3283 1406 3349 1458 de

1813 1499 2008 1567 quibus
2032 1499 2276 1566 superius
2302 1498 2610 1552 dicebatur:
2640 1497 2912 1552 Scribatur
2949 1496 3056 1549 haec
3106 1497 3160 1548 in
3197 1511 3353 1564 gene-

1819 1589 2070 1641 rationem
2095 1587 2334 1647 atteram,
2369 1595 2420 1640 et
2449 1595 2659 1640 caetera.

170 1675 332 1737 νεὰν,
375 1678 616 1729 κάκεῖνον
651 1677 736 1728 τὸν
761 1678 904 1738 λαὸν,
931 1678 1054 1746 περὶ
1079 1671 1151 1730 ὧν
1184 1679 1434 1750 ἀνωτέρω
1463 1680 1704 1748 ὲλέγετο’
1739 1681 2021 1747 Γραφήτω
2043 1681 2188 1745 αὕτη
2226 1681 2309 1742 είς
2334 1678 2445 1745 τὴν
2488 1678 2692 1746 γενεὰν
2736 1675 2960 1743 ἑτέραν,
2995 1677 3087 1728 καὶ
3107 1674 3174 1726 τά
3205 1673 3348 1744 ἑξῆς.

252 1766 403 1815 Κατ’
463 1765 647 1831 ἀρχὰς
681 1764 792 1828 τὴν
845 1763 960 1831 γῆν
992 1764 1105 1827 σὺ,
1171 1767 1361 1831 Κύριε,
1409 1767 1712 1834 ἐθεμελίω-
1744 1756 1785 1808 Β

171 1866 317 1915 σας,
356 1852 450 1904 καὶ
478 1852 615 1919 ἔργα
652 1851 764 1903 τῶν
791 1851 998 1920 χειρῶν
1033 1854 1144 1904 σού
1179 1855 1333 1905 εἰσιν
1367 1857 1419 1906 οἱ
1455 1857 1710 1921 οὐρανοί.

173 1939 364 1992 Αὐτοὶ
397 1941 778 2003 ἀπολοῦνται,
829 1941 908 1993 σὺ
938 1940 1004 1992 δὲ
1046 1942 1350 2009 διαμένεις.
1388 1945 1449 1995 Ei
1483 1944 1579 2012 μὲν
1610 1944 1717 2015 γὰρ

175 2029 237 2080 οὐ
276 2027 541 2098 συνῆσθα,
576 2030 724 2097 φησὶ,
762 2029 878 2081 κατ’
911 2030 1095 2099 ἀρχὰς,
1130 2026 1173 2083 ὧ
1218 2032 1406 2102 Κύριε,
1453 2035 1544 2086 καὶ
1566 2035 1614 2086 εἰ
1645 2034 1718 2104 μὴ

177 2118 320 2187 ἔργα
352 2117 457 2170 τῶν
491 2118 685 2188 χειρῶν
727 2135 816 2170 σου
851 2118 1085 2189 ὑπῆρχον
1114 2122 1162 2172 oi
1208 2121 1440 2190 οὐρανοὶ,
1478 2124 1572 2192 οὐχ
1613 2119 1720 2176 οἷόν

179 2224 244 2259 τε
272 2203 348 2277 ἦν
372 2207 512 2260 αὐτά
538 2205 901 2276 μετατεθῆναι,
940 2208 1057 2260 οὐδὲ
1085 2210 1161 2271 εἱς
1198 2210 1489 2281 μεταϐολὴν
1519 2211 1715 2264 ἐλθεῖν·

177 2299 229 2351 εί
259 2297 378 2368 γὰρ
411 2297 645 2368 ἀγένητα
668 2294 754 2368 ἦν,
779 2299 992 2368 ἔμειναν
1025 2298 1087 2351 ἂν
1123 2300 1214 2351 καὶ
1245 2300 1598 2370 ἁτελεύτηταο
1629 2302 1720 2354 νῦν

177 2388 255 2451 δὲ,
286 2387 419 2438 ἐπεὶ
436 2386 656 2456 ποιητὴς
675 2387 849 2439 αὐτῶν
883 2388 1126 2456 γέγονας,
1154 2388 1369 2451 δυνατὸς
1395 2386 1446 2440 εἴ
1471 2391 1561 2442 καὶ
1587 2406 1722 2459 παρ-

180 2480 420 2545 αγαγεῖν
466 2479 602 2530 αὐτά
655 2476 879 2549 θελήσας
914 2495 927 2508 ·
987 2480 1195 2546 φύσεως
1240 2479 1347 2549 γὰρ
1426 2479 1723 2549 ὑπάρχουσι

179 2568 437 2638 φθαρτῆς
491 2569 582 2620 καὶ
625 2569 1029 2639 ἀπολλυμένης·
1083 2571 1187 2634 ὅτι,
1222 2573 1311 2623 καὶ
1366 2571 1438 2640 μὴ
1470 2571 1724 2641 πρότερον

181 2657 344 2720 ὄντα,
389 2660 455 2726 σῇ
490 2657 644 2726 βουλῇ
676 2657 768 2709 καὶ
799 2657 1017 2727 δυνάμει
1050 2658 1284 2726 γέγονεν.
1341 2660 1434 2711 Ἕν
1475 2659 1581 2729 γάρ
1613 2661 1727 2711 ἐστι

185 2745 362 2815 μένον
403 2746 510 2804 ἀεὶ,
550 2746 642 2797 καὶ
672 2743 862 2797 οὕποτε
889 2747 1182 2815 δυνάμενον
1232 2748 1304 2816 μὴ
1347 2743 1502 2809 εἶναι,
1533 2748 1726 2817 δηλαδὴ

182 2834 250 2886 σὺ
277 2834 453 2896 αὐτὸς
479 2836 507 2886 ὁ
537 2834 690 2903 μόνος
724 2835 827 2887 τῶν
850 2835 980 2887 ὅλων
1007 2839 1246 2906 ποιητής.
1285 2837 1389 2889 Καὶ
1414 2835 1630 2901 πάντες
1654 2837 1731 2900 ὡς

181 2925 430 2993 ἱμάτιον
472 2924 1002 2992 παλαιωθήσονται,
1052 2926 1146 2977 καὶ
1188 2925 1326 2977 ὡσεὶ
1368 2927 1734 2992 περιϐόλαιον

1889 1768 2050 1823 Vens.
2095 1768 2278 1822 26-29.
2331 1767 2490 1821 Initio
2548 1779 2626 1831 tu,
2690 1767 2931 1828 Domine,
2985 1775 3178 1818 terram
3241 1765 3356 1832 fun-

1813 1860 1970 1922 dasti,
2033 1869 2080 1911 et
2135 1874 2288 1925 opera
2341 1874 2586 1910 manuum
2640 1866 2846 1909 tuarum
2898 1864 3016 1907 sunt
3065 1855 3195 1906 coeli.
3247 1853 3358 1920 Ipsi

1813 1949 2068 2016 peribunt,
2097 1957 2152 1999 tu
2205 1959 2376 2000 autem
2429 1963 2717 2016 permanes.
2775 1946 2890 2000 Nisi
2923 1945 3067 1999 enim
3115 1960 3144 1997 a
3205 1945 3357 2014 prin-

1815 2037 1990 2105 cipio,
2045 2035 2294 2099 Domine,
2342 2035 2535 2090 fuisses
2562 2075 2578 2098 ,
2637 2043 2691 2089 et
2733 2035 2839 2087 nisi
2882 2033 3002 2086 cmli
3035 2047 3200 2100 opera
3248 2047 3360 2083 ma-

1817 2142 1980 2181 nuum
2009 2134 2218 2179 tuarum
2271 2131 2484 2188 essent,
2518 2137 2624 2176 non
2681 2127 2898 2190 possent
2937 2121 3025 2172 illa
3053 2133 3212 2188 opera
3242 2134 3361 2171 mu-

1817 2217 1960 2279 tari,
2005 2229 2102 2270 nec
2155 2215 2209 2267 in
2253 2213 2409 2266 aliam
2452 2211 2812 2265 conditionem
2859 2211 3040 2264 venire
3090 2228 3102 2262 :
3160 2223 3281 2261 nam
3312 2209 3358 2262 si

1817 2319 1925 2356 non
1962 2302 2099 2356 facta
2152 2310 2352 2364 essent,
2387 2303 2502 2356 sine
2557 2301 2659 2354 fine
2705 2307 3001 2354 manerent.
3059 2297 3175 2351 Jam
3235 2313 3362 2351 vero

1820 2393 1945 2462 quia
1999 2406 2184 2446 eorum
2232 2389 2408 2458 epifex
2463 2389 2642 2453 fuisti,
2707 2399 2856 2458 potes
2906 2389 2993 2440 illa
3050 2394 3260 2440 mutare
3315 2387 3362 2439 si

1820 2484 1994 2536 velis:
2036 2496 2158 2534 nam
2206 2479 2362 2534 ﬂuxa:
2414 2487 2465 2534 et
2515 2477 2881 2546 corruptibilis
2929 2488 3132 2531 naturae
3189 2485 3360 2531 sunt:

1822 2571 1947 2640 quia
2005 2585 2126 2623 cum
2185 2584 2294 2622 non
2350 2569 2499 2635 prius
2539 2569 2889 2632 exsisterent,
2942 2568 3213 2620 voluntate
3301 2578 3365 2616 ac

1821 2661 2020 2712 virtute
2070 2666 2160 2710 tua
2208 2655 2421 2709 condita
2477 2661 2620 2709 sunt.
2668 2653 2844 2707 Unum
2901 2654 3094 2722 quippe
3123 2660 3206 2706 est
3225 2651 3368 2720 quod

1826 2755 2024 2811 manet,
2057 2753 2110 2801 et
2138 2760 2411 2816 nunquam
2442 2760 2546 2798 non
2592 2759 2712 2798 esse
2750 2743 2942 2813 potuit,
2977 2759 3165 2811 nempe
3195 2751 3252 2794 tu
3283 2756 3369 2795 so-

1828 2841 1911 2894 lus
1941 2837 2177 2892 omnium
2220 2837 2482 2890 conditor.
2530 2833 2589 2887 Et
2618 2851 2789 2888 omnes
2840 2836 2975 2887 sicut
3015 2834 3371 2888 vestimentum

1828 2935 2156 2989 veterascent,
2184 2934 2232 2978 et
2259 2925 2392 2978 velut
2418 2925 2672 2977 amictum
2693 2923 2856 2977 volves
2877 2940 2984 2986 eos,
3008 2931 3055 2976 et
3085 2923 3367 2978 volvantur.

178 3014 422 3078 ἑλίξεις
473 3012 706 3077 αὐτοὺς,
732 3013 825 3065 καὶ
859 3014 1288 3082 ἐλιχθήσονται.
1318 3015 1425 3066 Καὶ
1447 3016 1492 3066 oi
1525 3014 1735 3082 οὐρανοὶ

1838 3018 1963 3071 lei
1984 3030 2196 3085 quoque
2226 3015 2436 3068 etiamsi
2476 3029 2723 3082 magnum
2759 3015 3379 3084 prmstantissiniuniquo

180 3103 261 3164 δὲ,
296 3104 356 3154 εἰ
391 3100 484 3152 καὶ
515 3101 650 3169 μέγα
680 3102 770 3152 καὶ
797 3101 1062 3170 ἐξαίρετόν
1088 3119 1138 3153 τι
1169 3103 1485 3170 τυγχάνουσι
1509 3102 1730 3170 κτίσμα,

1838 3103 1941 3156 sint
1984 3101 2289 3170 opificium,
2347 3106 2581 3152 attamen
2623 3099 2724 3167 ipsi
2770 3113 2984 3166 quoque
3039 3098 3372 3165 corruptioni

180 3192 304 3245 ἀλλ’
354 3191 502 3257 ὅμως
533 3189 622 3240 καὶ
674 3187 823 3240 αὐτοὶ
876 3189 1327 3258 ὑποϐληθήσονται
1361 3190 1556 3260 φθορᾷν
1603 3193 1636 3261 ἡ
1679 3191 1736 3244 δὲ

135 3322 152 3329 ..
179 3276 381 3348 φθορὰ
402 3274 538 3344 αὕτη
566 3277 842 3344 γενήσεται
865 3276 1042 3338 αὐτοῖς
1077 3279 1154 3338 είς
1197 3278 1598 3348 ἀνακαινισμδν,
1645 3279 1738 3330 καὶ

183 3366 484 3426 συστελείς
516 3366 703 3427 αὐτοὺς
737 3364 968 3434 εὐχερῶς
1000 3364 1166 3427 οὕτως
1193 3366 1266 3428 ὡς
1291 3367 1486 3418 ἑλίσσει
1516 3384 1598 3429 τις
1643 3383 1738 3419 πε-

183 3458 479 3529 ριϐόλαιον
497 3470 510 3482 ·
549 3453 908 3522 ἑλιχθήσονται
928 3455 1034 3524 γὰρ
1051 3457 1129 3517 εἰς
1157 3454 1356 3524 βέλτιον
1377 3456 1558 3526 σχῆμα
1588 3473 1742 3526 μετα-

185 3546 550 3614 ϐαλλόμενοι,
585 3545 675 3597 καὶ
705 3545 1106 3616 ἀλλαγήσονται,
1155 3547 1246 3598 καὶ
1287 3546 1490 3616 τροπὴν
1537 3545 1742 3615 ἀγαθὴν

185 3631 544 3705 ὑπομενοῦσι
573 3632 668 3702 τὴν
697 3633 801 3684 ἀπὸ
838 3634 931 3702 τῆς
977 3634 1325 3703 παλαιότητος
1365 3635 1456 3688 ἐπὶ
1485 3636 1582 3706 τὴν
1614 3637 1744 3690 ἀνα-

186 3728 450 3780 καίνισιν
477 3723 569 3774 καὶ
590 3722 686 3792 τὴν
719 3723 1037 3792 ἀφθαρσίαν.
1078 3723 1159 3776 Σὺ
1189 3724 1257 3776 δὲ
1287 3728 1319 3777 ό
1338 3725 1516 3790 αὐτὸς
1549 3722 1620 3790 εἴ,
1649 3727 1747 3779 καί

183 3819 268 3872 τὰ
297 3817 416 3881 ἔτη
437 3827 550 3865 σου
581 3813 689 3864 οὐκ
719 3811 1082 3879 ἑκλείψουσι.
1134 3816 1195 3865 Οἱ
1236 3813 1347 3866 υἱοί
1381 3812 1494 3865 τῶν
1519 3813 1749 3867 δούλων

188 3923 321 3962 σου
360 3902 913 3967 κατασκηνώσουσι,
956 3904 1050 3954 καὶ
1081 3901 1146 3954 τὸ
1183 3901 1414 3970 σπέρμα
1442 3902 1637 3955 αὐτῶν
1665 3907 1750 3968 εὶς

185 3998 310 4052 τὸν
324 3991 520 4048 αἰῶνα
548 3989 1092 4055 κατευθυνθήσεται.
1117 3993 1330 4054 Καινοίς
1347 3991 1419 4060 (‘2)
1452 3993 1752 4062 γενομένοις

189 4088 299 4140 καὶ
329 4081 432 4135 ἐπὶ
461 4079 522 4133 τὸ
547 4083 785 4148 κρεῖττον
819 4079 1249 4149 μθαρμοσθεῖσι,
1280 4081 1374 4133 καὶ
1414 4081 1478 4132 τὸ
1523 4081 1752 4149 σπέρμα

1844 3192 2228 3261 subjicientur:
2264 3191 2375 3243 haec
2405 3198 2580 3242 autem
2611 3189 2885 3257 corruptio
2913 3189 3044 3256 ipsis
3066 3189 3118 3240 in
3148 3202 3376 3242 renova-

1841 3285 2040 3339 tionem
2062 3291 2250 3344 vertet,
2287 3292 2443 3348 atque
2468 3279 2612 3347 ipsos
2642 3278 2711 3331 ita
2743 3277 2901 3331 facile
2925 3275 3212 3330 contrahes
3243 3314 3258 3337 ,
3311 3290 3376 3330 ac

1841 3377 1886 3432 si
1923 3375 2044 3444 quis
2071 3374 2323 3427 amictum
2351 3371 2669 3424 eonvolvat:
2726 3383 2850 3421 nam
2879 3369 3152 3422 meliorem
3181 3367 3234 3420 in
3275 3367 3379 3422 for-

1844 3481 1984 3520 mam
2002 3465 2298 3524 volventur,
2326 3476 2388 3514 ac
2409 3459 2757 3513 mutabuntur
2782 3467 2940 3526 atque
2965 3457 3376 3512 conversionem

1846 3555 2098 3623 optimam
2131 3552 2420 3614 subibunt,
2467 3562 2495 3601 a
2529 3554 2796 3601 vetustate
2845 3563 3032 3615 nempe
3058 3545 3124 3599 ad
3152 3561 3381 3600 renova-

1849 3643 2048 3696 tionem
2073 3651 2126 3695 et
2154 3637 2604 3707 incorruptionem
2642 3636 2910 3689 translati.
2948 3634 3027 3687 Tu
3055 3643 3226 3686 autem
3245 3632 3382 3686 idem

1849 3735 1955 3801 ipse
1983 3748 2055 3794 es,
2085 3740 2133 3784 et
2166 3731 2290 3784 anni
2321 3730 2395 3782 tui
2460 3745 2561 3782 non
2611 3725 2865 3794 deﬁcient.
2935 3724 2982 3777 F
2986 3726 3062 3778 iiii
3120 3741 3384 3778 servorum

1852 3833 2059 3875 tuorum
2095 3820 2426 3882 habitabant,
2454 3827 2503 3870 et
2535 3832 2704 3870 semen
2732 3832 2908 3868 eorum
2943 3816 2996 3868 in
3025 3812 3277 3868 saxulum
3299 3814 3386 3866 di-

1852 3913 2060 3980 rigetur.
2111 3908 2350 3963 lnnovati
2404 3907 2606 3962 scilicet
2625 3913 2782 3960 erunt
2800 3920 2859 3959 ac
2893 3906 3164 3959 meliorem
3188 3903 3241 3956 in
3274 3903 3386 3956 for-

1853 4015 1991 4052 mam
2012 3999 2276 4058 translati,
2308 4007 2354 4051 et
2379 4012 2544 4050 semen
2575 4011 2747 4048 eorum
2781 4035 2795 4060 ,
2845 3994 3046 4049 scilicet
3108 4007 3386 4052 servorum

1854 4097 2087 4150 tuorum,
2124 4090 2175 4141 in
2203 4087 2449 4142 saeculum
2481 4085 2746 4154 dirigetur.

189 4177 468 4239 ἑαυτῶν,
494 4173 688 4244 δηλαδὴ
721 4173 826 4227 τῶν
862 4173 1054 4226 δούλων
1076 4191 1184 4239 σου,
1208 4175 1284 4236 είς
1315 4175 1402 4228 τὸν
1428 4174 1594 4226 αἰῶνα
1624 4178 2116 4252 κατευθυνθήσεται.

743 4313 827 4383 re
858 4313 1069 4366 ΔΑΥΙΔ.
1100 4313 1216 4365 re.

269 4426 556 4493 Εὐλόγει,
588 4426 624 4491 ἡ
651 4423 815 4492 ψυχή
849 4441 984 4491 μου,
1016 4424 1119 4476 τὸν
1145 4425 1374 4490 Κύριον.
1401 4425 1548 4494 Τάχα
1571 4426 1626 4478 δὲ
1660 4425 1753 4497 μέ-

192 4538 311 4589 σην
343 4514 758 4581 ἀπολειφθεῖσαν
788 4512 881 4580 τὴν
911 4513 1083 4582 ψυχὴν
1128 4511 1218 4564 τοῦ
1251 4512 1491 4582 σώματος
1531 4515 1622 4566 καὶ
1664 4515 1755 4567 τοῦ

192 4609 551 4677 πνεύματος,
580 4604 639 4656 τὺ
675 4604 770 4672 μὲν
799 4603 951 4672 σῶμα
991 4603 1080 4654 ἐπὶ
1108 4603 1202 4664 τὰς
1247 4603 1443 4665 οἰκείας
1476 4605 1758 4674 ἐπιθυμίας

193 4701 304 4755 καὶ
390 4691 808 4764 ἀνδραποδώδεις
871 4692 1058 4760 ἡδονὰς
1109 4692 1382 4752 καθέλκει,
1431 4692 1612 4763 ὥσπερ
1668 4697 1758 4762 ἀφ’

195 4789 394 4857 ὕψους
425 4781 625 4837 ἄνωθέν
653 4781 810 4833 ποθεν
828 4781 1150 4834 καταδάλλον
1180 4782 1363 4847 αὐτήν·
1388 4780 1445 4830 τὸ
1467 4780 1522 4832 δὲ
1551 4783 1760 4852 πνεῦμα

196 4879 390 4934 πάλιν
420 4874 553 4943 πρὸς
584 4873 739 4925 ἑαυτὸ
784 4871 989 4923 ἀνέλκει
1025 4872 1132 4923 ἄνω
1167 4887 1264 4921 που
1311 4871 1441 4937 πρὸς
1480 4870 1608 4924 Θεὸν
1639 4875 1762 4926 ἀνά-

195 4983 336 5036 τον,
397 4961 500 5015 καὶ·
529 4958 621 5012 τοῦ
659 4959 858 5027 Κυρίου
891 4956 1236 5027 μνημονεύειν
1268 4956 1588 5024 παρακαλεῖ,
1623 4961 1766 5012 εὐλο-

197 5059 342 5127 γεῖν
380 5069 440 5105 τε
470 5049 651 5110 αὐτὸν,
675 5049 765 5101 καὶ
793 5047 894 5118 πρὸ
921 5044 1201 5113 ὀφθαλμῶν
1227 5044 1312 5094 διὰ
1361 5045 1554 5106 παντὸς
1583 5045 1726 5116 ἔχειν
1747 5067 1760 5078 ·

196 5150 238 5217 ἢ
279 5143 460 5204 αὐτὸς
493 5139 680 5192 ἑαυτὸν
713 5139 802 5190 ἐπὶ
849 5138 938 5190 τὸν
979 5137 1139 5206 ὕμνον
1169 5133 1446 5201 διεγείρειν
1486 5137 1577 5186 καὶ
1612 5140 1766 5190 εὐλοο

196 5239 337 5304 γεϊν
395 5231 487 5283 τὸν
542 5229 672 5281 Θεὸν
702 5227 1055 5294 ὲγκελεύεται,
1085 5222 1247 5276 καλὸν
1286 5221 1454 5288 ἐαυτῷ
1487 5227 1764 5295 σωτηρίας

199 5327 523 5395 φάρμακον
548 5319 645 5387 τὴν
665 5320 741 5378 είς
768 5317 854 5369 τὸν
884 5315 1010 5367 Θεὸν
1041 5311 1281 5376 εὐλογίαν
1313 5310 1764 5380 προϐαλλόμενος.

196 5414 330 5469 Καὶ
364 5409 564 5462 πάντα
589 5406 659 5459 τὰ
684 5407 851 5471 ἐντός
865 5422 978 5474 μου
997 5403 1058 5456 τὸ
1082 5400 1262 5466 ὄνομα
1285 5399 1346 5450 τὸ
1361 5399 1523 5465 ἅγιον
1553 5405 1706 5456 αὐτο
1716 5406 1767 5457 ὗ.

201 5503 354 5562 Τοῖς
395 5497 543 5558 ἐντὸς
572 5491 731 5547 αὐτοῦ
760 5492 1070 5560 προστάσσει
1097 5484 1326 5550 εὐλογεῖν
1354 5485 1408 5535 τὸ
1438 5487 1616 5556 ὄνομα
1659 5493 1774 5544 Κυ-

207 5595 378 5666 ρίου,
412 5585 647 5638 τουτέστι
671 5587 734 5654 τῇ
762 5582 909 5652 φύσει
929 5580 1027 5632 τῶν
1055 5574 1252 5631 ὲσωθεν
1273 5574 1640 5647 ἐξερχομένων
1665 5582 1775 5636 διας

295 5696 390 5768 (2)
415 5692 520 5748 Sic.

1786 4345 1829 4398 υ
2343 4316 2468 4370 IPSI
2507 4313 2723 4368 eum.
2782 4312 2891 4368 cn.

1921 4427 2082 4482 Vens.
2118 4428 2163 4480 1.
2200 4427 2452 4491 Benedic,
2480 4426 2654 4478 anima
2684 4440 2828 4486 mea,
2861 4421 3102 4478 Domino.
3137 4419 3394 4479 Fortasse

1854 4521 2079 4576 mediam
2109 4519 2346 4573 relictam
2379 4517 2604 4568 animam
2633 4515 2770 4568 inter
2792 4528 2987 4581 corpus
3017 4519 3068 4566 et
3106 4513 3352 4581 spiritum
3372 4555 3387 4577 ,

1855 4626 2049 4680 corpus
2074 4609 2286 4678 quidem
2310 4607 2374 4660 ad
2398 4605 2642 4674 proprias
2663 4603 3128 4672 concupiscentias
3147 4610 3200 4657 et
3227 4606 3392 4657 servi-

1855 4701 1934 4754 les
1961 4702 2258 4768 voluptates
2280 4696 2573 4766 pertrahit,
2602 4695 2754 4763 quasi
2777 4709 2841 4748 ex
2873 4695 3084 4748 sublimi
3110 4701 3162 4749 et
3194 4695 3394 4750 altissi-

1859 4803 1945 4843 mo
1973 4790 2092 4843 loco
2121 4786 2376 4855 dejiciens
2409 4785 2553 4837 illam
2580 4802 2594 4848 ;
2625 4783 2850 4852 spiritus
2874 4799 3000 4837 vero
3030 4792 3216 4836 contra
3243 4784 3307 4836 ad
3334 4800 3392 4839 se

1861 4889 2073 4928 sursum
2108 4872 2302 4936 trahit,
2336 4877 2388 4924 et
2431 4871 2495 4923 ad
2537 4869 2701 4923 Deum
2751 4870 3000 4932 adducit,
3043 4870 3394 4937 hortaturque

1863 4972 1921 5017 ut
1950 4963 2231 5016 Dominum
2261 4967 2548 5026 memoret,
2581 4961 2683 5030 ipsi
2713 4961 3024 5023 benedicat,
3067 4961 3240 5029 ipsum
3285 4979 3394 5031 prae

1864 5053 2033 5107 oculis
2065 5067 2273 5119 semper
2301 5050 2532 5103 habeat:
2566 5050 2648 5102 vel
2682 5049 2910 5104 fortasse
2937 5051 3225 5118 quemlibet
3251 5053 3394 5120 seip-

1867 5158 1982 5196 sum
2009 5141 2240 5194 excitare
2267 5154 2328 5192 ac
2363 5137 2471 5191 Deo
2496 5139 2811 5192 benedicere
2837 5138 3015 5205 jubet,
3057 5138 3256 5190 bonum
3291 5141 3393 5192 sibi

1868 5231 1932 5283 ad
1956 5230 2178 5283 salutem
2199 5242 2317 5281 esse
2333 5225 2439 5280 Deo
2456 5226 2770 5280 benedicere
2791 5241 3112 5295 pr0ponens.
3133 5225 3199 5277 Et
3221 5231 3397 5281 omnia

1869 5319 2114 5372 interiora
2155 5333 2267 5368 mea
2307 5316 2502 5368 nomini
2542 5325 2723 5367 sancto
2750 5317 2898 5383 'cjus.
2937 5315 3152 5368 Nemini
3184 5315 3401 5371 Domini

1871 5404 2179 5460 benedicere
2206 5402 2356 5470 jubet
2385 5401 2639 5455 interiora
2667 5417 2798 5466 sua,
2828 5403 2878 5456 id
2906 5409 3018 5465 est,
3048 5403 3406 5470 cogitationes

1873 5511 1998 5551 suas
2029 5506 2145 5562 qum
2186 5491 2253 5545 ab
2293 5489 2440 5546 intus
2469 5491 2796 5559 procedunt,
2831 5507 3060 5564 quarum
3095 5491 3288 5558 duplex
3327 5503 3414 5548 cst

1875 5585 2042 5641 ordo:
2082 5581 2198 5637 alia:
2229 5581 2368 5648 enim
2400 5597 2576 5652 pravae
2610 5591 2769 5645 sunt,
2808 5597 2997 5653 nempe
3021 5621 3037 5643 ,
3072 5582 3274 5646 credes,
3307 5584 3420 5636 t‘or-
