3890 6430
250 419 397 476 1265

1309 419 1801 476 COMMENT-ARIA
1836 420 1902 474 IN
1939 417 2268 474 PSALMOS.

3277 423 3410 478 1260

251 531 425 583 αὐτοῦ
457 530 706 601 πράττων
747 529 897 599 ἐλέῳ,
942 529 1108 600 λύτρα
1134 529 1255 591 δοὺς
1283 528 1421 598 ὑπὲρ
1455 527 1558 581 σού.
1584 527 1660 600 τῷ
1696 528 1790 582 θα-

1901 531 2054 582 mium
2085 542 2182 598 pro
2212 535 2264 581 te
2296 525 2454 579 morti
2487 526 2799 596 sanguinem
2825 527 3092 598 Unigeniti
3137 531 3410 597 tribuens,

245 619 400 688 νάτῳ
425 621 486 672 τὸ
501 621 591 672 τοῦ
608 618 933 687 Μονογενοῦς
953 613 1106 688 αἷμα,
1135 617 1468 688 ὲλυτρὼσατο
1485 635 1499 648 ·
1516 617 1790 689 τέταρτον,

241 708 428 777 οἰκείᾳ
463 707 832 778 φιλανθρωπίᾳ
873 706 962 758 καὶ
993 705 1124 758 ἐλέει
1151 705 1242 758 καὶ
1267 707 1562 776 οίκτιρμοῖς
1581 705 1793 776 χρώμε-

240 813 355 856 νος,
393 796 516 848 ἐπεὶ
543 797 602 860 ἐξ
639 798 810 868 ἔργων
837 795 1004 858 οὐδεὶς
1036 795 1351 859 δικαιοῦται,
1377 796 1710 863 ἑστεφὰνωσέ
1733 812 1794 848 σε

237 883 319 952 τῷ
352 885 456 955 τῆς
487 885 751 947 υἱοθεσίας
789 883 1098 954 χαρίσματι.
1144 883 1252 938 Καὶ
1299 883 1482 945 ἁπλῶς
1522 879 1672 946 οὗτός
1711 901 1802 936 σοι

237 977 546 1047 δεδώρηται
588 976 693 1030 τῶν
726 977 1123 1046 ἁμαρτημάτων
1152 975 1245 1045 τὴν
1276 975 1485 1043 ἄφεσιν,
1517 966 1667 1037 οὗτός
1710 991 1792 1027 σοι

238 1066 546 1137 δεδώρηται
590 1067 694 1119 τῶν
743 1065 924 1118 παθῶν
963 1065 1060 1136 τὴν
1105 1065 1265 1129 ἴασιν,
1310 1064 1407 1135 τῆς
1453 1065 1792 1128 ἀναστάσεως

238 1156 348 1224 τὴν
377 1156 588 1218 ὲλπίδα,
630 1155 718 1208 τὸν
747 1154 1033 1225 ἀρραϐῶνα
1065 1154 1156 1208 τοῦ
1198 1154 1525 1224 Πνεύματος,
1567 1155 1659 1206 καὶ
1703 1154 1792 1206 τὸν

237 1243 350 1312 τῆς
378 1244 676 1313 ἀφθαρσίας
719 1243 914 1313 χιτῶνα
939 1244 1168 1306 ἐνέδυσε,
1211 1245 1303 1297 καὶ
1347 1244 1522 1314 χάριτι
1567 1244 1788 1300 σέσωκε.

237 1333 489 1399 Χάριτος
540 1334 645 1403 γὰρ
695 1335 787 1386 καὶ
831 1332 1229 1403 φιλανθρωπίας
1278 1334 1306 1384 ό
1356 1333 1631 1401 στέφανος.
1685 1333 1794 1385 Καὶ

237 1422 428 1476 ταῦτα
462 1425 633 1476 πάντα
665 1423 785 1476 ἕδνα
814 1422 904 1475 to;
931 1422 1156 1492 νυμφίου
1190 1425 1282 1474 καὶ
1301 1423 1473 1493 δῶρα·
1492 1422 1670 1475 πίστιν
1689 1423 1793 1492 γὰρ

237 1513 273 1580 ή
309 1511 507 1581 νύμφη
536 1513 888 1581 προσενήνοχε
944 1513 1116 1582 μόνον.
1137 1513 1208 1565 Οὐ
1237 1513 1390 1582 μόνον
1424 1513 1500 1573 δὲ,
1534 1511 1666 1564 ἀλλά
1703 1514 1794 1566 καλ⁵

237 1600 636 1668 πνευματικῶν
680 1599 896 1666 ἀγαθῶν
945 1615 1001 1650 σε
1042 1599 1412 1669 ὲνέπλησεν,ἢ
1459 1599 1552 1652 καὶ
1595 1601 1692 1670 τὴν
1738 1603 1794 1654 ὲν

235 1689 480 1755 ἀγαθοῖς
517 1688 798 1757 ἐπιθυμίαν
831 1705 922 1740 σου
952 1688 1276 1759 ἐπλήρωσεν,
1310 1690 1369 1752 ὃς
1389 1691 1482 1760 τήν
1505 1707 1566 1758 γε
1587 1691 1794 1761 ψυκτὴν

235 1775 435 1844 ψυχὴν
461 1774 805 1845 ἀπαγορεύει,
827 1775 1006 1828 δίδωσι
1030 1777 1085 1827 δὲ
1113 1777 1287 1843 ἀγαθά
1311 1781 1420 1840 τοῖς
1447 1778 1680 1830 αἰτοῦσιν
1700 1780 1766 1832 αὐ

1891 617 2173 681 liberavit;
2203 623 2394 684 quarto
2413 655 2426 680 ,
2457 615 2672 684 propria
2699 616 2977 670 clementia
2999 656 3014 680 ,
3047 619 3414 674 misericordia

1892 715 1945 762 et
1974 706 2407 762 miserationibus
2436 720 2587 769 usus,
2621 707 2749 775 quia
2778 721 2936 760 nemo
2965 723 3029 761 ex
3059 710 3417 780 operibusju-

1891 796 2176 860 stilicatur,
2208 795 2512 866 adoptionis
2539 803 2590 851 te
2618 797 2792 866 gratia
2821 798 3118 852 coronavit.
3171 798 3227 852 ln
3270 816 3416 854 sum-

1887 901 1995 949 ma,
2041 885 2128 939 hic
2170 895 2221 940 te
2267 892 2605 954 peccatorum
2632 885 2788 939 venia
2822 885 3066 950 donavit,
3110 889 3417 945 morborum

1891 977 2053 1031 animi
2083 978 2341 1031 medelam
2373 977 2591 1041 tribuit,
2625 991 2831 1031 necnon
2874 994 3021 1048 spem
3066 983 3418 1035 resurrectio-

1888 1068 2008 1131 nis,
2058 1068 2250 1137 pignus
2289 1066 2556 1136 Spiritus:
2603 1081 2666 1120 ac
2709 1074 2762 1122 te
2802 1067 3222 1138 incorruptionis
3271 1079 3418 1125 veste

1891 1156 2098 1220 induit,
2130 1158 2297 1226 gratia
2329 1170 2426 1210 sua
2453 1157 2658 1211 salvum
2690 1155 2836 1210 fecit.
2871 1155 3000 1210 Nam
3035 1160 3216 1227 gratia:
3241 1165 3292 1212 et
3317 1161 3422 1214 clec

1891 1247 2102 1300 mentire
2151 1259 2349 1300 corona
2403 1253 2505 1300 est.
2562 1245 2735 1314 Atque
2789 1247 2900 1300 haec
2953 1249 3167 1313 omnia,
3221 1248 3420 1302 dotalia

1891 1337 2074 1405 sponsi
2102 1351 2322 1391 munera
2353 1336 2572 1390 etdona
2601 1343 2727 1389 sunt
2753 1354 2765 1390 :
2798 1351 2996 1405 sponsa
3026 1338 3223 1408 quippe
3250 1339 3420 1393 solam

1895 1426 2050 1478 ﬁdem
2088 1424 2298 1478 obtulit.
2342 1423 2524 1495 Neque
2558 1427 2728 1480 solum
2764 1426 2913 1489 illis,
2945 1428 3039 1482 sed
3069 1429 3226 1482 etiam
3259 1429 3420 1498 spiri-

1891 1515 2130 1570 tualibus
2157 1516 2312 1570 bonis
2339 1523 2391 1569 te
2416 1516 2642 1585 replevit
2667 1533 2682 1582 ;
2719 1517 2831 1570 sive
2859 1517 3020 1571 etiam
3053 1527 3147 1572 tuo
3184 1522 3240 1574 in
3267 1521 3422 1576 bonis

1892 1606 2159 1660 desiderio
2211 1606 2503 1668 satisfecit,
2557 1606 2649 1674 qui
2702 1605 2945 1676 frigidam
2990 1609 3220 1661 animam
3263 1625 3424 1679 repu-

1892 1694 2036 1756 diat,
2070 1693 2209 1747 bona
2235 1707 2362 1746 vero
2395 1693 2702 1761 petentibus
2730 1708 2786 1746 se
2817 1693 3024 1748 tribuit.
3062 1694 3216 1759 Quod
3249 1699 3294 1752 si
3326 1714 3424 1752 vo-

1893 1784 2060 1839 lueris
2088 1783 2307 1838 morbos
2336 1783 2495 1837 simul
2527 1792 2579 1836 et
2613 1791 2829 1852 peccata
2865 1785 3040 1838 soluta
3075 1785 3291 1854 videre,
3327 1789 3424 1842 ha-

392 1841 464 1913 iEi
494 1862 549 1914 δὲ
589 1841 764 1930 βούλει
795 1863 930 1914 κατά
961 1841 1169 1916 ταύτὸν
1189 1864 1308 1918 ἰδεῖν
1359 1865 1650 1936 παθήματα
1703 1869 1796 1919 καὶ

1901 1873 1988 1927 bes
2011 1873 2361 1942 paralyticum
2394 1873 2494 1925 hac
2518 1841 2716 1942 duplici
2745 1874 2915 1942 gratia
2944 1874 3198 1929 donatum
3227 1894 3242 1942 ;
3275 1841 3428 1935 audi-

234 1954 624 2022 ὰμαρτήματα
665 1952 911 2021 λυόμενα,
942 1953 1083 2022 ἔχεις
1117 1955 1206 2005 τὸν
1232 1955 1528 2024 παράλυτοι)
1581 1956 1680 2024 τῆς
1719 1956 1796 2008 δι-

235 2043 396 2112 πλῆς
437 2041 639 2112 ταύτης
690 2043 1063 2096 ἀπολαύσαντα
1113 2044 1329 2113 χάριτος
1358 2062 1371 2076 ’
1427 2047 1620 2115 ἤκουσε
1666 2047 1793 2116 γὰρ,

249 2132 579 2198 Ἀφέωνταί
609 2147 705 2185 σοι
735 2143 790 2185 at
837 2134 1104 2200 ἁμαρτίαι
1141 2149 1274 2199 σου,
1333 2135 1440 2198 καὶ,
1471 2133 1644 2203 Ἆρον
1693 2137 1797 2190 τὸν

234 2221 587 2289 κράόΐατόν
612 2239 725 2276 σου
747 2241 759 2253 ³
789 2223 958 2287 οὕτως
986 2228 1029 2294 ἡ·
1047 2225 1357 2296 ἁμαρτωλὸς
1386 2226 1516 2297 γυνὴ
1538 2227 1796 2297 τετύχηκε

233 2310 346 2380 τῆς
391 2310 655 2379 ἀφέσεως,
693 2314 721 2365 ὁ
748 2312 967 2385 λῃστὴς,
995 2316 1044 2367 οἱ
1067 2316 1310 2380 τελῶναι,
1345 2316 1527 2379 ἁπλῶς
1566 2317 1795 2383 ἅπαντες

233 2399 286 2452 οἱ
321 2401 735 2464 πιστεύσαντες.

316 2489 443 2542 Τὸν
465 2489 882 2557 ἑμπιμπλῶντα
927 2490 996 2544 ἐν
1047 2492 1282 2559 ἀγαθοῖς
1333 2494 1447 2562 τὴν
1491 2498 1804 2566 ἐπιθυμίαν

232 2596 392 2644 σου,
426 2579 982 2644 ἀνακαινισθήσεται
1023 2581 1103 2646 ὡς
1134 2583 1307 2637 ἀετοῦ
1342 2586 1380 2651 ἠ
1411 2587 1618 2654 νεότης
1648 2603 1794 2641 σου·

231 2669 396 2721 ὥστε
424 2669 854 2732 ἀνακαινίζεσθαι
880 2670 1048 2741 αὐτὴν
1085 2671 1176 2724 τὸν
1208 2673 1429 2726 παλαιὸν
1462 2676 1798 2747 ἀποθεμένην

231 2758 562 2828 ἄνθρωπον,
599 2757 689 2811 τὸν
719 2759 774 2811 δὲ
797 2757 932 2824 νέον,
959 2759 1048 2812 τὸν
1089 2761 1532 2833 ἀνακαινούμενον
1571 2767 1649 2828 είς
1683 2767 1798 2818 ἐπίέ-

230 2865 459 2917 γνωσιν
490 2847 580 2900 τοῦ
607 2848 883 2912 κτίσαντος
910 2849 1084 2912 αὑτὸν,
1121 2851 1511 2920 λαμϐάνουσαν.
1548 2854 1699 2908 Οὕτω
1722 2855 1796 2921 δὲ,

231 2937 446 3008 φησὶν,
489 2938 523 3006 ἡ
563 2937 747 3008 νεότης
803 2955 895 2990 σου
926 2939 1448 3009 ἀνακαινισθήσεται,
1480 2943 1553 3005 ῶς
1609 2944 1798 3014 μηκέτι

231 3024 636 3086 παλαιοῦσθαι,
670 3025 800 3095 μηδὲ
839 3026 918 3088 είς
967 3027 1170 3099 φθοράν
1198 3025 1348 3091 αὖθις
1383 3033 1594 3100 χωρεῖν,
1630 3034 1714 3085 ἀεὶ
1743 3033 1806 3086 δὲ·

231 3113 595 3188 παραμένειν
624 3115 680 3166 ἐν
703 3114 778 3183 τῷ
795 3115 1002 3176 νεάζειν
1042 3117 1100 3169 ὲν
1127 3120 1192 3187 τῇ
1224 3118 1479 3188 ἀφθάρτῳ
1504 3119 1632 3190 ζωῇ.
1652 3121 1799 3174 Ἐπεὶ
1825 3153 1868 3210 c

227 3206 293 3258 δὲ
327 3207 367 3257 ὁ
402 3202 561 3262 ἀετὸς
593 3201 698 3254 τῶν
720 3202 916 3272 ὀρνέων
942 3203 1056 3255 ἐστὶ
1084 3204 1512 3272 βασιλικώτατον,
1543 3208 1675 3262 ἀλλὰ
1705 3212 1797 3265 καὶ

230 3291 705 3364 ὑψιπετέστατος,
737 3291 892 3361 μόνος
917 3292 973 3345 δὲ
1000 3291 1150 3356 ζώων
1183 3295 1330 3364 ἡλίου
1377 3298 1550 3364 φωτὸς
1590 3316 1800 3369 μαρμα-

233 3381 458 3456 ρυγαῖς
489 3379 748 3431 ἀντωπεῖν
771 3380 1007 3444 δυνατὸς,
1038 3383 1129 3436 καὶ
1171 3383 1352 3446 ἀτενὲς
1392 3385 1596 3456 ἀφορᾷν
1629 3387 1796 3458 αὐτῷ,

232 3473 488 3531 εἰκότως
515 3469 614 3538 τὴν
642 3469 930 3522 ἀνανέωσιν
965 3473 1062 3541 τῆς
1096 3473 1290 3542 ψυχῆς,
1321 3476 1410 3527 καὶ
1438 3477 1534 3544 τὴν
1559 3477 1664 3529 ἀπὸ
1701 3479 1802 3548 γῆς

233 3565 327 3626 είς
355 3557 592 3629 οὐρανὸν
618 3558 829 3628 πτῆσιν,
863 3559 954 3612 καὶ
979 3560 1068 3612 τὸν
1096 3561 1205 3629 βίον
1237 3563 1401 3632 αὐτῆς
1441 3564 1529 3616 τὸν
1564 3566 1620 3619 ὲν
1651 3566 1804 3637 ἄκρῳ

235 3648 402 3722 φωτὶ
435 3647 808 3715 γενησόμενον,
837 3647 993 3700 ἀετοῦ
1024 3649 1190 3716 φύσει
1214 3651 1500 3721 παρέϐαλε.

316 3733 529 3790 Ποιῶν
563 3735 964 3802 ἐλεημοσύνας
992 3739 1025 3789 ὀ
1049 3737 1278 3803 Κύριος,
1311 3739 1408 3791 καὶ
1444 3740 1620 3808 κρίμα
1656 3739 1804 3796 πᾶσι

235 3828 387 3892 τοῖς
414 3823 846 3892 ἀδικουμένοις,
859 3825 1141 3894 ἐγνώρισε
1165 3826 1268 3892 τὰς
1294 3828 1468 3894 ὁδοὺς
1518 3830 1700 3884 αὐτοῦ
1724 3831 1802 3896 τῷ

236 3913 475 3981 Μωσῇ,
524 3913 646 3978 τοῖς
685 3913 834 3980 υἱοῖς
887 3915 1118 3983 Ἰσραὴλ
1160 3918 1231 3971 τὰ
1278 3918 1570 3986 θελήματα
1600 3920 1802 3974 αὐτοῦ.

253 4009 365 4059 Ἐκ
414 4004 515 4074 τῆς
556 4003 720 4072 αὐτῆς
763 4005 817 4056 δὲ
855 4004 1089 4068 Μωσέως
1133 4008 1348 4078 Γραφῆς
1396 4008 1608 4082 μαθήσῃ
1649 4009 1804 4063 ὁποῖα

239 4085 512 4166 κρίματα
540 4091 776 4161 παρέσχε
819 4095 928 4154 τοῖς
966 4093 1357 4164 ἀδικουμένοιςο
1396 4095 1568 4167 κρίσει
1596 4097 1700 4167 γὰρ
1731 4097 1806 4151 δι-

237 4183 395 4252 καίᾳ
453 4180 679 4249 μετῆλθε
721 4179 844 4241 τοὺς
887 4181 1225 4248 Αἰγυπτίους,
1271 4183 1502 4253 πληγαῖς
1533 4184 1805 4254 θεηλάτοις

237 4273 504 4332 κολάσας
549 4270 740 4332 αὐτοὺς
785 4270 922 4340 ὑπὲρ
956 4271 1062 4322 τῶν
1103 4272 1278 4324 αὐτῶν
1307 4273 1640 4344 ἠδικημένων
1677 4277 1806 4328 υἱῶν

251 4359 513 4432 Ἰσραήλ.
579 4357 893 4424 Οὶκτίρμων
932 4356 1027 4410 καὶ
1065 4358 1326 4426 ἐλεήμων
1355 4363 1387 4412 ό
1422 4363 1650 4428 Κύριος,
1691 4379 1804 4430 μα-

1893 1964 1968 2014 vit
1995 1962 2172 2023 enim,
2213 1960 2560 2012 Dimittuntur
2611 1961 2705 2014 tibi
2752 1973 2963 2029 peccata
3005 1972 3128 2030 tua,
3176 1974 3247 2029 et,
3283 1967 3428 2022 Tolle

1896 2051 2171 2120 grabatum
2199 2060 2343 2103 tuum
2371 2050 2454 2103 "z
2487 2051 2566 2104 sic
2609 2052 2880 2118 peccatrix
2918 2053 3112 2107 mulier
3153 2056 3426 2110 remissio-

1893 2156 2014 2194 nem
2061 2146 2348 2194 consecuta
2390 2148 2505 2204 est;
2546 2140 2625 2194 sic
2664 2139 2833 2204 latro,
2875 2140 3184 2210 publicani,
3225 2157 3289 2198 ac
3332 2143 3428 2198 de-

1893 2245 2037 2284 mum
2071 2245 2269 2285 omnes.
2289 2231 2380 2299 qui
2409 2228 2766 2284 crediderunt.

1963 2487 2129 2542 Vsus.
2169 2488 2221 2541 5.
2263 2487 2366 2553 Qui
2407 2489 2563 2556 replet
2600 2489 2658 2543 in
2701 2489 2846 2543 bonis
2889 2491 3200 2545 desiderium
3242 2501 3385 2546 tuum
3403 2530 3444 2559 ,.

1896 2576 2222 2628 renovabitur
2261 2586 2319 2628 ut
2357 2578 2545 2646 aquin
2583 2577 2818 2643 iuventus
2868 2585 2999 2642 tua;
3046 2580 3119 2632 ita
3161 2586 3218 2633 ut
3259 2581 3440 2650 priori-

1895 2663 2139 2734 dvposito
2169 2665 2413 2730 homine,
2444 2681 2507 2721 ac
2528 2681 2666 2721 novo
2683 2706 2700 2733 ,
2727 2669 2818 2736 qui
2841 2676 3130 2723 renovatur
3153 2669 3216 2723 ad
3245 2671 3453 2739 cogni--.

1897 2755 2096 2808 tionem
2129 2755 2400 2810 Creatoris
2430 2757 2514 2810 sui
2532 2794 2547 2820 ,
2577 2757 2863 2826 adjuncto,
2893 2765 2946 2813 et
2976 2758 3090 2826 ipsa
3120 2767 3424 2818 renovetur.

1900 2847 1988 2900 Sic
2003 2856 2201 2910 autem,
2216 2847 2309 2911 ait,
2321 2847 2577 2914 juventus
2591 2856 2681 2903 tua
2701 2851 3065 2913 renovabitur,
3081 2857 3140 2905 ut
3154 2864 3430 2920 nunquam

1897 2943 2223 2998 veterascat,
2256 2952 2431 3006 neque
2473 2938 2540 2991 ad
2573 2939 2970 3006 corruptionem
3009 2955 3202 2995 rursus
3239 2941 3429 3005 abeat,

1900 3023 1994 3076 sed
2024 3039 2234 3092 semper
2263 3035 2444 3094 vegeta
2473 3031 2686 3079 maneat
2715 3025 2770 3078 in
2799 3026 3108 3096 incorrupta
3135 3028 3265 3082 vita.
3295 3027 3432 3081 Cum

1901 3118 2078 3166 autem
2101 3112 2282 3181 aquila
2307 3113 2379 3167 sit
2407 3112 2582 3165 avium
2609 3126 2700 3165 rex
2719 3149 2736 3174 ,
2768 3113 3133 3182 altissimaque
3159 3116 3335 3179 volet,
3365 3129 3432 3168 ac

1901 3200 2014 3253 sola
2044 3200 2186 3254 inter
2213 3199 2464 3253 animalia
2494 3200 2700 3254 solares
2743 3198 2924 3255 radios
2965 3202 3139 3256 valeat
3179 3202 3426 3266 obtueri,
3487 3212 3499 3228 ’

1896 3290 2180 3358 ipsumque
2221 3297 2419 3344 attente
2461 3291 2814 3358 conspicere;
2855 3290 3261 3346 renovationem
3311 3292 3431 3346 ani-

1896 3393 2026 3435 mae.
2062 3387 2116 3432 et
2144 3393 2174 3433 e
2202 3386 2345 3433 terra
2377 3375 2445 3431 ad
2485 3377 2678 3432 caelum
2721 3379 2988 3443 volatum,
3032 3379 3303 3449 vitamque
3337 3395 3432 3434 su-

1898 3483 2081 3538 premo
2130 3470 2188 3522 in
2224 3469 2426 3523 lumine
2464 3477 2797 3524 versaturam
2849 3469 3040 3539 aquila:
3071 3476 3277 3524 naturae
3318 3484 3434 3524 me-

1895 3559 2000 3612 rito
2025 3558 2372 3627 comparavit.

1969 3729 2130 3784 V—eas.
2171 3728 2321 3783 6-16.
2362 3727 2588 3784 Fuciens
2633 3731 3018 3786 misericordias
3057 3732 3310 3788 Dominus
3333 3773 3348 3798 ,
3379 3743 3432 3788 et

1893 3817 2150 3886 judicium
2179 3817 2414 3870 omnibus
2452 3817 2708 3885 injuriam
2736 3820 3046 3886 patientibus
3071 3862 3087 3887 ,
3117 3832 3269 3877 notas
3307 3823 3432 3892 fecit

1899 3909 2008 3961 uias
2048 3922 2172 3960 suas
2203 3906 2410 3976 Moysi,
2460 3907 2586 3977 ﬁliis
2625 3908 2796 3963 Israel
2834 3913 3124 3967 voluntates
3162 3930 3308 3970 suas.
3351 3912 3432 3968 Ex

1902 3995 2014 4064 ipsa
2042 4010 2170 4050 vero
2198 3996 2396 4067 Moysis
2428 3997 2704 4067 Scriptura
2731 3999 2970 4065 edisces,
3001 4003 3183 4072 qualia
3214 4018 3312 4071 pro
3341 4005 3433 4058 lai-

1901 4085 1977 4138 εἰς
2006 4084 2208 4152 judicia
2235 4085 2458 4139 tulerit:
2487 4085 2636 4154 justo
2663 4101 2894 4156 namque
2919 4087 3125 4156 judicio
3151 4087 3434 4159 Egyptios

1904 4175 2126 4238 invasit,
2149 4175 2407 4231 divinitus
2432 4175 2647 4230 inﬂictis
2673 4178 2844 4246 plagis
2871 4181 3142 4248 castigans
3171 4179 3294 4232 illos
3317 4194 3436 4249 pro-

1904 4267 2020 4330 pter
2049 4261 2188 4317 ﬁlios
2219 4261 2384 4318 lsrael
2415 4265 2484 4317 ab
2512 4263 2644 4332 ipsis
2676 4265 2906 4331 pessime
2937 4264 3170 4320 habitos.
3208 4264 3436 4320 Misera-

1907 4360 1988 4405 tor
2025 4363 2074 4404 et
2112 4353 2402 4406 misericors
2448 4352 2732 4417 Dominus,
2779 4353 3088 4424 longanimis
3125 4362 3171 4408 et
3215 4356 3439 4409 multum

237 4452 558 4520 πρόθυμος
587 4446 681 4498 καὶ
714 4447 1052 4510 πολυέλεος,
1085 4449 1192 4500 οὐκ
1223 4451 1307 4514 εἰς
1346 4449 1516 4516 τέλος
1539 4453 1799 4522 ὀργισθή-

1908 4441 2200 4495 misericors
2221 4481 2236 4505 ,
2265 4459 2364 4494 non
2396 4443 2450 4494 in
2476 4442 2631 4509 ﬁnem
2665 4442 2942 4506 irascetur,
2988 4459 3145 4513 neque
3185 4445 3242 4497 in
3285 4455 3440 4499 teter-

237 4554 457 4602 σεται,
510 4533 650 4588 οὐδὲ
694 4537 779 4600 εὶς
802 4535 907 4586 τὸν
932 4533 1112 4588 αιῶνα
1152 4537 1364 4604 μηνιεῖ.
1409 4541 1490 4592 Οὐ
1522 4543 1669 4595 κατὰ
1703 4542 1818 4609 τὰς.

237 4625 553 4698 ἁμαρτίας
599 4622 765 4690 ἡμῶν
808 4623 1090 4690 ἐποίησεν
1121 4624 1280 4692 ἡμῖν,
1327 4625 1465 4678 οὐδὲ
1507 4629 1653 4682 κατὰ
1703 4631 1816 4695 τὰς,

238 4715 522 4784 ἀνομίας
550 4711 715 4780 ἡμῶν
738 4712 1144 4765 ἀνταπέδωκεν
1185 4713 1344 4780 ἡμῖν.
1379 4715 1503 4768 Ὅτι
1535 4717 1683 4770 κατὰ
1741 4717 1807 4771 τὸ

237 4811 427 4877 ὕψος
471 4804 574 4856 τοῦ
605 4802 856 4868 οὐρανοῦ
893 4802 1006 4856 ἀπὸ
1038 4803 1142 4870 τῆς
1173 4805 1280 4871 γῆς
1317 4805 1668 4872 ἐκραταίωσε
1697 4811 1808 4862 Κύ-

228 4916 392 4970 ριος
447 4894 512 4947 τὸ
575 4895 743 4956 ἕλεος
805 4893 984 4945 αὐτοῦ
1033 4893 1128 4945 ἐπὶ
1203 4893 1340 4957 τοὺς
1397 4897 1806 4963 ,φοϐουμένους

237 4987 474 5044 αὐτόν.
569 4985 841 5038 Καθὸσον
926 4981 1252 5049 ἀπέχουσιν
1344 4984 1622 5038 ἀνατολαὶ
1692 4987 1806 5040 ἀπὸ

237 5073 550 5143 δυσμῶν,
625 5072 952 5139 ἑμάκρυνεν
1018 5071 1114 5137 ἀέρ’
1161 5070 1325 5138 ἡμῶν
1391 5071 1495 5136 τὰς
1563 5073 1808 5142 ἀνομίας

237 5164 458 5237 ἡμῶν.
518 5161 722 5225 Καθὼς
769 5160 1030 5226 οἱκτείρει
1088 5157 1279 5223 πατὴρ
1335 5159 1539 5223 υἱοὺς,
1609 5164 1808 5230 ᾠκτεί-

227 5270 423 5328 ρησε
484 5251 698 5318 Κύριος
771 5251 909 5313 τοὺς
977 5247 1374 5317 φοϐουμένους
1430 5247 1648 5315 αὐτὸν,
1721 5251 1810 5306 ὅτι

236 5337 455 5402 αὐτὸς
525 5338 674 5404 ἔγνω
716 5334 782 5387 τὸ
831 5334 1072 5403 πλάσμα
1125 5331 1307 5402 ἡμῶν.
1356 5333 1665 5401 Μνήσθητι
1724 5338 1810 5392 ὅτι

238 5431 423 5506 χοῦς
469 5430 673 5496 ἐσμεν⁶
727 5427 1040 5494 ἅνθρωπος,
1071 5426 1206 5480 ὡσεὶ
1255 5423 1465 5491 χόρτος
1515 5429 1574 5479 αἱ
1603 5427 1810 5495 ἡμέραι

238 5521 478 5580 αὐτοῦ’
510 5518 650 5571 ὡσεὶ
676 5517 851 5582 ἄνθος
905 5517 1006 5570 τοῦ
1027 5515 1221 5587 ἀγροῦ,
1254 5512 1442 5578 οὕτως
1469 5514 1806 5581 ἐξανθήσει.

335 5697 400 5730 ³·
435 5693 596 5750 hiare.
634 5706 671 5745 ll
692 5729 718 5756 μ
740 5691 793 5744 9.

1908 4547 2030 4584 num
2057 4533 2390 4585 succensebit.
2421 4531 2542 4584 Non
2564 4533 2845 4586 secundum
2869 4544 3079 4601 peccata
3109 4545 3290 4589 nostra
3316 4537 3437 4604 fecit

1909 4623 2053 4676 nobis
2071 4663 2084 4685 ,
2114 4639 2270 4691 neque
2299 4625 2576 4676 secundum
2603 4624 2904 4692 iniquitates
2943 4635 3152 4679 nostras
3194 4627 3436 4680 retribuit

1910 4711 2077 4764 nobis.
2116 4711 2372 4776 Quoniam
2402 4708 2682 4762 secundum
2713 4712 3040 4766 altitudinem
3073 4715 3190 4766 coeli
3225 4732 3257 4767 a
3297 4725 3438 4768 terra

1909 4801 2258 4854 corroboravit
2292 4800 2542 4852 Dominus
2573 4802 2984 4856 misericordiam
3012 4819 3161 4855 suam
3185 4819 3340 4871 super
3373 4806 3442 4858 ti-

1909 4901 2099 4942 mentes
2129 4907 2200 4944 se.
2234 4891 2495 4954 Quantum
2523 4889 2687 4942 distat
2710 4902 2852 4945 ortus
2883 4891 2946 4943 ab
2975 4891 3262 4957 occidente,
3293 4895 3441 4963 longe

1907 4979 2026 5047 fecit
2055 4995 2086 5030 a
2114 4977 2258 5031 nobis
2284 4979 2578 5046 iniquitates
2613 4991 2838 5034 nostras.
2865 4979 3130 5044 Quomodo
3168 4983 3443 5035 miseretur

1907 5076 2053 5135 pater
2082 5067 2340 5133 ﬁliorum,
2368 5067 2606 5118 misertus
2637 5077 2710 5119 est
2740 5067 2992 5120 Dominus
3023 5066 3321 5120 timentibus
3351 5085 3403 5120 se
3425 5106 3442 5129 ,

1907 5157 2150 5227 quoniam
2175 5157 2280 5224 ipse
2302 5156 2533 5224 cognouit
2555 5157 2852 5225 figmentum
2875 5163 3127 5208 nostrum.
3154 5153 3470 5209 Recordare-

1909 5247 2148 5315 quoniam
2179 5244 2345 5312 pulvis
2374 5258 2584 5306 sumus;
2617 5245 2787 5306 homo,
2817 5245 2951 5296 sicut
2977 5241 3146 5308 fenum
3161 5241 3274 5292 dies
3300 5241 3411 5308 ejus
3429 5281 3445 5303 ,

1911 5347 2158 5405 tanquam
2185 5336 2284 5403 ﬂos
2323 5336 2456 5404 agri,
2500 5337 2574 5389 sic
2613 5335 2873 5406 eﬂlorebit.
2921 5329 3182 5396 Quoniam
3231 5333 3476 5398 spiritus.

1908 5422 2238 5493 pertransibit
2266 5423 2319 5474 in
2350 5422 2442 5476 illo
2464 5432 2514 5476 et
2543 5439 2643 5477 non
2672 5424 2947 5482 subsistet,
2977 5428 3026 5472 et
3051 5433 3155 5470 non
3183 5428 3462 5487 cognoscet
3479 5451 3489 5475 λ-

1911 5516 2129 5584 amplius
2179 5514 2347 5568 locum
2389 5531 2560 5570 suum.
2615 5507 3081 5582 Quemadmodum
3130 5523 3164 5562 a
3219 5510 3489 5572 tenebra-
