3890 6434
316 382 461 445 1269
1377 390 1861 450 COMMENTARIA
1895 394 1961 452 IN
1999 398 2321 457 PSALMOS.
3318 422 3449 475 1270

316 502 415 553 καὶ
439 502 547 556 τῶν
575 503 830 575 οὐρανίων
872 506 1170 579 διατριϐῶν,
1214 509 1278 573 ἃς
1313 512 1422 573 τοῖς
1447 513 1617 578 ἀξίοις
1652 515 1681 566 δ
1719 514 1831 577 Θεὸς

1944 521 2257 587 praaparavit
2279 558 2295 584 ,
2319 522 2636 579 mentionem
2660 527 2785 582 fecit
2802 568 2817 593 ,
2844 531 3121 588 admodum
3151 550 3449 605 congruen-

308 590 596 661 ἡτοίμασε,
627 597 821 667 σφόδρα
848 598 1141 663 ἀκολούθως
1162 602 1277 663 ταῖς
1302 600 1562 673 οὐρανίοις
1587 604 1840 673 δυνάμεσι

307 683 626 753 συγχαίρειν
665 688 727 753 τῇ
779 686 880 754 τῆς
924 687 1096 758 ψυχῆς
1135 690 1367 760 σωτηρίᾳ
1400 693 1839 762 παρακελεύεται,

296 771 449 823 κατά
488 772 591 826 τὸν
610 778 865 845 σωτήριον
894 776 1044 845 λόγον
1077 780 1321 849 φήσαντα
1345 782 1510 852 χαρὰν
1539 783 1749 836 ἔσεσθαι
1784 787 1840 837 ἐν

290 859 382 929 τῷ
428 861 640 933 οὐρανῷ
685 866 775 917 ἐπὶ
820 866 899 918 ἐνὶ
948 868 1245 939 ἀμαρτωλῷ
1299 871 1666 939 μετανοοῦντι·
1710 873 1840 926 ἀλλά

294 951 399 1003 καὶ
436 955 515 1015 είς
568 953 713 1017 τέλος
758 954 893 1023 ἄγει,
919 956 1014 1027 τὴν
1069 958 1346 1029 ἀνθρώπου
1393 962 1563 1031 ψυχὴν
1608 964 1698 1016 καὶ
1744 964 1839 1027 τὰς

290 1039 585 1111 οὐρανίους
616 1044 867 1113 δυνάμεις
888 1061 901 1075 ⁸
937 1045 998 1099 τὸ
1034 1047 1138 1117 γὰρ
1166 1050 1293 1101 αὐτὸ
1335 1051 1431 1120 τῆς
1475 1052 1715 1119 εὐλογίας
1747 1054 1837 1124 ἔρ-

291 1144 400 1195 γον
442 1131 726 1205 καὶταύτῃ
762 1135 1025 1200 κάκείνοις
1061 1137 1350 1193 ἐπιτάττει.
1394 1140 1636 1193 Δυνατοὶ
1653 1143 1835 1209 ἰσχύϊ,

291 1220 615 1285 ποιοῦντες
665 1222 768 1274 τὸν
812 1224 992 1291 λόγον
1041 1225 1240 1288 αὐτοῦ,
1282 1225 1385 1278 τοῦ
1436 1226 1683 1279 ἀκοῦσαι
1730 1226 1838 1294 τῆς

288 1308 509 1376 φωνῆς
540 1310 655 1362 τῶν
674 1314 865 1379 λόγων
882 1314 1083 1367 αὐτοῦ.
1110 1315 1188 1366 Τά
1209 1314 1305 1383 μὲν
1322 1314 1457 1366 κατά
1486 1317 1563 1378 σὲ,
1583 1316 1760 1385 φησὶν,
1792 1311 1836 1369 ὧ

288 1395 486 1468 ψυχὴ,
537 1400 805 1463 ἐξασθενεῖ
856 1402 988 1472 πρὸς
1037 1403 1097 1454 τὸ
1146 1406 1261 1456 κατ’
1312 1405 1463 1467 ἀξίαν
1522 1406 1703 1475 ὑμνεῖν
1748 1408 1836 1459 τὸν

286 1486 467 1542 Θεόν·
500 1490 562 1542 ἐκ
597 1491 787 1561 μέρους
816 1491 871 1543 δὲ
910 1492 1053 1560 ὅμως
1085 1492 1235 1545 τοῦτο
1269 1495 1425 1547 ποίει.
1479 1496 1610 1548 Ἰσθι
1644 1496 1721 1561 δὲ,
1759 1497 1836 1549 ὅτι

287 1578 346 1631 οί
396 1579 608 1646 ἄγγελοι
635 1579 817 1645 αὐτοῦ,
841 1580 1047 1633 δυνατοὶ
1082 1581 1221 1651 ἰσχύϊ
1259 1584 1424 1649 ὄντες,
1458 1585 1549 1638 καὶ
1573 1585 1835 1639 ἀδιαπτώ-

285 1681 410 1728 τως
436 1667 523 1719 τὸν
566 1666 716 1733 λόγον
747 1667 904 1720 αὐτοῦ
938 1668 1225 1735 ποιοῦντες,
1257 1671 1391 1735 ἄξιοί
1421 1690 1478 1725 τε
1503 1673 1714 1727 ἀκούειν
1739 1675 1835 1744 τῆς

284 1754 485 1821 φωνῆς
524 1755 682 1807 αὐτοῦ
730 1756 954 1811 καὶτῶν
982 1758 1152 1827 λόγων
1194 1761 1374 1825 αὐτοῦ,
1410 1763 1718 1832 πρεπόντως
1743 1764 1833 1816 καὶ

284 1846 423 1895 κατ’
438 1820 591 1909 ἀξίαν
625 1845 926 1914 εὐλογοῦσιν
960 1820 1135 1901 αὐτόν.
1159 1850 1219 1901 Εἰ
1248 1850 1303 1903 δὲ
1328 1820 1420 1904 καὶ
1453 1820 1509 1904 ἐν
1534 1820 1832 1922 ἀνθράῖποις
1859 1820 1906 1883 Β

283 1928 409 1985 εἶέν
440 1951 580 1996 τινες
604 1935 692 1987 τὸν
725 1937 997 2003 ίσάγγελον
1028 1938 1138 2007 βίον
1176 1940 1568 2011 μετερχόμενοι,
1609 1943 1702 1995 ἅτε
1738 1943 1833 2013 τὴν

283 2026 480 2077 εἰκόνα
527 2024 617 2077 τοῦ
661 2027 973 2097 ἐπουρανίου
1016 2028 1318 2101 φοροῦντες,
1356 2031 1620 2100 ἰσχύοντες
1649 2034 1705 2086 δὲ
1744 2035 1835 2087 καὶ

281 2114 453 2166 αὐτοὶ
484 2117 649 2167 ποιεῖν
680 2115 767 2168 τὸν
796 2115 947 2184 λόγον
973 2118 1152 2184 αὐτοῦ,
1183 2118 1276 2174 καὶ
1301 2119 1510 2173 δυνατοὶ
1535 2122 1631 2191 τῆς
1657 2125 1834 2194 φωνῆς

280 2204 463 2256 αὐτοῦ
496 2204 801 2269 ὑπακούειν,
832 2206 970 2261 κατά
1003 2209 1091 2261 τὸν
1120 2210 1391 2279 φήσανταο
1420 2210 1619 2264 Πάντα
1652 2215 1834 2283 ἰσχύω

278 2294 365 2345 ἐν
395 2291 474 2358 τῷ
503 2294 927 2363 ἐνδυναμοῦντί
951 2314 1045 2363 με.
1096 2299 1201 2350 Καὶ
1244 2292 1404 2361 οὗτοι,
1445 2301 1711 2370 ἰσάγγελοι
1752 2302 1835 2355 ὅν-

278 2400 405 2450 τες,
457 2385 832 2453 εὐλογείτωσαν
875 2388 1061 2441 αὐτὸν.
1101 2390 1301 2461 Μηδεὶς
1345 2392 1401 2444 δὲ
1429 2392 1533 2446 τῶν
1564 2393 1831 2463 παραϐαι-

277 2473 493 2526 νόντων
522 2475 611 2528 τὸν
654 2475 804 2543 λόγον
832 2477 992 2533 αὐτοῦ
1020 2480 1110 2532 καὶ
1155 2481 1559 2550 παρακουόντων
1597 2483 1693 2552 τῆς
1722 2500 1833 2551 φω-

278 2562 391 2632 νῆς
415 2563 597 2627 αὐτοῦ,
632 2565 1053 2637 προπετέστερον
1088 2568 1331 2637 τολμάτω
1358 2568 1511 2623 τοῦτο
1538 2573 1725 2622 ποιεῖν.

361 2652 678 2721 Εὑλογεῖτε
717 2654 822 2707 τὸν
861 2655 1090 2721 Κύριον,
1121 2656 1305 2711 πᾶσαι
1339 2661 1396 2711 αἱ
1423 2658 1699 2727 δυνάμεις
1725 2662 1829 2716 αὐ·
1880 2714 1883 2723 ,

276 2742 423 2808 (οὗ,
472 2743 795 2813 λειτουργοί
838 2745 1040 2810 αὐτοῦ,
1072 2748 1378 2813 ποιοῦντες
1418 2749 1488 2802 τὰ
1540 2750 1833 2818 θελήματα

274 2832 501 2887 αὐτοῦ.
518 2833 575 2885 Ὀ
599 2834 693 2902 μὲν
714 2834 890 2899 Δαυῖδ,
917 2837 1203 2907 ἐπειδήπερ
1226 2838 1329 2891 είσὶ
1359 2839 1450 2891 καὶ
1472 2840 1831 2910 ἀντικείμεναι

274 2922 569 2990 δυνάμεις,
604 2923 802 2994 σφόδρα
840 2924 1145 2993 ἀναγκαίως
1176 2928 1419 2998 ἐπιφέρει
1457 2929 1542 2980 τόο
1576 2932 1832 2995 λειτουρ-

275 3012 387 3084 γοὶ
418 3010 623 3075 αὐτοῦ,
655 3014 954 3079 ποιοῦντες
988 3014 1059 3069 τὰ
1085 3016 1381 3085 θελήματα
1405 3018 1605 3079 αὐτοῦ,
1626 3019 1832 3081 δεικνὺς

1946 615 2027 661 ter
2067 608 2313 665 coalestes
2356 613 2581 669 virtutes
2615 616 2767 683 jubet
2795 621 2981 675 anima:
3025 626 3182 679 saluti
3220 642 3452 697 congau-

1945 694 2106 761 dene,
2136 699 2427 755 secundum
2463 703 2565 756 hoc
2605 703 2899 763 Salvatoris
2944 710 3175 777 dictum,
3214 694 3449 781 scilicet,

1941 786 2191 853 gaudium
2224 788 2338 844 fore
2368 792 2421 845 in
2451 793 2586 846 cmlo
2619 810 2779 863 super
2821 814 2928 852 uno
2967 811 3241 868 peccatore
3286 808 3455 874 paeni-

1938 878 2155 932 tentiam
2201 890 2390 950 agente
2440 884 2481 916 ³¹
2514 903 2528 938 :
2557 884 2651 939 sed
2698 888 2856 942 etiam
2899 906 3018 944 cum
3064 893 3294 950 hominis
3338 899 3452 951 ani-

1936 981 2077 1019 mam
2098 1006 2114 1032 ,
2148 976 2260 1023 tum
2296 972 2540 1029 cmlestes
2569 977 2796 1032 virtutes
2827 979 2882 1032 in
2930 980 3085 1035 ﬁnem
3127 984 3267 1052 agit:
3313 985 3451 1040 idem

1936 1056 2078 1109 enim
2108 1058 2453 1115 henedicendi
2481 1079 2676 1120 munus
2709 1074 2815 1119 tam
2850 1070 2921 1122 illi
2944 1110 2963 1133 ,
2990 1087 3145 1139 quam
3178 1075 3295 1129 istis
3322 1091 3453 1143 pra:-

1936 1146 2141 1201 scrihit.
2174 1147 2413 1204 Potentes
2442 1154 2656 1219 virtute,
2685 1156 2927 1223 facientes
2954 1160 3155 1213 verbum
3184 1164 3326 1217 illius
3344 1203 3358 1228 ,
3386 1165 3453 1218 ad

1940 1235 2247 1291 audiendam
2291 1258 2456 1295 vocem
2493 1262 2783 1300 sermonum
2812 1251 2941 1318 ejus.
2977 1250 3127 1315 Quod
3162 1253 3225 1305 ad
3257 1263 3305 1308 te
3334 1270 3454 1324 spe-

1936 1332 2078 1391 ctat,
2112 1342 2145 1380 o
2171 1330 2375 1393 anima,
2427 1335 2701 1390 imbecilla.
2734 1337 3050 1408 inﬁrmaque
3086 1356 3145 1394 es
3185 1342 3250 1395 ad
3289 1342 3452 1396 Deum

1940 1428 2036 1480 pro
2065 1414 2320 1483 dignitate
2350 1422 2760 1479 celebrandum:
2824 1437 3052 1481 attamen
3094 1429 3145 1482 id
3186 1444 3249 1483 ex
3306 1440 3455 1500 parte

1936 1506 2262 1572 exsequaris.
2307 1505 2454 1563 Scito
2487 1520 2664 1567 autem
2695 1518 2911 1584 angelos
2937 1518 3088 1585 ejus,
3120 1534 3239 1573 cum
3270 1530 3455 1588 poten-

1939 1598 2018 1647 tes
2041 1596 2239 1651 virtute
2260 1599 2366 1652 sint
2386 1637 2400 1663 ,
2423 1609 2476 1654 et
2504 1601 2864 1659 indesinenter
2883 1609 3099 1661 verbum
3124 1610 3214 1663 Dei
3236 1609 3454 1677 faciant,

1935 1681 2183 1753 dignique
2212 1688 2318 1741 sint
2339 1690 2430 1758 qui
2454 1707 2636 1746 vocem
2664 1703 2713 1748 et
2740 1711 3036 1752 sermonem
3059 1700 3176 1768 ejus
3202 1704 3453 1762 audiant,

1935 1776 2183 1830 decenter
2212 1793 2273 1832 ac
2297 1781 2556 1851 condigne
2586 1784 2686 1851 ipsi
2718 1785 3049 1842 benedicere.
3084 1791 3232 1853 Quod
3264 1793 3310 1845 si
3336 1797 3456 1861 qui-
3498 1814 3502 1824 ·

1932 1865 2052 1918 dam
2088 1866 2225 1921 inter
2268 1868 2525 1926 homines-
2542 1873 2648 1926 sint
2676 1876 2767 1943 qui
2803 1877 2962 1929 vitam
2996 1881 3247 1949 angelica:
3276 1897 3452 1950 parem
3496 1896 3508 1931 ’.

1934 1953 2143 2017 ineunt,
2170 1965 2351 2025 utpote
2370 1961 2459 2028 qui
2484 1962 2766 2032 imaginem
2789 1968 3453 2038 cmlestiscireumi‘erant,
3509 2022 3517 2030 .

1931 2057 1993 2095 ac
2024 2045 2124 2111 ipsi
2157 2061 2372 2115 quoque
2412 2051 2632 2104 verbum
2660 2053 2776 2121 ejus
2812 2058 3030 2125 exsequi
3061 2066 3114 2111 et
3141 2074 3323 2115 vocem
3354 2076 3452 2114 au-

1930 2131 2045 2187 dire
2067 2134 2313 2201 valeant,
2338 2139 2633 2193 secundum
2666 2156 2785 2196 eum
2817 2145 2907 2213 qui
2934 2146 3095 2211 dicit,
3129 2148 3314 2201 Omnia
3341 2166 3454 2217 pose

1929 2238 2044 2275 sum
2093 2224 2146 2276 in
2189 2241 2247 2278 eo
2282 2228 2371 2295 qui
2413 2245 2493 2281 me
2524 2231 2782 2299 confortat
2813 2234 2890 2299 ³²;
2932 2234 2987 2287 hi
3015 2251 3225 2305 quoque
3247 2239 3450 2307 angelis

1933 2325 2087 2378 pares
2116 2326 2236 2366 cum
2262 2316 2400 2381 sint,
2420 2317 2731 2373 benedicant
2756 2322 2824 2375 ei.
2850 2322 3013 2378 Nemo
3041 2332 3215 2379 autem
3240 2342 3449 2393 eorum,

1931 2402 2022 2469 qui
2052 2404 2270 2458 verbum
2304 2407 2420 2474 ejus
2450 2412 2913 2480 transgrediuntur
2941 2429 3003 2469 ac
3041 2417 3159 2470 voci
3189 2417 3305 2485 ejus
3342 2434 3453 2476 non

1932 2490 2323 2562 obtemperant,
2351 2504 2548 2554 temere
2575 2501 2676 2555 hoc
2698 2516 2852 2572 agere
2880 2516 3181 2573 prtesumat.

1998 2663 2159 2719 Vens.
2193 2666 2281 2730 21,
2308 2668 2396 2723 22.
2436 2670 2724 2726 Benedicite
2754 2674 2991 2740 Domino,
3031 2695 3201 2734 omnes
3240 2682 3451 2739 uirtutes

1928 2754 2063 2820 ejus,
2095 2758 2321 2810 ministri
2356 2760 2488 2827 ejus,
2525 2765 2612 2831 qui
2640 2765 2811 2832 facitis
2841 2766 3122 2823 voluntates
3147 2770 3276 2837 ejus.
3310 2771 3453 2837 Quo:-

1930 2845 2072 2898 niam
2110 2847 2425 2903 adversariae
2448 2866 2659 2921 quoque
2688 2855 2912 2910 virtutes
2947 2865 3091 2923 sunt,
3140 2860 3258 2915 ideo
3285 2860 3451 2916 David

1928 2937 2233 2990 necessario
2282 2938 2410 2992 illud
2440 2941 2645 3007 adjicit,
2700 2945 2925 2998 ministri
2965 2949 3097 3014 ejus,
3138 2952 3235 3018 qui.
3276 2951 3450 3019 facitis

1930 3021 2213 3075 voluntates
2244 3024 2354 3091 ejus
2378 3040 2396 3077 :
2425 3025 2703 3081 declarans
2744 3044 2878 3096 quas
2927 3040 2979 3085 et
3006 3032 3303 3099 cujusmodi
3343 3037 3453 3088 vir-

275 3107 448 3166 τίνας
472 3103 820 3172 βούλεταικαὶ
845 3104 1029 3166 ὁποίας
1045 3104 1294 3174 δυνάμεις
1314 3107 1545 3172 εὐλογεῖν
1571 3108 1660 3160 τὸν
1680 3108 1827 3160 Θεόν·

1931 3117 2072 3164 tutes
2115 3110 2220 3165 Deo
2257 3112 2570 3168 benedicere
2618 3117 2744 3169 velit
2777 3135 2791 3171 :
2823 3134 2929 3172 non
3002 3135 3187 3175 omnes
3233 3123 3447 3192 quippe,

273 3200 376 3251 ὅτι
414 3193 488 3264 μὴ
517 3193 711 3257 πάσας,
748 3193 878 3263 μηδὲ
921 3193 1021 3256 τὰς
1063 3195 1321 3259 ἐναντίας,
1347 3195 1480 3247 ἀλλά
1535 3196 1687 3265 μόνος
1731 3198 1827 3260 τάς

278 3282 455 3349 ἀξίας
500 3282 598 3344 τὰς
646 3283 704 3335 ἐν
743 3282 1013 3352 διαφόροις
1036 3284 1214 3347 τάξεσι
1236 3284 1637 3355 λειτουργούσας
1666 3286 1826 3355 αὐτῷ,

276 3378 413 3446 ἤτοι
448 3372 699 3433 ποιούσας
724 3371 883 3424 αὐτοῦ
912 3371 971 3424 τὸ
1009 3372 1231 3443 θέλημα.
1264 3376 1569 3444 Λειτουργοὶ
1595 3378 1698 3446 γάρ
1729 3380 1828 3432 είσι

276 3460 431 3517 Θεοῦ
452 3460 699 3528 δυνάμεις
720 3458 1072 3527 ὐπερητοῦσαι
1092 3461 1236 3530 αὐτῷ
1256 3463 1333 3525 εἰς
1352 3463 1386 3514 ἂ
1409 3464 1643 3531 βούλεται
1666 3473 1830 3520 ποιεῖν

278 3552 361 3604 δι’
390 3546 567 3602 αὐτῶν
595 3548 679 3599 ἐπ’
706 3548 987 3617 εὐεργεσίᾳ
1018 3549 1108 3601 καλ⁸
1132 3548 1361 3620 ὠφελείᾳ
1390 3554 1611 3615 παντός’
1637 3554 1715 3605 διὸ
1741 3556 1829 3608 καὶ

282 3640 470 3696 ποιεῖν
508 3637 576 3690 τά
618 3638 890 3708 θελήματα
915 3638 1075 3691 αὐτοῦ
1108 3639 1363 3710 εἴρηνται.
1390 3644 1696 3711 Εὐλογεῖτε
1727 3645 1831 3698 τὸν

284 3731 532 3798 Κύριον,
560 3728 750 3780 πάντα
770 3712 849 3780 τὰ
868 3728 1007 3796 ἔργα
1030 3730 1312 3793 αὺτοῦ,ἐν
1340 3732 1512 3785 παντὶ
1539 3735 1695 3798 τόπῳ
1724 3734 1830 3801 τῆς

283 3819 646 3882 δεσποτείας
667 3818 866 3871 αὐτοῦ.
895 3820 1219 3887 emerem
1249 3821 1414 3888 ψυχή
1438 3838 1574 3889 μου,
1602 3823 1703 3876 τὸν
1721 3826 1830 3877 Κύ-

276 3907 525 3978 ριον.Ἥ
556 3906 653 3975 τῆς
684 3905 996 3970 ἀκολουθίας
1036 3907 1243 3961 διάνοια
1282 3909 1465 3962 τοῦτον
1505 3910 1674 3964 ἔοικεν
1704 3913 1830 3965 ὐπο-

286 3995 511 4049 6ἀλλειν
549 3994 637 4047 τὸν
682 3993 801 4046 νοῦν
821 4010 833 4023 ·
865 3994 927 4047 Εἰ
959 3994 1056 4065 μὲν
1083 3994 1318 4062 ἀγγέλων
1349 3993 1433 4066 ἦν,
1464 3999 1612 4067 φησι,
1654 4000 1827 4068 μόνον,

288 4087 391 4142 καὶ
435 4084 590 4138 θείων
637 4084 912 4154 δυνάμεων
946 4085 1038 4138 καὶ
1068 4086 1324 4157 οὐρανίων
1353 4087 1670 4158 λειτουργῶν
1697 4090 1827 4142 Θεοῦ

286 4177 357 4230 τὸ
385 4175 621 4241 εὐλογεῖν
648 4174 826 4237 αὐτὸν,
860 4174 1032 4237 καλῶς
1049 4174 1113 4229 ἂν
1137 4174 1296 4246 εἶχες,
1320 4171 1363 4229 ὦ
1392 4177 1551 4248 ψυχὴ,
1578 4179 1829 4233 ὑποστέλ.

285 4267 483 4325 λεσθαι
517 4264 727 4335 ἑαυτὴν,
747 4267 855 4327 τοῖς
885 4266 1146 4334 κρείττοσι
1169 4266 1558 4337 παραχωροῦσα
1573 4268 1666 4337 τὴν
1686 4269 1830 4321 εὐλο-

290 4356 452 4427 γίαψ
488 4353 666 4421 ἐπειδὴ
689 4353 743 4404 δέ
768 4355 796 4405 δ
829 4351 966 4414 θεῖος
990 4352 1141 4421 λόγος
1171 4357 1301 4407 πᾶσι
1329 4358 1437 4417 τοῖς
1469 4356 1643 4428 ἔργοις
1667 4357 1825 4410 αὐτοῦ

1934 3215 2105 3266 neque
2135 3201 2502 3269 adversarias;
2537 3205 2631 3258 sed
2655 3206 2825 3259 solum
2858 3222 2949 3261 eas
2972 3223 3090 3275 quae
3111 3210 3281 3278 dignae
3300 3221 3447 3275 sunt,

1928 3295 1980 3341 et
2002 3288 2164 3343 variis
2193 3289 2468 3345 ordinibus
2494 3292 2595 3360 ipsi
2624 3294 2946 3359 ministrant,
2977 3297 3088 3351 sive
3109 3314 3224 3367 qua:
3249 3299 3464 3353 faciunt~

1926 3377 2256 3433 voluntatem
2298 3378 2435 3448 ejus.
2479 3380 2611 3434 Nam
2655 3383 2889 3439 ministri
2928 3385 3019 3439 Dei
3068 3396 3191 3441 sunt
3225 3390 3450 3445 virtutes

1928 3467 2031 3535 ipsi
2061 3468 2127 3521 ad
2168 3469 2412 3537 qualibet
2438 3486 2661 3525 munera
2702 3486 2800 3541 pro
2843 3475 3100 3529 beneﬁcio
3127 3484 3180 3529 et
3224 3479 3451 3534 utilitate

1929 3556 2164 3611 universi
2198 3558 2563 3613 ministrantes
2594 3578 2606 3613 :
2634 3576 2800 3629 quare
2823 3564 3123 3619 voluntates
3148 3566 3263 3634 ejus
3296 3583 3451 3623 exse.-

1928 3646 2018 3713 qui
2052 3646 2321 3701 dicuntur.
2347 3649 2638 3703 Benedicite
2671 3650 2915 3718 Domino,
2937 3655 3111 3708 omnia
3140 3671 3291 3724 opera
3316 3657 3448 3725 ejus,

1928 3738 1980 3790 in
2001 3740 2139 3790 omni
2164 3738 2274 3791 loco
2305 3738 2675 3793 dominationis
2702 3741 2835 3808 ejus.
2859 3742 3099 3811 Benedic,
3122 3747 3295 3798 anima
3314 3763 3448 3810 mea,

1928 3825 2169 3881 Domino.
2200 3825 2323 3880 Haec
2352 3826 2510 3881 seriei
2534 3842 2683 3881 mens
2705 3835 2757 3881 et
2786 3832 3047 3883 sententia
3072 3832 3279 3887 videtur
3294 3849 3447 3888 esse:

1934 3914 1990 3967 Si
2018 3915 2348 3984 angelorum,
2378 3915 2572 3984 inquit,
2613 3916 2968 3981 solummodo,
3008 3919 3307 3977 divinarum
3340 3922 3450 3977 vir-3

1928 4012 2122 4068 tutum,
2147 4005 2551 4073 cmlestiumque
2582 4002 2676 4058 Dei
2704 4005 3072 4060 ministrorum
3104 4009 3330 4063 oﬂicium
3363 4026 3452 4065 es-

1930 4101 2009 4148 set
2032 4095 2134 4164 ipsi
2162 4095 2495 4159 benedicere,
2534 4103 2676 4148 recte
2704 4109 2917 4162 posses,
2936 4109 2969 4148 0
3005 4098 3201 4158 anima,
3236 4106 3288 4153 te
3314 4114 3446 4152 con-

1926 4183 2115 4245 tinere,
2141 4199 2204 4237 ac
2230 4190 2283 4237 te
2305 4183 2610 4237 melioribus
2632 4181 3055 4237 benedictionem
3079 4185 3298 4252 cedere;
3321 4188 3479 4253 quia.

1928 4286 2054 4326 vero
2093 4272 2306 4327 divinus
2340 4286 2514 4329 sermo
2536 4271 2747 4324 cunctis
2778 4271 2896 4338 ejus
2926 4273 3176 4341 Operibus
3205 4277 3447 4344 praecipit

1928 4370 1987 4417 ut
2018 4361 2242 4416 Domino
2276 4362 2624 4427 benedicant;
2660 4377 2757 4431 par
2779 4372 2855 4416 est
2887 4364 3029 4414 enim
3058 4377 3268 4417 omnem
3297 4380 3449 4418 crea-

291 4447 537 4514 εὐλογεῖν
558 4444 645 4496 τὸν
663 4442 861 4513 Κύριον
880 4445 1194 4513 προστάττει
1214 4462 1226 4474 ο
1253 4447 1511 4516 προσήκει
1534 4448 1636 4517 γὰρ
1652 4449 1825 4499 πᾶσαν

1931 4459 2099 4504 turam
2148 4466 2247 4519 pro
2295 4450 2563 4515 facultate,
2615 4456 2994 4519 congruentem
3038 4449 3146 4504 Deo
3196 4453 3447 4521 hymnum

292 4537 394 4609 τὴν
440 4534 611 4587 κτίσιν
657 4533 791 4586 κατά
834 4532 929 4602 τὴν
974 4533 1137 4602 αὐτῆς
1177 4534 1395 4604 δύναμιν
1426 4537 1513 4589 τὸν
1558 4538 1824 4607 πρέποντα

294 4629 467 4699 ὕμνον
492 4624 791 4677 ἀποδιδόναι
816 4622 891 4691 τῷ
921 4622 1035 4691 Θεῷ
1053 4639 1066 4652 ⁸
1099 4623 1150 4673 τί
1181 4623 1406 4691 μέλλεις,
1429 4619 1472 4676 ὦ
1494 4626 1632 4696 ψυχή
1655 4644 1669 4691 ;
1698 4630 1826 4697 Οὐχὶ

296 4716 395 4770 καὶ
421 4713 576 4781 αὐτὴ,
610 4711 701 4763 ἅτε
751 4710 904 4777 ἔργον
950 4710 1047 4760 οὐκ
1092 4710 1545 4781 εὐκαταφρόνητον
1576 4710 1703 4765 οὖσα
1734 4713 1824 4765 τοῦ

297 4805 458 4869 Θεοῦ,
486 4800 618 4856 ἀλλά
646 4802 761 4855 κατ’
788 4800 961 4853 εἰκόνα
986 4799 1172 4852 ἑαυτοῦ
1206 4802 1556 4870 πεποιημένη,
1578 4802 1823 4873 ἀνεγείρῃ

299 4894 530 4963 σεαυτὴν
575 4892 664 4943 ἐπὶ
706 4892 802 4962 τὴν
845 4888 1112 4956 θεολογίαν
1148 4889 1238 4940 καὶ
1269 4890 1504 4957 εὐλογίαν
1537 4892 1626 4944 τοῦ
1656 4893 1823 4956 Θεοῦ;

309 4982 530 5051 Ἐπειδὴ
558 4984 590 5049 ὴ
615 4980 888 5032 δεσποτεία
915 4981 1094 5043 αὐτοῦ,
1128 4983 1261 5034 κατὰ
1286 4978 1345 5031 τὸ
1367 4982 1662 5050 εἰρημένον,
1695 4985 1826 5039 πάν-

296 5091 405 5129 των
424 5069 688 5133 δεσπόζει,
719 5068 996 5138 οὐρανίων,
1014 5069 1278 5132 ἐπιγείων,
1308 5069 1680 5137 καταχθονίων,
1698 5072 1825 5124 ἀκο-

297 5162 503 5222 λούθως
543 5157 714 5210 πάντα
740 5157 805 5208 τὰ
832 5156 961 5226 ἔργα
990 5155 1171 5218 αὐτοῦ,
1204 5155 1275 5216 ὠς
1308 5154 1370 5207 ἂν
1404 5157 1504 5207 ὐπὸ
1541 5156 1634 5226 τὴν
1666 5159 1824 5211 αὑτοῦ

298 5247 608 5305 δεσποτείαν
630 5244 773 5307 ὄντα,
796 5245 864 5296 τὰ
904 5243 1179 5313 σύμπαντα
1205 5240 1328 5310 γὰρ,
1360 5244 1508 5311 φησὶ,
1537 5243 1693 5298 δοῦλα
1739 5247 1822 5310 σὰ,

297 5340 375 5403 ὡς
407 5339 698 5406 ποιήματα,
728 5335 1002 5402 εὐλογείτω
1050 5332 1222 5385 αὐτόν.
1252 5333 1359 5383 Καὶ
1406 5333 1518 5394 πῶς
1557 5333 1825 5403 εὐλογοῦσι

300 5427 372 5481 τά
394 5428 558 5493 ἄλογα
589 5426 679 5477 καὶ
707 5425 771 5476 τά
796 5424 1001 5492 ἀψυχα,
1048 5424 1129 5482 Ὠς
1150 5421 1361 5488 οὐρανοὶ
1402 5423 1703 5492 διηγοῦνται
1745 5428 1825 5479 δό-

304 5516 401 5589 ξαν
440 5514 605 5578 Θεοῦ,
635 5514 842 5576 πάντως
869 5514 982 5566 ἀντὶ
1015 5510 1191 5581 φωνῆς
1228 5509 1480 5578 χρώμενα
1506 5516 1568 5582 τῇ
1603 5514 1718 5584 δ’,ῑιει
1750 5521 1825 5582 εἰς

377 5688 420 5720 ³⁸
457 5687 590 5743 Luc.
622 5702 707 5751 xv,
742 5686 790 5740 7.
862 5687 903 5719 ⁸²
937 5686 1153 5753 Philipp.
1194 5697 1267 5746 tu,
1304 5683 1393 5739 15.

1925 4538 2185 4601 emittere,
2214 4538 2341 4606 quid
2377 4537 2667 4601 cunctaris,
2690 4552 2722 4590 o
2754 4538 2964 4591 anima?
3002 4536 3249 4608 Nunquid
3289 4548 3448 4595 etiam

1927 4629 2063 4695 ipsa,
2088 4633 2276 4694 utpote
2299 4640 2432 4693 opus
2456 4623 2547 4678 Dei
2574 4640 2681 4679 non
2710 4626 3088 4693 spernendum,
3122 4628 3215 4681 sed
3230 4630 3295 4683 ad
3317 4631 3449 4681 ima-

1929 4718 2102 4787 ginem
2134 4717 2251 4785 ejus
2284 4717 2502 4779 factum,
2533 4718 2869 4785 temetipsum
2908 4720 3110 4773 excitas
3144 4719 3209 4771 ad
3238 4722 3448 4777 divinas

1925 4806 2108 4860 laudes
2129 4813 2180 4859 et
2213 4805 2279 4858 ad
2310 4804 2728 4859 benedicendum
2756 4805 2893 4858 Deo?
2920 4805 3179 4870 Quoniam
3212 4808 3449 4861 domina-

1925 4896 1998 4948 tio
2026 4894 2164 4962 ejus,
2208 4902 2271 4946 ut.
2295 4893 2494 4947 dictum
2528 4902 2630 4957 est,
2666 4896 2910 4949 omnibus
2953 4895 3177 4961 imperat
3217 4896 3449 4948 coelesti-

1926 4985 2047 5047 bus,
2095 4984 2435 5039 terrestribus
2484 4992 2537 5037 et
2583 4986 2837 5049 infernis;
2884 4984 3002 5035 ideo
3057 4986 3239 5037 omnia
3287 5002 3450 5053 opera

1924 5076 2061 5143 ejus,
2103 5080 2286 5142 utpote
2310 5073 2477 5141 ipsius
2509 5072 2858 5126 dominationi
2894 5070 3126 5133 subdita,
3157 5070 3259 5138 ipsi
3292 5074 3451 5126 bene-

1924 5166 2122 5219 dicant.
2150 5162 2284 5216 Nam
2304 5164 2503 5227 omnia,
2540 5163 2733 5232 inquit,
2766 5161 2859 5213 tibi
2887 5159 3313 5227 subdita,utpote
3336 5162 3453 5228 opi-
3486 5188 3493 5199 -

1927 5254 2047 5309 licia
2073 5261 2184 5315 tua,
2215 5251 2529 5306 benedicere
2556 5252 2650 5306 tibi
2679 5252 2890 5309 debent.
2922 5246 2987 5298 Et
3007 5249 3281 5314 quomodo
3302 5249 3455 5304 benc-

1924 5343 2102 5396 dicant
2128 5342 2515 5395 irrationabilia
2544 5350 2596 5396 et
2627 5338 2958 5395 inanimata?
2998 5336 3116 5400 Quo
3150 5338 3309 5391 modo
3336 5339 3457 5391 coeli

1923 5443 2173 5487 enarrant
2200 5433 2423 5501 gloriam
2448 5432 2561 5496 Dei,
2600 5433 2688 5501 qui
2718 5445 2850 5485 sane
2894 5434 3193 5494 conspectu
3231 5442 3330 5479 suo
3362 5442 3461 5479 ceu

1925 5540 2071 5589 voce,
2120 5523 2185 5578 ad
2224 5522 2572 5579 exhibendam
2600 5522 2694 5579 Dei
2723 5522 2984 5577 virtutem
3024 5522 3263 5569 utuntur
3292 5535 3305 5570 :
3330 5518 3485 5570 unde-
