3890 6434
301 378 438 439 1269

1354 379 1838 437 COMMENTARIA
1872 381 1939 437 IN
1976 383 2299 442 PSALMOS.

3298 402 3429 454 £270

301 496 394 549 καὶ
418 496 524 550 τῶν
553 496 807 568 οὐρανίων
849 498 1148 570 διατριδῶν,
1192 499 1256 562 ἃς
1291 501 1594 567 τοκεάξίοις
1630 502 1657 553 ὁ
1697 501 1824 565 Θεὸς

1922 506 2236 573 praeparavit
2258 543 2273 568 ,
2298 505 2615 562 mentionem
2639 509 2764 564 fecit
2781 550 2796 575 ,
2822 513 3101 568 admodum
3130 530 3429 584 congruen-

294 584 574 657 ἡτοίμασε,
605 589 799 659 σφόδρα
827 589 1120 653 ἀκολούθως
1140 592 1255 653 ταῖς
1280 590 1539 663 οὐρανίοις
1566 591 1818 660 δυνάμεσι

293 677 605 747 συγχαίρειν
643 681 706 746 τῇ
758 678 857 747 τῆς
902 678 1074 749 ψυχῆς
1113 680 1346 750 σωτηρίᾳ
1378 681 1818 751 παρακελεύεται,

285 765 428 818 κατὰ
467 767 571 819 τὸν
589 771 843 838 σωτήριον
873 769 1023 837 λόγον
1055 770 1300 840 φήσαντα
1324 771 1489 841 χαρὰν
1517 772 1729 824 ἔσεσθαι
1764 774 1820 825 ὲν

281 854 364 924 τῷ
408 855 619 926 οὐρανῷ
665 858 754 909 ἐπὶ
799 858 878 910 ἑνὶ
927 860 1225 930 ἁμαρτωλῷ
1278 860 1646 929 μετανοοῦντιθ
1689 861 1821 914 ἀλλά

283 946 381 997 καὶ
416 949 495 1009 είς
548 947 693 1009 τέλος
738 946 873 1015 ἄγει,
899 948 993 1018 τὴν
1049 949 1326 1020 ἀνθρώπου
1372 950 1542 1021 ψυχὴν
1587 952 1679 1004 καὶ
1724 952 1819 1015 τὰς

280 1035 565 1105 οὐρανίους
596 1037 847 1107 δυνάμεις
869 1054 882 1068 ·
918 1037 979 1091 τὸ
1006 1038 1118 1108 ηγάρ
1147 1040 1273 1092 αὐτὸ
1316 1041 1411 1110 τῆς
1456 1040 1695 1108 εὐλογίας
1728 1042 1817 1111 ἔρ-

282 1140 382 1192 γον
422 1125 707 1198 καὶταύτῃ
742 1128 1005 1192 κάκείνοις
1042 1128 1330 1183 ἐπιτάττει.
1374 1129 1816 1197 Δυνατοὶίσχύῖ,

283 1214 596 1278 ποιοῦντες
646 1215 750 1268 τὸν
794 1217 973 1283 λόγον
1022 1216 1221 1279 αὐτοῦ,
1262 1215 1367 1269 τοῦ
1417 1215 1664 1268 ἀκοῦσαι
1712 1214 1820 1282 τῆς

282 1302 491 1372 φωνῆς
523 1303 637 1356 τῶν
655 1307 847 1372 λόγων
865 1306 1065 1359 αὑτοῦ.
1092 1306 1170 1357 Τά
1190 1305 1286 1374 μὲν
1303 1304 1439 1357 κατὰ
1468 1306 1545 1367 σὲ,
1565 1305 1743 1374 φησὶν,
1774 1298 1818 1357 ὦ

282 1391 468 1463 ψυχὴ,
520 1392 788 1456 ἐξασθενεῖ
839 1394 970 1464 πρὸς
1020 1394 1078 1446 τὸ
1128 1397 1243 1447 κατ’
1295 1395 1445 1457 ἀξίαν
1505 1396 1686 1464 ὑμνεῖν
1730 1395 1819 1447 τὸν

282 1482 449 1536 Θεόψ
482 1485 545 1536 ἐκ
580 1484 771 1554 μέρους
799 1483 854 1535 δὲ
893 1484 1036 1552 ὅμως
1067 1483 1219 1536 τοῦτο
1252 1486 1408 1537 ποίει.
1462 1485 1593 1537 Ἵσθι
1626 1485 1703 1548 δὲ,
1742 1486 1819 1537 ὅτι

283 1573 333 1627 οί
378 1572 591 1640 ἄγγελοι
618 1572 801 1637 αὐτοῦ,
824 1572 1030 1625 δυνατοὶ
1065 1572 1205 1643 ίσχύῖ
1242 1575 1408 1638 ὄντες,
1441 1574 1532 1627 καὶ
1556 1572 1819 1628 ἀδιαπτώ-

282 1677 393 1723 τως
420 1661 507 1713 τὸν
550 1660 700 1727 λόγον
731 1659 888 1712 αὐτοῦ
922 1658 1209 1725 ποιοῦντες,
1242 1661 1375 1725 ἄξιοί
1406 1680 1461 1715 τε
1487 1662 1698 1715 ἀκούειν
1723 1663 1819 1731 τῆς

281 1748 470 1816 φωνῆς
508 1749 667 1800 αὐτοῦ
714 1749 938 1803 καὶτῶν
967 1749 1137 1819 λόγων
1179 1751 1358 1815 αὐτοῦ,
1394 1752 1702 1822 πρεπόντως
1727 1752 1818 1804 καὶ

280 1808 407 1890 κατ’
424 1808 576 1904 ἀξίαν
610 1839 911 1907 εὐλογοῦσιν
946 1808 1121 1893 αὐτόν.
1144 1841 1204 1892 Ei
1233 1840 1288 1893 δὲ
1312 1808 1405 1893 καὶ
1438 1808 1494 1894 εν
1519 1808 1817 1911 ἀνθρωποις
1843 1808 1890 1870 Β

280 1923 393 1980 εἶέν
426 1945 566 1990 τινες
589 1928 677 1980 τὸν
710 1929 983 1997 ίσάγγελον
1014 1929 1123 1999 βίον
1162 1930 1554 2001 μετερχόμενοι,
1595 1931 1687 1983 ἅτε
1724 1931 1819 2000 τὴν

280 2020 465 2073 εἰκόνα
512 2018 603 2071 τοῦ
647 2020 959 2090 ἐπουρανίου
1002 2019 1304 2096 φοροῦντες,
1342 2020 1606 2089 ἰσχύοντες
1635 2022 1690 2074 δὲ
1730 2023 1821 2077 καὶ

279 2110 439 2162 αὐτοὶ⁵
470 2111 635 2161 ποιεῖν
666 2109 753 2161 τὸν
782 2108 933 2177 λόγον
959 2109 1139 2174 αὐτοῦ,
1169 2109 1263 2164 καὶ
1288 2109 1497 2163 δυνατοί¹
1522 2110 1618 2179 τῆς
1644 2113 1821 2181 φωνῆς

279 2199 450 2251 αὐτοῦ
482 2198 788 2262 ὑπακούειν,
819 2198 957 2253 κατά
990 2200 1078 2252 τὸν
1108 2200 1378 2270 φήσαντα·
1407 2199 1606 2253 Πάντα
1640 2202 1821 2271 ἰσχύω

276 2290 348 2341 ἐν
379 2287 461 2353 τῷ
490 2288 915 2356 ἐνδυναμοῦντί
939 2305 1032 2355 με.
1083 2290 1189 2341 Καὶ
1231 2282 1392 2351 οὗτοι,
1432 2290 1699 2359 ἰσάγγελοι
1740 2289 1821 2342 ὅν-

277 2396 391 2445 τες,
444 2379 820 2447 εὐλογείςωσαν
863 2380 1042 2433 αὐτὸν.
1089 2380 1289 2452 Μηδεὶς
1333 2381 1389 2434 δὲ
1417 2381 1521 2435 τῶν
1551 2380 1818 2451 παραϐαι-

277 2468 480 2522 νόντων
510 2469 599 2522 τὸν
642 2469 793 2535 λόγον
821 2469 981 2526 αὐτοῦ
1009 2472 1099 2523 καὶ
1144 2471 1548 2541 παρακουόντων
1585 2472 1681 2540 τῆς
1710 2488 1821 2539 φω-

277 2559 376 2629 νῆς
402 2557 586 2621 αὐτοῦ,
621 2557 1042 2629 προπετέστερον
1077 2558 1320 2627 τολμάτω
1347 2558 1500 2613 τοῦτο
1527 2561 1713 2611 ποιεῖν.

346 2646 668 2717 Εὐλογεῖτε
706 2648 811 2700 τὸν
850 2648 1080 2714 Κύριον,
1111 2647 1294 2702 πᾶσαι
1328 2651 1386 2701 ai
1413 2647 1688 2715 δυνάμεις
1714 2649 1819 2702 αὑ·
1870 2700 1873 2709 ,

277 2738 412 2803 τοῦ,
462 2736 785 2806 λειτουργοὶ
828 2737 1030 2802 αὐτοῦ,
1063 2738 1368 2802 ποιοῦντες
1408 2738 1478 2791 τὰ
1530 2737 1823 2806 θελήματα

276 2828 491 2883 αὐτοῦ.
508 2829 565 2880 '0
589 2828 683 2897 μὲν
705 2826 881 2892 Δαυῒδ,
908 2829 1193 2899 ἐπειδήπερ
1216 2828 1320 2881 εἰσὶ
1349 2828 1441 2881 καὶ
1463 2828 1822 2897 ἀντικείμεναι

276 2918 559 2986 δυνάμεις,
594 2917 793 2987 σφόδρα
831 2917 1136 2985 ἀναγκαίως
1167 2917 1410 2988 ἐπιφέρει
1448 2918 1533 2969 τό*
1567 2920 1823 2983 λειτουρ-

278 3008 374 3079 τοι
409 3004 613 3070 αὐτοῦ,
646 3007 945 3072 ποιοῦντες
979 3006 1051 3061 τὰ
1077 3007 1373 3076 θελήματα
1396 3006 1597 3066 αὐτοῦ,
1617 3007 1823 3068 δεικνὺς

1925 601 2005 647 ter
2046 593 2292 649 coalestes
2335 596 2560 652 virtutes
2594 598 2746 666 jubet
2774 603 2961 656 animae
3004 607 3160 659 saluti
3200 622 3432 677 congau-

1924 680 2085 746 dene,
2116 684 2407 739 secundum
2443 687 2544 740 hoc
2585 685 2879 744 Salvatoris
2923 691 3155 757 dictum,
3194 697 3429 759 scilicet,

1921 772 2171 839 gaudium
2205 772 2317 828 fore
2348 776 2401 829 in
2431 777 2566 830 cmlo
2599 792 2758 846 super
2800 796 2907 833 uno
2947 792 3221 849 peccatore
3266 788 3435 854 ι)ωηί-

1917 864 2135 918 tentiam
2182 874 2370 935 agente
2420 868 2461 900 ²¹
2495 887 2509 921 :
2538 867 2631 922 sed
2678 871 2835 924 etiam
2880 888 2998 926 cum
3044 874 3274 930 hominis
3318 879 3433 930 ani-

1916 967 2057 1005 mam
2078 992 2095 1018 ,
2129 961 2241 1007 tum
2277 957 2521 1013 cmlestes
2550 960 2777 1014 virtutes
2807 961 2862 1014 in
2911 962 3066 1015 ﬁnem
3108 965 3247 1032 agit:
3294 965 3433 1019 idem

1917 1042 2058 1095 enim
2089 1044 2435 1100 benedicendi
2462 1063 2657 1103 munus
2690 1056 2795 1102 tam
2830 1051 2902 1103 illi
2924 1092 2945 1117 ,⁸
2971 1068 3126 1121 quam
3159 1054 3276 1108 istis
3303 1071 3435 1123 pra:-

1917 1131 2123 1187 scrihit.
2156 1133 2395 1188 Potentes
2425 1138 2638 1202 virtute,
2667 1138 2908 1205 facientes
2935 1142 3136 1193 verbum
3166 1144 3340 1207 illius,
3367 1144 3435 1197 ad

1922 1222 2230 1276 audiendam
2274 1242 2439 1279 vocem
2475 1245 2765 1282 sermonum
2794 1233 2923 1300 ejus.
2959 1231 3110 1297 Quod
3144 1233 3207 1285 ad
3239 1243 3287 1288 te
3316 1250 3436 1303 spe-

1918 1318 2060 1377 ctat,
2094 1327 2127 1366 o
2153 1316 2358 1377 anima,
2409 1319 2685 1373 imbecilla
2717 1320 3032 1390 infirmaque
3068 1337 3128 1375 es
3167 1323 3233 1375 ad
3272 1322 3435 1376 Deum

1923 1415 2018 1467 pro
2047 1401 2302 1469 dignitate
2333 1406 2743 1461 celebrandum:
2807 1419 3035 1463 attamen
3077 1410 3129 1463 id
3168 1425 3233 1463 ex
3289 1420 3438 1480 parte

1919 1491 2246 1559 exsequeris.
2290 1488 2438 1548 Scito
2471 1504 2647 1551 autem
2678 1500 2895 1566 angelos
2921 1500 3071 1566 ejus,
3103 1514 3222 1553 cum
3253 1510 3439 1568 poten-

1922 1585 2002 1633 tes
2023 1582 2223 1636 virtute
2245 1584 2351 1638 sint
2370 1623 2385 1648 ,
2407 1594 2460 1638 et
2487 1586 2848 1641 indesinenter
2867 1590 3083 1642 verbum
3110 1590 3198 1643 Dei
3220 1589 3438 1655 faciant,

1919 1669 2167 1739 dignique
2196 1674 2302 1727 sint
2324 1674 2415 1743 qui
2438 1690 2621 1729 vocem
2649 1686 2698 1731 et
2725 1694 3021 1733 sermonem
3044 1682 3160 1748 ejus
3187 1683 3438 1741 audiant,

1919 1762 2168 1816 decenter
2196 1778 2258 1817 ac
2282 1766 2540 1835 condigne
2571 1768 2671 1834 ipsi
2703 1768 3034 1823 benedicere.
3069 1772 3218 1833 Quod
3249 1773 3295 1825 si
3322 1776 3441 1839 qui-
3482 1792 3487 1803 ν

1917 1852 2037 1905 dam
2073 1852 2210 1907 inter
2254 1854 2511 1910 homines
2528 1857 2634 1909 sint
2661 1858 2752 1926 qui
2788 1859 2948 1912 vitam
2982 1862 3233 1929 angelicae
3262 1876 3437 1929 parem
3480 1874 3494 1910 ·.

1920 1940 2129 2003 ineunt,
2156 1950 2337 2011 utpote
2356 1945 2445 2013 qui
2471 1946 2751 2016 imaginem
2776 1950 3439 2017 cmlestiscireumferant,
3494 2002 3503 2008 .

1918 2044 1980 2082 ac
2011 2031 2110 2098 ipsi
2144 2047 2357 2100 quoque
2398 2034 2619 2087 verbum
2646 2036 2763 2104 ejus
2798 2039 3016 2106 exsequi
3049 2046 3101 2092 et
3128 2055 3309 2094 vocem
3340 2056 3439 2093 all-

1917 2118 2031 2173 dire
2052 2121 2300 2185 valeant,
2324 2123 2621 2177 secundum
2653 2140 2772 2179 eum
2803 2127 2895 2195 qui
2921 2128 3083 2191 dicit,
3116 2128 3301 2182 Omnia
3328 2145 3441 2197 pose

1917 2224 2031 2261 sum
2081 2210 2134 2261 in
2176 2226 2233 2263 eo
2269 2213 2357 2280 qui
2400 2230 2480 2265 me
2511 2215 2769 2282 confortat
2801 2216 2877 2281 ³²;
2920 2216 2974 2269 hi
3003 2232 3213 2286 quoque
3235 2218 3438 2287 angelis

1921 2311 2075 2365 pares
2104 2313 2224 2351 cum
2249 2301 2389 2365 sint,
2407 2302 2719 2356 benedicant
2744 2304 2811 2357 ei.
2838 2305 3001 2359 Nemo
3029 2313 3204 2360 autem
3228 2322 3437 2372 eorum,

1919 2388 2010 2455 qui
2040 2390 2259 2443 verbum
2292 2392 2408 2459 ejus
2438 2395 2901 2463 transgrediuntur
2930 2410 2991 2450 ac
3030 2398 3147 2451 voci
3177 2398 3293 2465 ejus
3330 2413 3442 2455 non

1920 2477 2312 2548 obtemperant,
2340 2489 2536 2537 temere
2565 2484 2665 2537 hoc
2687 2499 2841 2554 agere
2869 2497 3171 2555 praesumat.

1989 2649 2148 2705 Vens.
2182 2652 2270 2716 21,
2298 2652 2385 2707 22.
2426 2654 2713 2709 Benedicite
2741 2656 2980 2722 Domino,
3021 2676 3190 2715 omnes
3229 2662 3440 2718 virtutes

1918 2741 2052 2807 ejus,
2085 2743 2311 2795 ministri
2346 2744 2478 2811 ejus,
2514 2748 2602 2814 qui
2630 2748 2802 2815 facitis
2832 2748 3113 2804 voluntates
3137 2751 3266 2818 ejus.
3300 2751 3443 2816 Quo—

1920 2831 2062 2884 niam
2100 2832 2416 2888 adversarize
2438 2849 2650 2904 quoque
2678 2838 2902 2892 virtutes
2938 2846 3081 2904 sunt,
3130 2840 3248 2895 ideo
3276 2840 3441 2895 David

1919 2922 2223 2975 necessario
2273 2923 2401 2977 illud
2431 2924 2636 2991 adjicit,
2691 2927 2916 2980 ministri
2956 2930 3088 2995 ejus,
3129 2932 3226 2998 qui.
3267 2932 3441 2999 facitis

1920 3008 2205 3060 voluntates
2235 3009 2386 3076 ejus:
2417 3009 2694 3064 declarans
2735 3026 2869 3079 quas
2918 3021 2970 3067 et
2997 3013 3294 3080 cujusmodi
3334 3016 3445 3067 vir-

276 3103 439 3161 τίνας
463 3097 812 3168 βούλεταικαὶ
837 3096 1021 3158 ὁποίας
1037 3096 1286 3165 δυνάμεις
1305 3097 1537 3162 εὐλογεῖν
1562 3096 1652 3149 τὸν
1672 3096 1818 3148 Θεόν·

1922 3105 2063 3151 tutes
2107 3095 2211 3150 Deo
2248 3097 2561 3152 benedicere
2610 3100 2736 3152 velit
2769 3117 2783 3153 :
2813 3115 2921 3154 non
2993 3116 3179 3156 omnes
3225 3103 3439 3171 quippe,

276 3195 363 3245 ὅτι
405 3189 479 3260 μὴ
509 3188 703 3251 πάσας,
740 3186 870 3256 μηδὲ
914 3185 1015 3248 τάς
1056 3186 1313 3250 ἐναντίας,
1339 3185 1472 3238 ἀλλά
1527 3185 1680 3254 μόνος
1724 3186 1819 3248 τὰς

279 3279 447 3346 ἀξίας
493 3278 590 3339 τὰς
639 3277 697 3329 ὲν
735 3275 1005 3345 διαφόροις
1028 3275 1207 3338 τάξεσι
1227 3275 1630 3345 λειτουργούσας
1659 3274 1819 3343 αὐτῷ,

278 3373 405 3442 ἢτοι
441 3366 693 3428 ποιούσας
717 3364 877 3417 αὐτοῦ
905 3364 964 3417 τὸ
1002 3364 1224 3434 θέλημα.
1256 3366 1562 3435 Λειτουργοὶ
1588 3366 1691 3435 γάρ
1722 3368 1821 3419 είσι

278 3456 424 3513 Θεοῦ
445 3455 693 3523 δυνάμεις
714 3450 1066 3521 ὐπερητοῦσαι
1085 3452 1229 3521 αὐτῷ
1249 3453 1326 3515 είς
1346 3454 1380 3505 ἃ
1402 3454 1636 3522 βούλεται
1659 3461 1823 3507 ποιεῖν

280 3548 349 3599 δι’
381 3542 561 3597 αὐτῶν
589 3542 673 3593 ἐπ’
700 3540 982 3611 εὐεργεσίᾳ
1012 3542 1102 3593 καὶ
1126 3540 1355 3611 ὠφελείᾳ
1384 3544 1605 3604 παντός·
1630 3543 1709 3594 διὸ
1735 3544 1823 3596 καὶ

283 3636 465 3691 ποιεῖν
503 3632 571 3685 τὰ
613 3632 885 3709 θελήματα
909 3630 1069 3683 αὐτοῦ
1102 3631 1357 3702 είρηνται.
1385 3632 1690 3701 Εὑλογεῖτε
1721 3633 1825 3687 τὸν

285 3728 527 3794 Κύριον,
555 3722 745 3775 πάντα
764 3721 833 3774 τὰ
862 3721 1001 3789 ἔργα
1025 3721 1307 3783 αὺτοῦ,ἐν
1335 3722 1507 3774 παντί
1534 3724 1689 3787 τόπῳ
1719 3722 1825 3789 τῆς

284 3814 642 3876 δεσποτείας
663 3812 862 3864 αὑτοῦ.
890 3811 1215 3878 Εὺλόγει,;ὴ
1246 3811 1409 3879 ψυχή
1434 3828 1569 3879 μου,
1596 3812 1698 3864 τὸν
1716 3814 1825 3865 κύ-

276 3902 521 3973 ριον.⁹Η
552 3901 650 3969 τῆς
680 3899 991 3962 ἀκολουθίας
1032 3899 1239 3952 διάνοιαν
1278 3899 1460 3952 τοῦτον
1500 3900 1669 3953 ἔοικεν
1699 3901 1826 3953 ὐπο-

287 3991 507 4045 6ἀλλειν
545 3988 634 4041 τὸν
678 3987 798 4040 νοῦν
817 4003 829 4016 ⁸
861 3987 923 4039 Et
956 3987 1053 4058 μὲν
1080 3986 1315 4053 ἀγγέλων
1344 3983 1430 4056 ἦν,
1460 3988 1607 4057 φησι,
1651 3988 1822 4057 μόνον,

288 4083 387 4139 καὶ¹
431 4080 587 4133 θείων
634 4078 908 4147 δυνάμεων
943 4077 1035 4130 καὶ
1065 4077 1321 4148 οὐρανίων
1350 4077 1667 4147 λειτουργῶν
1694 4078 1824 4130 Θεοῦ

287 4174 351 4227 τὸ
381 4170 619 4237 εὐλογεῖν
646 4167 824 4230 αὐτὸν,
857 4166 1030 4229 καλῶς
1046 4166 1111 4220 ἂν
1135 4164 1293 4236 εἶχες,
1317 4161 1360 4219 ὧ
1389 4167 1548 4237 ψυχὴ,
1575 4169 1826 4221 ὑποστέλ-

286 4263 479 4321 λεσθαι
514 4258 725 4329 ἑαυτὴν,
745 4260 853 4319 τοῖς
883 4258 1144 4326 κρείττοσι
1167 4256 1556 4326 παραχωροῦσα
1571 4256 1663 4325 τὴν
1684 4256 1827 4308 εὐλο-

266 4330 449 4423 Δγίανο
486 4347 664 4416 ἐπειδὴ
687 4346 742 4398 δὲ
766 4347 794 4398 ό
828 4344 965 4407 θεῖος
988 4345 1139 4412 λόγος
1169 4348 1299 4397 πᾶσι
1327 4348 1435 4406 τοῖς
1466 4345 1641 4417 ἔργοις
1665 4344 1823 4399 αὐτοῦ

1924 3201 2097 3253 neque
2127 3186 2493 3253 adversarias;
2529 3188 2622 3242 sed
2648 3189 2817 3242 solum
2849 3204 2942 3243 eas
2964 3204 3082 3256 quae
3103 3190 3273 3258 dignae
3293 3200 3439 3253 sunt,

1921 3282 1973 3327 et
1995 3274 2157 3328 variis
2186 3274 2461 3329 ordinibus
2486 3276 2588 3344 ipsi
2617 3277 2938 3340 ministrant,
2970 3278 3081 3331 sive
3102 3294 3217 3348 quae
3242 3279 3444 3333 faciunt

1920 3364 2249 3418 voluntatem
2291 3363 2428 3433 ejus.
2472 3364 2604 3418 Nam
2648 3366 2883 3422 ministri
2921 3367 3013 3421 Dei
3062 3377 3185 3422 sunt
3218 3370 3443 3424 virtutes

1922 3453 2024 3521 ipsi
2054 3453 2120 3507 ad
2161 3454 2406 3523 quaelibet
2432 3470 2655 3509 munera
2696 3470 2793 3523 pro
2836 3457 3093 3510 beneﬁcio
3121 3465 3174 3510 et
3217 3459 3444 3513 utilitate

1923 3542 2158 3597 universi
2192 3543 2557 3597 ministrantes
2588 3562 2600 3597 :
2628 3560 2794 3613 quare
2817 3546 3117 3600 voluntates
3142 3546 3258 3615 ejus
3290 3563 3445 3602 exse.-

1922 3633 2012 3701 qui
2047 3632 2316 3686 dicuntur.
2342 3633 2632 3687 Benedicite
2665 3633 2909 3700 Domino,
2932 3637 3105 3689 omnia
3134 3651 3285 3704 opera
3311 3636 3443 3705 ejus,

1923 3724 1975 3777 in
1995 3726 2134 3777 (πηηὶ
2159 3724 2269 3777 loco
2300 3723 2670 3776 dominationis
2698 3723 2830 3791 ejus.
2854 3723 3094 3791 Benedic,
3117 3727 3290 3778 anima
3310 3742 3443 3789 mea,

1924 3812 2165 3867 Domino.
2196 3811 2319 3865 Rrec
2347 3810 2506 3865 seriei
2530 3825 2679 3864 mens
2700 3818 2753 3863 et
2781 3813 3043 3865 sententia
3068 3812 3274 3867 videtur
3290 3829 3442 3867 esse:

1929 3901 1985 3954 Si
2013 3901 2344 3969 angelorum,
2374 3900 2568 3969 inquit,
2609 3899 2964 3963 solummodo,
3004 3900 3303 3957 divinarum
3336 3902 3446 3955 νίιντ

1925 3999 2119 4055 tutum,
2143 3990 2547 4057 caalestiumque
2578 3986 2672 4041 Dei
2700 3987 3068 4042 ministrortun
3100 3988 3327 4043 otlicium
3359 4005 3449 4044 es-

1926 4088 2007 4135 set
2028 4080 2131 4150 ipsi
2159 4080 2491 4143 benedicere,
2531 4086 2673 4132 recte
2700 4092 2903 4144 posses,
2933 4091 2966 4130 o
3003 4079 3198 4139 anima,
3232 4086 3285 4133 te
3311 4093 3443 4132 con-

1924 4170 2113 4233 tinere,
2139 4184 2201 4223 ac
2227 4175 2280 4222 te
2302 4168 2608 4222 melioribus
2628 4163 3052 4219 benedictionem
3076 4165 3295 4231 cedere;
3318 4167 3445 4233 quia
3464 4206 3477 4213 ρ

1925 4272 2052 4313 vero
2090 4258 2304 4312 divinus
2338 4270 2513 4311 sermo
2534 4254 2744 4308 cunctis
2776 4254 2894 4321 ejus
2923 4255 3174 4323 Operibus
3202 4256 3444 4323 praecipit

1926 4357 1985 4404 ut
2016 4348 2241 4402 Domino
2274 4346 2623 4411 benedicant;
2657 4360 2755 4415 par
2777 4354 2853 4399 est
2885 4346 3027 4397 enim
3056 4359 3267 4397 omnem
3295 4360 3447 4397 crea-

290 4442 536 4509 εὐλογεῖν
558 4439 643 4491 τὸν
662 4435 860 4507 Κύριον
879 4436 1193 4506 προστάττει
1214 4452 1226 4464 ·
1252 4437 1509 4505 προσήκει
1532 4437 1634 4505 γὰρ
1650 4437 1823 4488 πᾶσαν

1926 4446 2098 4491 turam
2148 4452 2245 4505 pro
2294 4436 2563 4499 facultate,
2613 4440 2994 4502 congruentem
3037 4432 3145 4486 Deo
3194 4433 3445 4502 hymnum

291 4533 393 4605 τὴν
438 4529 610 4582 κτίσιν
656 4526 791 4580 κατὰ
834 4525 929 4595 τὴν
974 4525 1136 4594 αὐτῆς
1176 4524 1393 4594 δύναμιν
1424 4526 1512 4577 τὸν
1557 4526 1823 4595 πρέποντα

294 4625 466 4695 ὕμνον
491 4617 791 4672 ἀποδιδόναι
816 4614 890 4685 τῷ
921 4614 1035 4682 Θεῷ
1052 4631 1065 4643 ·
1098 4614 1148 4665 τί
1181 4613 1405 4682 μέλλεις,
1428 4608 1472 4665 ὦ
1494 4615 1632 4684 ψυχή
1654 4632 1669 4680 ;
1698 4618 1826 4684 Οὐχὶ

294 4712 394 4766 καὶ
420 4708 576 4777 αὐτὴ,
610 4706 702 4758 ἅτε
752 4704 905 4771 ἔργον
950 4702 1046 4753 οὐκ
1092 4700 1545 4770 εὐκαταφρόνητον
1576 4698 1703 4753 οὖσα
1734 4701 1823 4753 τοῦ

296 4800 458 4865 Θεοῦ,
486 4795 618 4851 ἀλλά
646 4795 762 4849 κατ’
789 4792 962 4846 εἰκόνα
987 4789 1172 4843 ἑαυτοῦ
1206 4792 1557 4859 πεποιημένη,
1578 4790 1824 4861 ἀνεγείρῃ

298 4889 531 4958 σεαυτὴν
576 4886 665 4938 ἐπὶ
708 4886 803 4954 τὴν
846 4880 1112 4947 θεολογίαν
1148 4880 1238 4931 καὶ
1270 4880 1505 4947 εὐλογίαν
1538 4881 1628 4932 τοῦ
1656 4881 1824 4943 Θεοῦ;

308 4978 531 5046 Ἐπειδὴ
559 4978 591 5045 ἡ
617 4972 890 5027 δεσποτεία
917 4972 1095 5033 αὐτοῦ,
1130 4974 1263 5025 κατὰ
1288 4969 1346 5022 τὸ
1369 4970 1664 5039 εἰρημένον,
1697 4973 1827 5027 πᾶν·

295 5087 406 5125 των
426 5064 690 5127 δεσπόζει,
721 5060 998 5131 οὐρανίων,
1016 5061 1281 5123 ἐπιγείων,
1310 5059 1682 5128 καταχθονίων,
1700 5061 1827 5112 ἀκο-

298 5157 505 5217 λούθως
545 5152 717 5204 πάντα
742 5150 807 5201 τὰ
835 5148 964 5219 ἔργα
992 5146 1174 5211 αὐτοῦ,
1207 5147 1279 5209 ὡς
1311 5146 1373 5199 ἂν
1407 5147 1507 5198 ὐπὸ
1544 5145 1637 5215 τὴν
1668 5147 1826 5199 αὑτοῦ

298 5242 611 5300 δεσποτείαν
633 5238 776 5300 ὄντα,
798 5237 867 5288 τὰ
907 5235 1184 5304 σύμπαντα
1210 5234 1333 5304 γὰρ,
1365 5235 1511 5302 φησὶν
1540 5233 1696 5287 δοῦλα
1741 5235 1825 5297 σὰ»

297 5336 377 5398 ὡς
411 5333 702 5401 ποιήματα,
731 5326 1007 5393 εὐλογείτω
1056 5325 1229 5377 αὐτόν.
1259 5327 1365 5376 Καὶ
1411 5324 1521 5385 πῶς
1560 5324 1828 5392 εὐλογοῦσι

300 5423 375 5477 τὰ
398 5422 561 5488 ἄλογα
593 5419 683 5471 καὶ
711 5417 776 5469 τὰ
801 5416 1009 5483 ἀψυχα,
1055 5416 1139 5475 Ὠς
1161 5415 1370 5483 οὐρανοὶ
1409 5414 1707 5483 διηγοῦνται
1749 5416 1829 5467 δό-

305 5514 405 5582 ξαν
444 5509 573 5563 Θεοῦ
593 5548 608 5572 ,
639 5506 849 5567 πάντως
876 5506 992 5556 ἀντὶ
1026 5504 1203 5573 φωνῆς
1239 5503 1486 5573 χρώμενα
1512 5506 1574 5572 τῇ
1609 5505 1723 5573 ὄψει
1754 5509 1828 5569 εἰς

381 5684 425 5716 ³³
462 5683 595 5739 Luc.
628 5695 715 5745 xv,
750 5678 801 5731 7.
874 5679 916 5711 ³³
954 5677 1177 5747 Philipp.
1214 5694 1285 5742 ιιι,
1322 5678 1405 5734 15.

1924 4525 2184 4587 emittere,
2213 4523 2340 4591 quid
2376 4521 2665 4584 cunctaris,
2688 4535 2721 4573 o
2752 4521 2963 4573 anima?
3001 4520 3247 4589 Nunquid
3287 4527 3447 4574 etiam

1926 4616 2062 4682 ipsa,
2088 4618 2275 4680 utpote
2299 4625 2433 4678 opus
2456 4608 2547 4662 Dei
2574 4624 2679 4661 non
2709 4608 3088 4679 spernendum,
3121 4608 3213 4663 sed
3229 4610 3293 4662 ad
3316 4610 3448 4661 ima-

1929 4706 2102 4775 ginem
2135 4703 2251 4772 ejus
2284 4702 2503 4764 factum,
2534 4700 2869 4768 temetipsam
2908 4702 3110 4754 excitas
3144 4700 3208 4751 ad
3237 4701 3447 4756 divinas

1926 4793 2109 4847 laudes
2130 4800 2182 4845 et
2214 4790 2281 4844 ad
2309 4780 2729 4842 benedicendum
2756 4787 2893 4841 Deo?
2920 4788 3179 4853 Quoniam
3211 4788 3448 4841 domina-

1927 4884 1999 4935 tio
2028 4881 2166 4948 ejus,
2208 4887 2273 4931 ut
2297 4878 2495 4931 dictum
2529 4886 2631 4941 est,
2666 4879 2910 4932 omnibus
2954 4878 3177 4945 imperat
3216 4876 3448 4929 cmlesti-

1928 4972 2049 5033 bus,
2096 4969 2437 5023 terrestribus
2486 4976 2539 5021 et
2584 4968 2838 5031 infernis;
2886 4967 3004 5018 ideo
3059 4967 3238 5018 omnia
3286 4982 3448 5034 opera
3510 5008 3513 5015 ,

1926 5062 2063 5131 ejus,
2106 5067 2287 5128 utpote
2312 5058 2479 5126 ipsius
2511 5054 2860 5109 dominationi
2895 5053 3126 5116 subdita,
3156 5052 3257 5120 ipsi
3290 5055 3449 5107 bene-

1926 5154 2125 5206 dicant.
2153 5148 2287 5202 Nam
2307 5148 2505 5211 omnia,
2542 5147 2735 5215 inquit,
2768 5144 2859 5197 tibi
2888 5142 3310 5209 subdita,utpote
3334 5143 3450 5209 opi-
3482 5168 3491 5179 ι

1930 5241 2050 5297 licia
2076 5248 2187 5302 tua,
2218 5236 2532 5292 benedicere
2558 5235 2654 5289 tibi
2682 5236 2891 5293 debent.
2924 5229 2988 5281 Et
3008 5231 3277 5297 quomodo
3298 5231 3451 5285 benc-

1927 5331 2105 5384 dicant
2131 5327 2518 5381 irrationabilia
2547 5334 2599 5379 et
2630 5322 2959 5378 inanimata?
2998 5320 3115 5384 Quo
3147 5320 3305 5374 modo
3331 5321 3452 5374 coeli

1927 5429 2177 5474 cnarrant
2205 5418 2427 5487 gloriam
2453 5416 2565 5479 Dei,
2604 5416 2692 5485 qui
2722 5429 2850 5468 sane
2894 5417 3187 5478 conspectu
3224 5425 3323 5464 suo
3355 5425 3455 5463 ceu

1929 5526 2075 5575 voce,
2124 5509 2189 5564 ad
2228 5506 2577 5564 exhibendam
2605 5506 2698 5562 Dei
2727 5505 2981 5561 virtutem
3023 5506 3256 5553 utuntur
3285 5520 3298 5555 :
3323 5502 3477 5555 unde-
