3890 6440
319 398 461 455 1275

1403 400 1896 457 COMMENTABIA
1930 403 1997 458 IN
2034 402 2364 460 PSALMOS.

3333 405 3466 462 ιεπι

315 517 653 585 φεύξονται,
697 517 810 571 ἀπὸ
851 516 1046 586 ςεωνῆς
1089 516 1349 585 ,βροντῆς
1379 532 1493 572 σου
1525 517 1824 571 δειλιάσου

1952 522 2058 573 trai
2096 522 2174 573 tui
2200 518 2568 588 formidabant.
2605 518 2894 572 Aseendant
2934 526 3129 571 montes
3173 526 3221 571 et
3263 517 3469 573 descen-

315 623 439 659 σιν.
458 608 895 661 Ἀναόαίνουσιν
930 608 1053 675 ὅρη,
1092 610 1187 662 καὶ
1227 609 1639 662 καταϐαίνουσι
1675 609 1846 661 πεδία

313 695 402 758 εις
441 697 627 748 τόπον
652 696 724 749 ὃν
752 698 1135 765 ἐθεμελίωσας
1174 698 1587 765 αὐτοῖς.⁶’οριον
1628 699 1783 755 ἔθου.
1813 699 1844 751 ὃ

312 785 386 836 οὐ
428 787 911 851 παρελεύσονται,
952 787 1091 839 οὐδὲ
1127 788 1547 855 ἐπιστρέφουσι
1584 789 1844 855 καλῦψαι

311 873 429 941 τὴν
457 874 592 943 γῆν.
608 876 662 927 '0
705 874 1156 938 ἐξαποστέλλων
1190 876 1378 943 πηγὰς
1422 877 1489 928 ἐν
1534 875 1841 944 φάραγξιν,

309 964 430 1015 ἀνὰ
453 965 645 1032 μέσον
674 963 789 1015 τῶν
825 964 1003 1030 ὁρέων
1049 964 1448 1017 διελεύσονται
1495 964 1697 1016 ὕδατα.
1733 968 1845 1015 llo-

306 1052 509 1106 τιοῦσι
527 1050 726 1105 ’πάντα
753 1054 822 1106 τὰ
845 1055 1013 1120 θηρία
1043 1053 1147 1105 τοῦ
1175 1054 1373 1119 ἀγροῦ,
1423 1053 1843 1119 προσδέξονται

306 1143 549 1213 (hamos
588 1149 673 1208 εὶς
709 1146 890 1211 δίψαν
933 1145 1275 1200 αὺτῶν.Ἐπ⁸
1308 1146 1455 1199 αὐτὰ
1500 1146 1569 1198 τὰ
1612 1150 1842 1199 πετεινὰ

304 1233 416 1285 τοῦ
459 1235 715 1302 οίιρανοῦ
760 1234 1219 1301 κατασκηνώσει,
1258 1235 1325 1285 ἐκ
1361 1234 1549 1302 μέσου
1590 1234 1707 1285 τῶν
1749 1250 1843 1285 πε-

303 1323 464 1388 τρῶν
522 1326 778 1379 δώσουσι
832 1324 1053 1393 φωνήν.
1112 1324 1359 1384 Ποτίζων
1419 1324 1521 1391 ὅρη
1590 1324 1657 1376 ἐκ
1725 1323 1841 1375 τῶν

303 1413 586 1479 ὑπερῴων
628 1416 828 1467 αὐτοῦ.
863 1414 1011 1466 Ἐπεὶ
1056 1415 1147 1466 καὶ
1191 1414 1481 1484 ἀρχόμενος
1533 1413 1738 1479 ἔλεγενο
1780 1414 1840 1464 '0

300 1504 599 1571 στεγάζων
643 1506 710 1557 ὲν
756 1504 920 1557 ὕδατι
972 1504 1041 1557 τὰ
1087 1504 1320 1571 ὑπερῷα
1370 1503 1549 1556 αὑτοῦ
1574 1520 1588 1535 ι
1616 1503 1708 1555 νῦν
1740 1520 1840 1572 φη-

301 1607 391 1642 σιο
444 1594 695 1654 Ποτίζων
740 1594 842 1660 ὄρη
893 1596 958 1647 ἐκ
1001 1594 1118 1647 τῶν
1160 1592 1433 1661 ὑπερῴων
1479 1610 1591 1646 σου
1616 1609 1628 1622 ·
1669 1595 1715 1645 εί
1763 1596 1834 1663 μή

297 1699 378 1750 τῳ
435 1683 585 1749 φίλον
636 1683 853 1753 ὑπερῷα
904 1684 995 1737 τοῦ
1050 1684 1181 1736 Θεοῦ
1238 1686 1313 1746 ὡς
1376 1684 1501 1754 παρ’
1534 1681 1691 1735 αὑτοῦ
1742 1701 1836 1735 πε-

295 1772 571 1839 ποιημένα
616 1772 703 1822 τὸν
747 1772 880 1843 ἀέρα
920 1777 1074 1836 νοεῖν,
1101 1776 1210 1835 τοῖς
1239 1773 1418 1845 νέφεσι
1453 1772 1836 1843 περιϐαλλόμε-

1947 610 2074 663 dunt
2113 611 2284 677 campi
2314 611 2364 661 in
2408 609 2573 662 locum
2599 624 2743 677 quem
2780 607 3011 675 fundasti
3036 609 3130 661 eis.
3176 608 3468 661 Termiuum

1945 699 2184 765 posuisti,
2221 713 2369 765 quem
2417 713 2517 750 non
2561 695 3021 764 transgredientar,
3064 712 3220 765 neque
3262 712 3469 750 convcr—

1946 796 2117 838 tentur
2141 787 2336 853 operire
2370 794 2578 839 terram.
2609 784 2710 849 Qui
2737 785 2927 837 emittis
2950 786 3113 852 fontes
3141 786 3191 837 in
3223 787 3468 839 convalli-

1943 876 2056 938 bus,
2081 878 2213 928 inter
2241 876 2462 928 mediam
2492 875 2739 927 montium
2760 875 3140 942 pertransibunt
3169 890 3332 944 aqua.
3363 875 3467 927 Po-

1944 966 2126 1017 tabaut
2178 982 2350 1019 omnes
2397 965 2568 1018 bestia:
2614 966 2747 1033 agri.
2792 963 3152 1028 exspectabant
3194 966 3374 1035 onagri
3414 967 3467 1017 in

1942 1055 2031 1106 siti
2083 1070 2200 1109 sua.
2237 1053 2401 1120 Super
2450 1071 2511 1107 ea
2572 1055 2799 1108 volucres
2852 1054 2963 1106 cazli
3009 1053 3348 1117 habitabant,
3406 1056 3469 1108 de

1940 1142 2109 1194 medio
2173 1152 2434 1209 petrarum
2509 1142 2702 1195 dabunt
2760 1159 2950 1197 vocem.
3019 1142 3209 1213 Rigans
3272 1154 3466 1197 montes

1948 1231 2012 1283 de
2064 1231 2413 1299 superioribus
2478 1233 2605 1283 suis.
2671 1231 2804 1295 Quia
2863 1234 3011 1301 prius
3073 1234 3315 1296 dixerat,
3363 1232 3468 1298 Qui

1941 1321 2064 1387 tegis
2093 1336 2225 1388 aqua
2257 1320 2523 1386 superiora
2550 1321 2694 1383 eius;
2724 1321 2811 1373 hic
2842 1322 2936 1387 ait,
2968 1321 3156 1390 Rigans
3187 1332 3379 1376 montes
3406 1323 3467 1375 de

1938 1406 2287 1471 superioribus
2340 1408 2461 1461 tuis.
2491 1405 2607 1461 Nisi
2657 1409 2807 1461 malit
2852 1410 2972 1477 quis
3026 1409 3302 1478 superiora
3348 1408 3464 1473 Dei,

1936 1497 2090 1563 quasi
2119 1496 2184 1548 ab
2210 1512 2275 1549 eo
2306 1504 2612 1550 constructa
2636 1513 2811 1551 aerem
2837 1500 3069 1553 nubibus
3100 1501 3350 1553 amictum
3385 1503 3469 1555 in-

1936 1586 2196 1654 telligere.
2231 1585 2369 1639 Deus
2409 1588 2587 1656 itaque
2618 1597 2825 1642 montes
2863 1599 2915 1642 et
2944 1604 3161 1658 campos
3187 1591 3277 1659 qui
3306 1592 3359 1644 in
3387 1592 3467 1645 eis

1936 1685 2078 1736 sunt,
2110 1685 2163 1728 et
2201 1677 2504 1729 universam
2539 1678 2796 1745 reliquam
2831 1687 3023 1731 terram
3067 1680 3221 1746 rigat,
3264 1694 3369 1732 non
3401 1694 3467 1733 ex

1939 1765 2176 1818 fontibus
2205 1765 2546 1827 convallium,
2585 1780 2757 1834 neque
2793 1782 2857 1819 ex
2889 1767 3196 1820 ﬂuminibus
3228 1782 3344 1836 qua:
3374 1782 3467 1837 per

293 1832 651 1923 vov."IIo':i§5t
680 1832 958 1932 τοιγαροῦν
986 1867 1013 1916 ὁ
1040 1832 1168 1926 Θεὸς
1191 1832 1260 1915 τὰ
1285 1832 1384 1934 ίρη
1412 1865 1503 1917 καὶ
1526 1832 1601 1916 ’τὰ
1631 1865 1689 1917 ἐν
1719 1832 1824 1916 τού-

1938 1864 2131 1909 terram
2180 1855 2440 1917 deﬂuunt,
2472 1857 2563 1909 sed
2597 1832 2685 1909 de-
2717 1859 3082 1925 superioribus
3116 1832 3467 1928 suis—pluvias

292 1964 411 2010 τοις
436 1949 591 2000 πεδία
618 1951 715 2019 τήν
746 1967 803 2002 τε
832 1951 1020 2022 λοιπὴν
1054 1953 1335 2021 σύμπασαν
1358 1954 1459 2023 γῆν
1489 1953 1585 2005 οὐκ
1608 1953 1713 2004 ἀπὸ
1732 1953 1838 2005 τῶν

289 2039 316 2084 ὖ
389 2038 507 2100 ταῖς
540 2040 770 2109 φάραγξι
795 2042 1003 2109 πηγῶν,
1030 2042 1134 2094 οὐδ’
1163 2043 1266 2095 ἀπὸ
1296 2043 1401 2094 τῶν
1418 2042 1720 2111 φερομένων
1739 2060 1837 2094 κα-

298 2128 359 2180 τὰ
392 2128 500 2197 γῆς
535 2131 808 2199 ποταμῶν,
845 2131 954 2183 ἀλλ’
974 2133 1078 2184 ἀπὸ
1096 2131 1200 2184 τῶν
1224 2132 1479 2201 ὑπερῴων
1506 2132 1665 2184 αὑτοῦ
1703 2132 1837 2184 ἀνω-

291 2216 385 2268 θεν
405 2218 498 2285 ἀφ’
513 2217 675 2286 ὕψους
702 2221 823 2282 τοὺς
846 2221 1128 2289 αὐτάρκεις
1148 2223 1237 2274 καὶ
1264 2224 1698 2293 μεμετρημένους
1721 2226 1835 2275 ἐπι-

288 2306 546 2376 χορηγῶν
577 2308 1043 2379 ὑετούς.⁹Υπερῷα
1087 2310 1141 2361 δὲ
1189 2311 1320 2363 Θεοῦ
1362 2312 1449 2363 τὸν
1494 2314 1627 2382 ἀέρα
1662 2313 1831 2374 καλεῖ,

287 2395 544 2465 καθάπερ
596 2396 685 2448 ἐπὶ
729 2399 853 2465 μιᾶς
890 2398 1059 2460 οἰκίας
1092 2398 1183 2451 τοῦ
1231 2400 1423 2462 παντὸς
1468 2402 1830 2471 κόσμου.’ορη

289 2486 395 2554 μέν
429 2486 565 2538 εἰσιν
591 2488 639 2538 οἱ
668 2491 1089 2561 πνευματοφὸροι
1119 2491 1304 2561 ἄνδρες
1326 2507 1339 2521 ο
1365 2490 1665 2553 ποτίζονται
1691 2491 1747 2543 δὲ
1769 2494 1832 2544 ὲκ

284 2570 399 2625 τῶν
434 2573 693 2643 ὑπερῴων
728 2575 887 2628 αὑτοῦ
926 2577 1015 2630 τοῦ
1038 2576 1188 2639 Θεοῦ,
1219 2577 1573 2646 πληρούμενοι
1601 2578 1707 2630 τῶν
1740 2577 1829 2630 τοῦ

284 2662 605 2733 Πνεύματος
652 2667 1014 2736 χαρισμάτων,
1043 2668 1198 2735 λόγου
1232 2669 1419 2736 σοφίας
1452 2668 1543 2721 καὶ
1571 2670 1675 2720 τῶν
1708 2668 1830 2738 ἑξῆς

281 2755 1038 2828 ἀπηριθμημένων.’1”περῴα
1081 2758 1136 2811 δὲ
1188 2758 1339 2822 Θεοῦ,
1383 2759 1471 2826 ἀφ’
1504 2752 1576 2811 ὧν
1623 2758 1691 2811 τὰ
1731 2759 1829 2827 ὅρη

282 2843 520 2907 ποτίζει,
547 2846 859 2915 ἀκραιφνεῖς
890 2849 982 2900 καὶ
1014 2848 1437 2918 ὑπερϐάλλουσαι
1479 2848 1695 2918 θεωρίαι
1733 2848 1830 2915 τῆς

1936 1960 2000 1998 ex
2037 1946 2146 1997 alto
2187 1944 2509 1999 subicientes
2564 1961 2627 1998 ac
2674 1947 2979 2002 moderatas
3030 1949 3463 2003 subministrans.

1937 2036 2227 2104 Superiora
2258 2045 2433 2089 autem
2472 2035 2565 2089 Dei
2599 2046 2754 2090 vocat
2786 2052 2984 2101 aerem,
3016 2038 3079 2091 de
3114 2046 3225 2091 toto
3266 2040 3468 2091 mundo

1932 2125 2087 2193 quasi
2116 2123 2181 2177 de
2208 2124 2366 2177 domo
2392 2123 2621 2191 quadam
2648 2126 2808 2178 verba
2848 2126 3069 2179 faciens.
3104 2125 3309 2179 Montes
3349 2128 3467 2194 qui-

1932 2218 2051 2273 dem
2093 2228 2220 2272 sunt
2263 2217 2570 2285 spiritualcs
2618 2216 2719 2269 viri
2754 2234 2769 2270 :
2798 2216 2852 2268 hi
2880 2223 3054 2268 autem
3085 2216 3375 2283 irrigantur
3401 2216 3469 2267 de

1931 2310 2301 2378 superioribus
2348 2307 2519 2376 ipsius
2567 2306 2681 2369 Dei,
2735 2305 2965 2374 Spiritus
3001 2306 3170 2359 sancti
3198 2304 3353 2357 donis
3382 2319 3466 2357 re-

1930 2400 2079 2469 pleti,
2108 2399 2355 2453 videlicet
2403 2411 2651 2451 sermone
2690 2396 2981 2465 sapientiai,
3031 2395 3339 2462 ceterisque
3379 2410 3465 2447 re-

1930 2491 2171 2545 censitis.
2213 2488 2500 2557 Superiora
2530 2502 2656 2541 vero
2683 2485 2796 2547 Dei,
2831 2486 2896 2539 de
2933 2485 3125 2554 quibus
3162 2494 3365 2538 montes
3390 2484 3465 2536 ir-

1929 2581 2087 2650 rigat,
2146 2589 2270 2635 sunt
2316 2580 2572 2635 sublimes
2614 2592 2675 2630 ac
2720 2577 2926 2631 eximim
2956 2576 3196 2629 veritatis
3226 2582 3465 2628 contem-

1926 2670 2210 2737 plationes,
2236 2683 2357 2737 qua:
2390 2666 2668 2735 superiora
2700 2671 2980 2726 vocantur,
3009 2662 3152 2731 quod
3182 2662 3315 2716 nihil
3343 2662 3463 2715 illas

1928 2756 2291 2810 transcendat.
2345 2754 2419 2807 De
2477 2756 2651 2822 fructu
2690 2769 2897 2821 operum
2940 2763 3143 2805 tuorum
3187 2751 3465 2805 satiabitur

1928 2856 2086 2899 terra.
2143 2846 2263 2913 Ipse
2306 2859 2538 2912 namque
2582 2843 2736 2905 dixit,
2788 2841 3045 2895 Germinet
3079 2850 3216 2894 terra
3251 2839 3461 2893 herbam

280 2933 544 3002 ἀληθείας
571 2936 907 3003 τυγχάνουσι,
940 2936 1157 3006 ὑπερῷα
1191 2936 1531 3005 καλούμεναι,
1563 2935 1639 3004 τῷ
1669 2935 1824 3005 μηδὲν

1925 2935 2028 3003 feni
2060 2945 2107 2989 et
2134 2936 2327 3003 lignum
2356 2934 2683 3001 fractiferum
2703 2934 2898 3000 faciens
2928 2933 3155 3000 fractam
3174 2933 3237 2995 ³⁷,
3266 2939 3319 2985 et
3342 2933 3464 2985 reli-

280 3024 460 3085 αὐτὰς
506 3024 1049 3093 ὑπεραναϐεϐηκέναι.
1067 3025 1197 3077 Ἀπὸ
1240 3026 1464 3092 καρποῦ
1505 3025 1620 3077 τῶν
1644 3026 1824 3093 ἔργων

1925 3039 2048 3094 qua.
2088 3022 2165 3076 Ex
2196 3022 2323 3077 Jesu
2358 3023 2611 3091 operibus
2633 3038 2729 3090 per
2754 3021 3104 3074 mconomiam
3132 3021 3311 3084 editis,
3344 3037 3462 3090 qua:

279 3131 403 3166 σου
456 3112 920 3177 χορτασθήσεται
954 3114 992 3179 ἡ
1028 3112 1123 3181 τῆ.
1156 3114 1322 3176 Αὐτὸς
1348 3114 1454 3184 γὰρ
1486 3112 1636 3166 εἷπε*
1676 3118 1824 3167 Βλα-

1926 3114 2108 3167 multis
2158 3113 2426 3167 fructibus
2490 3113 2755 3165 instructa
2806 3120 2952 3175 sunt,
3016 3112 3263 3165 universa
3316 3120 3459 3165 terra

277 3198 566 3265 στησάτω
592 3200 629 3264 ἡ
655 3197 727 3266 γῆ
747 3198 1011 3265 ,ϐοτάνην
1034 3202 1265 3267 χόρτου,
1283 3202 1379 3253 καί
1407 3203 1594 3265 ξύλον
1622 3202 1823 3270 κάρπι-

1927 3204 2175 3264 satiatur,
2207 3202 2473 3270 particeps
2502 3216 2685 3253 eorum
2726 3216 2843 3269 quae
2869 3216 2899 3253 a
2929 3199 3053 3255 Jesu
3083 3201 3216 3253 adeo
3242 3200 3460 3253 mirabi-

273 3306 400 3358 μον
428 3286 637 3339 ποιοῦν
657 3290 899 3355 καρπὸν,
917 3290 1007 3340 καὶ
1030 3290 1094 3341 τὰ
1114 3292 1253 3360 ἑξῆς.
1272 3293 1363 3343 Ἐκ
1381 3292 1484 3343 τῶν
1500 3292 1667 3361 Ἰησοῦ
1689 3294 1824 3345 κατά

1926 3292 2048 3344 liter
2084 3298 2383 3359 perpetrata
2438 3296 2561 3343 sunt
2595 3307 2607 3341 :
2640 3289 2727 3342 hic
2783 3289 2923 3342 enim
2984 3288 3192 3342 fructus
3239 3304 3476 3356 operum.

278 3380 381 3448 τὴν
414 3378 715 3446 οἰκονομίαν
737 3380 1105 3448 ἓργων,πολὺν
1138 3382 1342 3450 καρπὸν
1367 3382 1613 3451 ἐχόντων,
1644 3384 1824 3437 ἅπασα

1925 3381 2040 3447 ejus
2061 3388 2163 3433 est.
2195 3379 2258 3431 Et
2283 3379 2495 3448 quidem
2517 3394 2693 3431 sermo
2721 3378 2786 3432 de
2810 3379 3062 3447 operibus
3087 3378 3374 3433 creationis
3404 3387 3458 3431 et

278 3473 311 3539 ἡ
340 3470 417 3537 γῆ
450 3470 780 3539 Χορτάζεται,
804 3473 1276 3542 μεταλαμϐάνουσα
1300 3474 1406 3524 τῶν
1433 3473 1571 3525 οὕτω
1599 3474 1824 3541 παραδό-

1925 3468 2269 3537 providentiae
2321 3468 2513 3536 ipsius,
2542 3483 2638 3520 ceu
2696 3466 2902 3521 fructus
2952 3482 3171 3535 operum
3202 3466 3296 3520 Dei
3337 3482 3457 3521 esse

280 3558 389 3623 ξως
421 3558 524 3610 ὑπὸ
548 3558 716 3628 Ἰησοῦ
749 3563 1118 3631 γεγενημένων
1136 3578 1149 3592 °
1185 3557 1335 3625 οὗτος
1360 3563 1466 3632 γάρ
1490 3563 1694 3632 καρπὸς
1719 3562 1824 3614 τῶν

1925 3557 2246 3616 intellectus.
2309 3562 2505 3608 terram
2565 3555 2811 3620 satiabit;
2873 3569 3061 3623 nempe
3114 3554 3356 3607 homines
3401 3555 3455 3609 in

277 3650 461 3719 ἔργων
486 3647 645 3698 αὑτοῦ
665 3649 933 3717 τυγχάνει.
954 3652 1059 3703 Καὶ
1085 3653 1113 3702 ὁ
1138 3651 1289 3719 λόγος
1318 3652 1373 3704 δὲ
1404 3655 1431 3704 ὁ
1458 3654 1581 3722 περὶ
1609 3651 1714 3703 τῶν
1739 3652 1824 3721 ἔρ-

1926 3657 2066 3701 ῐΟΙῚἬ
2098 3653 2391 3700 versantes.

277 3755 392 3807 γων
419 3737 514 3806 τῆς
544 3737 893 3807 δημιουργίας
915 3742 1003 3792 καὶ
1034 3742 1278 3811 προνοίας
1310 3742 1470 3794 αὑτοῦ
1521 3742 1747 3811 νοηθεὶς,
1782 3735 1868 3793 οἶα
1920 3738 2126 3808 καρπὸς
2172 3738 2344 3807 ἔργων
2389 3736 2520 3789 Θεοῦ
2561 3736 2857 3805 τυγχάνων,
2892 3737 3138 3807 χορτάσει
3175 3734 3269 3805 τὴν
3314 3734 3413 3802 γῆν
3436 3752 3449 3766 υ

277 3830 427 3898 φημὶ
448 3827 511 3898 δὴ
532 3829 656 3891 τοὺς
685 3831 775 3909 ἐπὶ
802 3831 898 3899 τῆς
924 3832 1026 3901 γῆς
1052 3833 1412 3904 διατρίὸοντας
1440 3833 1767 3905 ἀνθρώπους.

380 3944 425 3993 0
446 3940 856 4003 ἐξανατέλλων
869 3945 1078 4011 χόρτον·
1092 3946 1209 4011 τοῖς
1231 3947 1490 4015 κτήνεσι,
1508 3947 1604 4000 καί
1625 3948 1814 4016 χλόην

1988 3941 2153 3997 Vens.
2203 3940 2288 4003 M,
2340 3941 2425 3995 15.
2471 3933 2763 3993 Produceus
2786 3939 2958 4005 fenum
2978 3941 3228 4001 jamentis
3262 3949 3309 3992 et
3334 3940 3452 3994 her-

274 4031 350 4098 τῇ
375 4030 620 4096 δουλείᾲ
644 4029 757 4083 τῶν
794 4032 1127 4099 ἀνθρώπων,
1159 4038 1262 4090 τοῦ
1305 4037 1608 4107 ἐξαγαγεῖν
1643 4038 1821 4104 ἄρτον

1925 4032 2033 4085 bam
2060 4032 2294 4084 servituti
2334 4031 2617 4091 hominum,
2662 4032 2716 4079 ut
2760 4026 2948 4080 educas
2982 4042 3161 4094 panem
3190 4029 3450 4093 deterra;

273 4126 342 4179 ἐκ
362 4121 473 4187 τῆς
489 4119 619 4187 τῆς·
640 4119 735 4172 καὶ
752 4117 1215 4191 οἷνοςεὺρριιίνει
1230 4128 1473 4194 καρδίαν
1489 4128 1815 4196 ἀνθρώπου,

1925 4132 1960 4176 et
1989 4124 2160 4175 vinum
2195 4122 2426 4181 lwtiﬁcat
2462 4136 2549 4172 cor
2571 4120 2812 4179 hominis,
2843 4128 2894 4171 et
2922 4125 3131 4171 caetera.
3165 4118 3252 4170 Ait
3280 4133 3308 4170 a
3336 4122 3451 4187 plu-

273 4215 370 4267 καὶ
406 4213 475 4264 τὰ
504 4211 645 4280 ἑξῆς.
679 4208 862 4276 Εἶπεν,
893 4214 971 4265 ὅτι
1013 4215 1118 4266 ἀπὸ
1155 4215 1243 4267 τοῦ
1279 4217 1429 4268 ὑετοῦ
1462 4220 1649 4271 κτᾶται
1684 4219 1817 4291 πλη-

1925 4214 1997 4265 ria
2032 4213 2327 4267 satietatem
2369 4221 2523 4265 terrae
2552 4209 2747 4278 parari,
2780 4207 2887 4261 Deo
2921 4223 3086 4278 aquas
3114 4223 3179 4261 ex
3208 4209 3340 4260 mari
3366 4225 3449 4263 re-

275 4301 479 4373 σμονὴν
508 4302 540 4370 ἡ
566 4301 655 4370 γῆ,
676 4300 767 4352 τοῦ
793 4301 922 4354 Θεοῦ
950 4304 1302 4375 ἐργαζομένου
1332 4308 1425 4377 τὴν
1456 4311 1517 4361 ὲκ
1548 4309 1815 4379 θαλάσσης

1925 4303 2161 4357 iucente.
2191 4300 2391 4356 Deinde
2420 4302 2618 4353 indicat
2659 4299 2937 4352 utilitatem
2974 4299 3095 4351 hinc
3122 4313 3445 4366 promanan-

271 4391 384 4443 τῶν
413 4388 617 4442 ὑδάτων
642 4389 941 4459 ἀναγωγήν.
974 4387 1101 4445 Εἶτα
1128 4394 1222 4463 τὴν
1251 4396 1491 4448 ἐντεῦθεν
1509 4400 1812 4452 ὑποδείκνυ-

1925 4404 2040 4456 tem,
2065 4393 2189 4462 quia
2227 4406 2484 4461 aquarum
2526 4384 2834 4457 irrigatione
2864 4388 3209 4458 impinguala,
3239 4390 3446 4441 cunctis

1914 4484 2103 4538 incolis
2126 4483 2235 4537 suis
2247 4489 2624 4550 congruentem
2641 4480 2817 4532 cibum
2833 4478 3032 4547 profert
3046 4499 3072 4545 .;
3093 4479 3295 4534 homini
3320 4496 3387 4548 qu
3400 4486 3442 4531 l-

274 4497 361 4531 σιν
389 4478 666 4546 ὠφέλειαν,
701 4479 781 4529 ὅτι
822 4480 1099 4532 πιανθεῖσα
1130 4485 1191 4535 ἐκ
1221 4485 1318 4552 τῆς
1345 4486 1448 4537 τῶν
1489 4489 1690 4540 ὑδάτων
1721 4508 1809 4558 χο-

1910 4574 2027 4627 dem
2058 4571 2472 4634 nobilianimali,
2497 4579 2548 4622 et
2569 4569 2706 4637 apud
2734 4567 2895 4622 Deum
2930 4570 2981 4623 in
3008 4571 3209 4626 honore
3242 4572 3441 4631 habito,

276 4570 475 4640 ρηγίας
520 4570 553 4638 ἡ
606 4570 694 4637 γῆ,
721 4566 1047 4631 ὲξανατέλλει
1078 4574 1186 4633 τοῖς
1212 4574 1493 4645 ἀπ⁹οαύτῆς
1522 4579 1687 4631 ἅπασι
1717 4580 1811 4642 τὰς

273 4659 611 4729 προσφόρους
640 4658 840 4726 τροφάς
859 4675 871 4687 ·
910 4660 1172 4730 ἀνθρώπῳ
1205 4664 1300 4732 μὲν
1327 4666 1529 4732 εὐγενεῖ
1553 4668 1692 4736 ζώω,
1719 4672 1810 4722 καὶ

273 4747 379 4800 ὑπὸ
402 4744 494 4799 τοῦ
524 4747 654 4799 Θεοῦ
678 4749 1031 4818 τετιμημένῳ,
1059 4750 1327 4821 ἐξαίρετον
1368 4757 1460 4807 καὶ
1502 4758 1809 4829 ἀφωρισμέ-

271 4855 369 4905 νην
411 4836 631 4905 τροφὴν,
666 4838 843 4907 ἄρτον,
870 4840 959 4889 καὶ
989 4835 1125 4891 οἶνον
1160 4843 1250 4893 καὶ
1279 4843 1449 4895 ἔλαιον
1469 4861 1480 4873 ·
1512 4846 1670 4916 ἄρτον
1714 4852 1805 4918 μὲν

272 4928 365 4979 ἐπὶ
408 4926 484 4995 τῷ
533 4926 870 4995 στηρίζεσθαι
915 4929 1005 4979 καὶ
1047 4929 1401 5000 δυναμοῦσθαι
1434 4935 1527 5003 τὴν
1563 4939 1803 5008 καρδίαν,

269 5012 408 5068 οἶνον
451 5016 507 5067 δὲ
541 5016 631 5066 ἐπὶ
671 5015 748 5084 τῷ
778 5019 1252 5087 κατευφραίνεσθαι
1284 5022 1378 5091 τὴν
1403 5023 1593 5093 ψυχὴν,
1636 5028 1806 5082 ἔλαιον

268 5107 323 5159 δὲ
351 5109 441 5159 ἐπὶ
461 5106 538 5176 τῷ
563 5108 937 5177 φαιδρύνεσθαι
963 5110 1021 5161 τὸ
1048 5111 1222 5181 σῶμα,
1242 5113 1331 5165 καὶ
1353 5114 1709 5171 ἀπαλύνεσθαι
1731 5122 1808 5173 θε-

270 5197 637 5267 ραπευόμενον
675 5199 737 5249 ὲκ
762 5199 856 5267 τῆς
883 5199 1137 5253 ἐπιπόνου
1171 5202 1592 5271 σκληραγωγίας.
1623 5208 1803 5274 Οῦτως

266 5284 414 5353 αὐτῷ
443 5284 693 5337 πλουσίαν
739 5289 829 5339 καὶ
872 5290 934 5340 ἐκ
975 5289 1228 5342 πλειόνων
1269 5291 1533 5360 τράπεζαν
1563 5295 1642 5356 είς
1673 5298 1803 5351 ἀπό-

267 5372 454 5425 λαυσιν
476 5368 561 5426 οἷα
587 5375 763 5444 πατὴρ
793 5378 820 5427 ὁ
847 5377 973 5439 Θεὸς
1003 5377 1320 5448 ἐδωρήσατο.
1353 5378 1424 5429 Ού
1452 5379 1552 5448 μὴν
1585 5382 1676 5432 καὶ
1704 5386 1802 5454 τῆς

266 5463 374 5513 τῶν
405 5463 601 5516 λοιπῶν
640 5464 787 5527 ζώων
814 5466 1254 5538 κατωλιγώρησεν
1285 5468 1608 5535 ἐπιμελείας·
1643 5490 1803 5543 φρον-

270 5552 425 5616 τίζων
465 5554 519 5605 δὲ
566 5556 655 5606 καὶ
695 5555 793 5622 τῆς
831 5556 1027 5608 τούτων
1068 5558 1321 5627 διαμονῆς
1342 5558 1435 5627 τὴν
1460 5560 1800 5628 ἁρμόζουσαν

358 5708 377 5736 ⁷
415 5703 747 5769 ch.1,H.

1912 4664 2164 4717 eximium
2192 4676 2253 4714 ac
2279 4662 2531 4715 selectum
2561 4660 2760 4721 cibum,
2784 4675 2995 4729 panem,
3016 4661 3218 4724 vinum,
3250 4670 3301 4713 et
3332 4662 3442 4714 ole-

1908 4769 2019 4818 um;
2050 4767 2235 4821 panem
2264 4751 2475 4819 quidem
2507 4763 2611 4819 quo
2642 4753 2737 4803 cer
2764 4749 3014 4804 fulciatur
3055 4760 3106 4803 et
3138 4751 3437 4813 roboretur,

1900 4845 2079 4896 vinum
2110 4858 2215 4911 quo
2243 4843 2419 4894 anima
2447 4842 2761 4903 la-tilicetur,
2787 4843 2959 4893 oleum
3001 4856 3107 4910 quo
3130 4857 3324 4910 corpus
3351 4858 3441 4894 ex-

1903 4934 2162 4987 hilaretur
2205 4943 2363 5000 atque
2390 4947 2419 4985 a
2473 4932 2737 4986 laboriosa
2771 4931 3148 4999 defatigatione
3201 4944 3433 4985 curetur.

1904 5023 1986 5077 Sin:
2041 5034 2213 5077 autem
2246 5023 2317 5075 illi
2354 5024 2583 5091 Opimam
2624 5022 3179 5077 etvariisinstructam
3202 5036 3436 5075 mensam

1903 5113 1969 5165 ad
2000 5128 2155 5166 usum
2184 5127 2281 5165 ceu
2313 5120 2459 5180 pater
2483 5112 2687 5182 paravit
2733 5110 2893 5166 Deus.
2926 5110 3107 5180 Neque
3130 5120 3303 5167 tamen
3332 5129 3433 5166 ca:-

1905 5214 2140 5258 terorum
2173 5204 2483 5257 animalium
2517 5218 2697 5257 curam
2733 5204 2995 5271 neglexit;
3030 5205 3119 5259 sed
3153 5204 3219 5258 de
3251 5218 3433 5258 eorum

1903 5310 2113 5365 quoque
2141 5295 2544 5347 conservatione
2585 5295 2863 5360 sollicitus,
2901 5304 3277 5365 congruentem
3304 5298 3435 5365 ipsis

1902 5401 2078 5440 escam
2138 5384 2583 5447 subministravit,
2644 5384 2818 5436 fenum
2878 5386 3091 5453 quidem
3142 5384 3429 5454 iumentis,

1901 5474 2141 5530 servituti
2176 5484 2350 5528 autem
2394 5475 2686 5535 hominum,
2729 5473 2947 5527 herbam
2980 5474 3297 5544 producens.
3330 5479 3433 5527 Ac-

1900 5565 2233 5621 euratissime
2264 5580 2389 5619 vero
2416 5564 2668 5635 propheta
2705 5564 3014 5620 animalium
3040 5567 3432 5622 distinctiomem
