3890 6430
303 395 441 449 ΓιλιΠ
1396 385 1865 441 COMMENTARU

1960 387 1995 441 Ν
2031 385 2362 443 PSALMOS.
3314 389 3449 445 1278

298 512 522 563 δόντων
543 525 615 577 με
633 526 645 537 ·
675 508 957 571 “inurat;
978 508 1047 559 ἐν
1073 504 1249 567 ἐλαίῳ
1270 503 1381 570 τὴν
1407 502 1671 571 κεφαλήν
1691 521 1828 571 μου,
1859 550 1865 563 .

1960 519 2047 556 um
2073 504 2253 557 dicent
2299 521 2312 556 τ
2351 500 2565 554 Parasti
2589 501 2641 554 in
2674 509 2939 568 conspectu
2972 518 3080 556 meo
3118 518 3341 555 mensam
3364 504 3455 556 ad-

295 600 398 651 καί
430 599 495 650 τι)
520 597 795 665 ποτήριόν
811 614 925 663 μου
949 597 1249 663 μεθύσκον
1266 594 1343 657 ὡς
1372 592 1704 659 κράτιστον.
1721 592 1827 643 Καὶ

1960 608 2105 645 orsus
2135 607 2218 644 eos
2245 592 2332 659 qui
2361 589 2610 642 tribulam
2647 604 2760 653 me;
2796 590 3127 658 impinguasti
3160 592 3212 643 in
3240 592 3350 643 oteo
3372 607 3457 644 ca-

296 691 369 741 τὸ
401 690 569 753 ἔλεός
591 703 705 741 σου
733 684 1145 748 καταδιώξεταί
1168 699 1243 750 με
1267 682 1462 745 πάσας
1484 682 1586 745 τὰς
1617 680 1831 747 ἡμέρας

1960 690 2020 732 ut
2053 696 2237 743 meum,
2272 688 2321 733 et
2354 679 2492 731 calix
2521 694 2659 731 meus
2683 678 2961 742 inebrians,
2997 696 3150 747 quam
3174 681 3455 747 praclarus

294 776 413 840 τῆς
438 774 581 840 ζωῆς
597 792 732 841 μου,
754 774 847 825 καὶ
874 772 935 824 τὸ
962 770 1249 824 κατοικεῖν
1273 787 1348 837 με
1369 770 1436 822 ἐν
1459 769 1596 832 olm)
1617 769 1831 835 Κυρίου

1960 777 2026 821 st.
2072 768 2139 823 Et
2180 767 2533 820 misericordia
2593 779 2682 819 tun
2739 766 3068 836 subsequatur
3100 785 3177 821 me
3223 767 3457 820 omnibus

296 866 389 927 εὶς
410 865 743 929 μακρότητα
771 858 1016 927 ἡμερῶν.

1960 858 2111 912 liebus
2151 860 2267 911 vita:
2296 875 2439 921 mete,
2468 867 2513 909 et
2542 866 2596 908 ut
2619 857 2895 911 inhabitem
2916 860 2967 910 in
2993 858 3143 911 domo
3171 858 3379 913 Domini
3404 859 3459 910 in

1934 948 2298 1017 longitudinem
2332 948 2527 1000 dierum
2542 950 2606 1001 ²⁹.

382 1036 489 1087 Τοῦ
550 1033 854 1101 ἐξαγαγεῖν
913 1034 1084 1098 ἄρτον
1122 1033 1187 1084 ἑκ
1225 1031 1332 1097 τῆς
1374 1030 1500 1099 γῆς,
1548 1031 1643 1081 καὶ
1678 1024 1835 1092 οἶνος

2011 1037 2075 1089 Ut
2109 1037 2295 1091 educas
2322 1053 2506 1105 panem
2535 1036 2597 1090 de
2636 1046 2795 1101 terra,
2827 1046 2874 1090 et
2912 1037 3081 1090 vinum
3117 1038 3348 1107 ta'ti/icat
3374 1058 3462 1095 cor

302 1125 603 1190 εὐφραίνει
640 1123 882 1189 καρδίαν
916 1122 1250 1188 ἀνθρώπων
1270 1122 1371 1173 τοῦ
1405 1120 1669 1187 ίλαρῦναι
1700 1119 1836 1183 πρό-

1960 1125 2196 1186 mminis;
2221 1133 2276 1175 ut
2306 1124 2555 1176 exhilaret
2584 1123 2769 1191 faciem
2800 1125 2853 1177 in
2880 1125 3008 1188 oleo,
3032 1134 3078 1178 et
3101 1127 3248 1193 panis
3269 1143 3357 1179 cor
3380 1129 3463 1180 ho-

304 1229 514 1265 σωπον
559 1214 629 1266 ὲν
673 1214 866 1277 ἐλαίῳ,
910 1213 1003 1264 καί
1035 1212 1207 1278 ἄρτος
1252 1210 1491 1278 καρδίαν
1534 1208 1836 1274 ἀνθρώπου

1960 1213 2096 1263 ninis
2128 1214 2421 1281 conﬁrmat.
2454 1213 2551 1266 Hic
2584 1220 2883 1282 opportune
2923 1224 3213 1283 quaeratur,
3249 1231 3352 1284 qua
3392 1216 3458 1269 de

305 1303 580 1368 στηρίξει.
612 1303 788 1367 Ἀξιον
827 1302 1051 1353 ἐνταῦθα
1083 1300 1306 1370 ζητῆσαι
1338 1302 1477 1361 τίνος
1497 1300 1648 1369 χάριν
1677 1298 1840 1351 εἰπὼν

1960 1315 2104 1354 :ausa
2135 1317 2256 1355 cum
2286 1304 2512 1357 dixisset
2569 1303 2732 1356 David
2766 1324 2777 1357 :
2814 1303 3108 1355 Producens
3161 1304 3333 1371 fenum
3378 1304 3465 1368 iu-

305 1393 336 1441 6
367 1390 544 1453 Δαυῖδ,
569 1394 596 1444 6
625 1391 976 1456 ὲξανατέλλων
1035 1390 1221 1459 χόρτον
1266 1392 1374 1451 τοῖς
1406 1390 1672 1457 κτήνεσιν,
1710 1388 1841 1455 ὲπή-

1960 1392 2125 1443 nentis
2150 1405 2168 1453 ;
2200 1392 2555 1460 subjunxerit,
2586 1392 2653 1444 Ut
2688 1392 2875 1446 educas
2906 1409 3087 1456 panem
3111 1392 3172 1446 de
3215 1404 3371 1458 terra,
3402 1409 3469 1450 ex

306 1502 479 1551 γαγε·
518 1486 623 1537 Τοῦ
666 1484 967 1551 ἐξαγαγεῖν
992 1483 1168 1549 ἄρτον
1193 1484 1259 1535 ἐκ
1303 1481 1408 1548 τῆς
1447 1480 1577 1548 γῆς,
1618 1479 1722 1532 ἀπὸ
1749 1478 1840 1530 τοῦ

1960 1484 2210 1538 'rumento
2242 1500 2431 1554 nempe
2459 1485 2783 1539 confectum.
2817 1486 2953 1551 Quid
2985 1495 3160 1541 autem
3194 1496 3278 1541 est
3327 1488 3470 1556 quod

309 1574 462 1627 σίτου
499 1575 690 1644 δηλαδὴ
722 1572 1264 1640 κατασκευαζόμενον.
1297 1572 1359 1622 Τί
1385 1570 1511 1621 ποτέ
1538 1571 1682 1621 ἐστιν
1712 1569 1844 1635 ὅπερ

1965 1574 2225 1627 nsinuare
2273 1574 2424 1625 vult?
2457 1572 2597 1626 Idem
2654 1575 2861 1629 scilicet
2909 1589 3089 1629 semen
3135 1591 3468 1631 communem

308 1665 612 1727 αἰνίξασθαι
658 1664 925 1732 βούλεται;
978 1664 1095 1714 Ὅτι
1144 1662 1203 1713 τὸ
1254 1660 1381 1713 αὐτὸ
1436 1658 1651 1729 σπέρμα
1694 1660 1844 1725 κοινὴ

1960 1677 2119 1717 :scam
2150 1677 2267 1716 esse
2295 1670 2403 1715 tam
2443 1662 2616 1717 brutis
2668 1678 2825 1731 quam
2860 1664 3183 1731 hominibus,
3216 1666 3309 1720 sed
3364 1680 3471 1721 non

308 1754 519 1820 γίνεται
550 1754 711 1823 ἐδωδὴ
760 1754 853 1804 καὶ
881 1753 1090 1819 ἀλόγοις
1118 1751 1210 1804 καὶ
1246 1748 1561 1820 ἀνθρώποις,
1602 1748 1660 1799 ού
1708 1745 1845 1799 κατὰ

1960 1754 2128 1807 eadem
2159 1754 2384 1807 ratione.
2420 1753 2592 1821 Atque
2629 1753 2758 1807 illud
2808 1753 2898 1807 Dei
2930 1754 3202 1822 sapientiae
3246 1753 3368 1807 fuit.
3410 1754 3474 1807 Et

306 1842 373 1893 τὸ
403 1844 551 1894 αὑτό.
595 1842 700 1894 Καὶ
728 1842 879 1893 τοῦτο
908 1842 962 1893 δὲ
994 1842 1091 1910 τῆς
1122 1841 1212 1893 τοῦ
1247 1840 1377 1892 Θεοῦ
1410 1838 1612 1907 σοφίας.
1649 1836 1841 1889 Σκόπει

1960 1857 2077 1895 vero
2101 1843 2151 1895 id
2182 1840 2577 1894 animadvertas
2606 1842 2798 1894 velim:
2829 1841 3097 1910 spargitur
3124 1840 3472 1906 frumentum,

305 1932 400 1982 δέ·
447 1932 844 1984 Καταϐάλλεται
890 1934 1052 1992 σῖτος,
1104 1931 1235 1991 τέως
1270 1930 1367 1998 μὲν
1412 1928 1705 2000 ἀνθρώπιον
1735 1931 1848 1981 ἐστὶ

306 2020 486 2088 τροφὴ
532 2021 714 2088 μόνον·
755 2019 966 2071 ἐπειδὰν
1007 2020 1061 2071 δὲ
1097 2019 1380 2090 βλαστάνῃ,
1412 2019 1578 2072 ἄνεισι
1619 2020 1711 2071 καὶ
1753 2018 1849 2087 τὴν

304 2110 422 2163 τῶν
448 2111 651 2177 ἀλόγων
679 2110 811 2177 ἔχων
844 2112 1064 2181 τροφήν.
1100 2110 1302 2179 Ὥσπερ
1333 2110 1438 2179 γάρ
1470 2109 1599 2162 αὐτὸ
1629 2110 1686 2161 τὸ
1716 2106 1849 2162 εἶναι

306 2200 375 2251 δι’
411 2202 554 2268 ἡμᾶς
584 2200 734 2251 ἔλαϐε
767 2199 833 2251 τὰ
866 2200 995 2263 ζῶα,
1024 2198 1161 2251 οὕτω
1195 2199 1286 2251 καὶ
1314 2200 1345 2267 ἡ
1376 2198 1544 2269 τροφὴ
1588 2198 1762 2251 αὐτῶν
1788 2201 1851 2250 ὲκ

308 2294 415 2361 τῆς
444 2292 709 2360 ἡμετέρας
750 2291 947 2360 τροφῆς
976 2291 1083 2359 ἔχει
1114 2290 1208 2359 τὴν
1250 2290 1437 2359 ἀρχήν.
1484 2291 1546 2341 Ἠ
1576 2290 1682 2359 γάρ
1725 2289 1849 2357 χλόη

306 2379 406 2431 διὰ
439 2378 590 2430 τοῦτο
621 2378 1033 2447 προηγουμένως
1061 2377 1295 2445 γέγονεν,
1333 2378 1417 2428 ἵνα
1459 2377 1548 2427 τὸν
1572 2380 1712 2428 σῖτον
1738 2376 1851 2428 δια-

305 2472 479 2537 τηρῇ.
512 2464 659 2528 Εἶδες
689 2462 778 2519 οὖν
804 2466 872 2518 τά
900 2466 1064 2531 άλογα
1091 2467 1149 2518 οὺ
1186 2466 1341 2535 μόνον
1364 2468 1490 2533 ἡμῖν
1522 2465 1850 2525 δουλεύοντα,

309 2557 455 2610 ἀλλὰ
480 2556 570 2607 καὶ
594 2554 689 2623 τὴν
721 2554 917 2624 τροφὴν
950 2555 1053 2608 τῶν
1082 2555 1282 2620 ἀλόγων
1313 2556 1377 2622 τῇ
1413 2553 1654 2623 ἡμετέρᾳ
1684 2557 1851 2623 τροφῇ

310 2645 779 2715 ὑπηρετουμένην,
820 2645 912 2695 καὶ
942 2646 1005 2712 τῇ
1040 2644 1187 2708 τάξει
1237 2644 1393 2695 πάλιν
1439 2644 1497 2695 τὸ
1542 2644 1668 2695 αὐτὸ
1703 2643 1856 2695 τοῦτο

315 2733 679 2803 μιμουμένην.
716 2733 920 2799 Ὥσπερ
948 2733 1051 2799 γὰρ
1094 2731 1348 2801 πρότερον
1388 2730 1573 2797 ἄλογα,
1608 2732 1699 2786 καὶ
1736 2732 1855 2783 τότε

311 2822 623 2891 ἄνθρωπος,
656 2821 837 2889 ἐπειδὴ
868 2820 952 2872 διὰ
981 2821 1068 2872 τὸν
1095 2820 1371 2889 ἄνθρωπον
1399 2820 1466 2872 τὰ
1492 2820 1685 2887 ἄλογα·
1720 2820 1857 2872 οὕτω

270 2972 271 2975 η
314 2913 414 2965 καὶ
437 2911 645 2980 πρῶτον
667 2910 813 2979 χλόη.
835 2909 926 2960 καὶ
946 2910 1062 2961 τότε
1088 2912 1226 2971 σῖτος
1254 2912 1309 2960 ὲν
1336 2912 1401 2980 τῇ
1429 2909 1647 2981 βλάστῃ,
1676 2910 1856 2977 ἐπειδὴ

314 3002 411 3055 διὰ
438 3001 527 3052 τὸν
560 3004 697 3051 σῖτον
726 3002 762 3069 ἡ
789 3001 933 3069 χλόη.
968 2998 1073 3053 Καὶ
1101 2997 1259 3064 οἶνος
1290 3001 1591 3067 εὐφραίνει
1616 2999 1860 3066 καρδίαν

316 3087 653 3155 ἀνθρώπου.
684 3089 760 3141 Οὐ
803 3092 928 3151 πᾶς,
955 3089 987 3157 ἢ
1021 3088 1175 3157 μόνος
1215 3090 1242 3140 6
1271 3088 1365 3156 τὴν
1404 3088 1610 3153 γένεσιν
1638 3087 1771 3155 ἔχων
1798 3088 1860 3138 ὲκ

318 3177 419 3230 τοῦ
465 3178 733 3239 εἰπόντος·
793 3177 935 3245 Ἐγώ
964 3179 1077 3244 είμι
1124 3178 1161 3243 ἠ
1206 3175 1465 3243 ἄμπελος
1505 3177 1543 3242 ἡ
1588 3173 1855 3242 ἀληθινή.

333 3268 477 3320 Ἀλλ’
517 3267 637 3318 ἐπεὶ
666 3267 734 3320 τά
776 3268 1002 3337 αἰσθητὰ
1030 3268 1203 3320 πάντα
1229 3267 1300 3334 γῆ
1326 3267 1411 3318 διὰ
1441 3267 1500 3319 τὸ
1534 3267 1709 3319 ὑλικὸν
1746 3268 1860 3319 ὀνο-

324 3359 575 3431 μάζεται,
601 3360 677 3419 είς
700 3357 880 3411 τοῦτον
901 3359 954 3410 δὲ
976 3357 1153 3408 λαϐεῖν
1174 3359 1286 3409 ἐστι
1308 3357 1459 3423 λόγον
1482 3358 1864 3419 άναϐιόάζοντα

321 3452 414 3504 διὰ
441 3466 580 3510 τινος
612 3448 891 3515 ἀναλογίας
917 3451 1005 3501 ἐπὶ
1034 3449 1100 3501 τά
1134 3447 1293 3518 νοητά
1311 3463 1323 3476 ·
1360 3447 1452 3498 καὶ
1480 3442 1628 3509 οὗτος
1659 3448 1687 3498 6
1713 3447 1865 3513 λόγος

321 3543 494 3611 άρτος
523 3538 665 3589 ἐστὶν
692 3539 756 3591 ἐκ
798 3539 891 3606 τῆς
923 3539 1023 3607 γῆς
1066 3538 1402 3605 ἐξαγόμενος,
1436 3537 1525 3587 ἐπὶ
1557 3536 1617 3586 τὸ
1653 3536 1865 3605 τρέφειν

322 3630 421 3681 τὸν
456 3626 600 3679 ἔνδον
637 3628 728 3678 καὶ
769 3627 825 3678 ἐν
871 3626 1093 3695 κρυπτῷ
1136 3626 1432 3697 ἄνθρωπον,
1473 3626 1565 3682 καὶ
1609 3626 1713 3678 ἀπὸ
1760 3625 1865 3677 τῶν

329 3715 660 3784 σωματικῶν
689 3715 743 3766 δὲ
770 3716 863 3783 τῆς
896 3716 1106 3784 γραφῆς
1142 3714 1484 3783 διηγημάτων
1511 3713 1597 3766 διὰ
1628 3715 1687 3766 τὸ
1726 3716 1865 3765 ίστο-

327 3808 484 3877 ρικὸν
518 3806 587 3874 γῆ
633 3806 929 3875 εἰρημένον.
966 3806 1155 3873 "Apto;
1193 3804 1508 3874 ἐξαγόμενος
1551 3805 1579 3855 6
1616 3804 1868 3873 μυστικός

325 3900 446 3949 ἐστι
479 3894 648 3960 λόγος.
699 3893 806 3945 Τοῦ
833 3893 1170 3959 ἑξιλαρῦναι
1213 3894 1529 3959 πρόσωπον
1560 3892 1627 3944 ἐν
1669 3891 1865 3951 ἐλαίῳ,

326 3986 429 4040 καί
474 3984 647 4051 ἄρτος
685 3983 929 4050 καρδίαν
954 3983 1259 4051 ἀνθρώπου
1290 3982 1560 4050 στηρίξει.
1603 3983 1867 4053 Ἱλαρύνε-

325 4095 420 4131 ται
448 4077 503 4128 δὲ
537 4076 627 4127 καὶ
658 4074 995 4144 φαιδρύνεται
1021 4074 1078 4125 τὸ
1111 4074 1390 4142 πρόσωπον
1419 4073 1509 4125 τοῦ
1542 4073 1644 4126 ἔσω
1669 4070 1871 4142 ἀνθρώ-

328 4185 436 4220 που
471 4165 630 4232 ἐλαίῳ
660 4162 737 4231 τῷ
773 4162 1040 4233 Ορεπτικῴ
1069 4162 1159 4215 τοῦ
1195 4161 1337 4219 Θείου
1361 4161 1551 4229 φωτὸς,
1582 4160 1674 4212 καὶ
1697 4159 1870 4211 λύοντι

1949 1941 2108 2001 atque
2132 1933 2393 1985 hactenus
2436 1931 2651 2000 quidem
2694 1932 2972 1984 hominum
3019 1938 3101 1985 est
3142 1931 3475 1997 cibus;cum

1950 2032 2132 2081 autem
2162 2023 2555 2092 germinaverit,
2619 2024 2878 2091 exsurgit,
2922 2022 3202 2075 brulorum
3263 2038 3477 2091 quoque

1948 2114 2259 2166 alimentum
2291 2110 2593 2179 proferens.
2625 2110 3078 2175 Quemadmodum
3107 2112 3248 2165 enim
3274 2111 3477 2163 anima-

1948 2202 2020 2255 lia
2050 2201 2099 2253 id
2130 2200 2296 2253 nostri
2345 2212 2505 2252 causa
2560 2204 2881 2266 acceperunt
2910 2198 3057 2266 quod
3092 2198 3373 2261 exsistant,
3404 2197 3478 2249 ita

1951 2298 2004 2345 et
2031 2303 2154 2343 esca
2188 2289 2396 2341 illorum
2422 2303 2452 2340 a
2481 2295 2668 2340 nostra
2698 2287 2907 2340 initium
2939 2288 3116 2342 habet.
3150 2285 3280 2339 Nam
3313 2285 3478 2339 herba

1951 2382 2072 2435 ideo
2104 2384 2334 2434 maxime
2361 2379 2693 2449 producitur,
2729 2389 2789 2433 ut
2819 2380 3142 2433 frumentum
3173 2386 3475 2433 conservet.

1954 2470 2116 2525 Vides
2140 2470 2301 2539 igitur
2340 2485 2447 2523 non
2479 2471 2651 2524 solum
2683 2470 2840 2523 bruta
2886 2472 3039 2524 nobis
3085 2469 3353 2532 famulari,
3388 2484 3481 2523 ve-

1954 2575 2073 2614 rum
2102 2562 2259 2613 etiam
2294 2561 2471 2613 cibum
2521 2575 2705 2613 eorum
2736 2560 2857 2613 cibo
2901 2569 3087 2614 nostro
3139 2559 3369 2621 servire,
3399 2566 3482 2610 at-

1955 2666 2059 2719 que
2082 2651 2267 2704 eodem
2295 2650 2484 2703 ordine
2507 2658 2559 2703 et
2580 2650 2785 2704 ratione
2806 2650 2859 2703 id
2889 2650 3062 2719 ipsum
3091 2665 3265 2719 agere.
3290 2649 3486 2715 Quem-

1955 2738 2241 2792 admodum
2285 2738 2425 2791 enim
2462 2738 2612 2807 prius
2658 2737 2836 2802 bruta,
2885 2738 3075 2792 deinde
3124 2739 3303 2801 homo,
3356 2736 3480 2806 quia

1956 2833 2176 2895 propter
2207 2826 2475 2880 hominem
2532 2827 2721 2892 bruta;
2776 2826 2855 2881 sic
2916 2826 3090 2894 primo
3136 2827 3323 2888 herba,
3359 2838 3478 2877 mox

1958 2913 2283 2967 frumentum
2316 2915 2371 2966 in
2426 2914 2681 2982 germine,
2709 2915 2835 2982 quia
2890 2921 3108 2982 propter
3158 2913 3483 2965 frumentum

1958 3002 2144 3059 herba.
2180 3001 2247 3052 Et
2282 3003 2455 3054 vinum
2490 3002 2720 3068 letificat
2769 3018 2856 3055 cor
2895 3003 3113 3055 hominis
3149 3016 3299 3054 :non
3334 3015 3489 3054 omne

1886 3120 1927 3175 Ο
1957 3089 2159 3154 vinum,
2187 3090 2280 3143 sed
2308 3090 2437 3142 illud
2459 3089 2629 3141 solum
2656 3090 2796 3157 quod
2825 3098 3000 3142 ortum
3020 3091 3183 3143 habet
3212 3090 3278 3142 ab
3298 3104 3361 3142 eo
3390 3091 3481 3157 qui

1960 3177 2087 3231 dicit
2110 3194 2123 3230 :
2151 3177 2259 3247 Ego
2289 3194 2403 3231 sum
2433 3178 2550 3231 vitis
2576 3179 2773 3234 vero“.
2794 3178 2897 3232 Sed
2925 3180 3049 3247 quia
3072 3180 3287 3232 sensilia
3309 3180 3489 3231 omnia

1961 3268 2028 3323 ob
2058 3269 2337 3324 materiam
2388 3278 2529 3323 terra
2560 3275 2839 3332 vocantur,
2892 3277 3050 3339 atque
3101 3269 3166 3323 de
3211 3270 3301 3322 illo
3350 3269 3490 3322 acci-

1962 3359 2188 3428 piendus
2212 3374 2387 3414 sermo
2412 3368 2514 3424 est,
2545 3360 2633 3427 qui
2662 3358 2887 3427 quadam
2928 3360 3133 3413 ratione
3172 3366 3224 3413 et
3263 3375 3489 3429 propor-

1965 3449 2107 3502 tione
2134 3449 2197 3502 ad
2228 3449 2525 3518 spiritualia
2550 3449 2740 3503 deinde
2760 3449 2949 3517 erigit;
2980 3450 3064 3502 hic
3091 3465 3302 3518 quoque
3318 3465 3493 3503 sermo

1964 3537 2119 3604 panis
2148 3544 2231 3590 est
2256 3536 2321 3590 de
2342 3543 2484 3591 terra
2514 3536 2761 3599 eductus,
2796 3544 2855 3589 ut
2877 3537 3183 3591 interiorem
3211 3545 3263 3591 et
3312 3538 3493 3591 occul-

1964 3635 2079 3680 tum
2108 3627 2377 3681 hominem
2406 3628 2608 3682 nutriat
2639 3644 2652 3679 :
2687 3635 2846 3697 atque
2878 3644 2907 3681 a
2928 3630 3199 3697 corporeis
3251 3628 3494 3697 Scriptu—

1967 3732 2039 3769 rze
2072 3717 2495 3781 narrationibus,
2528 3717 2599 3772 ob
2628 3718 2929 3772 naturalem
2955 3720 3187 3773 historiae
3206 3718 3489 3779 rationem,

1965 3815 2108 3861 terra
2142 3807 2360 3861 dicitur.
2410 3806 2569 3861 Panis
2603 3808 2797 3876 quippe
2838 3808 3086 3872 eductus,
3125 3815 3207 3862 est
3234 3806 3492 3877 mysticus

1967 3905 2164 3950 s’ermo.
2199 3895 2264 3948 Ut
2290 3896 2541 3949 exhilaret
2572 3896 2756 3962 faciem
2797 3897 2849 3949 in
2882 3896 3014 3960 oleo,
3043 3905 3092 3949 et
3115 3898 3265 3963 panis
3295 3912 3383 3949 cor
3403 3898 3494 3946 Ito-

1966 3986 2119 4037 minis
2142 3986 2434 4052 conﬁrmat.
2456 3985 2795 4037 Exhilaratur
2814 3999 2976 4053 porro
2998 4000 3059 4038 ac
3084 3985 3381 4037 illustratur
3414 3986 3496 4036 in-

1969 4074 2181 4128 terioris
2213 4074 2446 4127 hominis
2476 4074 2639 4128 facies
2672 4074 2810 4135 oleo,
2844 4074 2985 4142 quod
3010 4073 3243 4126 divinam
3283 4074 3377 4125 alit
3415 4074 3490 4126 lu-

1968 4179 2107 4227 cem,
2133 4179 2195 4217 ac
2228 4166 2446 4217 morbos
2478 4165 2795 4233 laboresque
2830 4165 3020 4217 anima:
3056 4164 3233 4226 solvit,
3278 4165 3497 4232 solaque

328 4259 430 4320 τὰς
462 4255 642 4317 νόσους
669 4254 761 4306 καί⁸
786 4254 908 4315 τοὺς
937 4254 1125 4315 πόνους
1152 4254 1248 4322 τῆς
1273 4253 1467 4321 ψυχῆς,
1501 4250 1705 4321 ἐπινοίᾳ
1739 4249 1865 4319 μόνῃ

1974 4254 2302 4322 intelligendi
2354 4256 2562 4307 ratione
2589 4268 2619 4305 a
2648 4262 2947 4307 memorato
2995 4255 3117 4306 Vino
3158 4253 3353 4306 differt.
3405 4254 3495 4307 Dei

332 4346 590 4416 διαφέρον
638 4342 731 4395 τοῦ
783 4343 1126 4405 ἀποδοθέντος
1164 4342 1325 4393 οἴνου.
1377 4342 1433 4395 Ὀ
1477 4342 1582 4411 γὰρ
1613 4338 1704 4392 τοῦ
1738 4338 1865 4392 Θεοῦ

1971 4342 2165 4411 quippe
2187 4343 2429 4403 verbum,
2463 4349 2519 4392 ut
2544 4339 2689 4400 vitis,
2723 4340 2798 4391 ita
2830 4348 2881 4392 et
2928 4338 3067 4391 oliva
3108 4347 3207 4391 est.
3244 4336 3373 4406 Ego,
3414 4337 3497 4390 in-

330 4438 493 4506 λόγος
519 4435 701 4504 ὥσπερ
730 4432 983 4501 ἄμπελος,
1016 4431 1155 4484 οὕτω
1195 4434 1285 4484 καὶ
1313 4431 1466 4484 ἐλαία
1493 4430 1663 4482 ἐστίν·
1708 4430 1865 4497 Ἐγὼ,

1973 4434 2109 4500 quit,
2144 4432 2275 4483 sicut
2323 4430 2457 4482 oliva
2506 4429 2779 4496 fructifera
2827 4429 2882 4481 in
2943 4427 3094 4480 domo
3151 4426 3329 4481 Dei“.
3365 4426 3494 4480 Nam

333 4528 535 4597 φησιν,
579 4522 720 4577 ὡσεὶ
767 4522 937 4575 ἐλαία
980 4519 1350 4587 κατάκαρπος
1374 4520 1443 4571 ἐν
1484 4518 1562 4583 τῷ
1595 4519 1735 4587 οἴκῳ
1765 4518 1869 4569 τοῦ

336 4613 509 4667 Θεοῦ.
555 4609 614 4662 Ἦ
645 4609 750 4679 γάρ
777 4607 935 4661 αὐτοῦ
965 4607 1272 4659 διδασκαλία
1296 4606 1433 4659 κατὰ
1463 4605 1709 4675 διάφορον
1752 4606 1870 4673 σχέ-

335 4722 421 4759 σιν
448 4699 586 4763 οἷνός
616 4718 673 4753 τε
706 4700 798 4753 καὶ
826 4698 995 4752 ἔλαιόν
1022 4700 1132 4751 ἐστι
1156 4698 1245 4750 καὶ
1279 4698 1456 4767 ἄρτος.

407 4792 879 4862 Χορτασθήσεται
908 4790 978 4842 τὰ
1010 4790 1163 4853 ξύλα
1193 4789 1296 4842 τοῦ
1326 4788 1549 4849 πεδίου,
1586 4790 1645 4840 αἱ
1676 4786 1867 4855 κέδροι

336 4890 446 4945 τοῦ
472 4884 722 4939 Λιϐάνου
749 4880 819 4946 ἃς
841 4881 1173 4947 ἐφύτευσας
1188 4896 1201 4908 °
1232 4877 1356 4931 ἐκεῖ
1370 4880 1647 4942 στρουθία
1666 4880 1871 4932 ἐννοσ-

336 4979 654 5034 σεύσουσι.
692 4971 799 5025 Τοῦ
829 4968 1066 5036 ἐρωδιοῦ
1114 4970 1152 5035 ἡ
1201 4968 1355 5019 οἰκία
1384 4967 1603 5035 ἡγεῖται
1649 4970 1867 5023 αὐτῶνο

342 5073 452 5138 ὅρη
479 5067 548 5121 τὰ
579 5062 783 5132 ὑψηλὰ
805 5061 930 5126 ταῖς
949 5059 1208 5127 ἐλάφοις,
1231 5056 1409 5122 πέτρα
1428 5058 1730 5125 καταφυγὴ
1753 5058 1871 5122 τοῖς

344 5155 831 5229 χοιρογρυλλιόις.
882 5151 937 5204 '0
979 5149 1219 5219 Ἐϐραῖος
1274 5146 1365 5197 καὶ
1412 5145 1459 5196 οἱ
1500 5144 1691 5211 λοιποὶ,
1726 5147 1876 5210 ξύλα

346 5250 454 5303 τοῦ
505 5245 753 5312 Κυρίου,
801 5240 1088 5293 τεθείκασι.
1134 5232 1419 5297 Διεξελθὼν
1467 5232 1535 5285 τὰ
1588 5234 1874 5305 κάρπιμα,

348 5334 658 5402 ἀναγκαίως
689 5328 999 5401 μνημονεύει
1045 5326 1135 5379 καὶ
1163 5323 1270 5374 τῶν
1296 5322 1572 5392 ἀκάρπων,
1602 5324 1676 5385 ὡς
1720 5325 1879 5393 ἀναγ-

352 5425 511 5480 καίαν
560 5420 857 5490 ἀνθρώποις
908 5418 997 5470 καὶ
1047 5411 1221 5467 αὐτῶν
1275 5410 1613 5479 παρεχόντων
1672 5415 1877 5482 χρείαν,

1976 4521 2094 4589 ejus
2123 4520 2362 4573 doctrina
2392 4518 2685 4572 secundum
2715 4518 2981 4571 diversam
3022 4518 3301 4579 rationem,
3330 4523 3382 4570 et
3416 4515 3488 4567 vi—

1972 4625 2099 4663 num
2126 4619 2179 4664 et
2215 4609 2387 4662 oleum
2414 4616 2466 4661 et
2500 4608 2655 4677 panis
2680 4616 2785 4663 est.

2043 4784 2203 4837 Vens.
2238 4781 2417 4838 16-18.
2450 4780 2837 4836 Saturabuntur
2870 4783 3009 4851 ligna
3032 4781 3218 4848 campi,
3243 4779 3381 4832 cedri
3410 4778 3495 4831 Li-

1976 4874 2115 4937 bani,
2138 4890 2263 4942 quas
2293 4873 2564 4939 pluntasti,
2595 4872 2703 4924 illic
2728 4887 2958 4939 passeres
2989 4867 3342 4938 nidi/icabunt.
3364 4867 3491 4920 Ero-

1977 4963 2051 5014 dii
2079 4963 2261 5015 domus
2308 4960 2414 5012 dux
2458 4972 2533 5013 est
2581 4976 2757 5013 eorum
2787 4978 2804 5013 :
2836 4970 3028 5013 montes
3078 4957 3265 5011 excelsi
3315 4959 3495 5021 cervis,

1974 5062 2119 5121 petra
2162 5052 2415 5120 refugium
2455 5050 2750 5107 herinaciis.
2808 5050 3125 5105 Hebraicum
3153 5047 3423 5116 exemplar
3444 5054 3499 5099 et

1975 5143 2166 5210 reliqui
2228 5141 2572 5210 interpretes,
2635 5141 2776 5210 tigna
2833 5140 3065 5204 Domini,
3104 5138 3320 5191 habent.
3363 5135 3499 5189 Cum

1972 5233 2253 5287 fructifera
2306 5232 2695 5298 recensuisset,
2745 5234 3048 5285 necessario
3114 5229 3273 5283 etiam
3323 5226 3499 5280 fructu

1973 5325 2209 5377 carentia
2238 5332 2519 5389 memorat,
2550 5330 2733 5392 utpote
2758 5336 2883 5389 qua:-
2909 5320 3214 5373 hominibus
3242 5318 3307 5372 ad
3341 5330 3499 5372 usum

1976 5413 2282 5467 necessaria
2309 5413 2435 5466 sint.
2467 5413 2693 5481 Ideoque
2730 5411 2846 5479 ipsa
2902 5410 3111 5466 Domini
3149 5406 3496 5476 nuncupavit.

353 5516 452 5570 Διὰ
477 5513 628 5567 τοῦτο
655 5512 743 5564 καὶ
768 5507 962 5577 Κυρίου
1002 5502 1136 5559 αὐτὰ
1165 5500 1610 5569 προσηγόρευσεν,
1632 5500 1708 5565 ὡς
1728 5505 1865 5556 αὐτο

1980 5509 2038 5556 ιιι
2070 5510 2259 5572 sponte
2279 5503 2578 5570 nascentia,
2602 5514 2776 5569 neque
2814 5516 2977 5557 manu
3001 5501 3178 5566 culta;
3201 5497 3295 5554 sed
3317 5495 3497 5553 divino

424 5667 469 5699 "
497 5664 635 5719 Psal.
664 5677 790 5729 xm,
824 5661 929 5713 5-7.
1000 5660 1041 5691 ”
1077 5652 1235 5709 Joan.
1271 5666 1350 5716 xv,
1388 5654 1431 5707 Ι.
1513 5653 1556 5685 δι
1596 5651 1740 5709 Psal.
1778 5672 1850 5722 LI,
1884 5655 1968 5711 10.
