3890 6440
286 349 421 405 1281

1307 343 1793 403 COMMENTARIA
1831 344 1893 399 IN
1930 340 2258 398 PSALMOS.

3298 342 3433 395 £282

282 462 413 526 μεῖα
445 460 539 528 μὲν
563 460 876 531 ἐπομϐρίας,
910 460 1147 529 αὐχμῶν,
1173 459 1486 529 πνευμάτων
1516 459 1802 529 κινήσεωςο

1906 466 2154 523 tempora,
2186 453 2239 505 in
2274 450 2381 504 dies
2412 459 2459 505 et
2503 466 2663 505 annos
2705 452 2778 516 “;
2813 450 2866 503 in
2899 450 3053 519 signa
3075 447 3292 518 quidem
3336 452 3433 504 im-

277 549 361 608 ε’ἰς
390 549 604 618 καιροὺς
636 549 709 611 δὲ,
743 548 837 610 τὰς
862 548 966 599 τῶν
989 548 1159 617 ἀέρων
1192 545 1499 613 ἔναλλαγάς,
1527 546 1804 614 χειμῶνος,

277 634 459 704 ἔαρος,
496 636 698 706 θέρους,
748 636 1055 707 μετοπώρου
1079 656 1091 667 ·
1125 637 1189 699 ἀς
1220 636 1485 697 εὐτάκτως
1529 637 1671 705 ἡμᾶς
1716 653 1809 687 πε-

280 724 539 791 ριοδεύειν
564 726 624 777 τὸ
651 726 967 794 τεταγμένον
992 727 1086 795 τῆς
1104 728 1362 795 κινήσεως
1383 726 1486 778 τῶν
1515 728 1807 796 φωστήρων

277 813 542 882 παρέχειο
576 816 652 876 είς
681 813 885 883 ἡμέρας
914 816 988 877 δὲ,
1034 816 1129 883 οὐχ
1175 814 1313 867 ὥστε
1358 815 1565 884 ἡμέρας
1607 818 1802 868 ποιεῖν·

273 902 461 973 ἡμέρα
493 903 598 972 γὰρ
641 904 733 955 καὶ
758 904 862 973 ,νὺξ
897 903 1229 975 πρεσϐύτερα
1252 905 1350 974 τῆς
1378 906 1483 957 τῶν
1515 906 1807 975 φωστήρων

273 988 572 1053 γενέσεως
620 990 731 1042 ἀλλ’
777 991 911 1043 ὥστε
958 991 1241 1062 κατάρχειν
1288 992 1395 1045 τῶν
1439 991 1655 1061 ἡμερῶν
1680 1009 1694 1023 ·
1730 994 1807 1054 είς

275 1075 555 1137 ἐνιαυτοὺς
580 1076 654 1139 δὲ,
687 1077 767 1128 ὅτι
796 1078 983 1147 σελήνη
1017 1077 1132 1147 μὲν,
1171 1078 1383 1130 ἐπειδὰν
1410 1077 1695 1140 δωδεκάκις
1721 1079 1807 1131 τὸν

274 1164 478 1233 ἑαυτῆς
524 1165 773 1237 ἐκτελέσῃ
822 1167 1033 1236 δρόμον,
1074 1167 1309 1219 ἐνιαυτοῦ
1357 1168 1471 1220 ἔστι
1518 1169 1805 1237 ποιητική·

274 1252 499 1320 ήλιακὸς
529 1254 583 1306 δέ
624 1256 765 1306 ἔστιν
802 1255 1037 1318 ἐνιαυτὸς
1070 1257 1101 1325 ἡ
1138 1256 1243 1308 ἀπὸ
1274 1257 1364 1307 τοῦ
1397 1256 1553 1308 αὐτοῦ
1586 1257 1805 1326 σημείου

228 1354 233 1359 ·
272 1342 371 1393 ἐπὶ
400 1342 461 1393 τὸ
485 1343 610 1395 αὐτὸ
638 1347 851 1413 σημεῖον
876 1344 967 1397 τοῦ
995 1346 1140 1414 ήλίου
1168 1346 1614 1407 ἀποκατάστασις.

361 1432 425 1484 '0
455 1432 621 1499 ἥλιος
638 1436 785 1503 ἔγνω
804 1434 913 1501 τὴν
938 1435 1113 1487 δύσιν
1136 1435 1337 1488 αὐτοῦ,
1368 1436 1536 1489 Ἕθου
1568 1438 1802 1501 σκότος,

275 1517 377 1569 καὶ
415 1518 641 1585 ἐγένετο
668 1520 779 1582 νύξ
799 1536 812 1549 ⁸
842 1520 910 1571 ἐν
930 1519 1079 1587 αὐτῇ
1103 1520 1501 1574 διελεύσονται
1527 1521 1717 1574 πάντα
1738 1523 1808 1575 τὰ

274 1607 455 1671 θηρία
487 1608 588 1661 τοῦ
634 1607 871 1674 δρυμοῦ.
896 1610 1147 1676 Σκύμνοι
1172 1608 1485 1679 ὠρυόμενοι
1526 1610 1802 1678 ἁρπάσαι,

273 1696 375 1747 καὶ
424 1696 662 1764 ζητῆσαι
714 1698 870 1764 παρὰ
928 1698 1029 1751 τοῦ
1083 1700 1227 1752 Θεοῦ
1295 1700 1524 1767 ,βρῶσιν
1585 1702 1801 1767 αὐτοῖς.

287 1762 615 1836 Ἀνέτειλεν
641 1786 674 1837 ό
708 1762 871 1851 ἥλιος
890 1826 904 1849 ,
952 1785 1047 1837 καὶ
1079 1762 1554 1854 συναχθήσονται
1572 1825 1587 1849 ,
1616 1787 1712 1838 καὶ
1737 1762 1807 1840 έν

1906 1792 1947 1834 et
1987 1784 2445 1851 congregabantur,
2489 1791 2536 1835 et
2568 1784 2620 1835 in
2663 1782 2915 1837 cubilibus
2955 1786 3061 1837 suis
3099 1785 3427 1839 collocabun-
3529 1801 3539 1809 '

270 1870 405 1936 ταῖς
438 1870 723 1939 μάνδραις
759 1874 951 1927 αὐτῶν
998 1874 1500 1940 κοιτασθήσονται.
1544 1876 1803 1939 Ἐξελεύ-

272 1977 446 2013 σεται
471 1961 770 2028 ἄνθρωπος
794 1964 891 2016 ἐπὶ
920 1965 979 2016 τὸ
1006 1964 1179 2032 ἔργον
1214 1965 1412 2027 αὑτοῦ,
1449 1966 1542 2018 καί
1568 1966 1663 2019 ἐπὶ
1693 1968 1806 2034 τὴν

268 2051 563 2117 ἐργασίαν
590 2052 769 2109 αὐτοῦ
792 2052 899 2118 ἕως
921 2052 1193 2120 ἑσπέρας.
1232 2053 1324 2119 Ὠς
1347 2053 1709 2123 ἐμεγαλύνονι
1736 2055 1806 2109 τιί

272 2139 421 2208 ἔργα
470 2156 603 2206 σου,
662 2143 863 2208 Κύριε]
912 2142 1101 2195 πάντα
1135 2144 1202 2197 ὲν
1245 2144 1426 2210 σοφίᾳ
1483 2145 1800 2211 ἐποίησας·

266 2231 587 2298 ἐπληρώθη
613 2233 649 2298 ἠ
670 2231 743 2300 γῆ
776 2234 884 2300 τῆς
934 2231 1173 2297 κτίσεώς
1207 2248 1339 2286 σου.
1387 2234 1443 2286 '0
1481 2234 1626 2304 ἥλιος
1668 2235 1804 2302 ἔγνω

270 2322 372 2390 τὴν
420 2320 565 2374 δύσιν
610 2322 791 2385 αὑτοῦ,
830 2323 1065 2375 τουτέστι
1101 2324 1196 2393 τὴν
1234 2324 1335 2375 ὑπὸ
1374 2324 1465 2376 τοῦ
1510 2325 1805 2394 κρείττονος

270 2411 427 2480 αύτῷ
464 2412 898 2481 διατεταγμένην.
944 2413 1111 2467 Μόνον
1153 2414 1259 2484 γὰρ
1316 2415 1563 2483 φωτίζειν
1610 2416 1806 2485 ἔμαθεν

271 2502 465 2571 ἥλιοςο
516 2502 634 2553 Οὐδ’
683 2503 769 2554 ἀεὶ
832 2502 925 2553 καὶ
978 2502 1290 2567 διαπαντὸς,
1334 2505 1430 2574 τῆς
1492 2504 1549 2556 δὲ
1601 2505 1805 2574 ἡμέρας

273 2592 473 2661 ἀρχὴν,
501 2586 631 2643 ἀλ)ίά
656 2592 745 2642 καὶ
778 2593 834 2644 ὲν
864 2594 1014 2645 νυκτὶ
1060 2596 1169 2655 τοῖς
1220 2595 1277 2646 ὲν
1322 2594 1488 2663 ταύτῃ
1538 2595 1805 2662 φαίνουσιν

270 2679 500 2747 ἄστροις
541 2682 877 2748 παραχωρεῖν
905 2681 993 2733 τὸν
1038 2683 1227 2734 οἰκεῖον
1257 2681 1526 2735 ἀποτελεῖν
1569 2683 1762 2753 δρόμον
1786 2698 1801 2714 ⁸

269 2769 428 2830 ὅπως
463 2769 646 2832 νυκτὸς
678 2770 982 2839 γενομένης,
1004 2770 1095 2823 καὶ
1120 2770 1536 2834 ἐπιπολάσαντος
1562 2772 1653 2823 τοῦ
1685 2772 1806 2824 σκό-

271 2874 403 2920 τους
439 2859 502 2927 τῇ
541 2860 631 2926 γῇ,
681 2858 1033 2928 ύποσταλῆναι
1077 2860 1172 2929 μὲν
1219 2863 1310 2915 καὶ
1358 2862 1699 2931 ἀναχωρῆσαι
1740 2862 1807 2915 τὰ

268 2947 462 3016 ἥμερα
491 2945 596 2999 τῶν
623 2944 790 3013 ζώων,
837 2950 935 3001 ὅσα
963 2949 1019 3001 δέ
1049 2950 1192 3002 ἔστιν
1235 2950 1397 3020 ἄγρια
1424 2950 1607 3020 θηρία,
1640 2952 1807 3005 ταῦτα

1902 545 2095 610 brium,
2123 550 2347 598 aestuum
2374 556 2435 595 ac
2454 551 2729 595 ventorum
2751 540 3062 595 mutationis
3081 556 3097 605 ;
3114 539 3169 592 in
3190 546 3433 608 tempora

1903 648 2028 689 vero
2075 632 2215 687 aeris
2258 631 2610 686 mutationum
2635 671 2651 697 ,
2688 630 2900 692 hiemis,
2937 630 3102 693 veris,
3140 630 3342 683 aestatis
3377 638 3433 684 et

1903 721 2175 786 autumni;
2205 735 2322 790 quae
2343 728 2400 777 ut
2419 721 2603 773 ordine
2624 720 2869 789 periodos
2905 726 3065 788 agant
3093 727 3326 775 statutus
3352 722 3433 775 lu-

1903 810 2184 863 minarium
2228 818 2405 863 motus
2444 809 2596 864 nobis
2629 809 2895 863 efﬁcitzin
2934 810 3050 864 dies
3078 819 3282 873 autem,
3317 828 3427 866 non

1904 900 1975 953 ita
1996 908 2057 954 ut
2089 900 2203 955 dies
2256 899 2503 961 elﬁciant,
2530 900 2643 954 dies
2683 900 2824 953 enim
2857 911 2909 953 et
2938 914 3044 954 nox
3082 900 3426 956 luminarium

1902 988 2114 1043 cenditu
2146 989 2471 1057 antiquiores
2500 996 2661 1054 sunt;
2708 988 2804 1043 sed
2829 997 2887 1041 ut
2906 989 3011 1043 diei
3050 988 3423 1046 dominentur:

1901 1078 1957 1131 in
1986 1091 2154 1132 annos
2181 1077 2415 1141 demum,
2442 1078 2567 1146 quia
2597 1078 2721 1130 luna
2748 1077 2961 1146 quidem
2989 1092 3113 1130 cum
3142 1077 3429 1133 duodecies

1902 1179 2118 1220 cursum
2163 1181 2317 1219 suum
2361 1166 2619 1234 perﬁciat,
2670 1167 2797 1219 anni
2844 1174 2926 1220 est
2969 1174 3201 1219 auctor:
3234 1166 3427 1222 solaris

1903 1256 2026 1310 item
2063 1262 2146 1309 est
2203 1270 2394 1316 annus,
2427 1270 2617 1322 nempe
2647 1255 2712 1308 ab
2744 1254 2930 1309 eodem
2976 1256 3133 1324 signo
3177 1255 3243 1309 ad
3284 1256 3425 1310 idem

1904 1344 2075 1413 ipsum
2113 1343 2322 1412 signum
2361 1343 2493 1397 solis
2530 1343 2810 1397 revolutio.

1971 1430 2327 1486 Vsus.20-24.
2351 1430 2443 1485 Sol
2469 1432 2697 1499 cognovit
2728 1447 2967 1485 occasum
2989 1448 3158 1485 suum.
3192 1431 3425 1486 Posuisti

1904 1520 2157 1583 tenebras,
2209 1528 2258 1573 et
2298 1519 2438 1587 facta
2488 1529 2563 1572 est
2610 1535 2736 1581 nox,
2788 1521 2840 1574 in
2891 1522 3003 1588 ipsa
3044 1521 3425 1588 pertransibunt

1903 1623 2073 1660 omnes
2105 1608 2279 1661 bestia:
2315 1607 2478 1660 silvaz.
2519 1605 2692 1660 Catuli
2731 1606 2931 1661 leonum
2972 1608 3224 1675 rugientes
3253 1617 3309 1659 ut
3338 1624 3427 1659 ra-

1900 1695 2062 1759 piant,
2096 1704 2143 1747 et
2199 1703 2433 1762 quierant
2459 1711 2491 1746 a
2524 1693 2630 1747 Deo
2656 1710 2824 1747 escam
2866 1696 2982 1748 sibi.
3029 1694 3187 1749 Ortus
3213 1704 3288 1748 est
3325 1696 3426 1759 sol,

1903 1881 2006 1925 tur.
2042 1872 2215 1924 Exibit
2247 1873 2395 1924 homo
2422 1873 2489 1925 ad
2522 1889 2646 1940 opus
2694 1888 2865 1937 suum,
2898 1883 2947 1926 et
2981 1874 3048 1927 ad
3082 1878 3430 1942 operationem

1901 1978 2050 2015 suam
2086 1978 2243 2030 usque
2293 1963 2358 2015 ad
2408 1979 2685 2030 vesperum.
2732 1965 2900 2029 Quam
2942 1967 3278 2034 magniﬁcam
3310 1974 3430 2019 sunt

1902 2065 2053 2117 opera
2088 2060 2196 2115 tua,
2238 2051 2488 2105 Domine!
2518 2053 2694 2104 omnia
2716 2053 2768 2104 iu
2798 2054 3051 2118 sapientia
3096 2053 3295 2120 fecisti,
3332 2054 3432 2105 int-

1900 2140 2036 2207 pleta
2063 2148 2136 2193 est
2167 2148 2304 2193 terra
2348 2132 2601 2194 creatione
2643 2150 2752 2192 tua.
2790 2138 2881 2193 Sol
2913 2142 3159 2209 cognovit
3178 2155 3430 2195 occasum

1904 2245 2080 2296 suum,
2120 2231 2322 2285 scilicet
2344 2246 2463 2285 eum
2496 2232 2587 2300 qui
2626 2232 2726 2285 sibi
2759 2246 2789 2284 a
2818 2230 2926 2285 Deo
2954 2232 3295 2300 praescriptus
3323 2238 3427 2286 est.

1904 2317 1996 2372 Sol
2032 2318 2225 2387 quippe
2253 2320 2430 2372 lucere
2464 2326 2670 2372 tantum
2713 2318 2892 2385 novit;
2922 2334 3091 2388 neque
3134 2319 3189 2372 id
3220 2336 3431 2388 semper

1903 2421 1965 2460 ac
1997 2402 2285 2476 perpetuo;
2332 2408 2425 2462 sed
2473 2408 2562 2461 uni
2600 2423 2831 2477 praeesse
2874 2408 3002 2473 diei,
3030 2409 3086 2463 in
3119 2418 3277 2465 nocte
3303 2426 3433 2465 vero

1903 2497 2072 2552 stellis
2096 2505 2223 2550 tunc
2253 2498 2633 2566 apparentibus
2664 2497 2958 2558 concedere
2981 2499 3155 2554 locum
3184 2500 3316 2554 solet
3336 2538 3352 2563 ,
3372 2510 3432 2555 ut

1903 2587 2175 2654 proprium
2227 2585 2329 2639 sibi
2374 2599 2592 2639 cursum
2650 2585 2957 2651 conﬁciant,
3008 2595 3066 2641 ut
3118 2587 3435 2644 adveniente

1904 2679 2059 2725 nocte
2096 2686 2159 2725 ac
2193 2671 2426 2725 tenebris
2471 2679 2625 2725 terrm
2662 2670 2959 2739 superﬁciei
2997 2672 3433 2739 imminentibus,

1904 2759 2117 2813 mitiora
2144 2760 2355 2829 quidem
2405 2768 2457 2814 et
2490 2763 2855 2815 mansuetiora
2884 2762 3133 2815 animalia
3160 2770 3435 2832 receptum

1906 2848 2135 2903 habeant
2174 2856 2227 2903 et
2275 2848 2564 2915 secedant;
2608 2848 2733 2904 ferte
2772 2865 2898 2905 vero
2927 2851 3174 2919 qualibet
3214 2851 3279 2905 ad
3309 2867 3436 2920 pro-

1908 2938 2081 3006 prium
2113 2938 2463 3006 quaerendum
2495 2938 2676 2993 cibum
2716 2948 2925 3005 exeant,
2959 2941 3012 2994 in
3042 2943 3258 3009 proprio
3286 2942 3435 2996 scili-

274 3035 563 3105 προσέλθοι
604 3038 693 3087 ἐπὶ
728 3037 823 3105 τὴν
865 3038 1063 3091 οἰκείαν
1103 3040 1340 3108 τροφήν·
1393 3042 1450 3093 ὲν
1480 3042 1656 3110 οἰκείῳ
1704 3041 1808 3111 γὰρ

1908 3032 1993 3077 cet
2025 3039 2087 3077 ac
2118 3026 2432 3093 congruenti
2461 3026 2562 3079 sibi
2587 3037 2821 3095 tempore
2837 3042 2899 3081 ac
2926 3030 3103 3083 noctis
3132 3031 3433 3087 intervallo.

272 3124 572 3196 ἀρμόζοντι
600 3126 773 3187 αὐτοῖς
800 3127 987 3195 χρόνῳ,
1021 3128 1095 3197 τῷ
1126 3130 1221 3198 τῆς
1257 3131 1443 3192 νυκτὸς
1472 3131 1805 3201 διαστήματι.

274 3216 539 3280 Σκύμνοι
575 3214 882 3281 ὠρυόμενοι
927 3216 1205 3282 ἁρπάσαι,
1254 3220 1349 3271 καί
1380 3218 1619 3287 ζητῆσαι
1656 3224 1811 3289 παρὰ

269 3301 390 3356 τοῦ
420 3299 563 3352 Θεοῦ
588 3300 812 3366 ,ϐρῶσιν
840 3303 1039 3367 αὐτοῖς
1060 3319 1073 3333 ο
1100 3305 1179 3356 ὅτι
1202 3305 1273 3375 μὴ
1308 3308 1398 3359 καὶ
1421 3307 1599 3370 αὐτοῖς
1628 3308 1809 3371 ἐξανέ-

274 3390 457 3443 τειλεν
486 3391 518 3457 ἡ
549 3388 619 3457 γῆ
652 3389 836 3458 χόρτον
870 3390 1050 3461 ὥσπερ
1080 3395 1188 3455 τοῖς
1229 3396 1440 3464 κτήνεσι
1463 3434 1479 3458 ,
1518 3398 1608 3449 καὶ
1653 3397 1811 3467 χλόην

273 3483 345 3550 τῇ
382 3478 593 3547 δουλείᾳ
617 3478 720 3532 τῶν
744 3479 1051 3549 ἀνθρώπων.
1095 3482 1149 3533 '0
1177 3482 1303 3546 Θεὸς
1325 3484 1399 3546 ὡς
1428 3485 1530 3536 τῶν
1562 3487 1810 3541 ἁπάντων

272 3568 555 3641 κηδεμὼν,
586 3570 675 3621 καὶ
699 3570 793 3639 τῆς
818 3569 921 3622 τῶν
955 3571 1165 3624 πάντων
1190 3571 1440 3643 διαμονῆς
1461 3592 1518 3625 τε
1552 3576 1643 3627 καὶ
1671 3576 1809 3645 ζωῆς

279 3661 539 3729 πρόνοιαν
570 3659 825 3728 είσφέρων
844 3698 857 3723 ,
886 3660 950 3711 τὰ
980 3661 1074 3729 μὲν
1121 3661 1426 3714 ἐλαύνεσθαι
1447 3664 1548 3715 ὑπὸ
1586 3663 1691 3717 τῶν
1718 3664 1809 3717 τοῦ

272 3749 436 3819 ἡλίου
474 3746 870 3816 μαρμαρυγᾶω,
915 3748 1007 3800 καὶ⁹
1048 3747 1229 3819 ὥσπερ
1274 3749 1459 3819 ἐχθρὸν
1512 3750 1723 3819 φεύγειν
1754 3752 1811 3804 τὸ

281 3839 401 3908 φῶς
430 3837 805 3907 ᾡκονομήσατο
827 3855 839 3867 ·
879 3838 945 3891 τὰ
970 3838 1025 3889 δὲ
1064 3838 1137 3901 ὡς
1166 3838 1259 3890 τοῦ
1299 3840 1470 3908 φωτὸς
1501 3840 1726 3909 συγγενῆ
1754 3844 1810 3895 ὲν

276 3925 467 3995 ἡμέρᾳ
495 3924 752 3993 προϊέναι,
776 3924 868 3976 καὶ
892 3924 980 3977 τὸν
1019 3926 1127 3994 βίον
1158 3925 1329 3977 αὐτῶν
1354 3927 1411 3979 ὲν
1436 3926 1510 3996 τῷ
1532 3929 1664 3994 φωτὶ
1693 3928 1810 3980 διάο

280 4028 401 4078 γειν
431 4007 794 4079 συνεχώρησε·
838 4010 941 4063 τῶν
975 4013 1068 4079 μὲν
1113 4011 1308 4081 θηρίων
1338 4014 1414 4075 είς
1458 4012 1553 4075 τὰς
1579 4014 1811 4083 μάνδρας

280 4099 463 4155 αὐτῶν
488 4099 890 4169 κοιταζομένων,
924 4102 1015 4153 τοῦ
1055 4102 1111 4155 δὲ
1142 4102 1351 4178 λογικοῦ
1381 4102 1513 4167 ζώου
1542 4107 1599 4156 ὲν
1635 4106 1811 4177 ἡμέρα

280 4190 377 4244 καὶ
398 4190 534 4257 φωτὶ
560 4189 830 4257 προϊόντος
861 4191 950 4243 ἐπὶ
979 4191 1037 4242 τὸ
1058 4191 1213 4262 ἔργον
1249 4192 1407 4245 αὑτοῦ
1445 4194 1535 4246 καὶ
1578 4196 1669 4247 ἐπὶ
1712 4194 1809 4265 τὴν

282 4278 545 4351 ἐργασίαν
572 4277 730 4329 αὑτοῦ
755 4277 856 4339 ἔως
881 4279 1134 4348 ἑσπέρας.

1910 3113 2085 3167 Catuli
2114 3115 2313 3168 leonum
2342 3116 2594 3183 rugientes
2622 3124 2676 3166 ut
2694 3117 2919 3183 rapiant,
2943 3126 2990 3169 et
3008 3128 3242 3185 quaerant
3272 3136 3305 3171 a
3328 3120 3435 3172 Deo

1906 3217 2074 3269 escam
2128 3202 2257 3266 sibi,
2303 3203 2428 3271 quia
2478 3218 2663 3271 nempe
2721 3213 2859 3257 terra
2906 3219 3013 3258 non
3047 3206 3178 3273 ipsis
3216 3207 3435 3275 perinde

1908 3302 2066 3361 atque
2085 3292 2338 3361 jumentis
2368 3292 2546 3345 fenum
2576 3292 2845 3361 produxit,
2864 3304 2915 3347 et
2942 3294 3159 3348 herbam
3188 3297 3434 3352 servituti

1908 3380 2199 3435 hominum.
2238 3381 2378 3435 Deus
2424 3389 2603 3450 utpote
2644 3382 2879 3435 omnium
2926 3398 3108 3437 curam
3141 3399 3339 3455 agens,
3370 3402 3435 3442 ac

1906 3468 2140 3523 omnium
2163 3470 2555 3524 conservationi
2589 3484 2650 3523 ac
2674 3470 2794 3524 vitae
2823 3462 3173 3541 prospiciens,
3201 3475 3272 3527 ita
3305 3490 3435 3544 pro-

1907 3559 2058 3621 vidit,
2090 3566 2148 3612 ut
2182 3560 2283 3612 alia
2330 3560 2544 3629 quidem
2573 3575 2603 3613 a
2628 3562 2759 3616 solis
2793 3562 2962 3617 radiis
2991 3565 3334 3633 pellerentur,
3372 3581 3438 3621 ac

1907 3649 2076 3702 lucem
2126 3656 2185 3702 ut
2231 3648 2499 3702 inimicam
2550 3650 2651 3704 sibi
2693 3650 2965 3720 fugerent;
2998 3654 3101 3707 alia
3134 3669 3278 3717 vero,
3313 3664 3436 3708 tau-

1908 3750 2064 3806 quam
2126 3737 2233 3791 luci
2290 3736 2500 3801 allinia,
2543 3737 2599 3792 in
2638 3740 2724 3794 die
2767 3729 3115 3808 procederent
3147 3761 3161 3797 :
3195 3744 3434 3813 ipsisque

1906 3827 2175 3881 concessit
2200 3841 2258 3880 ut
2292 3829 2345 3880 in
2388 3828 2505 3881 luce
2540 3829 2703 3882 vitam
2736 3829 3006 3898 degerent,
3046 3833 3176 3887 ieris
3219 3833 3436 3903 quidem

1908 3918 1960 3971 in
1991 3918 2176 3972 lustris
2214 3919 2326 3973 suis
2355 3920 2699 3983 cubantibus,
2732 3922 3033 3976 rationabili
3065 3939 3192 3977 vero
3216 3924 3437 3979 animali

1909 4007 1963 4058 in
1991 4006 2075 4059 die
2100 4020 2162 4059 ac
2193 4006 2309 4060 luce
2345 4007 2639 4075 prodeunte
2673 4008 2737 4061 ad
2763 4024 2897 4077 opus
2928 4024 3105 4075 suum,
3133 4018 3186 4065 et
3214 4012 3281 4066 ad
3306 4027 3435 4081 Ope-

1906 4094 2165 4149 rationem
2193 4110 2347 4151 suam
2382 4112 2549 4165 usque
2576 4095 2643 4150 ad
2667 4112 2968 4166 vesperum.

352 4369 514 4433 Αὗτη
541 4368 579 4432 ἠ
603 4365 875 4420 θάλασσα
901 4369 937 4434 ἡ
958 4369 1183 4436 μεγάλη
1208 4370 1303 4423 καὶ
1328 4373 1671 4441 εὐρύχωρος,
1691 4372 1808 4427 ἐκεῖ

1974 4372 2134 4428 Vens.
2166 4371 2359 4438 25,26.
2382 4371 2495 4426 Hoc
2514 4387 2655 4425 mare
2688 4387 2929 4439 magnum
2959 4381 3008 4425 et
3036 4371 3344 4440 spatiosum,
3365 4375 3434 4427 il-

276 4457 499 4528 ἑρπετὰ
534 4450 619 4507 ὧν
661 4457 768 4508 οὐκ
803 4455 968 4508 ἐστιν
996 4458 1263 4527 ἀριθμός·
1308 4459 1416 4521 ζῶα
1448 4465 1625 4532 μικρὰ
1663 4468 1811 4534 μετὰ

272 4546 573 4618 μεγάλων.
624 4545 712 4597 Ἐν
750 4544 952 4606 τούτοις
990 4548 1339 4618 παρίστησιν,
1376 4553 1486 4619 ὅτι,
1527 4552 1709 4625 ὥσπερ
1750 4556 1812 4609 τὸ

280 4638 383 4706 τῆς
415 4636 516 4705 γῆς
544 4635 795 4702 στοιχεῖον
825 4634 1027 4687 πολλῶν
1056 4636 1168 4687 ἐστι
1197 4637 1345 4700 ζώων
1385 4644 1688 4712 γεννητικὸν
1711 4646 1803 4699 καὶ

280 4720 593 4793 θρεπτικὸν,
626 4721 713 4773 τὸν
735 4721 892 4773 αὑτὸν
924 4723 1117 4792 τρόπον
1146 4726 1237 4777 καὶ
1264 4728 1295 4797 ή
1320 4729 1457 4798 ὑγρὰ
1480 4731 1630 4785 οὐσία
1663 4750 1809 4804 παμ-

280 4809 461 4880 πληθῆ
483 4807 611 4876 γένη
635 4806 785 4869 ζώων
807 4806 1006 4877 τρέφει.
1030 4809 1102 4860 Οὐ
1129 4809 1232 4881 γὰρ
1257 4814 1440 4876 κενοὺς
1461 4816 1582 4877 τοὺς
1608 4817 1810 4888 χώρους

282 4905 317 4955 ὁ
356 4902 485 4962 Θεὸς
514 4898 790 4967 ἐποίησεν,
835 4898 965 4951 ἀλλά
1009 4898 1156 4962 ζώων
1203 4902 1370 4954 πάντα
1419 4905 1673 4975 ἐνέπλησε
1724 4908 1811 4964 τὸν

285 4993 445 5061 ἀέρα,
472 4989 567 5057 τὴν
585 4988 704 5056 γῆν,
725 4987 819 5057 τὴν
845 4988 1108 5043 θάλασσαν
1125 5006 1139 5019 ⁸
1163 4990 1250 5042 τὸν
1280 4991 1375 5060 μὲν
1396 4993 1612 5062 ὀρνίθων
1634 4998 1807 5065 μόνον,

281 5082 383 5150 τὴν
411 5078 467 5131 δὲ
494 5076 826 5146 τετραπόδων
879 5079 971 5130 καὶ
1016 5079 1318 5148 πτερωτῶν,
1348 5080 1442 5150 τὴν
1472 5081 1527 5133 δὲ
1577 5084 1811 5155 ἀπείρων

287 5168 517 5237 ἰχθύων
576 5158 649 5216 ὧν
699 5164 746 5216 oi
784 5165 880 5234 μὲν
916 5163 1157 5233 μείζους,
1205 5166 1255 5216 οἱ
1298 5164 1352 5217 δὲ
1392 5166 1673 5233 ἐλάττους,
1720 5172 1811 5223 καὶ

281 5256 457 5327 τροφὴ
510 5257 618 5316 τοῖς
657 5253 888 5322 μείζοσιν
922 5255 972 5305 et
1017 5254 1303 5316 ἐλάττονες,
1350 5255 1440 5307 καὶ
1463 5255 1521 5307 τὸ
1564 5259 1715 5325 γένος
1749 5262 1809 5313 ού

283 5344 600 5398 δαπανᾶται.
631 5342 735 5393 Καὶ
770 5340 920 5392 τοῦτο
942 5341 998 5393 δὲ
1026 5341 1123 5410 τῆς
1151 5340 1297 5402 θείας
1333 5342 1647 5412 κηδεμονίας
1688 5364 1809 5401 τεκ-

290 5435 508 5505 μήριον,
530 5432 589 5482 τὸ
616 5430 681 5482 τὰ
710 5430 909 5501 σμικρὰ
936 5430 1063 5500 γένη
1087 5431 1199 5500 [τοῖς
1222 5429 1465 5499 μεγάλοις
1502 5434 1877 5522 “rugata,”

364 5608 410 5641 “
444 5608 576 5662 Gen.
613 5623 660 5673 ι,
691 5607 773 5661 μ.

1915 4464 1980 4518 lic
2011 4464 2237 4533 reptilia,
2257 4479 2470 4533 quorum
2500 4479 2602 4516 non
2637 4470 2714 4515 est
2749 4478 2991 4515 numerus
3015 4480 3033 4516 :
3060 4466 3312 4519 animalia
3337 4484 3436 4534 pu-

1913 4554 2036 4610 silla
2065 4570 2180 4607 cum
2226 4554 2446 4622 magnis.
2496 4550 2591 4604 His
2633 4550 2887 4616 declarat,
2938 4552 3077 4607 sicut
3121 4562 3276 4607 terra:
3324 4554 3434 4607 ele.

1913 4650 2147 4696 mentum
2179 4641 2345 4693 multa
2377 4639 2724 4692 animantium
2752 4653 2946 4708 genera
2972 4641 3218 4709 producit
3237 4650 3290 4696 et
3308 4641 3432 4708 alit;

1915 4732 1985 4784 ita
2024 4730 2289 4783 humidam
2322 4728 2698 4790 substantiam,
2728 4730 2986 4798 permulta
3009 4730 3313 4782 animalium
3344 4744 3436 4800 ge-

1914 4833 2043 4871 nera
2071 4816 2323 4871 enutrirc.
2357 4814 2539 4886 Neque
2567 4820 2708 4872 enim
2754 4818 2893 4872 Deus
2936 4832 3103 4871 vacua
3140 4818 3256 4870 loca
3285 4818 3431 4883 fecit,

1914 4905 2008 4962 sed
2036 4905 2354 4959 animalibus
2406 4906 2587 4958 omnia
2628 4906 2871 4974 replevit,
2904 4921 3104 4968 aerem,
3136 4914 3352 4973 terram,
3382 4917 3436 4962 et

1913 5010 2092 5061 mare;
2120 5009 2295 5049 aerem
2331 4995 2543 5063 quidem
2574 4996 2762 5051 avibus
2794 5004 3033 5061 tantum;
3075 5003 3273 5050 terram
3310 5012 3437 5066 qua-

1914 5082 2236 5153 drupedibus
2256 5090 2308 5138 et
2326 5084 2570 5155 aligeris;
2606 5099 2752 5140 mare
2767 5085 2987 5139 inﬁnitis
3004 5085 3239 5154 piscibus
3268 5101 3437 5155 :quo-

1912 5188 2032 5228 rum
2062 5173 2165 5227 alia
2186 5172 2410 5241 majora,
2436 5174 2642 5229 minora
2666 5174 2767 5227 alia
2804 5180 2958 5241 sunt;
2988 5188 3050 5227 ac
3082 5174 3289 5229 minora
3322 5192 3438 5230 ma—

1910 5263 2116 5334 joribus
2136 5263 2188 5317 in
2210 5278 2387 5318 escam
2417 5263 2629 5326 dantur,
2665 5270 2718 5318 et
2752 5271 2930 5317 tamen
2956 5277 3124 5331 genus
3146 5278 3254 5317 non
3283 5265 3438 5319 absu-

1915 5354 2096 5406 mitur.
2131 5350 2301 5420 Atque
2321 5351 2451 5405 illud
2472 5351 2664 5405 divina:
2689 5351 3034 5421 providentia:
3054 5350 3311 5406 indicium
3332 5362 3435 5415 est,

1915 5440 2055 5512 quod
2102 5454 2223 5496 cum
2274 5455 2439 5512 parva
2488 5443 2798 5498 animalium
2845 5455 3044 5514 genera
3081 5457 3204 5499 cum
3231 5444 3442 5515 magnis
