3890 6446
333 373 469 429 1ἳ83

992 374 1254 432 EUSEBII
1287 362 1746 429 CESARIENSlS
1781 368 1927 426 OPP.
1965 370 2143 426 PARS
2177 370 2347 425 lll.—
2384 366 2825 424 EXEGETICA.

3551 348 3699 401 {33L

333 495 616 541 versentur
644 532 657 555 ,
688 503 791 542 non
816 489 1053 542 funditus
1086 488 1152 541 ab
1178 488 1283 540 illis
1326 486 1707 551 absumantur;
1733 499 1858 537 nam

2161 484 2212 536 αὶ
2239 484 2310 554 μὴ
2329 481 2620 543 παντελῶς
2647 478 2750 532 ὑπ’
2783 472 3051 529 ἐκείνων
3079 459 3697 521 καταναλίσκεσθαι·

334 577 594 630 validiora
615 578 823 630 inﬁrma
856 578 1130 638 devorant,
1160 590 1259 630 nec
1287 576 1499 643 penitus
1529 576 1811 628 destruunt
1843 593 1855 627 :

338 664 464 735 quia
491 675 779 734 proventus
806 680 1089 734 expensam
1114 674 1346 735 superat.
1378 666 1471 719 His
1496 665 1698 719 similes
1741 674 1865 718 sunt

338 761 600 824 quotquot
630 754 770 809 inter
801 754 1041 809 homines
1070 770 1163 809 eos
1190 757 1279 824 qui
1307 754 1587 809 inferiores
1609 754 1711 808 sibi
1742 761 1866 810 sunt

339 844 613 898 devorant.
663 842 859 897 Verum
909 846 998 898 illa
1031 846 1246 914 quidem
1292 848 1446 915 culpa
1482 846 1865 899 vacantzillud

340 934 482 988 enim
532 948 597 988 ex
639 940 833 988 natura
881 936 1160 1005 contingit,
1205 943 1264 990 tu
1304 953 1430 991 vero
1480 952 1550 991 ne
1588 938 1867 990 minimam

340 1024 555 1094 quidem
580 1025 657 1078 tui
686 1026 944 1096 purgandi
984 1028 1122 1080 viam
1146 1028 1400 1096 reperias,
1434 1029 1526 1097 qui
1557 1043 1680 1081 cum
1703 1036 1756 1082 et
1780 1042 1869 1079 ra-

340 1114 487 1167 tione
507 1121 559 1168 et
589 1115 702 1184 lege
729 1116 1022 1171 honoratus
1050 1117 1144 1180 sis,
1168 1117 1235 1170 ad
1264 1118 1405 1170 illam
1429 1118 1707 1171 brutorum
1736 1131 1869 1171 con-

341 1201 609 1258 fusionem
636 1204 839 1259 ordinis
864 1206 1120 1261 declinas.
1152 1206 1409 1261 Caeterum
1440 1208 1647 1276 reptilia
1697 1208 1871 1276 pisces

340 1298 496 1344 vocat
522 1306 534 1341 :
556 1290 683 1359 quia
708 1291 932 1360 pedibus
958 1303 1142 1347 carent
1157 1301 1210 1347 et
1223 1296 1378 1362 quasi
1406 1295 1460 1347 in
1479 1296 1611 1348 mari
1637 1302 1869 1364 reptant,

344 1386 402 1433 ut
428 1382 639 1449 reptilia
668 1381 723 1434 in
747 1389 908 1436 terra.

413 1470 537 1524 Illic
565 1486 714 1524 naves
760 1481 1139 1539 pertranseunt,
1175 1472 1229 1526 in
1263 1472 1396 1525 mari
1426 1472 1692 1527 videlicet.
1736 1472 1874 1527 Cum

344 1560 668 1615 declarasset
715 1569 965 1630 quantam
1020 1562 1324 1630 progeniem
1374 1576 1520 1616 mare
1556 1562 1875 1626 nutriat,et

343 1652 485 1720 quod
506 1666 676 1720 neque
691 1651 939 1704 animalia
955 1652 1070 1720 ejus
1088 1667 1329 1716 numero,
1350 1668 1520 1721 neque
1537 1653 1709 1721 ipsum
1727 1668 1877 1706 men-

344 1753 471 1791 sura
498 1738 750 1791 aestimari
777 1739 982 1800 valeat;
1009 1739 1120 1807 jam
1156 1746 1373 1793 enarrat
1405 1755 1563 1808 quam
1599 1740 1668 1793 sit
1700 1742 1873 1808 ipsum

1963 552 2249 642 βόσκονται
2263 552 2371 643 γάρ
2406 574 2455 624 οἱ
2498 568 2899 636 δυνατώτεροι
2942 563 3099 621 τοὺς
3136 552 3703 643 καταδεεστέρους,

1962 640 2054 716 καὶ
2076 665 2175 716 οὐκ
2204 640 2568 733 ἀνὴλῶκασιν,
2599 656 2749 711 ἀλλὰ
2779 654 2927 723 νικᾷ
2954 650 3075 720 τὴν
3103 645 3419 713 δαπάνην
3456 643 3497 711 ἡ
3532 640 3709 710 πρόσ-

1962 755 2097 817 οδος.
2162 753 2379 815 Τούτοις
2430 749 2681 804 ἐοίκασιν
2734 749 2868 800 ὅσοι
2937 741 3072 794 τῶν
3143 734 3526 807 ἀνθρώπων
3582 734 3711 793 τοὺς

1964 843 2406 913 καταδεεστέρους
2463 838 2915 892 καταπίνουσιν.
2979 829 3153 882 Ἀλλ’
3225 828 3373 878 ἐκεῖ
3440 822 3558 893 μὲν
3611 820 3712 873 οὐκ

1965 933 2209 1003 ἔγκλημα
2246 931 2307 983 τὸ
2361 929 2692 997 γινόμενον’
2754 924 3010 992 φύσεως
3058 917 3201 986 γάρ
3261 914 3531 1003 ἐπιλτδ
3570 930 3705 1003 συμῖ

1967 1000 2172 1075 ϐαῖνον·
2213 1021 2275 1072 σὺ
2302 1018 2359 1071 δὲ
2395 1017 2519 1070 οὐδὲ
2548 1014 2684 1084 μίαν
2716 1012 2879 1077 ἕξεις
2912 1004 3322 1073 ἀπολογίαν,
3359 1003 3394 1053 ὁ
3427 1000 3593 1069 λόγῳ
3624 1000 3714 1052 καὶ

1967 1113 2111 1181 νόμῳ
2133 1108 2494 1179 τετιμημένος
2521 1106 2617 1158 καὶ
2639 1102 2787 1172 πρὸς
2812 1101 2930 1169 τὴν
2959 1097 3093 1149 τῶν
3129 1094 3400 1161 ἀλόγων
3435 1092 3713 1181 σύγχυσιν

1969 1179 2152 1254 ἑαυτὸν
2177 1200 2405 1265 ἐξάγων.
2444 1193 2698 1265 Ἑρπετά
2730 1208 2802 1259 γε
2851 1190 2981 1259 μὴν
3027 1187 3192 1246 τοὺς
3230 1182 3467 1251 ἰχθύας
3510 1179 3715 1249 ὀνομά-

1971 1290 2069 1353 ζει,
2115 1290 2200 1342 διὰ
2246 1290 2306 1340 τὸ
2354 1286 2563 1346 ἄποδας
2616 1283 2831 1343 αὐτοὺς
2903 1278 3107 1332 οἱονεὶ
3166 1272 3600 1342 ἐπισύρεσθαι
3643 1273 3715 1340 τῷ

1971 1381 2139 1442 ὕδατι,
2167 1378 2241 1440 ὡς
2269 1378 2336 1429 τά
2363 1372 2681 1447 έρπυστικὰ
2711 1374 2783 1441 τῇ
2821 1373 2932 1440 γῇ.

2050 1469 2201 1522 Ἐκεῖ
2248 1467 2429 1519 πλοῖα
2485 1465 3037 1531 διαπορεὺονταιο
3119 1459 3238 1511 Ἐν
3317 1458 3401 1525 τῇ
3464 1454 3719 1524 θαλάσςῃ

1972 1561 2185 1631 δηλαδή.
2225 1557 2407 1610 Εἰπὼν
2434 1557 2569 1624 ὅσην
2595 1558 2630 1625 ἡ
2674 1554 2957 1605 Θάλασσα
2994 1549 3335 1620 ἐκτρέφει
3370 1545 3594 1614 γονὴν,
3632 1545 3719 1595 καί

1974 1648 2195 1701 ὅτιοῦτε
2227 1648 2295 1700 τὰ
2338 1646 2456 1709 ζῶα
2505 1645 2887 1715 ἀριθμεῖται,
2948 1639 3107 1693 οὔτε
3166 1639 3345 1704 αὐτὴ
3397 1639 3711 1707 μετρείτω,

1974 1739 2117 1805 λέγει
2156 1739 2248 1791 καλ¹
2273 1738 2393 1788 ὅσον
2428 1736 2600 1803 αὐτῆς
2652 1734 2958 1802 χρήσιμον
3014 1731 3119 1792 εἰς
3177 1727 3593 1799 ἀνθρώπους.
3626 1726 3714 1777 Διὰ

355 1825 661 1879 hominibus
708 1825 855 1878 utile.
901 1823 1003 1879 Per
1046 1826 1315 1879 nauticam
1364 1827 1557 1894 quippe
1615 1834 1783 1880 artem
1827 1832 1880 1880 et

2178 1825 2316 1894 τικῆς
2342 1824 2451 1894 γὰρ
2473 1824 2673 1892 τέχνης
2705 1824 2810 1875 καὶ
2837 1820 3356 1891 κυϐερνητικῆς
3390 1820 3714 1887 ἐπιστήμης

347 1916 679 1987 gubernandi
722 1917 990 1985 peritiam,
1053 1917 1358 1970 necessaria
1396 1924 1581 1971 mutuo
1636 1931 1877 1970 commu-

347 2007 611 2069 nicamus,
643 2004 959 2073 fructusque
995 2004 1051 2057 in
1077 2012 1220 2057 terra
1247 2013 1430 2059 nostra
1450 2013 1731 2060 nascentes
1760 2006 1878 2060 aliis

348 2094 845 2157 subministramus,
874 2094 941 2147 ab
960 2094 1146 2167 iisque
1166 2096 1459 2163 accipimus
1481 2111 1641 2161 suos;
1664 2097 1737 2149 ita
1751 2103 1808 2150 ut
1826 2106 1880 2150 et

347 2183 491 2252 quod
530 2181 852 2251 superﬂuum
897 2189 979 2235 est
1014 2197 1120 2235 non
1148 2183 1333 2237 inutile
1356 2185 1444 2250 sit,
1467 2191 1519 2238 et
1540 2184 1680 2252 quod
1709 2184 1878 2247 deest,

349 2272 540 2326 advehi
557 2271 744 2340 possit.
772 2269 1079 2325 Sublimiori
1110 2281 1285 2326 autem
1314 2274 1520 2327 ratione
1549 2272 1671 2327 navi
1699 2271 1881 2326 Eccle-

349 2362 486 2419 siam
511 2361 747 2429 confert;
784 2362 918 2415 mari
948 2377 1074 2415 vero
1096 2362 1381 2415 humanam
1406 2364 1590 2426 vitam,
1620 2362 1763 2431 quod
1795 2376 1881 2415 res

350 2452 468 2521 ejus
497 2452 777 2507 instabiles
805 2466 869 2505 ac
908 2466 1117 2521 semper
1157 2452 1213 2505 in
1244 2462 1387 2505 motu
1423 2453 1548 2505 sint.
1579 2451 1883 2506 Innumera—

350 2541 459 2596 bile
482 2556 643 2609 porro
673 2542 941 2610 reptilium
969 2557 1161 2611 genus,
1183 2542 1575 2596 multitudinem
1607 2542 1881 2595 hominum

351 2642 529 2699 vocat,
560 2641 614 2689 et
644 2633 813 2687 forma
836 2641 888 2686 et
914 2649 1142 2702 persona
1164 2633 1319 2701 quasi
1358 2633 1747 2702 discrepantem
1772 2648 1786 2695 ;
1812 2634 1882 2686 ita

353 2731 412 2777 ut
434 2724 728 2779 differentia
755 2740 821 2779 ex
848 2724 1105 2777 varietate
1123 2722 1403 2775 affectuum
1416 2724 1724 2777 aestimetur.
1750 2721 1885 2776 Nam

352 2823 545 2867 natura
586 2812 800 2881 quidem
829 2810 1075 2865 omnibus
1107 2816 1189 2863 est
1211 2823 1335 2875 una,
1372 2824 1470 2863 nec
1496 2809 1704 2863 diversa
1736 2817 1885 2863 ortus

354 2904 531 2957 ratio:
560 2918 714 2957 mens
745 2909 922 2956 autem
974 2902 1119 2956 varie
1141 2900 1507 2969 distinguitur,
1543 2914 1742 2968 corque
1785 2914 1885 2953 no-

356 3001 533 3047 strum
585 2991 948 3045 diversitatem
1001 2990 1383 3044 sententiarum
1439 2988 1683 3042 admittit.
1733 2986 1887 3053 Quod

354 3097 479 3136 cum
505 3088 688 3135 nosset
721 3079 1010 3148 quispiam,
1040 3078 1209 3131 dixit:
1238 3076 1694 3142 Quemadmodum
1726 3075 1888 3130 facies

356 3171 595 3227 faciebus
626 3171 827 3227 similes
850 3176 1125 3234 nonsunt;
1149 3168 1228 3222 sic
1242 3182 1340 3221 nec
1359 3174 1563 3220 mentes
1592 3166 1886 3219 hominum.
1916 3150 1960 3211 (ἶ

358 3263 533 3318 Naves
560 3270 736 3316 autem
763 3260 992 3314 dicimus
1019 3274 1139 3314 esse
1166 3274 1257 3313 eas
1288 3272 1405 3327 qua:
1423 3257 1475 3310 in
1494 3258 1594 3311 hoc
1624 3256 1890 3326 spirituali

356 3353 493 3409 mari
521 3360 916 3420 pertranseunt,
936 3359 993 3405 ut
1021 3344 1274 3417 scriptum
1302 3356 1385 3402 est
1399 3346 1464 3410 “,
1491 3347 1736 3401 videlicet
1764 3360 1892 3401 san-

358 3452 475 3497 ctas
524 3441 824 3497 Servatoris
861 3440 1031 3495 nostri
1077 3438 1364 3499 Ecclesias,
1413 3452 1531 3507 quae
1579 3437 1792 3506 quidem
1839 3437 1893 3489 in

360 3534 582 3596 mundo,
631 3531 724 3587 sed
763 3529 1070 3599 superiores
1112 3527 1311 3581 mundo
1356 3534 1510 3591 sunt;
1547 3526 1686 3581 sicut
1711 3540 1895 3580 revera

359 3623 637 3677 onerarias
664 3621 845 3676 videre
874 3629 976 3685 est,
1010 3622 1066 3673 in
1114 3634 1250 3689 aqua
1281 3633 1431 3681 sane,
1462 3617 1556 3673 sed
1595 3616 1896 3687 superiores

362 3713 541 3781 aquis.
583 3710 835 3766 Ecclesiae
878 3710 1041 3779 igitur
1080 3710 1309 3764 navibus
1342 3708 1580 3774 similes,
1624 3707 1898 3777 spirituale

362 3815 512 3854 mare
539 3799 886 3867 trajicientes,
903 3797 1085 3852 ﬁdeles
1100 3797 1342 3851 homines
1366 3798 1647 3866 recipiunt,
1670 3806 1723 3851 et
1742 3796 1900 3867 quasi

363 3888 421 3942 in
451 3891 609 3943 aliam
641 3897 839 3944 terram
879 3896 969 3943 aut
997 3889 1266 3958 regionem
1304 3886 1654 3949 transferunt,
1699 3888 1902 3943 scilicet

365 3979 435 4034 ad
466 3996 687 4050 regnum
712 3981 992 4044 caelorum,
1023 3979 1089 4033 ad
1116 3993 1262 4047 spem
1285 3978 1336 4031 in
1359 3976 1574 4031 Christo
1602 3978 1897 4043 fundatam,

367 4070 437 4123 ad
467 4069 944 4126 sanctiﬁcationem
996 4071 1235 4140 spiritus,
1281 4076 1333 4123 et
1377 4069 1445 4123 ad
1478 4070 1748 4136 virtutem,
1785 4086 1903 4141 quze

368 4168 677 4216 sanctorum
724 4163 897 4230 patria
937 4170 1042 4217 est.
1085 4160 1218 4214 Nam
1269 4174 1411 4225 cum,
1460 4160 1601 4214 sicut
1645 4162 1904 4231 scriptum

368 4259 473 4315 est,
507 4252 722 4306 advenae
767 4260 820 4306 et
868 4253 1133 4322 peregrini
1184 4253 1290 4306 sint
1336 4267 1495 4321 super
1541 4258 1758 4315 terram,
1796 4267 1906 4307 non

370 4340 568 4395 habent
618 4340 704 4394 hic
753 4350 1055 4396 manentem
1097 4343 1362 4397 civitatem
1381 4342 1427 4373 “
1469 4359 1482 4395 :
1526 4342 1620 4396 sed
1653 4342 1719 4395 ad
1760 4343 1905 4395 illam

1980 1914 2106 1984 παρ’
2165 1913 2404 1982 ἀλλήλων
2460 1910 2821 1980 κομιζόμεθα
2888 1908 2977 1962 τὰ
3052 1908 3380 1963 ἐνδέοντα
3401 1946 3419 1971 ,
3490 1908 3594 1959 καὶ
3636 1908 3718 1959 τὸν

1978 2004 2104 2073 παρ’
2127 2004 2255 2071 ἡμῖν
2285 2001 2555 2069 φυόμενον
2587 2000 2818 2069 καρπὸν
2848 1996 3157 2069 χορηγοῦ
3171 2015 3300 2067 μεν
3347 1997 3605 2068 ἑτέροις,
3631 1999 3712 2050 καὶ

1976 2091 2238 2161 δεχόμεθα
2272 2091 2331 2142 τὸ
2385 2092 2517 2160 παρ’
2555 2089 2803 2150 ἐκείνοις
2868 2088 3244 2158 γινόμενον
3270 2105 3286 2117 ·
3331 2088 3501 2140 ὥστε
3556 2088 3630 2158 μὴ
3662 2090 3714 2139 τὸ

1979 2181 2289 2253 περιττεῦον
2329 2176 2469 2233 εἶναι
2505 2181 2772 2249 ἀνόνητον
2794 2217 2812 2241 ,
2858 2179 3038 2249 μήτε
3082 2179 3164 2231 τὸ
3202 2178 3423 2232 ἐνδέον
3470 2180 3714 2235 ἀνεπινό-

1979 2291 2153 2343 νητον.
2208 2271 2569 2341 Ὑψηλότερον
2609 2271 2669 2323 δὲ
2717 2270 2914 2339 πλοίῳ
2975 2270 3405 2341 παρεικάζει
3448 2273 3559 2342 τὴν
3603 2274 3713 2324 Ἐκ-

1980 2365 2236 2433 κλησίαν,
2280 2362 2519 2432 θαλάττῃ
2548 2362 2605 2414 δὲ
2650 2360 2747 2414 τὸν
2798 2361 3244 2432 ἀνθρώπινον
3307 2363 3487 2433 βίον,
3536 2364 3623 2419 διὰ
3659 2365 3709 2419 τὸ

1981 2458 2323 2526 ἀστάθμητον
2352 2457 2445 2509 καὶ
2470 2454 2786 2525 ἀεικίνητον
2813 2455 2949 2507 τῶν
2982 2457 3062 2508 ἐν
3105 2456 3306 2527 αὐτῷ
3335 2460 3709 2528 πραγμάτων.

1994 2547 2265 2616 Ἐρπετῶν
2290 2546 2351 2597 δὲ
2378 2545 2440 2597 τὸ
2468 2546 2627 2612 γένος
2660 2545 2725 2596 τὸ
2765 2545 3250 2617 ἀναρίθμητον
3297 2548 3418 2619 τὴν
3468 2550 3709 2620 πολυειδῆ

1983 2637 2075 2689 καὶ
2098 2636 2259 2688 οἱονεὶ
2293 2626 2728 2704 πολυπρόσωπον
2763 2634 2890 2687 τῶν
2934 2637 3067 2689 ἀνθ
3079 2637 3340 2708 ρώπων
3375 2639 3543 2706 λέγει
3591 2641 3711 2710 πλη-

1985 2729 2116 2791 θὺν,
2172 2730 2250 2790 εἰς
2293 2726 2392 2795 τὴν
2430 2727 2530 2795 τῆς
2577 2724 2753 2789 ἕξεως
2812 2728 3177 2784 ποικιλίαν
3248 2732 3590 2801 νοουμένης
3628 2732 3713 2800 τῆς

1984 2817 2298 2885 ἐξαλλαγῆς.
2338 2816 2502 2877 Φύσις
2540 2816 2639 2885 μὲν
2669 2814 2787 2885 γὰρ
2838 2820 3052 2874 πᾶσιν
3093 2822 3143 2893 ἡ
3202 2823 3400 2893 αὑτὴ,
3443 2826 3545 2876 καὶ
3572 2827 3599 2877 ὁ
3626 2825 3710 2891 τῆς

1984 2906 2248 2973 γενέσεως
2288 2906 2488 2975 τρόπος
2525 2906 2627 2976 ούχ
2657 2908 2961 2977 ἑτεροῖος,
3013 2910 3437 2985 πολυσχιδὴς
3470 2914 3532 2966 δέ
3580 2914 3709 2977 νοῦς,

1986 2998 2079 3049 καὶ
2123 2995 2493 3065 πολυγνώμων
2538 2997 2597 3047 ἐν
2643 2998 2782 3066 ἡμῖν
2822 3000 3107 3070 καρδία.
3151 3006 3301 3059 Καὶ
3351 3008 3529 3060 τοῦτο
3575 3009 3710 3068 εἰδὼς

1986 3104 2069 3149 τις
2100 3086 2335 3154 ἔφασκεν
2354 3104 2366 3115 ο
2390 3087 2605 3155 ’Ὠσπερ
2628 3087 2731 3156 οὐχ
2758 3088 2951 3158 ὃμοια
2981 3093 3345 3163 πρόσωπα
3378 3100 3707 3171 προσώποις,

1989 3178 2156 3240 οὕτως
2198 3178 2318 3230 οὐδὲ
2372 3178 2427 3230 αἱ
2480 3178 2713 3231 διάνοιαι
2772 3181 2897 3233 τῶν
2961 3184 3391 3258 ἀνθρώπων,
3453 3194 3624 3245 Πλοῖα
3661 3193 3709 3243 δὲ

1990 3261 2127 3319 εἷναί
2155 3281 2354 3334 φαμεν,
2404 3264 2440 3318 ὃ.
2474 3266 2570 3318 καὶ
2611 3268 2669 3318 ἐν
2698 3266 2835 3337 τῇδε
2866 3272 2950 3341 τῇ
3010 3280 3241 3349 νοητῇ
3300 3279 3570 3350 θαλάσσῃ
3609 3281 3710 3332 δια-

1991 3357 2313 3427 πορεύεται,
2356 3357 2501 3410 κατὰ
2532 3358 2596 3410 τὸ
2646 3365 3116 3432 γεγραμμένον
3147 3409 3170 3431 ,
3241 3371 3361 3436 τὰς
3417 3375 3586 3443 ἁγίας
3633 3374 3710 3425 τοῦ

1991 3448 2237 3517 Σωτῆρος
2257 3448 2412 3517 ἡμῶν
2440 3449 2780 3519 Ἑκκλησίας
2801 3451 3005 3518 οὔσας
3035 3458 3173 3526 μὲν
3221 3462 3293 3514 ὲν
3329 3464 3561 3534 κόσμῳ,
3594 3464 3712 3533 πλὴν

1993 3537 2245 3607 ἀνωτέρω
2295 3538 2388 3591 τοῦ
2435 3539 2647 3609 κόσμου
2675 3580 2690 3603 ,
2754 3544 3065 3619 καθάπερ
3150 3554 3396 3624 ἀμέλει
3463 3561 3563 3613 καὶ
3631 3559 3712 3621 τὰς

1993 3626 2220 3721 simae;
2247 3628 2394 3721 ἐστιν
2424 3631 2576 3721 όρᾷν,
2591 3629 2772 3721 obs-at;
2808 3634 2924 3721 μὲν
2967 3639 3043 3691 ἐν
3082 3642 3315 3711 ὕδατι,
3348 3648 3502 3721 πλὴν
3526 3650 3714 3704 ὑδάτων

1995 3713 2286 3809 ἀνωτέρας.
2303 3716 2563 3809 Αίτοᾼίνυν
2583 3718 2801 3772 ὑδάτων
2823 3720 2911 3791 (5)
2937 3726 3210 3785 πλοίων
3250 3713 3570 3808 ἐκκλησίαι
3588 3779 3603 3801 ,
3630 3739 3715 3809 τὴν

1997 3803 2187 3896 νοητὴν
2236 3804 2626 3896 διανηχόμεναι
2670 3788 2991 3865 omnes”
3023 3853 3043 3878 ,
3099 3788 3715 3896 séXOVTé“'-;g,zésg

2000 3891 2853 3987 ntereoowtfsy_dﬂoxqpiiopat
2903 3900 2978 3954 δὲ
3037 3891 3367 3985 καθάπερ
3404 3891 3493 3979 εἰς
3538 3916 3712 3987 ἑτέραν

1999 3980 2255 4071 τινάᾷγῆν
2283 3981 2314 4049 ἢ
2341 3980 2529 4051 χώραν
2564 3983 2665 4053 τὴν
2715 3984 2836 4038 τῶν
2872 3991 3198 4062 οὐρανῶν
3248 3980 3593 4071 βασιλείαν,
3630 3980 3711 4056 καὶ

2002 4069 2185 4122 ἐλπίδα
2208 4069 2304 4138 τὴν
2332 4071 2388 4121 ἐν
2437 4072 2667 4161 Χριστῷ
2708 4077 2809 4128 καὶ
2848 4082 2943 4143 εἰς
2978 4069 3334 4161 ἁγιασμὸν
3362 4095 3465 4147 τὸν
3498 4069 3587 4148 διά
3629 4092 3709 4146 τοῦ

2002 4160 2312 4230 Πνεύματος
2339 4198 2354 4223 ,
2410 4160 2507 4212 καὶ
2565 4164 2648 4226 εἰς
2704 4166 2807 4232 τὴν
2860 4172 2997 4227 τῶν
3059 4160 3284 4248 ἁγίων
3336 4188 3587 4260 πατρίδα
3625 4188 3709 4255 τὴν

2004 4250 2221 4347 ἀρετήν’
2258 4247 2538 4347 Πάξουίοι-
2562 4252 2877 4347 γ-ἀρίδντες
2918 4265 3039 4316 καὶ
3072 4247 3542 4347 παρεπίδημοι,
3588 4247 3708 4329 κατὰ

2005 4341 2064 4392 τὸ
2090 4339 2494 4438 γεγραξξμένῗνν
2524 4343 2622 4438 sui
2652 4346 2761 4415 τῆς
2785 4350 2947 4438 γῆς,
3014 4359 3147 4414 οὐκ
3182 4339 3447 4436 ἐχουσῷ
3490 4363 3592 4422 ὧδε
3625 4367 3709 4438 μὲ-

370 4429 647 4492 festinant,
678 4430 833 4498 cujus
861 4430 1052 4486 artifex
1080 4440 1132 4486 et
1172 4438 1381 4486 creator
1408 4437 1490 4486 est
1523 4431 1660 4485 Deus
1676 4430 1741 4484 ⁸⁵.
1769 4432 1903 4485 Cum

2174 4446 2193 4479 ν
2213 4428 2366 4480 πόλιν
2383 4430 2752 4531 ’.ἐπείγονται
2777 4437 2839 4531 δὲ
2866 4444 3035 4513 πρὸς
3062 4428 3357 4528 ἐκείνῇν,
3380 4454 3455 4531 ἧς
3478 4428 3710 4530 τεχνξῇς

371 4535 499 4589 ergo
530 4520 759 4575 mundus
785 4521 873 4575 hic
905 4528 1085 4576 noster
1106 4523 1345 4591 exemplo
1373 4521 1537 4576 maris
1559 4520 1901 4591 intelligatur,

372 4625 474 4680 pro
504 4612 691 4681 cymba
730 4618 782 4665 et
814 4612 1060 4665 navicula
1098 4611 1338 4667 Ecclesia
1380 4612 1766 4674 aastimabitur,
1806 4626 1904 4680 pro

375 4696 554 4751 nautis
585 4697 1188 4763 habens‘sanctificatos,
1218 4700 1333 4769 qui,
1369 4699 1511 4768 quod
1536 4698 1689 4752 fidem
1721 4714 1909 4753 susce-

376 4789 573 4857 perint,
606 4787 881 4842 Christum
909 4804 1090 4844 secum
1116 4798 1417 4845 versantem
1451 4804 1658 4858 semper
1684 4789 1905 4853 habent,

377 4880 782 4949 tranquillitatis
833 4889 1123 4935 auctorem.
1172 4881 1287 4935 Alia
1332 4882 1457 4937 item
1508 4881 1716 4934 ratione
1746 4896 1908 4935 naves

378 4976 650 5038 nuncupat
689 4984 803 5033 eos,
846 4971 937 5039 qui
983 4970 1037 5023 in
1077 4985 1300 5039 corpore
1347 4987 1478 5035 suo,
1522 4971 1743 5039 hujusce
1784 4972 1906 5025 vitae

382 5057 541 5113 salsis
567 5066 620 5112 et
647 5060 957 5114 decumanis
988 5058 1237 5115 ﬂuctibus
1268 5060 1551 5130 agitantur.
1599 5060 1907 5114 Laudantur

382 5162 542 5215 pOI‘l‘O
569 5163 731 5204 naves
757 5164 873 5218 qua:
910 5165 1057 5204 mare
1083 5159 1478 5219 pertranseunt,
1509 5167 1615 5205 non
1646 5167 1773 5205 vero
1791 5167 1909 5219 quae

383 5235 457 5289 ibi
487 5246 813 5304 permanent,
839 5239 923 5293 vel
941 5255 1058 5309 qum
1080 5238 1327 5295 fluctibus
1353 5242 1754 5311 demerguntur.
1776 5240 1911 5293 Nam

386 5323 479 5388 qui
512 5324 565 5377 in
591 5340 749 5382 carne
768 5338 914 5391 sunt,
943 5342 1041 5383 nec
1079 5330 1369 5384 secundum
1400 5346 1613 5386 carnem
1659 5331 1909 5392 militant,

387 5408 509 5461 vita:
534 5409 749 5467 fluctum
795 5416 1089 5479 calcantes,
1125 5432 1294 5487 eoque
1336 5418 1662 5486 superiores,
1706 5416 1911 5471 faciunt

389 5496 746 5561 operationem
772 5502 826 5556 in
855 5505 1007 5573 aquis
1039 5505 1238 5569 multis,
1269 5519 1332 5560 ac
1376 5505 1727 5569 descendunt,
1753 5512 1811 5558 ut
1840 5520 1908 5560 ex

460 5586 505 5618 “
540 5587 558 5639 l
589 5589 714 5647 Cor.
741 5610 805 5663 ι,
833 5598 883 5653 1.
958 5599 1003 5632 ⁸⁸
1039 5598 1199 5658 Hebr.
1234 5615 1366 5666 xm,
1402 5600 1488 5656 14.
1562 5601 1606 5634 ⁸⁵
1645 5598 1804 5655 Hebr.
1839 5617 1915 5667 tu,
1949 5600 2038 5658 i0.

462 5675 538 5747 (ὅ)
569 5677 657 5733 Sic

2006 4520 2533 4618 xaE-Bnptfup‘résé
2584 4524 2748 4618 θεός.
2799 4529 2902 4585 Ἐν
2954 4541 3260 4611 σχήματι
3281 4520 3712 4618 ὀὖν’-Θαλάσσῇς

2006 4606 2153 4709 τοῦδε
2194 4606 2286 4709 re?)
2308 4608 2457 4709 “irae:
2487 4613 2646 4709 ἡμᾶς
2696 4606 3039 4689 νοουμένου
3072 4606 3362 4705 κόσμου,

2010 4696 2186 4748 πλοῖον
2221 4697 2254 4764 ἡ
2308 4697 2618 4768 Ἐκκλησία
2652 4708 3028 4780 νοηῦὴσεται
3056 4759 3073 4783 ,
3139 4696 3481 4800 πλωτῆρας
3529 4696 3706 4800 ἕξοντά

2007 4788 2130 4850 τοὺς
2154 4789 2548 4858 ἡγιασμένους,
2586 4796 2641 4847 οἳ
2699 4802 2802 4854 καὶ¹
2834 4803 2933 4860 διὰ
2987 4812 3100 4864 τοῦ
3145 4788 3591 4886 καταδέξασθαῖ
3622 4821 3704 4891 τὴν

2010 4877 2188 4982 πίστιν
2220 4880 2448 4982 συνόντα
2479 4882 2574 4982 διὰ
2596 4892 2838 4982 ,παντὸς
2872 4896 3083 4967 ἔχουσι
3107 4907 3217 4960 τὸν
3254 4877 3518 4982 Χριστὸν
3546 4877 3703 4965 εὐδίαν

2007 4966 2287 5075 ἁπλούντα
2328 4971 2427 5073 τὴν
2467 4974 2734 5075 ἁπαλήν.
2791 4966 3054 5059 Ἑτέρως
3096 4995 3163 5050 δὲ
3225 4966 3413 5056 πλοῖα
3461 5005 3701 5075 ὀνομάζει

2009 5059 2134 5162 τοὺς
2164 5058 2266 5162 διὰ.
2291 5062 2399 5115 τῶν
2445 5067 2742 5136 σωμάτων
2778 5079 2841 5133 ἐν
2879 5082 2965 5152 τῷ
3019 5086 3280 5162 ἁλμυρῷ
3329 5058 3577 5150 κλύδωνὶ
3622 5096 3700 5148 τοῦ

2017 5146 2139 5259 ﬁam:
2175 5150 2371 5259 τούτου
2417 5156 2893 5259 ραλευομένους.
2946 5178 3066 5231 Καὶ
3108 5181 3271 5236 ἔστιν
3331 5188 3700 5259 ἐπαινούμενα

2321 5244 2693 5351 διαϐαίνοντα
2726 5263 2836 5336 τὴν
2881 5268 3177 5326 Θάλασσαν
3202 5315 3216 5338 ,
3268 5278 3425 5332 ἀλλὰ
3468 5283 3547 5351 μὴ
3581 5240 3700 5334 Ιἐνα-

2406 5341 2419 5358 .
2793 5330 2804 5336 _
3205 5330 3215 5338 1
3338 5330 3341 5331 ⁷
3374 5330 3421 5332 ”‘
3468 5330 3547 5351 r“t
3598 5330 3665 5334 '7'

2014 5330 2333 5440 ποιιέζεῗντοι
2361 5343 2529 5412 αυτῇ,
2568 5351 2725 5419 μηδέ
2763 5362 3324 5438 καταϐαπτιζόμενα
3372 5375 3499 5434 τοῖς
3536 5371 3698 5440 κύμα-

2020 5425 2230 5535 Ϊνὶ-(Ξιὶ
2264 5428 2382 5535 γὰρ
2424 5436 2482 5489 ἐν
2530 5448 2725 5512 σαρκὶ
2774 5451 2979 5524 ὅντες,
3038 5425 3141 5514 καί
3178 5425 3267 5533 ,μὴ
3321 5425 3494 5517 κατὰ,
3532 5425 3694 5535 σάὲπίι

2020 5521 2487 5596 στρατευόμενοι,
2516 5547 3010 5618 καταπατοῦντες
3032 5552 3129 5608 τὸν
3154 5551 3411 5609 κλύδωνα
3445 5556 3545 5609 τοῦ
3566 5521 3688 5625 βὲουν
