3890 6448
257 331 403 388 ,285
1302 322 1796 385 COMMENTARIA
1834 332 1899 385 IN
1936 333 2267 393 PSALMOS.
3307 358 3439 414 less

249 445 349 498 καὶ
383 446 709 517 ὑψηλότεροι
758 445 914 500 αὐτοῦ
959 446 1124 507 ὄντες,
1165 440 1401 495 ποιοῦσιν
1440 445 1697 513 ἐργασίαν
1747 448 1783 498 ἐπ

1902 447 2163 503 demersis
2189 448 2398 518 aliquos
2433 451 2727 512 lucrentur.
2761 458 3089 532 Insuperque
3126 465 3287 537 hujus
3319 474 3439 527 vita:

249 534 407 588 ῦεασι
452 537 694 601 πολλοῖς,
740 534 1247 603 συγκαταὸαίνοντες
1288 530 1380 583 ἐπὶ
1427 532 1504 602 τῷ
1550 534 1780 603 κερδῆσα

1900 538 2329 603 distractionem,
2360 548 2413 594 et
2438 556 2674 598 amaram
2704 547 2851 601 illam
2891 530 3069 606 rerum
3094 530 3217 624 ejus
3241 559 3435 613 confu-

245 641 405 687 τινας
465 625 579 679 τῶν
648 625 1060 695 βεδυθισμένων.
1106 624 1224 675 Ἔτι
1271 620 1359 673 τὸν
1396 622 1517 691 τῇδε
1559 622 1652 674 τοῦ
1693 623 1783 691 βίοι

1901 629 2103 683 sionem
2146 631 2682 706 commistionemque
2720 640 2926 693 urbane
2986 620 3143 701 nobis
3190 648 3434 706 indicans

244 716 669 786 περισπασμὸν,
696 716 787 768 καὶ
813 715 908 785 τὴν
940 715 996 765 ἐν
1032 712 1177 781 αὑτῷ
1204 710 1310 763 τῶν
1349 712 1678 781 πραγμάτιον
1717 730 1783 765 πι¹

1904 719 2214 787 Psalmista,
2254 720 2365 775 Hoc
2399 741 2561 793 mare,
2594 728 2785 796 inquit,
2818 730 2929 783 illic
2950 733 3178 799 reptilia,
3217 754 3435 805 quorum

246 804 389 872 κράν
422 806 693 875 ἀνάχυσιν
752 806 845 857 καὶ
873 805 962 856 τὸν
1005 802 1335 872 ἀναφυρμὸν,
1371 803 1639 872 σημαίνων
1676 805 1783 871 ήμίπ

1904 824 2005 861 non
2038 818 2115 861 est
2144 826 2409 875 numerus,
2441 821 2543 867 etc.
2578 814 2710 868 Nam
2750 818 2987 885 piscibus
3033 802 3271 890 apposite
3304 842 3434 882 con-

241 894 481 957 ἀστείως
514 896 544 946 6
582 894 833 964 μελῳδὸς,
879 893 1033 959 Αὕτη
1065 893 1103 958 ἡ
1136 892 1429 956 θάλασσα,
1463 894 1653 961 φησὶν,
1686 895 1783 944 exe

1904 895 2164 963 ferantur,
2192 899 2284 966 qui
2315 898 2380 951 ad
2409 903 2795 968 comparandas
2818 907 2913 960 sibi
2936 922 3023 963 res
3046 926 3218 979 neque
3247 929 3433 970 neces-

240 984 491 1051 ἑρπετὰ,
528 979 621 1038 ὧν
649 987 759 1037 οὐκ
808 984 973 1036 ἔστιν
1002 984 1257 1052 ἀριθμὸς,
1287 982 1396 1042 ζῶα
1437 983 1613 1050 μικρὰ
1659 986 1805 1051 μετὰ

236 1072 546 1142 μεγάλων.
600 1074 802 1143 Ἰχθύσι
848 1074 954 1144 γὰρ
991 1074 1377 1145 παρεικαστέον
1410 1070 1467 1126 εὖ
1504 1074 1643 1143 μάλα
1680 1074 1804 1136 τοὺς

239 1163 332 1213 ἐπ’
378 1164 565 1215 οὐδενὶ
615 1164 717 1232 μὲν
750 1162 856 1215 ἔσθ’
885 1165 969 1216 ὅτε
1020 1165 1126 1216 τῶν
1166 1165 1465 1232 ἀναγκαίων
1507 1166 1583 1227 είς
1623 1164 1803 1234 δνησιν

238 1253 370 1323 τῇδε
404 1255 635 1305 κάκεῖσε
674 1254 1005 1323 διᾴττοντας,
1047 1255 1138 1307 καὶ
1180 1256 1311 1324 μόνα
1361 1254 1704 1320 συλλέγοντας
1735 1254 1800 1306 τά

236 1344 458 1412 ὅσαπερ
486 1344 554 1397 ἂν
589 1345 859 1413 ἀποφῆναι
912 1346 1231 1415 σαρκικοὺς,
1278 1345 1370 1397 καὶ
1402 1345 1632 1406 εἰκαίους
1676 1345 1803 1397 ἀνα-

239 1431 437 1500 τλῆναι
474 1430 885 1500 παρασκευάζει
920 1432 1127 1493 πόνους.
1170 1431 1372 1484 υύκοῦν
1406 1432 1596 1501 ἰχθύων
1625 1432 1803 1501 διανη-

1904 987 2096 1049 sarias,
2139 1002 2312 1055 neque
2356 990 2534 1048 utiles.
2584 992 2688 1046 huc
2728 994 2854 1048 illuc
2890 999 3218 1067 transiliunt,
3252 1010 3307 1056 et
3342 1005 3433 1058 illa

1901 1074 2013 1127 sola
2040 1074 2316 1143 colligunt,
2351 1090 2469 1144 qua:
2489 1077 2608 1132 illos
2639 1080 2881 1135 carnales
2904 1096 3023 1137 esse
3046 1082 3336 1149 declarent,
3367 1101 3433 1140 ac

1902 1162 2116 1218 labores
2159 1178 2347 1217 eorum
2381 1179 2548 1219 vanos
2581 1166 2872 1236 irritosque
2900 1169 3119 1224 faciant.
3144 1170 3308 1241 Igitur
3353 1175 3434 1241 pi-

1904 1253 2075 1307 scium
2102 1253 2269 1307 instar
2293 1253 2394 1307 hoc
2409 1269 2556 1309 mare
2582 1271 2830 1327 magnum
2852 1265 2904 1312 et
2931 1260 3220 1326 spatiosum
3253 1270 3434 1315 trana-

1904 1355 2048 1403 mus,
2081 1340 2329 1395 videlicet
2372 1344 2630 1398 mundum
2661 1363 2675 1399 :
2707 1360 2829 1399 nam
2858 1346 3119 1417 cujusque
3145 1350 3251 1404 vita
3282 1352 3433 1407 varia

1904 1429 2263 1498 diﬂ‘erensque
2290 1438 2393 1485 est.
3096 1434 3099 1435 ⁷

238 1522 455 1591 χόμεθα
497 1521 659 1591 δίκην
689 1522 784 1591 τὴν
833 1522 1082 1576 πλατεῖαν
1120 1522 1318 1593 ταύτην
1363 1524 1456 1576 καὶ
1498 1523 1803 1593 εὐρύχωρον
1859 1520 2148 1585 Θάλασσαν,
2207 1521 2446 1575 τουτέστι
2479 1522 2570 1576 τὸν
2603 1524 2832 1595 κόσμον·
2882 1525 3129 1598 διάφορος
3174 1529 3278 1598 γάρ
3318 1545 3431 1591 πως

234 1614 269 1664 6
292 1612 533 1665 ἐκάστου
561 1609 696 1679 βίος.

310 1769 557 1837 Δράκων
612 1762 808 1830 οὗτος,
858 1766 928 1819 ὃν
972 1767 1241 1831 ἔπλασας
1275 1765 1570 1835 ἐμπαίζειν
1620 1766 1783 1831 αὐτῷ

1969 1756 2128 1812 Vens.
2153 1756 2339 1810 27-29.
2384 1757 2555 1811 Draco
2586 1760 2699 1825 iste,
2751 1778 2895 1830 quem
2934 1763 3173 1832 formasti
3205 1769 3272 1821 ad
3308 1770 3431 1823 illa-

239 1857 449 1911 Πάντα
472 1856 627 1925 πρὸς
657 1856 733 1909 σὲ
768 1854 1155 1924 προσδοκῶσι,
1184 1856 1387 1909 δοῦναι
1425 1856 1536 1923 τὴν
1571 1856 1794 1924 τροφὴν

234 1946 447 2012 αὐτοῖς
491 1947 792 2015 εὔκαιρον.
850 1948 1063 2009 Δόντος
1109 1960 1223 1999 σου
1278 1946 1476 2011 αὐτοῖς
1501 1986 1516 2010 ,
1576 1945 1787 1999 συλλέ-

242 2036 453 2099 ξουσι’
500 2033 857 2099 άνοίξαντος
899 2032 964 2085 δέ
1005 2048 1120 2085 σου
1158 2033 1271 2100 τὴν
1321 2033 1504 2101 χεῖρα,
1543 2033 1613 2085 τὰ
1641 2034 1793 2100 σύμ-

238 2134 437 2175 παντα
460 2121 919 2189 πλησθήσονται
940 2124 1354 2189 χρηστότητος.
1375 2123 1513 2192 Ὅρα
1528 2124 1574 2173 εί
1593 2122 1794 2193 δυνήσῃ

240 2211 529 2264 καθολικὸν
552 2210 663 2263 ἀπὸ
677 2211 863 2263 τούτου
892 2210 1132 2263 ἐκλαϐεῖν
1152 2211 1343 2281 δόγμα,
1360 2211 1433 2273 ὡς
1460 2211 1670 2264 πάντων
1690 2210 1796 2263 τῶν

238 2299 484 2368 γενητῶν
506 2299 843 2369 πενομένων,
866 2299 1192 2368 λειπομένων
1218 2317 1275 2351 τε
1306 2301 1397 2352 καὶ
1418 2300 1678 2369 δεομένων
1699 2302 1794 2369 τῆς

232 2389 391 2461 παρά
418 2388 514 2443 τοῦ
549 2389 685 2442 Θεοῦ
716 2389 993 2460 χορηγίας,
1021 2386 1087 2460 ἧς
1132 2390 1489 2459 μεταλαϐόντα
1531 2389 1792 2458 δυναμοῦ-

236 2497 326 2532 ται
362 2480 458 2533 καὶ
491 2479 686 2549 ἰσχύει,
721 2478 905 2549 ὥσπερ
927 2479 1012 2531 διὰ
1041 2480 1240 2549 τροφῆς
1274 2479 1568 2549 ζωούμενα.
1595 2479 1791 2531 Πάντα

236 2568 388 2636 πρὸς
418 2568 495 2622 σὲ
527 2566 966 2635 προσδοκῶσιν,
984 2566 1189 2619 δοῦναι
1224 2568 1335 2634 τὴν
1353 2568 1577 2636 τροφὴν
1594 2568 1792 2632 αὐτοῖς

235 2658 535 2725 εὔκαιρον.
578 2656 661 2709 Τά
696 2656 871 2708 πάντα
904 2655 959 2706 δὲ
992 2658 1167 2725 φήσας
1196 2659 1224 2709 6
1264 2657 1417 2726 λόγος
1449 2658 1789 2728 περιείληφεν

234 2748 371 2817 ὁμοῦ
402 2748 502 2811 τὰς
534 2746 735 2817 νοητὰς
761 2745 855 2797 καὶ⁵
886 2746 1042 2812 ἁγίας
1072 2744 1343 2815 δυνάμεις,
1383 2745 1479 2807 τάς
1512 2762 1571 2797 τε
1604 2744 1789 2813 αἰσθη-

234 2837 335 2900 τάς
358 2839 455 2891 καὶ
485 2838 586 2900 τὰς
614 2839 674 2889 ἐν
710 2835 918 2905 θνητοῖς
957 2834 1215 2905 σώμασιν.
1261 2835 1413 2889 Οῦτω
1448 2836 1555 2906 γὰρ
1588 2835 1782 2905 μᾶλλον

1896 1846 2119 1901 dentiam
2149 1847 2217 1899 ei.
2246 1846 2433 1901 Omnia
2474 1865 2506 1899 a
2535 1858 2580 1900 te
2608 1862 2901 1917 exspectant
2929 1864 2984 1905 ut
3017 1854 3103 1907 des
3134 1856 3239 1909 illis
3262 1874 3432 1911 escam

1897 1937 1951 1990 in
1982 1946 2221 2003 tempore.
2252 1936 2422 1990 Dante
2454 1946 2500 1990 te
2530 1939 2635 1991 illis
2663 1940 2924 2009 colligant,
2958 1946 3210 2011 aperiente
3232 1957 3279 2000 te
3316 1966 3430 2001 ma-

1897 2042 2019 2079 num
2058 2027 2232 2078 omnia
2284 2027 2634 2094 implebantur
2684 2030 2925 2084 bonitate.
2968 2032 3100 2089 Vide
3144 2051 3212 2089 an
3257 2040 3434 2107 possis

1898 2115 2023 2168 hinc
2055 2115 2245 2184 dogma
2287 2116 2610 2169 catholicum
2653 2120 2916 2186 excipere,
2950 2122 3092 2191 quod
3128 2139 3316 2180 omnes
3343 2142 3432 2183 res

1896 2214 2090 2259 creatae
2130 2205 2319 2273 inopes
2370 2205 2479 2258 sint
2536 2220 2598 2259 ac
2636 2205 2729 2261 Dei
2759 2209 3038 2279 largitione
3085 2222 3293 2281 egeant,
3324 2231 3429 2284 qua

1894 2302 2114 2363 accepta
2138 2296 2462 2349 roborantur
2489 2311 2553 2349 ac
2584 2297 2780 2366 vigent,
2802 2309 2983 2368 utpote
3000 2318 3122 2356 esca
3152 2304 3312 2357 vitam
3345 2321 3430 2360 ac-

1893 2385 2173 2454 cipientes.
2209 2385 2399 2439 Omnia
2433 2395 2534 2437 ate
2566 2396 2883 2455 exspectant,
2913 2399 2969 2441 ut
2997 2390 3085 2445 des
3114 2393 3219 2445 illis
3256 2410 3430 2449 escam

1890 2477 1946 2529 in
1976 2484 2219 2543 tempore.
2265 2475 2400 2530 Cum
2443 2491 2607 2546 porro
2647 2480 2823 2531 omnia
2867 2480 3081 2549 dixerit,
3124 2486 3429 2554 spirituales

1889 2573 1944 2620 et
1964 2573 2181 2621 sanctas
2203 2565 2453 2629 virtutes,
2486 2582 2697 2622 necnon
2729 2571 3030 2636 sensibiles,
3063 2588 3180 2642 quae
3203 2577 3253 2628 in
3285 2592 3429 2631 mor-

1893 2654 2086 2708 talibus
2141 2654 2457 2723 corporibus
2505 2666 2650 2718 sunt,
2680 2672 2786 2710 una
2824 2660 3135 2729 complexus
3162 2648 3263 2717 est.
3295 2663 3431 2719 Nam

1887 2745 1962 2797 ita
2002 2744 2095 2798 Dei
2134 2744 2348 2798 bonitas
2392 2746 2561 2813 magis
2592 2746 2865 2811 elucescit,
2913 2750 3055 2817 quod
3082 2759 3189 2805 tam
3235 2754 3427 2825 dignis,

1886 2848 2044 2902 quam
2068 2834 2324 2904 indignis,
2358 2849 2510 2889 suam
2552 2835 2824 2903 impertiat
2852 2838 3254 2909 benignitatem.

240 2928 558 2998 μειζόνωςή
590 2926 859 2995 ἀναθότης
884 2924 1189 2995 διαλάμπει,
1216 2926 1293 2996 τῷ
1320 2928 1411 2980 καὶ
1442 2928 1607 2993 ἀξίοις
1632 2929 1720 2980 καὶ
1749 2926 1821 2998 μὴ
1854 2925 2020 2988 ἀξίοις
2054 2926 2151 2994 τῆς
2180 2926 2307 2995 παρ’
2334 2926 2494 2977 αὑτοῦ
2528 2929 2884 2999 χρηστότητος
2917 2932 3248 2999 μεταδοῦναι.

318 3082 685 3147 Ἀντανελεῒς
707 3081 772 3134 τὸ
801 3083 1029 3151 πνεῦμα
1056 3081 1248 3135 αὐτῶν⁸
1280 3082 1375 3134 καὶ
1408 3083 1776 3149 ἐκλείψουσι.

1947 3078 2111 3133 Vens.
2140 3076 2227 3132 '50.
2258 3079 2471 3146 Auferes
2502 3081 2737 3146 spiritum
2771 3092 2970 3144 eorum,
2999 3092 3047 3135 et
3076 3085 3333 3153 deﬁcient,
3378 3100 3428 3145 et

234 3175 333 3228 xui
348 3177 436 3235 εις
458 3172 567 3225 τὸν
596 3171 748 3238 χοῦν
770 3170 963 3224 αὐτῶν
976 3171 1420 3239 ἐπιστρέφουσι.
1439 3172 1783 3233 Ἐξαποστε-

233 3263 363 3328 λεῖς
380 3262 454 3314 τὸ
464 3259 853 3329 πνεῦμάςσου,
871 3260 968 3313 καὶ
984 3261 1420 3328 κτισθήσονται,
1446 3261 1539 3312 καὶ
1556 3261 1785 3314 ἀνακαι-

232 3351 382 3415 νιεῒς
409 3350 476 3403 τὸ
509 3350 836 3416 πρόσωπον
864 3348 973 3416 τῆς
1002 3349 1131 3417 γῆς.
1168 3350 1300 3420 Περὶ
1331 3349 1624 3419 ἀνθρώπων
1673 3350 1727 3401 δέ
1755 3350 1783 3401 6

231 3435 412 3505 λόγος,
448 3436 545 3489 καὶ
589 3430 740 3504 οἶμαί
779 3452 841 3503 γε
889 3436 973 3489 διὰ
1010 3436 1210 3489 τούτων
1242 3438 1338 3507 τὴν
1388 3437 1477 3489 τοῦ
1526 3436 1784 3505 παρόντος

232 3526 430 3588 αἰῶνος
451 3524 741 3596 δηλοῦσθαι
776 3526 1076 3579 συντέλειαν
1099 3564 1114 3589 ,
1144 3527 1238 3580 καὶ
1265 3527 1361 3597 τὴν
1384 3526 1472 3579 τοῦ
1506 3526 1781 3596 μέλλοντος

230 3614 549 3667 ἀνανέωσινο
576 3614 652 3675 ὡς
682 3613 745 3666 ἂν
776 3615 846 3683 μή
864 3631 945 3677 τις
976 3616 1242 3687 ὑπονοήσῃ
1265 3616 1342 3677 είς
1369 3616 1584 3685 ἄπειρον
1616 3632 1781 3667 κατα-

228 3706 426 3757 τείνειν
446 3705 546 3775 τὴν
575 3702 852 3774 παροῦσαν
874 3704 965 3757 τοῦ
988 3705 1190 3774 κόσμου
1220 3704 1488 3767 σύστασιν,
1511 3704 1622 3756 ἀλλ’
1644 3703 1780 3773 ἔχοι-

233 3806 334 3857 μεν
358 3790 582 3853 ἐλπίδας
610 3791 691 3851 είς
722 3791 923 3842 ἐκεῖνον
948 3792 1035 3844 τὸν
1066 3792 1181 3843 νέον
1217 3792 1384 3844 αἰῶνα
1410 3791 1500 3843 καὶ
1531 3793 1625 3863 τὴν
1649 3792 1780 3844 ἀνά-

228 3892 440 3939 στασιν,
467 3880 534 3947 ἢν
563 3880 592 3931 6
621 3877 774 3944 λόγος
804 3878 1095 3949 παρίστησι
1114 3878 1257 3950 ,μετά
1277 3879 1334 3931 τὺ
1356 3880 1534 3948 φάναι,
1555 3882 1655 3943 Εἰς
1677 3882 1782 3933 τὸν

225 3966 382 4032 χοῦν
407 3966 611 4019 αὐτῶν
658 3966 1120 4035 ἐπιστρέφουσιν
1138 4007 1152 4032 ,
1186 3968 1472 4036 ἐπαγαγών
1490 3986 1503 3999 ·
1547 3971 1599 4020 Ἐ
1604 3970 1781 4032 6am)-

221 4055 467 4119 στελεῖς
503 4056 572 4108 τὸ
607 4056 840 4126 πνεῦμά
868 4072 981 4110 σου
1017 4058 1076 4110 τὸ
1108 4058 1383 4124 ζωοποιὸν,
1415 4059 1510 4111 καὶ
1545 4057 1781 4125 κτισθή-

223 4160 461 4210 σονται,
495 4132 560 4197 ἐκ
615 4146 720 4213 γῆς
771 4147 1146 4216 ἀνιστάμενοι,
1192 4148 1289 4200 καὶ
1330 4148 1684 4212 ἀνακαινιεῖς
1713 4148 1779 4201 τὸ

222 4237 557 4301 πρόσωπον
581 4234 695 4301 τῆς
723 4234 849 4303 γῆς,
875 4237 933 4288 τὸ
958 4237 1146 4300 κάλλος
1176 4238 1274 4307 τῆς
1299 4239 1417 4306 γῆς,
1443 4238 1635 4308 δηλαδὴ
1659 4239 1778 4302 τοὺς

222 4328 333 4379 ἀπὸ
408 4326 515 4394 γῆς
564 4324 897 4386 πλασθέντας
961 4326 1289 4396 ἀνθρώπους.
1370 4328 1626 4382 Ἐνταῦθα
1686 4345 1778 4380 σα-

1884 3171 1935 3222 in
1986 3170 2244 3237 pulverem
2307 3184 2457 3221 suam
2511 3178 2844 3220 revertentur.
2894 3170 3113 3225 Emittes
3184 3178 3427 3242 spiritum

1885 3264 2113 3319 tuum,et
2134 3255 2464 3318 creabantur,
2494 3264 2543 3307 et
2572 3255 2839 3309 renovabis
2868 3257 3054 3323 faciem
3079 3263 3425 3321 terrmdisti-

1882 3359 1969 3399 mo
1989 3345 2055 3400 de
2079 3345 2389 3399 hominibus
2420 3345 2509 3398 bic
2534 3359 2833 3399 sermonem
2858 3346 3067 3410 haberi,
3101 3364 3164 3403 ac
3186 3366 3425 3419 prasen-

1882 3436 1951 3489 tis
1970 3434 2153 3489 seculi
2185 3434 2695 3489 consummationem
2726 3434 3000 3505 futurique
3022 3442 3419 3497 renovationem

1881 3521 1965 3575 his
1991 3520 2315 3592 signiﬁcari;
2346 3527 2406 3573 ut
2438 3535 2505 3574 ne
2529 3523 2648 3590 quis
2665 3522 3033 3591 suspicaretur
3051 3525 3210 3595 hujus
3235 3530 3421 3585 mundi

1881 3618 2079 3666 statum
2118 3611 2172 3665 in
2202 3618 2461 3665 aeternum
2488 3626 2802 3666 mansurum
2836 3628 2987 3681 esse;
3022 3617 3117 3670 sed
3150 3633 3298 3687 spem
3321 3621 3418 3674 ba-

1878 3700 2128 3755 beremus
2158 3700 2211 3752 in
2246 3699 2375 3752 illud
2408 3692 2605 3753 novum
2652 3701 2928 3767 saculum,
2963 3719 3025 3758 ac
3070 3709 3421 3763 resurrectio-

1879 3804 2002 3845 nem
2031 3805 2190 3860 quam
2220 3806 2397 3846 sermo
2421 3790 2677 3855 declarat,
2712 3808 2832 3845 cum
2864 3802 3213 3866 posteaquam
3259 3799 3415 3863 dixit,

1880 3878 1946 3933 In
1963 3880 2217 3947 pulverem
2248 3895 2398 3934 suum
2423 3889 2754 3944 revertentur,
2780 3883 3019 3951 subjicit,
3047 3884 3266 3939 Emitte:
3296 3887 3409 3953 spi-

1878 3971 2035 4024 ritum
2058 3981 2202 4023 taam
2231 3970 2520 4033 viviﬁcum,
2548 3980 2596 4024 et
2622 3970 2954 4035 creabantur,
2986 3988 3051 4026 ex
3077 3982 3218 4027 terra
3244 3991 3419 4030 resur-

1878 4068 2085 4130 gentes,
2121 4072 2169 4114 et
2210 4060 2476 4114 renovabis
2521 4060 2707 4128 faciem
2750 4070 2920 4123 terrm,
2963 4063 3415 4130 pulchritudinem

1878 4149 2121 4204 videlicet
2146 4157 2320 4213 terrm,
2345 4150 2397 4203 id
2425 4157 2526 4212 est,
2548 4149 2793 4203 homines
2819 4164 2883 4204 ex
2916 4158 3057 4204 terra
3086 4153 3411 4209 ellormatos.

1878 4236 1976 4291 Hic
2021 4238 2167 4293 clare
2207 4239 2364 4292 nobis
2402 4238 2875 4301 resurrectionem,
2920 4254 3114 4291 novam
3161 4254 3257 4308 per
3286 4255 3413 4295 san-

1878 4327 2177 4383 ctissimum
2208 4325 2466 4396 Spiritum
2502 4325 2686 4388 vitam,
2722 4341 2784 4378 ac
2813 4327 3169 4381 humanorum
3218 4344 3412 4397 corpo-

222 4417 341 4484 φῶς
392 4417 525 4485 ἡμῖν
558 4414 654 4465 καὶ
686 4412 780 4481 τὴν
817 4415 1100 4467 ἀνάστασιν
1141 4417 1503 4487 προεκήρυξε,
1542 4420 1634 4470 καὶ
1681 4418 1777 4487 τὴν

1883 4434 1997 4473 rum
2026 4418 2080 4471 in
2105 4417 2399 4470 novissimo
2429 4416 2609 4469 saeculi
2640 4424 2879 4484 tempore
2904 4419 2957 4470 in
2986 4418 3269 4487 pristinam
3302 4419 3412 4473 for-

220 4506 313 4559 διά
342 4504 440 4559 τοῦ
487 4502 755 4570 παναγίου
796 4504 1104 4574 Πνεύματος
1138 4507 1447 4570 ἀναϋίωσιν,
1476 4511 1567 4561 καὶ
1599 4509 1688 4560 τὸν
1722 4511 1777 4561 ἐν

223 4597 478 4666 ἐσχάτοις
512 4595 608 4647 τοῦ
638 4593 828 4656 αἰῶνος
856 4598 1061 4665 καιροῖς
1082 4596 1187 4648 τῶν
1220 4595 1564 4667 ἀνθρωπίνων
1596 4599 1776 4668 σωμά·

223 4702 353 4749 των,
390 4684 783 4753 ἀναπλασμόν·
814 4685 908 4754 τήν
940 4703 996 4737 τε
1023 4688 1101 4748 εἰς
1141 4687 1200 4738 τὸ
1241 4682 1389 4751 αὖθις
1419 4685 1553 4742 εἶναι
1605 4706 1777 4759 παρα·

223 4777 434 4844 γωγήν.
459 4777 569 4828 Καὶ
605 4776 891 4838 δείκνυσιν,
918 4776 991 4838 ὡς
1015 4778 1170 4840 αὐτός
1194 4779 1335 4829 ἐστιν
1363 4781 1391 4830 6
1427 4782 1519 4834 καὶ
1548 4782 1771 4835 θανάτου

225 4864 321 4916 καὶ
341 4864 490 4931 ζωῆς
514 4864 882 4934 δεσπότης.οὺ
910 4865 1015 4934 γὰρ
1044 4864 1282 4933 βούλεται
1312 4869 1421 4928 τοῖς
1443 4869 1773 4939 σκυθρωποῖς

226 4952 603 5023 ἐνδιατρίϐειν,
623 4954 759 5006 άλλά
788 4954 1035 5006 τοσοῦτον
1060 4952 1222 5006 εἰπὼν
1246 4955 1367 5007 ὅσον
1396 4956 1645 5027 φοϐῆσαι,
1671 4958 1771 5011 πά-

229 5037 312 5091 λιν
338 5042 431 5094 ἐπὶ
454 5040 523 5093 τά
538 5040 748 5112 χρηστά
774 5042 1027 5107 ἐπανάγει
1042 5040 1130 5091 τὸν
1147 5040 1316 5105 λόγον,
1336 5042 1430 5093 καὶ
1457 5043 1590 5113 ὅπερ
1610 5044 1770 5095 ἀλλα-

228 5128 325 5197 χοῦ
346 5130 581 5202 εἴρηται,
604 5132 685 5183 ὅτι
714 5132 805 5183 καὶ
820 5130 1041 5183 θανάτου
1071 5129 1162 5181 καὶ
1183 5126 1323 5195 ζωῆς
1351 5129 1514 5194 αὐτός
1542 5134 1654 5185 ἐστι
1671 5133 1775 5186 Κύ-

236 5232 369 5285 ριος,
383 5217 542 5270 τοῦτο
560 5218 788 5270 ἐνταῦθα
810 5219 968 5288 δηλοῖ,
1002 5216 1090 5269 καί
1118 5230 1243 5283 φησι
1269 5216 1397 5277 τοὺς
1422 5219 1505 5279 εἰς
1533 5220 1623 5272 τὸν
1645 5220 1771 5289 χοῦν

233 5302 663 5377 ἐπιστρέψαντας
678 5307 778 5359 ὑπὸ
792 5306 880 5359 τοῦ
896 5304 1197 5373 Πνεῦματος
1225 5304 1525 5371 κτίζεσθαι,
1543 5311 1636 5362 καὶ
1651 5314 1771 5365 ἀνα-

241 5394 569 5458 καινίζεσθαι
600 5398 704 5448 τῶν
728 5396 1011 5466 ἀνθρώπων
1037 5391 1096 5443 τὸ
1126 5392 1269 5458 γένος
1292 5410 1304 5423 τ
1338 5395 1373 5462 ἡ
1406 5396 1516 5466 γάρ
1541 5400 1772 5453 ἀνάστα-

206 5470 209 5473 ’
242 5495 325 5543 σις
342 5483 419 5543 είς
440 5484 499 5534 τὸ
530 5484 749 5553 ἀρχαῖόν
779 5486 916 5536 ἐστιν
950 5480 1394 5543 ἀποκατάστασις.
1445 5482 1771 5558 Ἀποστολὴν

248 5566 302 5618 δὲ
338 5570 483 5622 καλεῖ
509 5572 597 5623 τοῦ
632 5572 922 5640 Πνεύματος
950 5568 1047 5634 τὴν
1078 5568 1209 5635 πρὸς
1230 5570 1284 5622 τὸ
1312 5570 1575 5640 ἐνεργεῖν
1608 5578 1771 5631 αὑτοῦ

244 5660 642 5726 συγκατάὸασιν,
667 5662 723 5713 οὐ
750 5660 837 5730 τήν
858 5663 913 5712 ἐκ
940 5656 1102 5708 τόπου
1132 5659 1203 5721 εἰς
1228 5661 1399 5713 τόπον
1426 5664 1736 5731 μετάϐασιν
1754 5687 1769 5701 ο

1874 4522 2017 4560 mam
2072 4506 2487 4568 restitutionem,
2532 4506 2857 4573 praenuntiat
2888 4524 2903 4559 :
2942 4508 3177 4577 itemque
3212 4510 3412 4579 produ-

1875 4594 2103 4647 ctionem
2133 4593 2277 4645 illam
2320 4600 2381 4645 ut
2422 4608 2636 4647 rursum
2674 4594 3014 4649 exsistamus.
3060 4595 3413 4665 Ostenditque

1874 4681 2051 4750 ipsum
2081 4695 2201 4735 esse
2240 4686 2294 4734 et
2325 4682 2514 4734 mortis
2540 4691 2591 4735 et
2630 4682 2751 4736 vita:
2791 4681 3096 4741 Dominum.
3137 4684 3254 4739 Non
3298 4688 3411 4741 vult

1873 4772 2014 4826 enim
2061 4786 2161 4826 nos
2195 4770 2251 4823 in
2294 4770 2541 4825 tristibus
2588 4786 2935 4839 permanere;
2983 4775 3077 4828 sed
3125 4782 3409 4844 postquam

1871 4869 2094 4917 eatenus
2116 4860 2205 4914 illa
2231 4860 2385 4924 dixit,
2418 4869 2687 4930 quatenus
2714 4877 2813 4918 nos
2839 4863 3312 4932 perterrefaceret;
3343 4868 3408 4919 ad

1857 4950 2085 5003 ‘mitiora
2120 4963 2334 5004 rursum
2369 4964 2674 5004 sermonem
2719 4952 2963 5006 reducit:
2995 4961 3049 5007 et
3093 4956 3238 5023 quod
3281 4956 3405 5010 alibi

1871 5038 2075 5094 dictum
2100 5046 2203 5103 est,
2231 5040 2486 5109 quoniam
2531 5042 2654 5095 vita:
2695 5049 2749 5095 et
2789 5042 2978 5097 mortis
3010 5044 3125 5112 ipse
3149 5044 3408 5101 Dominus

1871 5136 1973 5196 est,
2001 5127 2233 5197 idipsum
2258 5128 2369 5197 jam
2398 5130 2601 5184 indicat
2628 5140 2683 5186 et
2710 5132 2806 5195 ait,
2823 5146 2917 5185 eos
2939 5134 3032 5201 qui
3057 5135 3110 5187 in
3134 5134 3410 5203 pulverem

1872 5219 2069 5273 reversi
2086 5226 2211 5272 sunt
2233 5235 2261 5272 a
2288 5217 2488 5288 Spiritu
2506 5222 2866 5283 creandos,ac
2894 5223 3264 5276 renovandum
3291 5238 3411 5278 esse

1872 5323 2038 5379 genus
2068 5308 2359 5362 humanum
2388 5325 2543 5362 :nam
2573 5311 2901 5365 resurrectio
2939 5319 3023 5364 est
3051 5313 3108 5365 in
3126 5312 3415 5381 pristinum

1870 5398 2159 5454 restitutio.
2204 5397 2559 5453 Emissionem
2610 5410 2792 5455 autem
2853 5398 3091 5468 Spiritus
3148 5411 3421 5472 nuncupat

1871 5489 1988 5558 ejus
2016 5488 2082 5541 ad
2114 5488 2441 5556 Operandum
2464 5488 2816 5551 descensum,
2848 5504 2959 5542 non
2993 5503 3130 5542 vero
3173 5492 3427 5543 mutatio-

1870 5596 1993 5635 nem
2022 5594 2051 5634 a
2084 5580 2203 5634 loco
2244 5580 2299 5633 in
2328 5578 2527 5644 locum,
2560 5582 2686 5649 quia
2714 5576 2963 5647 Spiritus
2993 5577 3210 5630 Domini
3228 5578 3433 5644 replevit

1877 5668 2351 5744 orbem'terraram,
2386 5687 2414 5725 a
2444 5686 2551 5743 quo
2574 5674 2745 5730 facies
2776 5678 2954 5726 terrae
3008 5675 3330 5723 renovatur.
3350 5662 3443 5716 Et-
