  <div class='ocr_page' id='page_1' title='image "/cluster/home/n/w/nwhite01/storage/ocr_20150623/23 (Eusebius, pt. 5)/nyp.33433081862363/688.png"; bbox 0 0 3890 6444; ppageno 0'>
   <div class='ocr_carea' id='block_1_1' title="bbox 268 423 390 478">
    <p class='ocr_par' dir='ltr' id='par_1_1' title="bbox 268 423 390 478">
     <span class='ocr_line' id='line_1_1' title="bbox 268 423 390 478; baseline 0.033 -4"><span class='ocrx_word' id='word_1_1' title='bbox 268 423 282 474; x_wconf 81' lang='lat' dir='ltr'><strong>l</strong></span> <span class='ocrx_word' id='word_1_2' title='bbox 294 423 390 478; x_wconf 75' lang='lat'><strong>289</strong></span> 
     </span>
    </p>
   </div>
   <div class='ocr_carea' id='block_1_2' title="bbox 1368 404 2338 471">
    <p class='ocr_par' dir='ltr' id='par_1_2' title="bbox 1368 404 2338 471">
     <span class='ocr_line' id='line_1_2' title="bbox 1368 404 2338 471; baseline -0.013 0"><span class='ocrx_word' id='word_1_3' title='bbox 1368 410 1856 471; x_wconf 77' lang='lat' dir='ltr'><strong>COMMENTARIA</strong></span> <span class='ocrx_word' id='word_1_4' title='bbox 1890 416 1955 471; x_wconf 87' lang='lat' dir='ltr'><strong>IN</strong></span> <span class='ocrx_word' id='word_1_5' title='bbox 1992 404 2338 471; x_wconf 81' lang='lat' dir='ltr'><strong>PSALMOS.</strong></span> 
     </span>
    </p>
   </div>
   <div class='ocr_carea' id='block_1_3' title="bbox 3269 418 3397 480">
    <p class='ocr_par' dir='ltr' id='par_1_3' title="bbox 3269 418 3397 480">
     <span class='ocr_line' id='line_1_3' title="bbox 3269 418 3397 480; baseline 0.031 -4"><span class='ocrx_word' id='word_1_6' title='bbox 3269 418 3397 480; x_wconf 69' lang='grc' dir='ltr'><strong>ηθη</strong></span> 
     </span>
    </p>
   </div>
   <div class='ocr_carea' id='block_1_4' title="bbox 252 518 1777 610">
    <p class='ocr_par' dir='ltr' id='par_1_4' title="bbox 252 533 1774 610">
     <span class='ocr_line' id='line_1_4' title="bbox 252 533 1774 610; baseline -0.002 -21"><span class='ocrx_word' id='word_1_7' title='bbox 252 537 503 609; x_wconf 76' lang='grc' dir='ltr'><strong>δηφορίας</strong></span> <span class='ocrx_word' id='word_1_8' title='bbox 565 542 746 609; x_wconf 70' lang='grc' dir='ltr'><strong>καιρόν</strong></span> <span class='ocrx_word' id='word_1_9' title='bbox 817 538 890 602; x_wconf 82' lang='grc' dir='ltr'><strong>εἰς</strong></span> <span class='ocrx_word' id='word_1_10' title='bbox 941 534 1229 610; x_wconf 81' lang='grc' dir='ltr'><strong>ἀγορασὶαν</strong></span> <span class='ocrx_word' id='word_1_11' title='bbox 1294 533 1466 586; x_wconf 81' lang='grc' dir='ltr'><strong>ἐλαίου</strong></span> <span class='ocrx_word' id='word_1_12' title='bbox 1532 534 1774 588; x_wconf 84' lang='grc' dir='ltr'><strong>δαπανώ-</strong></span> 
     </span>
    </p>
   </div>
   <div class='ocr_carea' id='block_1_5' title="bbox 1875 518 3395 610">
    <p class='ocr_par' dir='ltr' id='par_1_5' title="bbox 1875 518 3395 600">
     <span class='ocr_line' id='line_1_5' title="bbox 1875 518 3395 600; baseline 0.001 -12"><span class='ocrx_word' id='word_1_13' title='bbox 1875 535 1972 589; x_wconf 91' lang='lat' dir='ltr'><strong>bus</strong></span> <span class='ocrx_word' id='word_1_14' title='bbox 1995 531 2303 600; x_wconf 76' lang='lat' dir='ltr'><strong>transigere</strong></span> <span class='ocrx_word' id='word_1_15' title='bbox 2330 518 2613 587; x_wconf 79' lang='lat' dir='ltr'><strong>debebant,</strong></span> <span class='ocrx_word' id='word_1_16' title='bbox 2655 528 2710 583; x_wconf 90' lang='lat' dir='ltr'><strong>in</strong></span> <span class='ocrx_word' id='word_1_17' title='bbox 2742 531 2857 587; x_wconf 88' lang='lat' dir='ltr'><strong>oleo</strong></span> <span class='ocrx_word' id='word_1_18' title='bbox 2898 535 3118 589; x_wconf 87' lang='lat' dir='ltr'><strong>emendo</strong></span> <span class='ocrx_word' id='word_1_19' title='bbox 3154 550 3395 590; x_wconf 80' lang='lat' dir='ltr'><strong>consum-</strong></span> 
     </span>
    </p>
   </div>
   <div class='ocr_carea' id='block_1_6' title="bbox 254 643 391 690">
    <p class='ocr_par' dir='ltr' id='par_1_6' title="bbox 254 643 391 690">
     <span class='ocr_line' id='line_1_6' title="bbox 254 643 391 690; baseline 0 -12"><span class='ocrx_word' id='word_1_20' title='bbox 254 643 391 690; x_wconf 86' lang='grc' dir='ltr'><strong>σαις.</strong></span> 
     </span>
    </p>
   </div>
   <div class='ocr_carea' id='block_1_7' title="bbox 330 734 1775 807">
    <p class='ocr_par' dir='ltr' id='par_1_7' title="bbox 330 734 1775 807">
     <span class='ocr_line' id='line_1_7' title="bbox 330 734 1775 807; baseline -0.003 -16"><span class='ocrx_word' id='word_1_21' title='bbox 330 738 631 807; x_wconf 77' lang='grc' dir='ltr'><strong>’Πδυνθείη</strong></span> <span class='ocrx_word' id='word_1_22' title='bbox 652 738 805 804; x_wconf 83' lang='grc' dir='ltr'><strong>αὐτῷ</strong></span> <span class='ocrx_word' id='word_1_23' title='bbox 826 742 863 806; x_wconf 76' lang='grc' dir='ltr'><strong><em>ἠ</em></strong></span> <span class='ocrx_word' id='word_1_24' title='bbox 885 737 1126 807; x_wconf 74' lang='grc' dir='ltr'><strong>διαλογὴ</strong></span> <span class='ocrx_word' id='word_1_25' title='bbox 1144 753 1259 805; x_wconf 85' lang='grc' dir='ltr'><strong>μου</strong></span> <span class='ocrx_word' id='word_1_26' title='bbox 1279 749 1292 762; x_wconf 84' lang='lat'><strong><em>°</em></strong></span> <span class='ocrx_word' id='word_1_27' title='bbox 1316 734 1428 802; x_wconf 71' lang='grc' dir='ltr'><strong>ἐγὼ</strong></span> <span class='ocrx_word' id='word_1_28' title='bbox 1450 734 1516 786; x_wconf 86' lang='grc' dir='ltr'><strong>δὲ</strong></span> <span class='ocrx_word' id='word_1_29' title='bbox 1535 736 1775 801; x_wconf 65' lang='grc' dir='ltr'><strong>εὐφραν-</strong></span> 
     </span>
    </p>
   </div>
   <div class='ocr_carea' id='block_1_8' title="bbox 249 825 1775 898">
    <p class='ocr_par' dir='ltr' id='par_1_8' title="bbox 249 825 1775 898">
     <span class='ocr_line' id='line_1_8' title="bbox 249 825 1775 898; baseline -0.002 -19"><span class='ocrx_word' id='word_1_30' title='bbox 249 827 503 896; x_wconf 79' lang='grc' dir='ltr'><strong>θήσομαι</strong></span> <span class='ocrx_word' id='word_1_31' title='bbox 526 831 621 882; x_wconf 79' lang='grc' dir='ltr'><strong>ἐπὶ</strong></span> <span class='ocrx_word' id='word_1_32' title='bbox 648 829 726 894; x_wconf 84' lang='grc' dir='ltr'><strong>τῷ</strong></span> <span class='ocrx_word' id='word_1_33' title='bbox 752 831 953 896; x_wconf 82' lang='grc' dir='ltr'><strong>Κυρίῳ.</strong></span> <span class='ocrx_word' id='word_1_34' title='bbox 984 828 1101 898; x_wconf 82' lang='grc' dir='ltr'><strong>Εἴη,</strong></span> <span class='ocrx_word' id='word_1_35' title='bbox 1130 826 1277 896; x_wconf 80' lang='grc' dir='ltr'><strong>φησὶ,</strong></span> <span class='ocrx_word' id='word_1_36' title='bbox 1310 826 1529 878; x_wconf 87' lang='grc' dir='ltr'><strong>τοιαῦτὰ</strong></span> <span class='ocrx_word' id='word_1_37' title='bbox 1560 843 1623 896; x_wconf 88' lang='grc' dir='ltr'><strong>με</strong></span> <span class='ocrx_word' id='word_1_38' title='bbox 1650 825 1775 895; x_wconf 78' lang='grc' dir='ltr'><strong>ᾆσαι</strong></span> 
     </span>
    </p>
   </div>
   <div class='ocr_carea' id='block_1_9' title="bbox 248 915 1775 988">
    <p class='ocr_par' dir='ltr' id='par_1_9' title="bbox 248 915 1775 988">
     <span class='ocr_line' id='line_1_9' title="bbox 248 915 1775 988; baseline -0.001 -21"><span class='ocrx_word' id='word_1_39' title='bbox 248 916 342 967; x_wconf 73' lang='grc' dir='ltr'><strong>καὶ</strong></span> <span class='ocrx_word' id='word_1_40' title='bbox 372 917 555 984; x_wconf 77' lang='grc' dir='ltr'><strong>ψάλαι,</strong></span> <span class='ocrx_word' id='word_1_41' title='bbox 586 918 657 980; x_wconf 82' lang='grc' dir='ltr'><strong>ὡς</strong></span> <span class='ocrx_word' id='word_1_42' title='bbox 681 919 962 988; x_wconf 82' lang='grc' dir='ltr'><strong>ήδυνθῆναι</strong></span> <span class='ocrx_word' id='word_1_43' title='bbox 990 917 1132 986; x_wconf 76' lang='grc' dir='ltr'><strong>αὐτῷ</strong></span> <span class='ocrx_word' id='word_1_44' title='bbox 1164 917 1251 968; x_wconf 83' lang='grc' dir='ltr'><strong>τὸν</strong></span> <span class='ocrx_word' id='word_1_45' title='bbox 1277 915 1407 983; x_wconf 87' lang='grc' dir='ltr'><strong>ἐμοῦ</strong></span> <span class='ocrx_word' id='word_1_46' title='bbox 1432 915 1654 984; x_wconf 84' lang='grc' dir='ltr'><strong>καρπὸν,</strong></span> <span class='ocrx_word' id='word_1_47' title='bbox 1681 915 1775 984; x_wconf 80' lang='grc' dir='ltr'><strong>τὴν</strong></span> 
     </span>
    </p>
   </div>
   <div class='ocr_carea' id='block_1_10' title="bbox 246 1003 1774 1077">
    <p class='ocr_par' dir='ltr' id='par_1_10' title="bbox 246 1003 1774 1077">
     <span class='ocr_line' id='line_1_10' title="bbox 246 1003 1774 1077; baseline 0 -22"><span class='ocrx_word' id='word_1_48' title='bbox 246 1003 495 1076; x_wconf 79' lang='grc' dir='ltr'><strong>διαλογήν</strong></span> <span class='ocrx_word' id='word_1_49' title='bbox 544 1024 677 1076; x_wconf 73' lang='grc' dir='ltr'><strong>μουο</strong></span> <span class='ocrx_word' id='word_1_50' title='bbox 718 1007 956 1060; x_wconf 80' lang='grc' dir='ltr'><strong>τουτέστι</strong></span> <span class='ocrx_word' id='word_1_51' title='bbox 991 1008 1088 1077; x_wconf 83' lang='grc' dir='ltr'><strong>τὴν</strong></span> <span class='ocrx_word' id='word_1_52' title='bbox 1118 1006 1339 1069; x_wconf 80' lang='grc' dir='ltr'><strong>διάλεξίν</strong></span> <span class='ocrx_word' id='word_1_53' title='bbox 1373 1023 1491 1075; x_wconf 91' lang='grc' dir='ltr'><strong>μου,</strong></span> <span class='ocrx_word' id='word_1_54' title='bbox 1528 1004 1622 1074; x_wconf 84' lang='grc' dir='ltr'><strong>τὴν</strong></span> <span class='ocrx_word' id='word_1_55' title='bbox 1652 1005 1774 1073; x_wconf 78' lang='grc' dir='ltr'><strong>ὁμι-</strong></span> 
     </span>
    </p>
   </div>
   <div class='ocr_carea' id='block_1_11' title="bbox 246 1088 1774 1166">
    <p class='ocr_par' dir='ltr' id='par_1_11' title="bbox 246 1088 1774 1166">
     <span class='ocr_line' id='line_1_11' title="bbox 246 1088 1774 1166; baseline 0.005 -26"><span class='ocrx_word' id='word_1_56' title='bbox 246 1088 364 1143; x_wconf 83' lang='grc' dir='ltr'><strong>λίαν</strong></span> <span class='ocrx_word' id='word_1_57' title='bbox 399 1110 516 1161; x_wconf 85' lang='grc' dir='ltr'><strong>μου,</strong></span> <span class='ocrx_word' id='word_1_58' title='bbox 549 1097 643 1164; x_wconf 78' lang='grc' dir='ltr'><strong>τὴν</strong></span> <span class='ocrx_word' id='word_1_59' title='bbox 671 1094 898 1147; x_wconf 74' lang='grc' dir='ltr'><strong>αίνεσιν⁵</strong></span> <span class='ocrx_word' id='word_1_60' title='bbox 934 1098 961 1147; x_wconf 99' lang='lat'><strong>6</strong></span> <span class='ocrx_word' id='word_1_61' title='bbox 1012 1096 1112 1166; x_wconf 83' lang='grc' dir='ltr'><strong>γὰρ</strong></span> <span class='ocrx_word' id='word_1_62' title='bbox 1153 1096 1361 1163; x_wconf 74' lang='grc' dir='ltr'><strong>ψάλλων</strong></span> <span class='ocrx_word' id='word_1_63' title='bbox 1388 1094 1503 1164; x_wconf 80' lang='grc' dir='ltr'><strong>Θεῷ</strong></span> <span class='ocrx_word' id='word_1_64' title='bbox 1541 1096 1774 1162; x_wconf 85' lang='grc' dir='ltr'><strong>διαλέγε-</strong></span> 
     </span>
    </p>
   </div>
   <div class='ocr_carea' id='block_1_12' title="bbox 245 1183 1774 1253">
    <p class='ocr_par' dir='ltr' id='par_1_12' title="bbox 245 1183 1774 1253">
     <span class='ocr_line' id='line_1_12' title="bbox 245 1183 1774 1253; baseline 0.006 -23"><span class='ocrx_word' id='word_1_65' title='bbox 245 1194 356 1233; x_wconf 83' lang='grc' dir='ltr'><strong>ται.</strong></span> <span class='ocrx_word' id='word_1_66' title='bbox 390 1183 453 1233; x_wconf 91' lang='grc' dir='ltr'><strong>Τί</strong></span> <span class='ocrx_word' id='word_1_67' title='bbox 482 1184 537 1234; x_wconf 83' lang='grc' dir='ltr'><strong>δέ</strong></span> <span class='ocrx_word' id='word_1_68' title='bbox 578 1185 742 1248; x_wconf 83' lang='grc' dir='ltr'><strong>ἐστιν,</strong></span> <span class='ocrx_word' id='word_1_69' title='bbox 793 1184 1083 1251; x_wconf 74' lang='grc' dir='ltr'><strong>Ἠδυνθειή</strong></span> <span class='ocrx_word' id='word_1_70' title='bbox 1117 1185 1271 1250; x_wconf 85' lang='grc' dir='ltr'><strong>αὐτῷ</strong></span> <span class='ocrx_word' id='word_1_71' title='bbox 1298 1188 1333 1253; x_wconf 72' lang='grc' dir='ltr'>ἡ</span> <span class='ocrx_word' id='word_1_72' title='bbox 1363 1183 1604 1253; x_wconf 71' lang='grc' dir='ltr'><strong>διαλογὴ</strong></span> <span class='ocrx_word' id='word_1_73' title='bbox 1629 1203 1774 1252; x_wconf 63' lang='lat' dir='ltr'><strong>you;</strong></span> 
     </span>
    </p>
   </div>
   <div class='ocr_carea' id='block_1_13' title="bbox 244 1269 1775 1345">
    <p class='ocr_par' dir='ltr' id='par_1_13' title="bbox 244 1269 1775 1345">
     <span class='ocr_line' id='line_1_13' title="bbox 244 1269 1775 1345; baseline 0.005 -26"><span class='ocrx_word' id='word_1_74' title='bbox 244 1269 625 1338; x_wconf 77' lang='grc' dir='ltr'><strong>εὐπρόσδεκτος</strong></span> <span class='ocrx_word' id='word_1_75' title='bbox 674 1275 899 1338; x_wconf 88' lang='grc' dir='ltr'><strong>γένοιτο,</strong></span> <span class='ocrx_word' id='word_1_76' title='bbox 951 1275 1137 1344; x_wconf 81' lang='grc' dir='ltr'>ἀρέσαι</span> <span class='ocrx_word' id='word_1_77' title='bbox 1183 1276 1409 1345; x_wconf 80' lang='grc' dir='ltr'><strong>δεχθείη,</strong></span> <span class='ocrx_word' id='word_1_78' title='bbox 1453 1276 1635 1345; x_wconf 79' lang='grc' dir='ltr'><strong>ἡδίστη</strong></span> <span class='ocrx_word' id='word_1_79' title='bbox 1685 1276 1775 1327; x_wconf 74' lang='grc' dir='ltr'><strong>καὶ</strong></span> 
     </span>
    </p>
   </div>
   <div class='ocr_carea' id='block_1_14' title="bbox 242 1360 1773 1434">
    <p class='ocr_par' dir='ltr' id='par_1_14' title="bbox 242 1360 1773 1434">
     <span class='ocr_line' id='line_1_14' title="bbox 242 1360 1773 1434; baseline 0.006 -27"><span class='ocrx_word' id='word_1_80' title='bbox 242 1362 577 1429; x_wconf 82' lang='grc' dir='ltr'><strong>τερπνοτάτη</strong></span> <span class='ocrx_word' id='word_1_81' title='bbox 634 1362 813 1431; x_wconf 68' lang='grc' dir='ltr'><strong>ότρϐείη</strong></span> <span class='ocrx_word' id='word_1_82' title='bbox 868 1363 943 1432; x_wconf 81' lang='grc' dir='ltr'><strong>τῷ</strong></span> <span class='ocrx_word' id='word_1_83' title='bbox 985 1363 1117 1430; x_wconf 86' lang='grc' dir='ltr'><strong>Θεῷ.</strong></span> <span class='ocrx_word' id='word_1_84' title='bbox 1168 1366 1304 1434; x_wconf 84' lang='grc' dir='ltr'><strong>’Λρα</strong></span> <span class='ocrx_word' id='word_1_85' title='bbox 1350 1367 1382 1434; x_wconf 82' lang='grc' dir='ltr'>ἡ</span> <span class='ocrx_word' id='word_1_86' title='bbox 1438 1365 1567 1433; x_wconf 81' lang='grc' dir='ltr'>εὐχὴ</span> <span class='ocrx_word' id='word_1_87' title='bbox 1629 1360 1773 1417; x_wconf 71' lang='grc' dir='ltr'><strong>οὐδὲν</strong></span> 
     </span>
    </p>
   </div>
   <div class='ocr_carea' id='block_1_15' title="bbox 242 1446 1774 1523">
    <p class='ocr_par' dir='ltr' id='par_1_15' title="bbox 242 1446 1774 1523">
     <span class='ocr_line' id='line_1_15' title="bbox 242 1446 1774 1523; baseline 0.005 -25"><span class='ocrx_word' id='word_1_88' title='bbox 242 1446 431 1514; x_wconf 73' lang='grc' dir='ltr'><strong>ἕτερόν</strong></span> <span class='ocrx_word' id='word_1_89' title='bbox 458 1451 596 1502; x_wconf 80' lang='grc' dir='ltr'><strong>ἐστιν</strong></span> <span class='ocrx_word' id='word_1_90' title='bbox 633 1451 664 1519; x_wconf 80' lang='grc' dir='ltr'>ἦ</span> <span class='ocrx_word' id='word_1_91' title='bbox 699 1451 921 1515; x_wconf 74' lang='grc' dir='ltr'><strong>διάλεξις</strong></span> <span class='ocrx_word' id='word_1_92' title='bbox 953 1449 1085 1523; x_wconf 73' lang='grc' dir='ltr'><strong>πρὸς</strong></span> <span class='ocrx_word' id='word_1_93' title='bbox 1117 1452 1262 1506; x_wconf 81' lang='grc' dir='ltr'><strong>Θεόν.</strong></span> <span class='ocrx_word' id='word_1_94' title='bbox 1300 1450 1569 1522; x_wconf 80' lang='grc' dir='ltr'><strong>Ἐννόησον</strong></span> <span class='ocrx_word' id='word_1_95' title='bbox 1603 1452 1774 1505; x_wconf 86' lang='grc' dir='ltr'><strong>τοίνυν</strong></span> 
     </span>
    </p>
   </div>
   <div class='ocr_carea' id='block_1_16' title="bbox 240 1534 1774 1612">
    <p class='ocr_par' dir='ltr' id='par_1_16' title="bbox 240 1534 1774 1612">
     <span class='ocr_line' id='line_1_16' title="bbox 240 1534 1774 1612; baseline 0.007 -28"><span class='ocrx_word' id='word_1_96' title='bbox 240 1534 340 1603; x_wconf 83' lang='grc' dir='ltr'><strong>τὴν</strong></span> <span class='ocrx_word' id='word_1_97' title='bbox 366 1534 692 1605; x_wconf 75' lang='grc' dir='ltr'><strong>ψαλμῳδίαν,</strong></span> <span class='ocrx_word' id='word_1_98' title='bbox 718 1542 773 1590; x_wconf 85' lang='grc' dir='ltr'><strong>ἐν</strong></span> <span class='ocrx_word' id='word_1_99' title='bbox 794 1540 920 1608; x_wconf 81' lang='grc' dir='ltr'><strong>αὐτῇ</strong></span> <span class='ocrx_word' id='word_1_100' title='bbox 946 1544 1040 1609; x_wconf 72' lang='grc' dir='ltr'><strong>τὴν</strong></span> <span class='ocrx_word' id='word_1_101' title='bbox 1065 1534 1553 1612; x_wconf 67' lang='grc' dir='ltr'><strong>ἀμοιϐὴνὲχουσαν.</strong></span> <span class='ocrx_word' id='word_1_102' title='bbox 1578 1542 1641 1593; x_wconf 91' lang='grc' dir='ltr'><strong>Τί</strong></span> <span class='ocrx_word' id='word_1_103' title='bbox 1667 1543 1774 1612; x_wconf 77' lang='grc' dir='ltr'><strong>γὰρ</strong></span> 
     </span>
    </p>
   </div>
   <div class='ocr_carea' id='block_1_17' title="bbox 244 1624 1773 1700">
    <p class='ocr_par' dir='ltr' id='par_1_17' title="bbox 244 1624 1773 1700">
     <span class='ocr_line' id='line_1_17' title="bbox 244 1624 1773 1700; baseline 0.007 -26"><span class='ocrx_word' id='word_1_104' title='bbox 244 1624 358 1676; x_wconf 75' lang='grc' dir='ltr'><strong>ἴσον</strong></span> <span class='ocrx_word' id='word_1_105' title='bbox 403 1626 589 1692; x_wconf 81' lang='grc' dir='ltr'><strong>γένοιτ’</strong></span> <span class='ocrx_word' id='word_1_106' title='bbox 622 1628 687 1679; x_wconf 83' lang='grc' dir='ltr'><strong>ἂν</strong></span> <span class='ocrx_word' id='word_1_107' title='bbox 727 1626 817 1679; x_wconf 88' lang='grc' dir='ltr'><strong>τοῦ</strong></span> <span class='ocrx_word' id='word_1_108' title='bbox 855 1628 969 1698; x_wconf 85' lang='grc' dir='ltr'><strong>Θεῷ</strong></span> <span class='ocrx_word' id='word_1_109' title='bbox 1013 1630 1379 1698; x_wconf 80' lang='grc' dir='ltr'><strong>διαλέγεσθαι;</strong></span> <span class='ocrx_word' id='word_1_110' title='bbox 1446 1628 1507 1683; x_wconf 83' lang='grc' dir='ltr'>Ἡ</span> <span class='ocrx_word' id='word_1_111' title='bbox 1555 1626 1773 1700; x_wconf 77' lang='grc' dir='ltr'><strong>τοιαύτη</strong></span> 
     </span>
    </p>
   </div>
   <div class='ocr_carea' id='block_1_18' title="bbox 239 1712 1776 1789">
    <p class='ocr_par' dir='ltr' id='par_1_18' title="bbox 239 1712 1776 1789">
     <span class='ocr_line' id='line_1_18' title="bbox 239 1712 1776 1789; baseline 0.005 -26"><span class='ocrx_word' id='word_1_112' title='bbox 239 1712 486 1782; x_wconf 73' lang='grc' dir='ltr'><strong>Θορύϐων</strong></span> <span class='ocrx_word' id='word_1_113' title='bbox 519 1716 903 1770; x_wconf 80' lang='grc' dir='ltr'><strong>ἀπαλλάττεται</strong></span> <span class='ocrx_word' id='word_1_114' title='bbox 946 1718 1110 1787; x_wconf 71' lang='grc' dir='ltr'><strong>ψυχὴ,</strong></span> <span class='ocrx_word' id='word_1_115' title='bbox 1150 1722 1227 1782; x_wconf 88' lang='grc' dir='ltr'><strong>είς</strong></span> <span class='ocrx_word' id='word_1_116' title='bbox 1270 1720 1358 1772; x_wconf 85' lang='grc' dir='ltr'><strong>τὸν</strong></span> <span class='ocrx_word' id='word_1_117' title='bbox 1390 1720 1606 1789; x_wconf 76' lang='grc' dir='ltr'><strong>οὐρανὸν</strong></span> <span class='ocrx_word' id='word_1_118' title='bbox 1651 1719 1776 1789; x_wconf 77' lang='grc' dir='ltr'><strong>μεθ·-</strong></span> 
     </span>
    </p>
   </div>
   <div class='ocr_carea' id='block_1_19' title="bbox 240 1799 1775 1876">
    <p class='ocr_par' dir='ltr' id='par_1_19' title="bbox 240 1799 1775 1876">
     <span class='ocr_line' id='line_1_19' title="bbox 240 1799 1775 1876; baseline 0.007 -27"><span class='ocrx_word' id='word_1_119' title='bbox 240 1799 477 1862; x_wconf 83' lang='grc' dir='ltr'><strong>ίσταται,</strong></span> <span class='ocrx_word' id='word_1_120' title='bbox 501 1801 604 1852; x_wconf 81' lang='grc' dir='ltr'><strong>τῶν</strong></span> <span class='ocrx_word' id='word_1_121' title='bbox 622 1803 920 1872; x_wconf 83' lang='grc' dir='ltr'>συνδέσμων</span> <span class='ocrx_word' id='word_1_122' title='bbox 939 1804 1030 1857; x_wconf 89' lang='grc' dir='ltr'><strong>τοῦ</strong></span> <span class='ocrx_word' id='word_1_123' title='bbox 1054 1805 1295 1876; x_wconf 86' lang='grc' dir='ltr'><strong>σώματος</strong></span> <span class='ocrx_word' id='word_1_124' title='bbox 1317 1807 1618 1870; x_wconf 84' lang='grc' dir='ltr'><strong>ἀπολύεται,</strong></span> <span class='ocrx_word' id='word_1_125' title='bbox 1652 1825 1775 1859; x_wconf 79' lang='grc' dir='ltr'><strong>πτε-</strong></span> 
     </span>
    </p>
   </div>
   <div class='ocr_carea' id='block_1_20' title="bbox 239 1888 1769 1965">
    <p class='ocr_par' dir='ltr' id='par_1_20' title="bbox 239 1888 1769 1965">
     <span class='ocr_line' id='line_1_20' title="bbox 239 1888 1769 1965; baseline 0.007 -26"><span class='ocrx_word' id='word_1_126' title='bbox 239 1888 449 1956; x_wconf 88' lang='grc' dir='ltr'><strong>ροῦται,</strong></span> <span class='ocrx_word' id='word_1_127' title='bbox 488 1891 779 1961; x_wconf 78' lang='grc' dir='ltr'><strong>κουφοτέρα</strong></span> <span class='ocrx_word' id='word_1_128' title='bbox 813 1893 1142 1957; x_wconf 78' lang='grc' dir='ltr'><strong>καθίσταται,</strong></span> <span class='ocrx_word' id='word_1_129' title='bbox 1173 1896 1475 1949; x_wconf 80' lang='grc' dir='ltr'><strong>ἀποτίθεται</strong></span> <span class='ocrx_word' id='word_1_130' title='bbox 1507 1897 1574 1949; x_wconf 82' lang='grc' dir='ltr'><strong>τὰ</strong></span> <span class='ocrx_word' id='word_1_131' title='bbox 1603 1897 1769 1965; x_wconf 86' lang='grc' dir='ltr'><strong>πάθη,</strong></span> 
     </span>
    </p>
   </div>
   <div class='ocr_carea' id='block_1_21' title="bbox 235 1977 1773 2057">
    <p class='ocr_par' dir='ltr' id='par_1_21' title="bbox 235 1977 1773 2057">
     <span class='ocr_line' id='line_1_21' title="bbox 235 1977 1773 2057; baseline 0.007 -29"><span class='ocrx_word' id='word_1_132' title='bbox 235 1977 527 2030; x_wconf 77' lang='grc' dir='ltr'><strong>ἀποδύεται</strong></span> <span class='ocrx_word' id='word_1_133' title='bbox 552 1982 617 2034; x_wconf 81' lang='grc' dir='ltr'><strong>τὰ</strong></span> <span class='ocrx_word' id='word_1_134' title='bbox 644 1984 929 2051; x_wconf 83' lang='grc' dir='ltr'><strong>νοσήματα.</strong></span> <span class='ocrx_word' id='word_1_135' title='bbox 980 1986 1041 2037; x_wconf 73' lang='lat' dir='ltr'><strong>Et</strong></span> <span class='ocrx_word' id='word_1_136' title='bbox 1066 1984 1170 2054; x_wconf 85' lang='grc' dir='ltr'><strong>γὰρ</strong></span> <span class='ocrx_word' id='word_1_137' title='bbox 1190 1986 1450 2057; x_wconf 79' lang='grc' dir='ltr'><strong>ἀνθρώπῳ</strong></span> <span class='ocrx_word' id='word_1_138' title='bbox 1470 2005 1551 2050; x_wconf 87' lang='grc' dir='ltr'><strong>τις</strong></span> <span class='ocrx_word' id='word_1_139' title='bbox 1576 1988 1773 2056; x_wconf 86' lang='grc' dir='ltr'><strong>συνετῷ</strong></span> 
     </span>
    </p>
   </div>
   <div class='ocr_carea' id='block_1_22' title="bbox 236 2067 1775 2147">
    <p class='ocr_par' dir='ltr' id='par_1_22' title="bbox 236 2067 1775 2147">
     <span class='ocr_line' id='line_1_22' title="bbox 236 2067 1775 2147; baseline 0.008 -29"><span class='ocrx_word' id='word_1_140' title='bbox 236 2067 333 2119; x_wconf 75' lang='grc' dir='ltr'><strong>καὶ</strong></span> <span class='ocrx_word' id='word_1_141' title='bbox 382 2067 505 2120; x_wconf 90' lang='grc' dir='ltr'><strong>νοῦν</strong></span> <span class='ocrx_word' id='word_1_142' title='bbox 550 2069 718 2138; x_wconf 78' lang='grc' dir='ltr'><strong>ἔχοντι</strong></span> <span class='ocrx_word' id='word_1_143' title='bbox 762 2073 1159 2142; x_wconf 86' lang='grc' dir='ltr'><strong>διαλεγόμενος,</strong></span> <span class='ocrx_word' id='word_1_144' title='bbox 1202 2077 1307 2129; x_wconf 82' lang='grc' dir='ltr'><strong>ἀπὸ</strong></span> <span class='ocrx_word' id='word_1_145' title='bbox 1346 2078 1442 2147; x_wconf 80' lang='grc' dir='ltr'><strong>τῆς</strong></span> <span class='ocrx_word' id='word_1_146' title='bbox 1480 2075 1688 2147; x_wconf 79' lang='grc' dir='ltr'><strong>ὁμιλίας</strong></span> <span class='ocrx_word' id='word_1_147' title='bbox 1723 2095 1775 2130; x_wconf 89' lang='grc' dir='ltr'><strong>τι</strong></span> 
     </span>
    </p>
   </div>
   <div class='ocr_carea' id='block_1_23' title="bbox 235 2156 1778 2239">
    <p class='ocr_par' dir='ltr' id='par_1_23' title="bbox 235 2156 1778 2239">
     <span class='ocr_line' id='line_1_23' title="bbox 235 2156 1778 2239; baseline 0.006 -31"><span class='ocrx_word' id='word_1_148' title='bbox 235 2156 505 2226; x_wconf 80' lang='grc' dir='ltr'><strong>κερδάνας</strong></span> <span class='ocrx_word' id='word_1_149' title='bbox 548 2158 854 2229; x_wconf 82' lang='grc' dir='ltr'><strong>ἀπέρχεται,</strong></span> <span class='ocrx_word' id='word_1_150' title='bbox 883 2159 911 2213; x_wconf 87' lang='lat'><strong>6</strong></span> <span class='ocrx_word' id='word_1_151' title='bbox 958 2161 1091 2232; x_wconf 88' lang='grc' dir='ltr'><strong>πρὸς</strong></span> <span class='ocrx_word' id='word_1_152' title='bbox 1143 2162 1232 2215; x_wconf 82' lang='grc' dir='ltr'><strong>τὸν</strong></span> <span class='ocrx_word' id='word_1_153' title='bbox 1284 2164 1669 2239; x_wconf 24' lang='grc' dir='ltr'><strong>Θεὸν-ὁμιλῶν,</strong></span> <span class='ocrx_word' id='word_1_154' title='bbox 1696 2180 1778 2217; x_wconf 84' lang='grc' dir='ltr'><strong>εν-</strong></span> 
     </span>
    </p>
   </div>
   <div class='ocr_carea' id='block_1_24' title="bbox 233 2242 1777 2323">
    <p class='ocr_par' dir='ltr' id='par_1_24' title="bbox 233 2242 1777 2323">
     <span class='ocr_line' id='line_1_24' title="bbox 233 2242 1777 2323; baseline 0.006 -26"><span class='ocrx_word' id='word_1_155' title='bbox 233 2247 431 2315; x_wconf 87' lang='grc' dir='ltr'><strong>νόησον</strong></span> <span class='ocrx_word' id='word_1_156' title='bbox 474 2242 641 2317; x_wconf 86' lang='grc' dir='ltr'><strong>πόσην</strong></span> <span class='ocrx_word' id='word_1_157' title='bbox 688 2248 1028 2319; x_wconf 84' lang='grc' dir='ltr'><strong>καρπώσεται</strong></span> <span class='ocrx_word' id='word_1_158' title='bbox 1068 2250 1164 2321; x_wconf 76' lang='grc' dir='ltr'><strong>τὴν</strong></span> <span class='ocrx_word' id='word_1_159' title='bbox 1200 2253 1413 2323; x_wconf 81' lang='grc' dir='ltr'><strong>ἀρετήν.</strong></span> <span class='ocrx_word' id='word_1_160' title='bbox 1441 2255 1581 2323; x_wconf 83' lang='grc' dir='ltr'><strong>Ἀρα</strong></span> <span class='ocrx_word' id='word_1_161' title='bbox 1614 2250 1777 2323; x_wconf 74' lang='grc' dir='ltr'><strong>ὕμνος</strong></span> 
     </span>
    </p>
   </div>
   <div class='ocr_carea' id='block_1_25' title="bbox 234 2336 1776 2410">
    <p class='ocr_par' dir='ltr' id='par_1_25' title="bbox 234 2336 1776 2410">
     <span class='ocr_line' id='line_1_25' title="bbox 234 2336 1776 2410; baseline 0.007 -23"><span class='ocrx_word' id='word_1_162' title='bbox 234 2336 396 2389; x_wconf 80' lang='grc' dir='ltr'><strong>τοῦτό</strong></span> <span class='ocrx_word' id='word_1_163' title='bbox 438 2339 579 2389; x_wconf 83' lang='grc' dir='ltr'><strong>ἐστιν</strong></span> <span class='ocrx_word' id='word_1_164' title='bbox 619 2336 652 2408; x_wconf 81' lang='grc' dir='ltr'><strong>ἠ</strong></span> <span class='ocrx_word' id='word_1_165' title='bbox 696 2339 828 2408; x_wconf 79' lang='grc' dir='ltr'><strong>πρὸς</strong></span> <span class='ocrx_word' id='word_1_166' title='bbox 866 2340 993 2392; x_wconf 75' lang='grc' dir='ltr'><strong>Θεὸν</strong></span> <span class='ocrx_word' id='word_1_167' title='bbox 1042 2339 1237 2410; x_wconf 85' lang='grc' dir='ltr'><strong>ὁμιλία.</strong></span> <span class='ocrx_word' id='word_1_168' title='bbox 1284 2342 1408 2406; x_wconf 82' lang='grc' dir='ltr'><strong>Πῶς</strong></span> <span class='ocrx_word' id='word_1_169' title='bbox 1440 2344 1485 2397; x_wconf 85' lang='grc' dir='ltr'><strong>δ’</strong></span> <span class='ocrx_word' id='word_1_170' title='bbox 1533 2345 1599 2397; x_wconf 88' lang='grc' dir='ltr'><strong>ἂν</strong></span> <span class='ocrx_word' id='word_1_171' title='bbox 1643 2342 1776 2409; x_wconf 76' lang='grc' dir='ltr'><strong>αῦτη</strong></span> 
     </span>
    </p>
   </div>
   <div class='ocr_carea' id='block_1_26' title="bbox 232 2425 1776 2502">
    <p class='ocr_par' dir='ltr' id='par_1_26' title="bbox 232 2425 1776 2502">
     <span class='ocr_line' id='line_1_26' title="bbox 232 2425 1776 2502; baseline 0.006 -26"><span class='ocrx_word' id='word_1_172' title='bbox 232 2425 488 2496; x_wconf 75' lang='grc' dir='ltr'><strong>ἡδυνθείη</strong></span> <span class='ocrx_word' id='word_1_173' title='bbox 528 2426 601 2496; x_wconf 86' lang='grc' dir='ltr'><strong>τῷ</strong></span> <span class='ocrx_word' id='word_1_174' title='bbox 641 2426 791 2496; x_wconf 81' lang='grc' dir='ltr'><strong>Θεῷ;</strong></span> <span class='ocrx_word' id='word_1_175' title='bbox 829 2430 886 2480; x_wconf 75' lang='lat' dir='ltr'><strong>El</strong></span> <span class='ocrx_word' id='word_1_176' title='bbox 922 2429 1028 2491; x_wconf 88' lang='grc' dir='ltr'><strong>βίος</strong></span> <span class='ocrx_word' id='word_1_177' title='bbox 1063 2431 1144 2498; x_wconf 72' lang='grc' dir='ltr'><strong>εἴη</strong></span> <span class='ocrx_word' id='word_1_178' title='bbox 1168 2430 1418 2499; x_wconf 81' lang='grc' dir='ltr'><strong>καθαρὸς,</strong></span> <span class='ocrx_word' id='word_1_179' title='bbox 1450 2434 1496 2485; x_wconf 86' lang='grc' dir='ltr'><strong>εί</strong></span> <span class='ocrx_word' id='word_1_180' title='bbox 1524 2431 1664 2502; x_wconf 78' lang='grc' dir='ltr'>ψυχὴ</span> <span class='ocrx_word' id='word_1_181' title='bbox 1690 2451 1776 2502; x_wconf 84' lang='grc' dir='ltr'><strong>φι-</strong></span> 
     </span>
    </p>
   </div>
   <div class='ocr_carea' id='block_1_27' title="bbox 232 2513 1778 2596">
    <p class='ocr_par' dir='ltr' id='par_1_27' title="bbox 232 2513 1778 2596">
     <span class='ocr_line' id='line_1_27' title="bbox 232 2513 1778 2596; baseline 0.007 -29"><span class='ocrx_word' id='word_1_182' title='bbox 232 2513 559 2584; x_wconf 81' lang='grc' dir='ltr'><strong>λοσοφοῦσα.</strong></span> <span class='ocrx_word' id='word_1_183' title='bbox 587 2514 750 2570; x_wconf 85' lang='grc' dir='ltr'><strong>Ὅταν</strong></span> <span class='ocrx_word' id='word_1_184' title='bbox 783 2519 888 2589; x_wconf 78' lang='grc' dir='ltr'><strong>γὰρ</strong></span> <span class='ocrx_word' id='word_1_185' title='bbox 929 2522 1101 2574; x_wconf 81' lang='grc' dir='ltr'><strong>πᾶσαν</strong></span> <span class='ocrx_word' id='word_1_186' title='bbox 1136 2520 1411 2592; x_wconf 82' lang='grc' dir='ltr'><strong>ἁναλώσῃς</strong></span> <span class='ocrx_word' id='word_1_187' title='bbox 1450 2524 1544 2594; x_wconf 82' lang='grc' dir='ltr'><strong>τὴν</strong></span> <span class='ocrx_word' id='word_1_188' title='bbox 1573 2522 1778 2596; x_wconf 79' lang='grc' dir='ltr'><strong>ἡμέραν</strong></span> 
     </span>
    </p>
   </div>
   <div class='ocr_carea' id='block_1_28' title="bbox 234 2604 1779 2681">
    <p class='ocr_par' dir='ltr' id='par_1_28' title="bbox 234 2604 1779 2681">
     <span class='ocr_line' id='line_1_28' title="bbox 234 2604 1779 2681; baseline 0.008 -27"><span class='ocrx_word' id='word_1_189' title='bbox 234 2604 554 2672; x_wconf 77' lang='grc' dir='ltr'><strong>εὐχόμενος,</strong></span> <span class='ocrx_word' id='word_1_190' title='bbox 587 2606 686 2674; x_wconf 83' lang='grc' dir='ltr'><strong>τῆς</strong></span> <span class='ocrx_word' id='word_1_191' title='bbox 718 2607 981 2669; x_wconf 83' lang='grc' dir='ltr'><strong>πολιτείας</strong></span> <span class='ocrx_word' id='word_1_192' title='bbox 1004 2609 1472 2681; x_wconf 76' lang='grc' dir='ltr'><strong>ἀντιπραττούσης,</strong></span> <span class='ocrx_word' id='word_1_193' title='bbox 1499 2614 1595 2666; x_wconf 84' lang='grc' dir='ltr'><strong>οὐκ</strong></span> <span class='ocrx_word' id='word_1_194' title='bbox 1621 2615 1779 2667; x_wconf 82' lang='grc' dir='ltr'><strong>ἀκου-</strong></span> 
     </span>
    </p>
   </div>
   <div class='ocr_carea' id='block_1_29' title="bbox 236 2691 1775 2773">
    <p class='ocr_par' dir='ltr' id='par_1_29' title="bbox 236 2691 1775 2773">
     <span class='ocr_line' id='line_1_29' title="bbox 236 2691 1775 2773; baseline 0.008 -30"><span class='ocrx_word' id='word_1_195' title='bbox 236 2691 416 2762; x_wconf 81' lang='grc' dir='ltr'>σθήσῃ</span> <span class='ocrx_word' id='word_1_196' title='bbox 452 2692 661 2762; x_wconf 73' lang='grc' dir='ltr'><strong>ῥᾳδίως,</strong></span> <span class='ocrx_word' id='word_1_197' title='bbox 687 2694 745 2746; x_wconf 84' lang='grc' dir='ltr'><strong>ού</strong></span> <span class='ocrx_word' id='word_1_198' title='bbox 778 2696 934 2763; x_wconf 87' lang='grc' dir='ltr'><strong>μόνον</strong></span> <span class='ocrx_word' id='word_1_199' title='bbox 959 2698 1131 2761; x_wconf 78' lang='grc' dir='ltr'><strong>αὐτὸς,</strong></span> <span class='ocrx_word' id='word_1_200' title='bbox 1163 2700 1274 2752; x_wconf 76' lang='grc' dir='ltr'><strong>ἀλλ’</strong></span> <span class='ocrx_word' id='word_1_201' title='bbox 1303 2700 1408 2753; x_wconf 79' lang='grc' dir='ltr'><strong>οὐδ’</strong></span> <span class='ocrx_word' id='word_1_202' title='bbox 1436 2702 1614 2772; x_wconf 85' lang='grc' dir='ltr'><strong>’ἑτερος</strong></span> <span class='ocrx_word' id='word_1_203' title='bbox 1640 2704 1775 2773; x_wconf 84' lang='grc' dir='ltr'><strong>ὑπὲρ</strong></span> 
     </span>
    </p>
   </div>
   <div class='ocr_carea' id='block_1_30' title="bbox 233 2781 1781 2861">
    <p class='ocr_par' dir='ltr' id='par_1_30' title="bbox 233 2781 1781 2861">
     <span class='ocr_line' id='line_1_30' title="bbox 233 2781 1781 2861; baseline 0.008 -29"><span class='ocrx_word' id='word_1_204' title='bbox 233 2781 337 2833; x_wconf 89' lang='grc' dir='ltr'><strong>σοῦ</strong></span> <span class='ocrx_word' id='word_1_205' title='bbox 366 2781 520 2833; x_wconf 89' lang='grc' dir='ltr'><strong>τοῦτο</strong></span> <span class='ocrx_word' id='word_1_206' title='bbox 545 2782 727 2835; x_wconf 83' lang='grc' dir='ltr'><strong>ποιῶν.</strong></span> <span class='ocrx_word' id='word_1_207' title='bbox 760 2785 938 2839; x_wconf 87' lang='grc' dir='ltr'><strong>Ταῦτα</strong></span> <span class='ocrx_word' id='word_1_208' title='bbox 959 2786 1013 2838; x_wconf 87' lang='grc' dir='ltr'><strong>δέ</strong></span> <span class='ocrx_word' id='word_1_209' title='bbox 1042 2787 1198 2856; x_wconf 85' lang='grc' dir='ltr'><strong>λέγω,</strong></span> <span class='ocrx_word' id='word_1_210' title='bbox 1239 2789 1336 2858; x_wconf 83' lang='grc' dir='ltr'><strong>οὐχ</strong></span> <span class='ocrx_word' id='word_1_211' title='bbox 1376 2790 1462 2844; x_wconf 83' lang='grc' dir='ltr'><strong>ἵνα</strong></span> <span class='ocrx_word' id='word_1_212' title='bbox 1508 2792 1579 2861; x_wconf 82' lang='grc' dir='ltr'><strong>μὴ</strong></span> <span class='ocrx_word' id='word_1_213' title='bbox 1622 2806 1781 2861; x_wconf 83' lang='grc' dir='ltr'><strong>προσ-</strong></span> 
     </span>
    </p>
   </div>
   <div class='ocr_carea' id='block_1_31' title="bbox 231 2870 1777 2949">
    <p class='ocr_par' dir='ltr' id='par_1_31' title="bbox 231 2870 1777 2949">
     <span class='ocr_line' id='line_1_31' title="bbox 231 2870 1777 2949; baseline 0.007 -26"><span class='ocrx_word' id='word_1_214' title='bbox 231 2870 550 2940; x_wconf 82' lang='grc' dir='ltr'><strong>ευχώμεθα,</strong></span> <span class='ocrx_word' id='word_1_215' title='bbox 585 2871 691 2923; x_wconf 78' lang='grc' dir='ltr'><strong>οὐδ’</strong></span> <span class='ocrx_word' id='word_1_216' title='bbox 721 2873 803 2925; x_wconf 82' lang='grc' dir='ltr'><strong>ἵνα</strong></span> <span class='ocrx_word' id='word_1_217' title='bbox 837 2874 909 2944; x_wconf 82' lang='grc' dir='ltr'><strong>μὴ</strong></span> <span class='ocrx_word' id='word_1_218' title='bbox 936 2875 1235 2946; x_wconf 71' lang='grc' dir='ltr'><strong>ψάλλωμεν,</strong></span> <span class='ocrx_word' id='word_1_219' title='bbox 1267 2880 1380 2931; x_wconf 73' lang='grc' dir='ltr'><strong>ἀλλ’</strong></span> <span class='ocrx_word' id='word_1_220' title='bbox 1415 2881 1499 2932; x_wconf 82' lang='grc' dir='ltr'><strong>ἵνα</strong></span> <span class='ocrx_word' id='word_1_221' title='bbox 1527 2882 1657 2949; x_wconf 86' lang='grc' dir='ltr'><strong>μετὰ</strong></span> <span class='ocrx_word' id='word_1_222' title='bbox 1687 2881 1777 2933; x_wconf 88' lang='grc' dir='ltr'><strong>τοῦ</strong></span> 
     </span>
    </p>
   </div>
   <div class='ocr_carea' id='block_1_32' title="bbox 230 2958 1779 3037">
    <p class='ocr_par' dir='ltr' id='par_1_32' title="bbox 230 2958 1779 3037">
     <span class='ocr_line' id='line_1_32' title="bbox 230 2958 1779 3037; baseline 0.005 -26"><span class='ocrx_word' id='word_1_223' title='bbox 230 2958 461 3026; x_wconf 75' lang='grc' dir='ltr'><strong>ψάλλειν</strong></span> <span class='ocrx_word' id='word_1_224' title='bbox 488 2959 579 3010; x_wconf 78' lang='grc' dir='ltr'><strong>καὶ</strong></span> <span class='ocrx_word' id='word_1_225' title='bbox 602 2959 711 3026; x_wconf 86' lang='grc' dir='ltr'><strong>βίου</strong></span> <span class='ocrx_word' id='word_1_226' title='bbox 739 2962 831 3013; x_wconf 70' lang='grc' dir='ltr'><strong>καὶ</strong></span> <span class='ocrx_word' id='word_1_227' title='bbox 854 2961 1117 3025; x_wconf 84' lang='grc' dir='ltr'><strong>πολιτείας</strong></span> <span class='ocrx_word' id='word_1_228' title='bbox 1137 2965 1531 3037; x_wconf 83' lang='grc' dir='ltr'><strong>ἐπιμελώμεθα.</strong></span> <span class='ocrx_word' id='word_1_229' title='bbox 1554 2969 1779 3037; x_wconf 84' lang='grc' dir='ltr'><strong>Νοήσεις</strong></span> 
     </span>
    </p>
   </div>
   <div class='ocr_carea' id='block_1_33' title="bbox 229 3048 1778 3127">
    <p class='ocr_par' dir='ltr' id='par_1_33' title="bbox 229 3048 1778 3127">
     <span class='ocr_line' id='line_1_33' title="bbox 229 3048 1778 3127; baseline 0.006 -26"><span class='ocrx_word' id='word_1_230' title='bbox 229 3050 293 3101; x_wconf 82' lang='grc' dir='ltr'><strong>δὲ</strong></span> <span class='ocrx_word' id='word_1_231' title='bbox 338 3049 432 3100; x_wconf 73' lang='grc' dir='ltr'><strong>τὸν</strong></span> <span class='ocrx_word' id='word_1_232' title='bbox 468 3048 643 3116; x_wconf 86' lang='grc' dir='ltr'><strong>στίχον</strong></span> <span class='ocrx_word' id='word_1_233' title='bbox 684 3050 775 3102; x_wconf 73' lang='grc' dir='ltr'><strong>καὶ</strong></span> <span class='ocrx_word' id='word_1_234' title='bbox 813 3050 1007 3113; x_wconf 71' lang='grc' dir='ltr'><strong>οὕτως·</strong></span> <span class='ocrx_word' id='word_1_235' title='bbox 1034 3053 1220 3105; x_wconf 78' lang='grc' dir='ltr'><strong>Πολλοὶ</strong></span> <span class='ocrx_word' id='word_1_236' title='bbox 1251 3056 1387 3108; x_wconf 77' lang='grc' dir='ltr'><strong>κατὰ</strong></span> <span class='ocrx_word' id='word_1_237' title='bbox 1436 3059 1778 3127; x_wconf 78' lang='grc' dir='ltr'><strong>συναρπαγὴν</strong></span> 
     </span>
    </p>
   </div>
   <div class='ocr_carea' id='block_1_34' title="bbox 1874 637 2115 698">
    <p class='ocr_par' dir='ltr' id='par_1_34' title="bbox 1874 637 2115 698">
     <span class='ocr_line' id='line_1_34' title="bbox 1874 637 2115 698; baseline -0.017 -13"><span class='ocrx_word' id='word_1_238' title='bbox 1874 637 2115 698; x_wconf 89' lang='lat' dir='ltr'><strong>pserunt.</strong></span> 
     </span>
    </p>
   </div>
   <div class='ocr_carea' id='block_1_35' title="bbox 1941 729 3394 805">
    <p class='ocr_par' dir='ltr' id='par_1_35' title="bbox 1941 729 3394 805">
     <span class='ocr_line' id='line_1_35' title="bbox 1941 729 3394 805; baseline 0.001 -14"><span class='ocrx_word' id='word_1_239' title='bbox 1941 738 2102 793; x_wconf 76' lang='lat' dir='ltr'><strong>Vsas.</strong></span> <span class='ocrx_word' id='word_1_240' title='bbox 2164 736 2254 790; x_wconf 72' lang='grc'><strong>54.</strong></span> <span class='ocrx_word' id='word_1_241' title='bbox 2315 729 2613 784; x_wconf 74' lang='lat' dir='ltr'><strong>Iucundum</strong></span> <span class='ocrx_word' id='word_1_242' title='bbox 2664 737 2733 787; x_wconf 78' lang='lat' dir='ltr'><strong>sit</strong></span> <span class='ocrx_word' id='word_1_243' title='bbox 2779 738 2826 790; x_wconf 86' lang='lat' dir='ltr'><strong>ei</strong></span> <span class='ocrx_word' id='word_1_244' title='bbox 2873 737 3128 805; x_wconf 80' lang='lat' dir='ltr'><strong>eloquium</strong></span> <span class='ocrx_word' id='word_1_245' title='bbox 3166 753 3331 792; x_wconf 84' lang='lat' dir='ltr'><strong>meum</strong></span> <span class='ocrx_word' id='word_1_246' title='bbox 3374 750 3394 793; x_wconf 84' lang='lat'><strong>.&#39;</strong></span> 
     </span>
    </p>
   </div>
   <div class='ocr_carea' id='block_1_36' title="bbox 1872 820 3393 896">
    <p class='ocr_par' dir='ltr' id='par_1_36' title="bbox 1872 820 3393 896">
     <span class='ocr_line' id='line_1_36' title="bbox 1872 820 3393 896; baseline -0.001 -16"><span class='ocrx_word' id='word_1_247' title='bbox 1872 844 1960 896; x_wconf 86' lang='lat' dir='ltr'><strong>ego</strong></span> <span class='ocrx_word' id='word_1_248' title='bbox 1993 844 2107 880; x_wconf 82' lang='lat' dir='ltr'><strong>vero</strong></span> <span class='ocrx_word' id='word_1_249' title='bbox 2137 820 2430 879; x_wconf 76' lang='lat' dir='ltr'><strong>delectabar</strong></span> <span class='ocrx_word' id='word_1_250' title='bbox 2466 820 2518 873; x_wconf 87' lang='lat' dir='ltr'><strong>in</strong></span> <span class='ocrx_word' id='word_1_251' title='bbox 2556 822 2795 880; x_wconf 87' lang='lat' dir='ltr'><strong>Domino.</strong></span> <span class='ocrx_word' id='word_1_252' title='bbox 2830 824 3063 887; x_wconf 89' lang='lat' dir='ltr'><strong>Utinam,</strong></span> <span class='ocrx_word' id='word_1_253' title='bbox 3098 826 3289 895; x_wconf 92' lang='lat' dir='ltr'><strong>inquit,</strong></span> <span class='ocrx_word' id='word_1_254' title='bbox 3321 828 3393 880; x_wconf 91' lang='lat' dir='ltr'><strong>ita</strong></span> 
     </span>
    </p>
   </div>
   <div class='ocr_carea' id='block_1_37' title="bbox 1873 912 3391 983">
    <p class='ocr_par' dir='ltr' id='par_1_37' title="bbox 1873 912 3391 983">
     <span class='ocr_line' id='line_1_37' title="bbox 1873 912 3391 983; baseline -0.001 -14"><span class='ocrx_word' id='word_1_255' title='bbox 1873 925 2081 970; x_wconf 87' lang='lat' dir='ltr'><strong>cantem</strong></span> <span class='ocrx_word' id='word_1_256' title='bbox 2110 924 2161 969; x_wconf 94' lang='lat' dir='ltr'><strong>et</strong></span> <span class='ocrx_word' id='word_1_257' title='bbox 2194 913 2440 983; x_wconf 83' lang='lat' dir='ltr'><strong>psallam,</strong></span> <span class='ocrx_word' id='word_1_258' title='bbox 2488 920 2544 964; x_wconf 92' lang='lat' dir='ltr'><strong>ut</strong></span> <span class='ocrx_word' id='word_1_259' title='bbox 2576 912 2783 967; x_wconf 85' lang='lat' dir='ltr'><strong>fruetus</strong></span> <span class='ocrx_word' id='word_1_260' title='bbox 2828 929 2977 967; x_wconf 91' lang='lat' dir='ltr'><strong>meus</strong></span> <span class='ocrx_word' id='word_1_261' title='bbox 3019 914 3118 982; x_wconf 89' lang='lat' dir='ltr'><strong>ipsi</strong></span> <span class='ocrx_word' id='word_1_262' title='bbox 3157 915 3391 983; x_wconf 77' lang='lat' dir='ltr'><strong>placeat;</strong></span> 
     </span>
    </p>
   </div>
   <div class='ocr_carea' id='block_1_38' title="bbox 1872 983 3393 1074">
    <p class='ocr_par' dir='ltr' id='par_1_38' title="bbox 1872 983 3393 1074">
     <span class='ocr_line' id='line_1_38' title="bbox 1872 983 3393 1074; baseline -0.002 -16"><span class='ocrx_word' id='word_1_263' title='bbox 1872 1006 2139 1074; x_wconf 87' lang='lat' dir='ltr'><strong>eloquium</strong></span> <span class='ocrx_word' id='word_1_264' title='bbox 2167 1003 2433 1064; x_wconf 84' lang='lat' dir='ltr'><strong>videlicet,</strong></span> <span class='ocrx_word' id='word_1_265' title='bbox 2467 983 2579 1055; x_wconf 50' lang='lat' dir='ltr'><strong>sive</strong></span> <span class='ocrx_word' id='word_1_266' title='bbox 2601 1003 2919 1071; x_wconf 87' lang='lat' dir='ltr'><strong>colloquium</strong></span> <span class='ocrx_word' id='word_1_267' title='bbox 2947 1017 3143 1066; x_wconf 91' lang='lat' dir='ltr'><strong>meum,</strong></span> <span class='ocrx_word' id='word_1_268' title='bbox 3174 1017 3393 1057; x_wconf 54' lang='lat' dir='ltr'><strong>conver:</strong></span> 
     </span>
    </p>
   </div>
   <div class='ocr_carea' id='block_1_39' title="bbox 1873 1090 3391 1160">
    <p class='ocr_par' dir='ltr' id='par_1_39' title="bbox 1873 1090 3391 1160">
     <span class='ocr_line' id='line_1_39' title="bbox 1873 1090 3391 1160; baseline -0.003 -13"><span class='ocrx_word' id='word_1_269' title='bbox 1873 1093 2011 1147; x_wconf 91' lang='lat' dir='ltr'><strong>satio</strong></span> <span class='ocrx_word' id='word_1_270' title='bbox 2035 1099 2088 1146; x_wconf 90' lang='lat' dir='ltr'><strong>et</strong></span> <span class='ocrx_word' id='word_1_271' title='bbox 2127 1093 2240 1145; x_wconf 88' lang='lat' dir='ltr'><strong>laus</strong></span> <span class='ocrx_word' id='word_1_272' title='bbox 2266 1106 2382 1145; x_wconf 89' lang='lat' dir='ltr'><strong>mea</strong></span> <span class='ocrx_word' id='word_1_273' title='bbox 2416 1110 2429 1144; x_wconf 89' lang='lat'>:</span> <span class='ocrx_word' id='word_1_274' title='bbox 2462 1105 2583 1143; x_wconf 90' lang='lat' dir='ltr'><strong>nam</strong></span> <span class='ocrx_word' id='word_1_275' title='bbox 2611 1091 2701 1160; x_wconf 90' lang='lat' dir='ltr'><strong>qui</strong></span> <span class='ocrx_word' id='word_1_276' title='bbox 2728 1092 2926 1159; x_wconf 90' lang='lat' dir='ltr'><strong>psallit,</strong></span> <span class='ocrx_word' id='word_1_277' title='bbox 2962 1090 3124 1145; x_wconf 88' lang='lat' dir='ltr'><strong>Deum</strong></span> <span class='ocrx_word' id='word_1_278' title='bbox 3163 1091 3391 1159; x_wconf 87' lang='lat' dir='ltr'><strong>alloqui-</strong></span> 
     </span>
    </p>
   </div>
   <div class='ocr_carea' id='block_1_40' title="bbox 1874 1178 3393 1247">
    <p class='ocr_par' dir='ltr' id='par_1_40' title="bbox 1874 1178 3393 1247">
     <span class='ocr_line' id='line_1_40' title="bbox 1874 1178 3393 1247; baseline -0.001 -15"><span class='ocrx_word' id='word_1_279' title='bbox 1874 1188 1980 1234; x_wconf 85' lang='lat' dir='ltr'><strong>tur.</strong></span> <span class='ocrx_word' id='word_1_280' title='bbox 2007 1181 2145 1245; x_wconf 82' lang='lat' dir='ltr'><strong>Quid</strong></span> <span class='ocrx_word' id='word_1_281' title='bbox 2169 1187 2344 1233; x_wconf 90' lang='lat' dir='ltr'><strong>autem</strong></span> <span class='ocrx_word' id='word_1_282' title='bbox 2366 1190 2448 1233; x_wconf 86' lang='lat' dir='ltr'><strong>est</strong></span> <span class='ocrx_word' id='word_1_283' title='bbox 2470 1178 2619 1243; x_wconf 88' lang='lat' dir='ltr'><strong>illud,</strong></span> <span class='ocrx_word' id='word_1_284' title='bbox 2642 1178 2939 1231; x_wconf 74' lang='lat' dir='ltr'><strong>Iucundum</strong></span> <span class='ocrx_word' id='word_1_285' title='bbox 2960 1180 3027 1231; x_wconf 79' lang='lat' dir='ltr'><strong>sit</strong></span> <span class='ocrx_word' id='word_1_286' title='bbox 3058 1180 3105 1232; x_wconf 86' lang='lat' dir='ltr'><strong>ei</strong></span> <span class='ocrx_word' id='word_1_287' title='bbox 3134 1180 3393 1247; x_wconf 85' lang='lat' dir='ltr'><strong>eloquium</strong></span> 
     </span>
    </p>
   </div>
   <div class='ocr_carea' id='block_1_41' title="bbox 1875 1267 3393 1336">
    <p class='ocr_par' dir='ltr' id='par_1_41' title="bbox 1875 1267 3393 1336">
     <span class='ocr_line' id='line_1_41' title="bbox 1875 1267 3393 1336; baseline 0.001 -17"><span class='ocrx_word' id='word_1_288' title='bbox 1875 1271 2082 1322; x_wconf 75' lang='lat' dir='ltr'><strong>meum?</strong></span> <span class='ocrx_word' id='word_1_289' title='bbox 2109 1267 2161 1321; x_wconf 88' lang='lat' dir='ltr'><strong>id</strong></span> <span class='ocrx_word' id='word_1_290' title='bbox 2187 1275 2269 1322; x_wconf 87' lang='lat' dir='ltr'><strong>est</strong></span> <span class='ocrx_word' id='word_1_291' title='bbox 2296 1268 2618 1335; x_wconf 87' lang='lat' dir='ltr'><strong>acceptabile</strong></span> <span class='ocrx_word' id='word_1_292' title='bbox 2644 1268 2713 1321; x_wconf 88' lang='lat' dir='ltr'><strong>sit</strong></span> <span class='ocrx_word' id='word_1_293' title='bbox 2735 1268 2859 1336; x_wconf 88' lang='lat' dir='ltr'><strong>ipsi,</strong></span> <span class='ocrx_word' id='word_1_294' title='bbox 2882 1269 3081 1336; x_wconf 85' lang='lat' dir='ltr'><strong>placeat</strong></span> <span class='ocrx_word' id='word_1_295' title='bbox 3109 1269 3177 1332; x_wconf 92' lang='lat' dir='ltr'><strong>ei,</strong></span> <span class='ocrx_word' id='word_1_296' title='bbox 3199 1272 3393 1336; x_wconf 79' lang='lat' dir='ltr'><strong>jucun-</strong></span> 
     </span>
    </p>
   </div>
   <div class='ocr_carea' id='block_1_42' title="bbox 1874 1352 3392 1422">
    <p class='ocr_par' dir='ltr' id='par_1_42' title="bbox 1874 1352 3392 1422">
     <span class='ocr_line' id='line_1_42' title="bbox 1874 1352 3392 1422; baseline 0.001 -16"><span class='ocrx_word' id='word_1_297' title='bbox 1874 1354 2155 1408; x_wconf 89' lang='lat' dir='ltr'><strong>dissimum</strong></span> <span class='ocrx_word' id='word_1_298' title='bbox 2192 1368 2255 1407; x_wconf 88' lang='lat' dir='ltr'><strong>ac</strong></span> <span class='ocrx_word' id='word_1_299' title='bbox 2299 1354 2718 1422; x_wconf 87' lang='lat' dir='ltr'><strong>placidissimum</strong></span> <span class='ocrx_word' id='word_1_300' title='bbox 2759 1354 2867 1408; x_wconf 90' lang='lat' dir='ltr'><strong>Deo</strong></span> <span class='ocrx_word' id='word_1_301' title='bbox 2911 1355 3170 1408; x_wconf 87' lang='lat' dir='ltr'><strong>videatur.</strong></span> <span class='ocrx_word' id='word_1_302' title='bbox 3212 1352 3392 1408; x_wconf 79' lang='lat' dir='ltr'><strong>Oratio</strong></span> 
     </span>
    </p>
   </div>
   <div class='ocr_carea' id='block_1_43' title="bbox 1874 1440 3390 1511">
    <p class='ocr_par' dir='ltr' id='par_1_43' title="bbox 1874 1440 3390 1511">
     <span class='ocr_line' id='line_1_43' title="bbox 1874 1440 3390 1511; baseline 0.001 -16"><span class='ocrx_word' id='word_1_303' title='bbox 1874 1441 2054 1510; x_wconf 81' lang='lat' dir='ltr'><strong>itaque</strong></span> <span class='ocrx_word' id='word_1_304' title='bbox 2094 1440 2228 1494; x_wconf 88' lang='lat' dir='ltr'><strong>nihil</strong></span> <span class='ocrx_word' id='word_1_305' title='bbox 2260 1441 2403 1494; x_wconf 90' lang='lat' dir='ltr'><strong>aliud</strong></span> <span class='ocrx_word' id='word_1_306' title='bbox 2430 1448 2530 1506; x_wconf 89' lang='lat' dir='ltr'><strong>est,</strong></span> <span class='ocrx_word' id='word_1_307' title='bbox 2561 1456 2718 1509; x_wconf 90' lang='lat' dir='ltr'><strong>quam</strong></span> <span class='ocrx_word' id='word_1_308' title='bbox 2752 1442 3076 1511; x_wconf 83' lang='lat' dir='ltr'><strong>colloquium</strong></span> <span class='ocrx_word' id='word_1_309' title='bbox 3107 1457 3227 1496; x_wconf 90' lang='lat' dir='ltr'><strong>cum</strong></span> <span class='ocrx_word' id='word_1_310' title='bbox 3262 1441 3390 1497; x_wconf 91' lang='lat' dir='ltr'><strong>Deo.</strong></span> 
     </span>
    </p>
   </div>
   <div class='ocr_carea' id='block_1_44' title="bbox 1872 1529 3393 1598">
    <p class='ocr_par' dir='ltr' id='par_1_44' title="bbox 1872 1529 3393 1598">
     <span class='ocr_line' id='line_1_44' title="bbox 1872 1529 3393 1598; baseline 0.001 -15"><span class='ocrx_word' id='word_1_311' title='bbox 1872 1529 2247 1585; x_wconf 83' lang='lat' dir='ltr'><strong>Animadverte</strong></span> <span class='ocrx_word' id='word_1_312' title='bbox 2292 1531 2453 1598; x_wconf 81' lang='lat' dir='ltr'><strong>igitur</strong></span> <span class='ocrx_word' id='word_1_313' title='bbox 2492 1530 2842 1598; x_wconf 87' lang='lat' dir='ltr'><strong>psalmodiam</strong></span> <span class='ocrx_word' id='word_1_314' title='bbox 2885 1531 2939 1584; x_wconf 91' lang='lat' dir='ltr'><strong>in</strong></span> <span class='ocrx_word' id='word_1_315' title='bbox 2990 1545 3047 1584; x_wconf 89' lang='lat' dir='ltr'><strong>se</strong></span> <span class='ocrx_word' id='word_1_316' title='bbox 3086 1532 3393 1596; x_wconf 58' lang='lat' dir='ltr'><strong>retributioa</strong></span> 
     </span>
    </p>
   </div>
   <div class='ocr_carea' id='block_1_45' title="bbox 1874 1617 3395 1688">
    <p class='ocr_par' dir='ltr' id='par_1_45' title="bbox 1874 1617 3395 1688">
     <span class='ocr_line' id='line_1_45' title="bbox 1874 1617 3395 1688; baseline 0.001 -17"><span class='ocrx_word' id='word_1_317' title='bbox 1874 1634 1994 1672; x_wconf 90' lang='lat' dir='ltr'><strong>nem</strong></span> <span class='ocrx_word' id='word_1_318' title='bbox 2023 1620 2313 1672; x_wconf 87' lang='lat' dir='ltr'><strong>continere.</strong></span> <span class='ocrx_word' id='word_1_319' title='bbox 2340 1617 2476 1683; x_wconf 85' lang='lat' dir='ltr'><strong>Quid</strong></span> <span class='ocrx_word' id='word_1_320' title='bbox 2499 1620 2642 1672; x_wconf 89' lang='lat' dir='ltr'><strong>enim</strong></span> <span class='ocrx_word' id='word_1_321' title='bbox 2668 1618 2898 1687; x_wconf 90' lang='lat' dir='ltr'><strong>alloquio</strong></span> <span class='ocrx_word' id='word_1_322' title='bbox 2928 1618 3019 1673; x_wconf 80' lang='lat' dir='ltr'><strong>Dei</strong></span> <span class='ocrx_word' id='word_1_323' title='bbox 3048 1620 3246 1688; x_wconf 69' lang='lat' dir='ltr'><strong>aequari</strong></span> <span class='ocrx_word' id='word_1_324' title='bbox 3280 1635 3395 1687; x_wconf 29' lang='lat' dir='ltr'><strong>pose</strong></span> 
     </span>
    </p>
   </div>
   <div class='ocr_carea' id='block_1_46' title="bbox 1875 1708 3395 1776">
    <p class='ocr_par' dir='ltr' id='par_1_46' title="bbox 1875 1708 3395 1776">
     <span class='ocr_line' id='line_1_46' title="bbox 1875 1708 3395 1776; baseline -0.001 -14"><span class='ocrx_word' id='word_1_325' title='bbox 1875 1710 1977 1762; x_wconf 85' lang='lat' dir='ltr'><strong>sit?</strong></span> <span class='ocrx_word' id='word_1_326' title='bbox 2008 1708 2325 1776; x_wconf 84' lang='lat' dir='ltr'><strong>Hujusmodi</strong></span> <span class='ocrx_word' id='word_1_327' title='bbox 2372 1708 2550 1761; x_wconf 90' lang='lat' dir='ltr'><strong>anima</strong></span> <span class='ocrx_word' id='word_1_328' title='bbox 2584 1722 2613 1760; x_wconf 92' lang='lat' dir='ltr'><strong>a</strong></span> <span class='ocrx_word' id='word_1_329' title='bbox 2654 1708 2974 1763; x_wconf 80' lang='lat' dir='ltr'><strong>tumultibus</strong></span> <span class='ocrx_word' id='word_1_330' title='bbox 3020 1709 3295 1772; x_wconf 86' lang='lat' dir='ltr'><strong>liberatur,</strong></span> <span class='ocrx_word' id='word_1_331' title='bbox 3341 1710 3395 1761; x_wconf 90' lang='lat' dir='ltr'><strong>in</strong></span> 
     </span>
    </p>
   </div>
   <div class='ocr_carea' id='block_1_47' title="bbox 1875 1796 3397 1867">
    <p class='ocr_par' dir='ltr' id='par_1_47' title="bbox 1875 1796 3397 1867">
     <span class='ocr_line' id='line_1_47' title="bbox 1875 1796 3397 1867; baseline -0.001 -15"><span class='ocrx_word' id='word_1_332' title='bbox 1875 1801 2067 1852; x_wconf 68' lang='lat' dir='ltr'><strong>cauum</strong></span> <span class='ocrx_word' id='word_1_333' title='bbox 2092 1797 2431 1861; x_wconf 83' lang='lat' dir='ltr'><strong>transfertur,</strong></span> <span class='ocrx_word' id='word_1_334' title='bbox 2477 1797 2703 1853; x_wconf 86' lang='lat' dir='ltr'><strong>vinculis</strong></span> <span class='ocrx_word' id='word_1_335' title='bbox 2748 1799 2987 1867; x_wconf 80' lang='lat' dir='ltr'><strong>corporis</strong></span> <span class='ocrx_word' id='word_1_336' title='bbox 3024 1796 3269 1860; x_wconf 83' lang='lat' dir='ltr'><strong>solvitur,</strong></span> <span class='ocrx_word' id='word_1_337' title='bbox 3298 1798 3397 1850; x_wconf 80' lang='lat' dir='ltr'><strong>alis</strong></span> 
     </span>
    </p>
   </div>
   <div class='ocr_carea' id='block_1_48' title="bbox 1874 1886 3396 1957">
    <p class='ocr_par' dir='ltr' id='par_1_48' title="bbox 1874 1886 3396 1957">
     <span class='ocr_line' id='line_1_48' title="bbox 1874 1886 3396 1957; baseline -0.001 -17"><span class='ocrx_word' id='word_1_338' title='bbox 1874 1888 2181 1955; x_wconf 78' lang='lat' dir='ltr'><strong>instruitur,</strong></span> <span class='ocrx_word' id='word_1_339' title='bbox 2223 1887 2389 1941; x_wconf 82' lang='lat' dir='ltr'><strong>levmr</strong></span> <span class='ocrx_word' id='word_1_340' title='bbox 2428 1887 2673 1951; x_wconf 74' lang='lat' dir='ltr'><strong>efﬁcitur,</strong></span> <span class='ocrx_word' id='word_1_341' title='bbox 2720 1887 2942 1941; x_wconf 83' lang='lat' dir='ltr'><strong>all‘ectus</strong></span> <span class='ocrx_word' id='word_1_342' title='bbox 2977 1886 3212 1957; x_wconf 83' lang='lat' dir='ltr'><strong>deponit,</strong></span> <span class='ocrx_word' id='word_1_343' title='bbox 3253 1902 3396 1941; x_wconf 85' lang='lat' dir='ltr'><strong>mor-</strong></span> 
     </span>
    </p>
   </div>
   <div class='ocr_carea' id='block_1_49' title="bbox 1873 1974 3397 2045">
    <p class='ocr_par' dir='ltr' id='par_1_49' title="bbox 1873 1974 3397 2045">
     <span class='ocr_line' id='line_1_49' title="bbox 1873 1974 3397 2045; baseline 0 -15"><span class='ocrx_word' id='word_1_344' title='bbox 1873 1976 1972 2030; x_wconf 78' lang='lat' dir='ltr'><strong>bos</strong></span> <span class='ocrx_word' id='word_1_345' title='bbox 2004 1976 2170 2030; x_wconf 83' lang='lat' dir='ltr'><strong>exuit.</strong></span> <span class='ocrx_word' id='word_1_346' title='bbox 2199 1974 2331 2028; x_wconf 89' lang='lat' dir='ltr'><strong>Nam</strong></span> <span class='ocrx_word' id='word_1_347' title='bbox 2360 1976 2403 2029; x_wconf 90' lang='lat' dir='ltr'><strong>si</strong></span> <span class='ocrx_word' id='word_1_348' title='bbox 2431 1990 2496 2029; x_wconf 80' lang='lat' dir='ltr'><strong>ex</strong></span> <span class='ocrx_word' id='word_1_349' title='bbox 2530 1976 2807 2044; x_wconf 89' lang='lat' dir='ltr'><strong>prudentis</strong></span> <span class='ocrx_word' id='word_1_350' title='bbox 2835 1976 2935 2029; x_wconf 91' lang='lat' dir='ltr'><strong>viri</strong></span> <span class='ocrx_word' id='word_1_351' title='bbox 2977 1977 3243 2044; x_wconf 89' lang='lat' dir='ltr'><strong>colloquio</strong></span> <span class='ocrx_word' id='word_1_352' title='bbox 3277 1976 3397 2045; x_wconf 84' lang='lat' dir='ltr'><strong>quis</strong></span> 
     </span>
    </p>
   </div>
   <div class='ocr_carea' id='block_1_50' title="bbox 1871 2063 3396 2132">
    <p class='ocr_par' dir='ltr' id='par_1_50' title="bbox 1871 2063 3396 2132">
     <span class='ocr_line' id='line_1_50' title="bbox 1871 2063 3396 2132; baseline -0.001 -14"><span class='ocrx_word' id='word_1_353' title='bbox 1871 2066 2079 2118; x_wconf 86' lang='lat' dir='ltr'><strong>lucrum</strong></span> <span class='ocrx_word' id='word_1_354' title='bbox 2106 2071 2384 2131; x_wconf 85' lang='lat' dir='ltr'><strong>reportans</strong></span> <span class='ocrx_word' id='word_1_355' title='bbox 2414 2063 2673 2127; x_wconf 87' lang='lat' dir='ltr'><strong>abscedit,</strong></span> <span class='ocrx_word' id='word_1_356' title='bbox 2708 2064 2878 2132; x_wconf 81' lang='lat' dir='ltr'><strong>cogita</strong></span> <span class='ocrx_word' id='word_1_357' title='bbox 2900 2072 3155 2132; x_wconf 90' lang='lat' dir='ltr'><strong>quantum</strong></span> <span class='ocrx_word' id='word_1_358' title='bbox 3182 2065 3396 2117; x_wconf 77' lang='lat' dir='ltr'><strong>virtuth</strong></span> 
     </span>
    </p>
   </div>
   <div class='ocr_carea' id='block_1_51' title="bbox 1872 2152 3397 2223">
    <p class='ocr_par' dir='ltr' id='par_1_51' title="bbox 1872 2152 3397 2223">
     <span class='ocr_line' id='line_1_51' title="bbox 1872 2152 3397 2223; baseline 0.001 -17"><span class='ocrx_word' id='word_1_359' title='bbox 1872 2162 2034 2208; x_wconf 87' lang='lat' dir='ltr'><strong>metet</strong></span> <span class='ocrx_word' id='word_1_360' title='bbox 2055 2169 2120 2207; x_wconf 82' lang='lat' dir='ltr'><strong>ex</strong></span> <span class='ocrx_word' id='word_1_361' title='bbox 2148 2153 2237 2208; x_wconf 89' lang='lat' dir='ltr'><strong>Dei</strong></span> <span class='ocrx_word' id='word_1_362' title='bbox 2269 2154 2553 2222; x_wconf 90' lang='lat' dir='ltr'><strong>colloquio.</strong></span> <span class='ocrx_word' id='word_1_363' title='bbox 2584 2152 2821 2223; x_wconf 84' lang='lat' dir='ltr'><strong>Hymnus</strong></span> <span class='ocrx_word' id='word_1_364' title='bbox 2851 2167 2978 2222; x_wconf 82' lang='lat' dir='ltr'><strong>ergo</strong></span> <span class='ocrx_word' id='word_1_365' title='bbox 3001 2160 3084 2207; x_wconf 91' lang='lat' dir='ltr'><strong>est</strong></span> <span class='ocrx_word' id='word_1_366' title='bbox 3110 2152 3397 2208; x_wconf 81' lang='lat' dir='ltr'><strong>eolloeutio</strong></span> 
     </span>
    </p>
   </div>
   <div class='ocr_carea' id='block_1_52' title="bbox 1872 2242 3395 2312">
    <p class='ocr_par' dir='ltr' id='par_1_52' title="bbox 1872 2242 3395 2312">
     <span class='ocr_line' id='line_1_52' title="bbox 1872 2242 3395 2312; baseline -0.001 -13"><span class='ocrx_word' id='word_1_367' title='bbox 1872 2259 1993 2299; x_wconf 87' lang='lat' dir='ltr'><strong>cum</strong></span> <span class='ocrx_word' id='word_1_368' title='bbox 2025 2244 2151 2299; x_wconf 91' lang='lat' dir='ltr'><strong>Deo.</strong></span> <span class='ocrx_word' id='word_1_369' title='bbox 2191 2245 2468 2309; x_wconf 86' lang='lat' dir='ltr'><strong>Quomodo</strong></span> <span class='ocrx_word' id='word_1_370' title='bbox 2498 2253 2676 2299; x_wconf 91' lang='lat' dir='ltr'><strong>autem</strong></span> <span class='ocrx_word' id='word_1_371' title='bbox 2715 2245 2828 2297; x_wconf 63' lang='lat' dir='ltr'><strong>haec</strong></span> <span class='ocrx_word' id='word_1_372' title='bbox 2866 2242 2975 2298; x_wconf 90' lang='lat' dir='ltr'><strong>Deo</strong></span> <span class='ocrx_word' id='word_1_373' title='bbox 3000 2243 3237 2312; x_wconf 88' lang='lat' dir='ltr'><strong>jucunda</strong></span> <span class='ocrx_word' id='word_1_374' title='bbox 3276 2244 3395 2297; x_wconf 64' lang='grc' dir='ltr'><strong>[υθέ</strong></span> 
     </span>
    </p>
   </div>
   <div class='ocr_carea' id='block_1_53' title="bbox 1872 2333 3396 2403">
    <p class='ocr_par' dir='ltr' id='par_1_53' title="bbox 1872 2333 3396 2403">
     <span class='ocr_line' id='line_1_53' title="bbox 1872 2333 3396 2403; baseline -0.001 -15"><span class='ocrx_word' id='word_1_375' title='bbox 1872 2336 1979 2388; x_wconf 84' lang='lat' dir='ltr'><strong>rit?</strong></span> <span class='ocrx_word' id='word_1_376' title='bbox 2007 2334 2066 2388; x_wconf 91' lang='lat' dir='ltr'><strong>Si</strong></span> <span class='ocrx_word' id='word_1_377' title='bbox 2103 2336 2210 2387; x_wconf 67' lang='lat' dir='ltr'><strong>vita</strong></span> <span class='ocrx_word' id='word_1_378' title='bbox 2234 2336 2304 2390; x_wconf 91' lang='lat' dir='ltr'><strong>sit</strong></span> <span class='ocrx_word' id='word_1_379' title='bbox 2340 2349 2493 2403; x_wconf 90' lang='lat' dir='ltr'><strong>pura,</strong></span> <span class='ocrx_word' id='word_1_380' title='bbox 2525 2334 2570 2387; x_wconf 91' lang='lat' dir='ltr'><strong>si</strong></span> <span class='ocrx_word' id='word_1_381' title='bbox 2604 2334 2779 2387; x_wconf 90' lang='lat' dir='ltr'><strong>anima</strong></span> <span class='ocrx_word' id='word_1_382' title='bbox 2808 2333 3227 2401; x_wconf 88' lang='lat' dir='ltr'><strong>philosophetur.</strong></span> <span class='ocrx_word' id='word_1_383' title='bbox 3262 2334 3396 2386; x_wconf 76' lang='lat' dir='ltr'><strong>Nan!</strong></span> 
     </span>
    </p>
   </div>
   <div class='ocr_carea' id='block_1_54' title="bbox 1874 2422 3396 2493">
    <p class='ocr_par' dir='ltr' id='par_1_54' title="bbox 1874 2422 3396 2493">
     <span class='ocr_line' id='line_1_54' title="bbox 1874 2422 3396 2493; baseline -0.003 -14"><span class='ocrx_word' id='word_1_384' title='bbox 1874 2424 1921 2479; x_wconf 90' lang='lat' dir='ltr'><strong>si</strong></span> <span class='ocrx_word' id='word_1_385' title='bbox 1965 2432 2128 2478; x_wconf 89' lang='lat' dir='ltr'><strong>totam</strong></span> <span class='ocrx_word' id='word_1_386' title='bbox 2176 2423 2316 2478; x_wconf 87' lang='lat' dir='ltr'><strong>diem</strong></span> <span class='ocrx_word' id='word_1_387' title='bbox 2356 2423 2559 2478; x_wconf 89' lang='lat' dir='ltr'><strong>orando</strong></span> <span class='ocrx_word' id='word_1_388' title='bbox 2600 2426 2887 2493; x_wconf 83' lang='lat' dir='ltr'><strong>transigas,</strong></span> <span class='ocrx_word' id='word_1_389' title='bbox 2935 2422 3059 2476; x_wconf 92' lang='lat' dir='ltr'><strong>dum</strong></span> <span class='ocrx_word' id='word_1_390' title='bbox 3102 2424 3224 2477; x_wconf 70' lang='lat' dir='ltr'><strong>vitae</strong></span> <span class='ocrx_word' id='word_1_391' title='bbox 3259 2426 3396 2477; x_wconf 84' lang='lat' dir='ltr'><strong>ratio</strong></span> 
     </span>
    </p>
   </div>
   <div class='ocr_carea' id='block_1_55' title="bbox 1874 2512 3397 2583">
    <p class='ocr_par' dir='ltr' id='par_1_55' title="bbox 1874 2512 3397 2583">
     <span class='ocr_line' id='line_1_55' title="bbox 1874 2512 3397 2583; baseline 0 -15"><span class='ocrx_word' id='word_1_392' title='bbox 1874 2515 2099 2568; x_wconf 88' lang='lat' dir='ltr'><strong>orationi</strong></span> <span class='ocrx_word' id='word_1_393' title='bbox 2128 2522 2404 2583; x_wconf 78' lang='lat' dir='ltr'><strong>repugnat,</strong></span> <span class='ocrx_word' id='word_1_394' title='bbox 2428 2529 2535 2567; x_wconf 90' lang='lat' dir='ltr'><strong>non</strong></span> <span class='ocrx_word' id='word_1_395' title='bbox 2565 2512 2719 2567; x_wconf 83' lang='lat' dir='ltr'><strong>facile</strong></span> <span class='ocrx_word' id='word_1_396' title='bbox 2742 2513 3075 2577; x_wconf 76' lang='lat' dir='ltr'><strong>exaudiaris;</strong></span> <span class='ocrx_word' id='word_1_397' title='bbox 3110 2529 3215 2568; x_wconf 91' lang='lat' dir='ltr'><strong>non</strong></span> <span class='ocrx_word' id='word_1_398' title='bbox 3237 2514 3397 2568; x_wconf 85' lang='lat' dir='ltr'><strong>modo</strong></span> 
     </span>
    </p>
   </div>
   <div class='ocr_carea' id='block_1_56' title="bbox 1875 2601 3394 2671">
    <p class='ocr_par' dir='ltr' id='par_1_56' title="bbox 1875 2601 3394 2671">
     <span class='ocr_line' id='line_1_56' title="bbox 1875 2601 3394 2671; baseline 0.001 -16"><span class='ocrx_word' id='word_1_399' title='bbox 1875 2610 1933 2656; x_wconf 90' lang='lat' dir='ltr'><strong>tu</strong></span> <span class='ocrx_word' id='word_1_400' title='bbox 1966 2603 2099 2671; x_wconf 90' lang='lat' dir='ltr'><strong>ipse,</strong></span> <span class='ocrx_word' id='word_1_401' title='bbox 2127 2604 2221 2657; x_wconf 88' lang='lat' dir='ltr'><strong>sed</strong></span> <span class='ocrx_word' id='word_1_402' title='bbox 2249 2604 2409 2656; x_wconf 90' lang='lat' dir='ltr'><strong>etiam</strong></span> <span class='ocrx_word' id='word_1_403' title='bbox 2429 2601 2603 2671; x_wconf 86' lang='lat' dir='ltr'><strong>quivis</strong></span> <span class='ocrx_word' id='word_1_404' title='bbox 2641 2603 2777 2656; x_wconf 91' lang='lat' dir='ltr'><strong>alius</strong></span> <span class='ocrx_word' id='word_1_405' title='bbox 2804 2602 2894 2670; x_wconf 88' lang='lat' dir='ltr'><strong>qui</strong></span> <span class='ocrx_word' id='word_1_406' title='bbox 2923 2616 3020 2671; x_wconf 90' lang='lat' dir='ltr'><strong>pro</strong></span> <span class='ocrx_word' id='word_1_407' title='bbox 3050 2610 3101 2656; x_wconf 94' lang='lat' dir='ltr'><strong>te</strong></span> <span class='ocrx_word' id='word_1_408' title='bbox 3127 2612 3394 2671; x_wconf 85' lang='lat' dir='ltr'><strong>precetur.</strong></span> 
     </span>
    </p>
   </div>
   <div class='ocr_carea' id='block_1_57' title="bbox 1876 2691 3398 2761">
    <p class='ocr_par' dir='ltr' id='par_1_57' title="bbox 1876 2691 3398 2761">
     <span class='ocr_line' id='line_1_57' title="bbox 1876 2691 3398 2761; baseline 0 -17"><span class='ocrx_word' id='word_1_409' title='bbox 1876 2691 1997 2747; x_wconf 65' lang='lat' dir='ltr'><strong>Haec</strong></span> <span class='ocrx_word' id='word_1_410' title='bbox 2028 2706 2188 2761; x_wconf 89' lang='lat' dir='ltr'><strong>porro</strong></span> <span class='ocrx_word' id='word_1_411' title='bbox 2215 2692 2355 2755; x_wconf 89' lang='lat' dir='ltr'><strong>dico,</strong></span> <span class='ocrx_word' id='word_1_412' title='bbox 2389 2706 2496 2745; x_wconf 90' lang='lat' dir='ltr'><strong>non</strong></span> <span class='ocrx_word' id='word_1_413' title='bbox 2534 2700 2593 2744; x_wconf 93' lang='lat' dir='ltr'><strong>ut</strong></span> <span class='ocrx_word' id='word_1_414' title='bbox 2628 2707 2697 2745; x_wconf 92' lang='lat' dir='ltr'><strong>ne</strong></span> <span class='ocrx_word' id='word_1_415' title='bbox 2732 2707 2944 2747; x_wconf 89' lang='lat' dir='ltr'><strong>oremus</strong></span> <span class='ocrx_word' id='word_1_416' title='bbox 2990 2706 3160 2760; x_wconf 86' lang='lat' dir='ltr'><strong>neque</strong></span> <span class='ocrx_word' id='word_1_417' title='bbox 3202 2693 3398 2760; x_wconf 77' lang='lat' dir='ltr'><strong>psalla-</strong></span> 
     </span>
    </p>
   </div>
   <div class='ocr_carea' id='block_1_58' title="bbox 1874 2782 3399 2850">
    <p class='ocr_par' dir='ltr' id='par_1_58' title="bbox 1874 2782 3399 2850">
     <span class='ocr_line' id='line_1_58' title="bbox 1874 2782 3399 2850; baseline 0 -14"><span class='ocrx_word' id='word_1_418' title='bbox 1874 2798 2017 2849; x_wconf 89' lang='lat' dir='ltr'><strong>mus,</strong></span> <span class='ocrx_word' id='word_1_419' title='bbox 2050 2782 2143 2836; x_wconf 86' lang='lat' dir='ltr'><strong>sed</strong></span> <span class='ocrx_word' id='word_1_420' title='bbox 2175 2788 2235 2834; x_wconf 93' lang='lat' dir='ltr'><strong>ut</strong></span> <span class='ocrx_word' id='word_1_421' title='bbox 2262 2790 2382 2850; x_wconf 92' lang='lat' dir='ltr'><strong>post</strong></span> <span class='ocrx_word' id='word_1_422' title='bbox 2417 2783 2652 2850; x_wconf 87' lang='lat' dir='ltr'><strong>psalmos</strong></span> <span class='ocrx_word' id='word_1_423' title='bbox 2683 2782 2750 2836; x_wconf 92' lang='lat' dir='ltr'><strong>de</strong></span> <span class='ocrx_word' id='word_1_424' title='bbox 2779 2783 2886 2835; x_wconf 89' lang='lat' dir='ltr'><strong>vita</strong></span> <span class='ocrx_word' id='word_1_425' title='bbox 2913 2791 2966 2837; x_wconf 90' lang='lat' dir='ltr'><strong>et</strong></span> <span class='ocrx_word' id='word_1_426' title='bbox 2993 2783 3399 2837; x_wconf 80' lang='lat' dir='ltr'><strong>conversatione</strong></span> 
     </span>
    </p>
   </div>
   <div class='ocr_carea' id='block_1_59' title="bbox 1876 2870 3398 2927">
    <p class='ocr_par' dir='ltr' id='par_1_59' title="bbox 1876 2870 3398 2927">
     <span class='ocr_line' id='line_1_59' title="bbox 1876 2870 3398 2927; baseline -0.001 0"><span class='ocrx_word' id='word_1_427' title='bbox 1876 2881 2057 2927; x_wconf 89' lang='lat' dir='ltr'><strong>nostra</strong></span> <span class='ocrx_word' id='word_1_428' title='bbox 2085 2873 2301 2926; x_wconf 89' lang='lat' dir='ltr'><strong>solliciti</strong></span> <span class='ocrx_word' id='word_1_429' title='bbox 2331 2872 2519 2925; x_wconf 90' lang='lat' dir='ltr'><strong>simus.</strong></span> <span class='ocrx_word' id='word_1_430' title='bbox 2551 2870 2661 2925; x_wconf 84' lang='lat' dir='ltr'><strong>Hac</strong></span> <span class='ocrx_word' id='word_1_431' title='bbox 2689 2880 2814 2927; x_wconf 78' lang='lat' dir='ltr'><strong>item</strong></span> <span class='ocrx_word' id='word_1_432' title='bbox 2847 2873 3051 2927; x_wconf 89' lang='lat' dir='ltr'><strong>ratione</strong></span> <span class='ocrx_word' id='word_1_433' title='bbox 3076 2873 3398 2926; x_wconf 79' lang='lat' dir='ltr'><strong>versiculum</strong></span> 
     </span>
    </p>
   </div>
   <div class='ocr_carea' id='block_1_60' title="bbox 1875 2960 3399 3031">
    <p class='ocr_par' dir='ltr' id='par_1_60' title="bbox 1875 2960 3399 3031">
     <span class='ocr_line' id='line_1_60' title="bbox 1875 2960 3399 3031; baseline -0.002 -15"><span class='ocrx_word' id='word_1_434' title='bbox 1875 2962 2021 3017; x_wconf 87' lang='lat' dir='ltr'><strong>hunc</strong></span> <span class='ocrx_word' id='word_1_435' title='bbox 2048 2962 2281 3031; x_wconf 84' lang='lat' dir='ltr'><strong>explices</strong></span> <span class='ocrx_word' id='word_1_436' title='bbox 2305 2979 2319 3015; x_wconf 74' lang='grc' dir='ltr'><strong>ε</strong></span> <span class='ocrx_word' id='word_1_437' title='bbox 2347 2960 2495 3013; x_wconf 84' lang='lat' dir='ltr'><strong>Multi</strong></span> <span class='ocrx_word' id='word_1_438' title='bbox 2530 2970 2765 3029; x_wconf 70' lang='lat' dir='ltr'><strong>quaestus</strong></span> <span class='ocrx_word' id='word_1_439' title='bbox 2792 2976 2953 3015; x_wconf 89' lang='lat' dir='ltr'><strong>causa</strong></span> <span class='ocrx_word' id='word_1_440' title='bbox 2981 2977 3232 3030; x_wconf 81' lang='lat' dir='ltr'><strong>perverse</strong></span> <span class='ocrx_word' id='word_1_441' title='bbox 3251 2963 3399 3029; x_wconf 75' lang='lat' dir='ltr'><strong>judi~</strong></span> 
     </span>
    </p>
   </div>
   <div class='ocr_carea' id='block_1_61' title="bbox 1876 3049 3433 3119">
    <p class='ocr_par' dir='ltr' id='par_1_61' title="bbox 1876 3049 3433 3119">
     <span class='ocr_line' id='line_1_61' title="bbox 1876 3049 3433 3119; baseline -0.001 -14"><span class='ocrx_word' id='word_1_442' title='bbox 1876 3053 1960 3106; x_wconf 89' lang='lat' dir='ltr'><strong>cia</strong></span> <span class='ocrx_word' id='word_1_443' title='bbox 1994 3052 2191 3112; x_wconf 88' lang='lat' dir='ltr'><strong>ferunt,</strong></span> <span class='ocrx_word' id='word_1_444' title='bbox 2216 3049 2309 3105; x_wconf 88' lang='lat' dir='ltr'><strong>sed</strong></span> <span class='ocrx_word' id='word_1_445' title='bbox 2335 3058 2387 3103; x_wconf 89' lang='lat' dir='ltr'><strong>et</strong></span> <span class='ocrx_word' id='word_1_446' title='bbox 2414 3056 2694 3118; x_wconf 88' lang='lat' dir='ltr'><strong>antequam</strong></span> <span class='ocrx_word' id='word_1_447' title='bbox 2720 3064 2815 3117; x_wconf 79' lang='lat' dir='ltr'><strong>per</strong></span> <span class='ocrx_word' id='word_1_448' title='bbox 2837 3056 3145 3102; x_wconf 90' lang='lat' dir='ltr'><strong>accuratum</strong></span> <span class='ocrx_word' id='word_1_449' title='bbox 3176 3061 3397 3103; x_wconf 80' lang='lat' dir='ltr'><strong>examen</strong></span> <span class='ocrx_word' id='word_1_450' title='bbox 3431 3116 3433 3119; x_wconf 19' lang='grc' dir='ltr'><strong><em>τ</em></strong></span> 
     </span>
    </p>
   </div>
   <div class='ocr_carea' id='block_1_62' title="bbox 230 3136 1777 3222">
    <p class='ocr_par' dir='ltr' id='par_1_62' title="bbox 230 3136 1777 3213">
     <span class='ocr_line' id='line_1_62' title="bbox 230 3136 1777 3213; baseline 0.005 -24"><span class='ocrx_word' id='word_1_451' title='bbox 230 3136 702 3206; x_wconf 80' lang='grc' dir='ltr'><strong>παρηλλαγμένως</strong></span> <span class='ocrx_word' id='word_1_452' title='bbox 738 3136 833 3198; x_wconf 84' lang='grc' dir='ltr'><strong>τὰς</strong></span> <span class='ocrx_word' id='word_1_453' title='bbox 869 3139 1071 3205; x_wconf 85' lang='grc' dir='ltr'><strong>κρίσεις</strong></span> <span class='ocrx_word' id='word_1_454' title='bbox 1107 3140 1409 3211; x_wconf 80' lang='grc' dir='ltr'><strong>ἐκφέρουσι,</strong></span> <span class='ocrx_word' id='word_1_455' title='bbox 1456 3145 1560 3213; x_wconf 76' lang='grc' dir='ltr'><strong>πρὸ</strong></span> <span class='ocrx_word' id='word_1_456' title='bbox 1612 3163 1777 3197; x_wconf 85' lang='grc' dir='ltr'><strong>κατα-</strong></span> 
     </span>
    </p>
   </div>
   <div class='ocr_carea' id='block_1_63' title="bbox 1875 3136 3399 3222">
    <p class='ocr_par' dir='ltr' id='par_1_63' title="bbox 1876 3140 3399 3212">
     <span class='ocr_line' id='line_1_63' title="bbox 1876 3140 3399 3212; baseline -0.003 -16"><span class='ocrx_word' id='word_1_457' title='bbox 1876 3151 1929 3196; x_wconf 90' lang='lat' dir='ltr'><strong>et</strong></span> <span class='ocrx_word' id='word_1_458' title='bbox 1958 3142 2418 3212; x_wconf 85' lang='lat' dir='ltr'><strong>perquisitionem,</strong></span> <span class='ocrx_word' id='word_1_459' title='bbox 2442 3155 2545 3208; x_wconf 90' lang='lat' dir='ltr'><strong>qua</strong></span> <span class='ocrx_word' id='word_1_460' title='bbox 2578 3140 2643 3193; x_wconf 89' lang='lat' dir='ltr'><strong>de</strong></span> <span class='ocrx_word' id='word_1_461' title='bbox 2671 3155 2727 3194; x_wconf 91' lang='lat' dir='ltr'><strong>re</strong></span> <span class='ocrx_word' id='word_1_462' title='bbox 2756 3147 2945 3207; x_wconf 80' lang='lat' dir='ltr'><strong>agatur</strong></span> <span class='ocrx_word' id='word_1_463' title='bbox 2974 3140 3288 3207; x_wconf 78' lang='lat' dir='ltr'><strong>intelligant,</strong></span> <span class='ocrx_word' id='word_1_464' title='bbox 3321 3148 3399 3191; x_wconf 54' lang='lat' dir='ltr'><strong>te.</strong></span> 
     </span>
    </p>
   </div>
   <div class='ocr_carea' id='block_1_64' title="bbox 230 3225 1777 3304">
    <p class='ocr_par' dir='ltr' id='par_1_64' title="bbox 230 3225 1777 3304">
     <span class='ocr_line' id='line_1_64' title="bbox 230 3225 1777 3304; baseline 0.006 -27"><span class='ocrx_word' id='word_1_465' title='bbox 230 3226 457 3299; x_wconf 75' lang='grc' dir='ltr'><strong>λήψεως</strong></span> <span class='ocrx_word' id='word_1_466' title='bbox 493 3225 589 3291; x_wconf 82' lang='grc' dir='ltr'><strong>τῆς</strong></span> <span class='ocrx_word' id='word_1_467' title='bbox 627 3225 685 3286; x_wconf 76' lang='grc' dir='ltr'><strong>ἐξ</strong></span> <span class='ocrx_word' id='word_1_468' title='bbox 729 3226 907 3278; x_wconf 76' lang='grc' dir='ltr'><strong>ἱκανοῦ</strong></span> <span class='ocrx_word' id='word_1_469' title='bbox 946 3227 1119 3294; x_wconf 81' lang='grc' dir='ltr'><strong>λόγου,</strong></span> <span class='ocrx_word' id='word_1_470' title='bbox 1152 3232 1240 3283; x_wconf 76' lang='grc' dir='ltr'><strong>καὶ</strong></span> <span class='ocrx_word' id='word_1_471' title='bbox 1270 3232 1535 3284; x_wconf 79' lang='grc' dir='ltr'><strong>ἐπιπλεῑον</strong></span> <span class='ocrx_word' id='word_1_472' title='bbox 1563 3235 1777 3304; x_wconf 83' lang='grc' dir='ltr'><strong>ἐρευνη-</strong></span> 
     </span>
    </p>
   </div>
   <div class='ocr_carea' id='block_1_65' title="bbox 232 3312 1777 3389">
    <p class='ocr_par' dir='ltr' id='par_1_65' title="bbox 232 3312 1777 3389">
     <span class='ocr_line' id='line_1_65' title="bbox 232 3312 1777 3389; baseline 0.001 -20"><span class='ocrx_word' id='word_1_473' title='bbox 232 3318 450 3376; x_wconf 84' lang='grc' dir='ltr'><strong>Θέντος,</strong></span> <span class='ocrx_word' id='word_1_474' title='bbox 485 3312 848 3383; x_wconf 84' lang='grc' dir='ltr'><strong>ἐγγινομένης.</strong></span> <span class='ocrx_word' id='word_1_475' title='bbox 875 3312 1237 3379; x_wconf 84' lang='grc' dir='ltr'><strong>ἀϐασανίστως</strong></span> <span class='ocrx_word' id='word_1_476' title='bbox 1275 3319 1415 3371; x_wconf 83' lang='grc' dir='ltr'><strong>κατὰ</strong></span> <span class='ocrx_word' id='word_1_477' title='bbox 1459 3320 1777 3389; x_wconf 80' lang='grc' dir='ltr'><strong>προπέτειαν</strong></span> 
     </span>
    </p>
   </div>
   <div class='ocr_carea' id='block_1_66' title="bbox 228 3404 1776 3475">
    <p class='ocr_par' dir='ltr' id='par_1_66' title="bbox 228 3404 1776 3475">
     <span class='ocr_line' id='line_1_66' title="bbox 228 3404 1776 3475; baseline 0.001 -17"><span class='ocrx_word' id='word_1_478' title='bbox 228 3406 354 3467; x_wconf 77' lang='grc' dir='ltr'><strong>τὰς·</strong></span> <span class='ocrx_word' id='word_1_479' title='bbox 386 3404 509 3471; x_wconf 73' lang='grc' dir='ltr'><strong>περὶ</strong></span> <span class='ocrx_word' id='word_1_480' title='bbox 555 3404 776 3456; x_wconf 80' lang='grc' dir='ltr'><strong>ἑκάστου</strong></span> <span class='ocrx_word' id='word_1_481' title='bbox 819 3405 1082 3474; x_wconf 81' lang='grc' dir='ltr'><strong>δόγματος</strong></span> <span class='ocrx_word' id='word_1_482' title='bbox 1110 3406 1416 3474; x_wconf 79' lang='grc' dir='ltr'><strong>ῥιπτοῦντες</strong></span> <span class='ocrx_word' id='word_1_483' title='bbox 1449 3408 1776 3475; x_wconf 71' lang='grc' dir='ltr'><strong>συγκαταθέ-</strong></span> 
     </span>
    </p>
   </div>
   <div class='ocr_carea' id='block_1_67' title="bbox 232 3492 1779 3565">
    <p class='ocr_par' dir='ltr' id='par_1_67' title="bbox 232 3492 1779 3565">
     <span class='ocr_line' id='line_1_67' title="bbox 232 3492 1779 3565; baseline 0.001 -16"><span class='ocrx_word' id='word_1_484' title='bbox 232 3511 377 3556; x_wconf 82' lang='grc' dir='ltr'><strong>σεις.</strong></span> <span class='ocrx_word' id='word_1_485' title='bbox 426 3494 489 3543; x_wconf 82' lang='grc' dir='ltr'><strong>Ἠ</strong></span> <span class='ocrx_word' id='word_1_486' title='bbox 511 3492 564 3543; x_wconf 82' lang='grc' dir='ltr'><strong>δὲ</strong></span> <span class='ocrx_word' id='word_1_487' title='bbox 587 3493 682 3561; x_wconf 83' lang='grc' dir='ltr'><strong>τῆς</strong></span> <span class='ocrx_word' id='word_1_488' title='bbox 708 3493 1038 3564; x_wconf 85' lang='grc' dir='ltr'><strong>διαλεκτικῆς</strong></span> <span class='ocrx_word' id='word_1_489' title='bbox 1062 3494 1217 3562; x_wconf 82' lang='grc' dir='ltr'><strong>φύσις</strong></span> <span class='ocrx_word' id='word_1_490' title='bbox 1246 3496 1471 3565; x_wconf 80' lang='grc' dir='ltr'><strong>μάλιστα</strong></span> <span class='ocrx_word' id='word_1_491' title='bbox 1497 3498 1779 3550; x_wconf 84' lang='grc' dir='ltr'><strong>πεπίστευ-</strong></span> 
     </span>
    </p>
   </div>
   <div class='ocr_carea' id='block_1_68' title="bbox 228 3578 1777 3652">
    <p class='ocr_par' dir='ltr' id='par_1_68' title="bbox 228 3578 1777 3652">
     <span class='ocr_line' id='line_1_68' title="bbox 228 3578 1777 3652; baseline 0.001 -18"><span class='ocrx_word' id='word_1_492' title='bbox 228 3600 330 3636; x_wconf 81' lang='grc' dir='ltr'><strong>ται</strong></span> <span class='ocrx_word' id='word_1_493' title='bbox 366 3578 536 3631; x_wconf 85' lang='grc' dir='ltr'><strong>ταῦτα</strong></span> <span class='ocrx_word' id='word_1_494' title='bbox 578 3578 829 3649; x_wconf 85' lang='grc' dir='ltr'><strong>παρέχειν</strong></span> <span class='ocrx_word' id='word_1_495' title='bbox 859 3581 1129 3645; x_wconf 83' lang='grc' dir='ltr'><strong>δύνασθαι,</strong></span> <span class='ocrx_word' id='word_1_496' title='bbox 1168 3582 1387 3652; x_wconf 87' lang='grc' dir='ltr'><strong>διαιρεῖν</strong></span> <span class='ocrx_word' id='word_1_497' title='bbox 1418 3582 1653 3651; x_wconf 80' lang='grc' dir='ltr'><strong>ἀκριϐῶς</strong></span> <span class='ocrx_word' id='word_1_498' title='bbox 1681 3584 1777 3646; x_wconf 80' lang='grc' dir='ltr'><strong>τὰς</strong></span> 
     </span>
    </p>
   </div>
   <div class='ocr_carea' id='block_1_69' title="bbox 229 3667 1780 3741">
    <p class='ocr_par' dir='ltr' id='par_1_69' title="bbox 229 3667 1780 3741">
     <span class='ocr_line' id='line_1_69' title="bbox 229 3667 1780 3741; baseline 0.002 -19"><span class='ocrx_word' id='word_1_499' title='bbox 229 3672 350 3722; x_wconf 81' lang='grc' dir='ltr'><strong>τῶν</strong></span> <span class='ocrx_word' id='word_1_500' title='bbox 385 3667 723 3735; x_wconf 81' lang='grc' dir='ltr'><strong>πραγμάτων</strong></span> <span class='ocrx_word' id='word_1_501' title='bbox 751 3668 932 3737; x_wconf 78' lang='grc' dir='ltr'><strong>φύσεις</strong></span> <span class='ocrx_word' id='word_1_502' title='bbox 966 3671 1057 3722; x_wconf 73' lang='grc' dir='ltr'><strong>καὶ</strong></span> <span class='ocrx_word' id='word_1_503' title='bbox 1084 3671 1150 3723; x_wconf 81' lang='grc' dir='ltr'><strong>τὰ</strong></span> <span class='ocrx_word' id='word_1_504' title='bbox 1177 3671 1333 3740; x_wconf 81' lang='grc' dir='ltr'><strong>ὃμοια</strong></span> <span class='ocrx_word' id='word_1_505' title='bbox 1363 3672 1660 3741; x_wconf 75' lang='grc' dir='ltr'><strong>γνωρίζειν,</strong></span> <span class='ocrx_word' id='word_1_506' title='bbox 1688 3672 1780 3725; x_wconf 73' lang='grc' dir='ltr'><strong>καὶ</strong></span> 
     </span>
    </p>
   </div>
   <div class='ocr_carea' id='block_1_70' title="bbox 230 3757 1780 3831">
    <p class='ocr_par' dir='ltr' id='par_1_70' title="bbox 230 3757 1780 3831">
     <span class='ocr_line' id='line_1_70' title="bbox 230 3757 1780 3831; baseline 0.001 -19"><span class='ocrx_word' id='word_1_507' title='bbox 230 3761 307 3812; x_wconf 74' lang='grc' dir='ltr'><strong>τὰ</strong></span> <span class='ocrx_word' id='word_1_508' title='bbox 353 3757 548 3826; x_wconf 84' lang='grc' dir='ltr'><strong>ἐαυτῆς</strong></span> <span class='ocrx_word' id='word_1_509' title='bbox 598 3757 903 3826; x_wconf 81' lang='grc' dir='ltr'><strong>διακρίνειν.</strong></span> <span class='ocrx_word' id='word_1_510' title='bbox 950 3760 1140 3829; x_wconf 88' lang='grc' dir='ltr'><strong>Διόπερ</strong></span> <span class='ocrx_word' id='word_1_511' title='bbox 1188 3760 1433 3823; x_wconf 85' lang='grc' dir='ltr'><strong>συνειδὼς</strong></span> <span class='ocrx_word' id='word_1_512' title='bbox 1479 3761 1652 3831; x_wconf 75' lang='grc' dir='ltr'><strong>ἐαυτῷ</strong></span> <span class='ocrx_word' id='word_1_513' title='bbox 1685 3762 1780 3831; x_wconf 88' lang='grc' dir='ltr'><strong>τὴν</strong></span> 
     </span>
    </p>
   </div>
   <div class='ocr_carea' id='block_1_71' title="bbox 232 3844 1781 3915">
    <p class='ocr_par' dir='ltr' id='par_1_71' title="bbox 232 3844 1781 3915">
     <span class='ocr_line' id='line_1_71' title="bbox 232 3844 1781 3915; baseline 0.003 -17"><span class='ocrx_word' id='word_1_514' title='bbox 232 3848 397 3898; x_wconf 82' lang='grc' dir='ltr'><strong>θείαν</strong></span> <span class='ocrx_word' id='word_1_515' title='bbox 424 3844 753 3914; x_wconf 82' lang='grc' dir='ltr'><strong>διαλεκτικὴν</strong></span> <span class='ocrx_word' id='word_1_516' title='bbox 776 3846 966 3915; x_wconf 76' lang='grc' dir='ltr'><strong>ἔχοντι,</strong></span> <span class='ocrx_word' id='word_1_517' title='bbox 996 3848 1174 3915; x_wconf 78' lang='grc' dir='ltr'><strong>ἔλεγεν</strong></span> <span class='ocrx_word' id='word_1_518' title='bbox 1211 3851 1239 3901; x_wconf 87' lang='lat'><strong>6</strong></span> <span class='ocrx_word' id='word_1_519' title='bbox 1274 3850 1430 3901; x_wconf 83' lang='grc' dir='ltr'><strong>Δαυῒδ</strong></span> <span class='ocrx_word' id='word_1_520' title='bbox 1459 3850 1538 3914; x_wconf 87' lang='grc' dir='ltr'><strong>τὸ,</strong></span> <span class='ocrx_word' id='word_1_521' title='bbox 1584 3851 1781 3905; x_wconf 61' lang='grc' dir='ltr'><strong>Ἡδον-</strong></span> 
     </span>
    </p>
   </div>
   <div class='ocr_carea' id='block_1_72' title="bbox 230 3934 1780 4009">
    <p class='ocr_par' dir='ltr' id='par_1_72' title="bbox 230 3934 1780 4009">
     <span class='ocr_line' id='line_1_72' title="bbox 230 3934 1780 4009; baseline 0.002 -20"><span class='ocrx_word' id='word_1_522' title='bbox 230 3936 371 3999; x_wconf 77' lang='grc' dir='ltr'><strong>θείη</strong></span> <span class='ocrx_word' id='word_1_523' title='bbox 407 3946 505 3986; x_wconf 85' lang='grc' dir='ltr'><strong>σοι</strong></span> <span class='ocrx_word' id='word_1_524' title='bbox 530 3935 568 4000; x_wconf 80' lang='grc' dir='ltr'><em>ἠ</em></span> <span class='ocrx_word' id='word_1_525' title='bbox 598 3934 839 4003; x_wconf 67' lang='grc' dir='ltr'><strong>διαλογὴ</strong></span> <span class='ocrx_word' id='word_1_526' title='bbox 864 3953 998 4003; x_wconf 84' lang='grc' dir='ltr'><strong>μου.</strong></span> <span class='ocrx_word' id='word_1_527' title='bbox 1032 3938 1096 3989; x_wconf 78' lang='grc' dir='ltr'><strong>Ἠ</strong></span> <span class='ocrx_word' id='word_1_528' title='bbox 1124 3937 1229 4008; x_wconf 81' lang='grc' dir='ltr'><strong>γὰρ</strong></span> <span class='ocrx_word' id='word_1_529' title='bbox 1259 3939 1364 3992; x_wconf 84' lang='grc' dir='ltr'><strong>τῶν</strong></span> <span class='ocrx_word' id='word_1_530' title='bbox 1388 3941 1665 4009; x_wconf 84' lang='grc' dir='ltr'><strong>ἐριστικῶς</strong></span> <span class='ocrx_word' id='word_1_531' title='bbox 1689 3940 1780 3994; x_wconf 77' lang='grc' dir='ltr'><strong>καὶ</strong></span> 
     </span>
    </p>
   </div>
   <div class='ocr_carea' id='block_1_73' title="bbox 232 4022 1777 4099">
    <p class='ocr_par' dir='ltr' id='par_1_73' title="bbox 232 4022 1777 4099">
     <span class='ocr_line' id='line_1_73' title="bbox 232 4022 1777 4099; baseline 0.005 -24"><span class='ocrx_word' id='word_1_532' title='bbox 232 4022 559 4093; x_wconf 79' lang='grc' dir='ltr'><strong>φιλονείκως</strong></span> <span class='ocrx_word' id='word_1_533' title='bbox 582 4024 1004 4093; x_wconf 84' lang='grc' dir='ltr'><strong>ἐπεμϐαινόντων</strong></span> <span class='ocrx_word' id='word_1_534' title='bbox 1022 4030 1130 4090; x_wconf 90' lang='grc' dir='ltr'><strong>τοῖς</strong></span> <span class='ocrx_word' id='word_1_535' title='bbox 1154 4029 1429 4098; x_wconf 84' lang='grc' dir='ltr'><strong>πράγμασι</strong></span> <span class='ocrx_word' id='word_1_536' title='bbox 1454 4029 1777 4099; x_wconf 84' lang='grc' dir='ltr'><strong>διαλεκτικὴ,</strong></span> 
     </span>
    </p>
   </div>
   <div class='ocr_carea' id='block_1_74' title="bbox 231 4113 1781 4190">
    <p class='ocr_par' dir='ltr' id='par_1_74' title="bbox 231 4113 1781 4190">
     <span class='ocr_line' id='line_1_74' title="bbox 231 4113 1781 4190; baseline 0.004 -23"><span class='ocrx_word' id='word_1_537' title='bbox 231 4116 341 4183; x_wconf 84' lang='grc' dir='ltr'><strong>οὐχ</strong></span> <span class='ocrx_word' id='word_1_538' title='bbox 372 4114 541 4181; x_wconf 83' lang='grc' dir='ltr'><strong>ἡδεῖα,</strong></span> <span class='ocrx_word' id='word_1_539' title='bbox 570 4113 701 4165; x_wconf 81' lang='grc' dir='ltr'><strong>ἀλλὰ</strong></span> <span class='ocrx_word' id='word_1_540' title='bbox 733 4118 1229 4186; x_wconf 80' lang='grc' dir='ltr'><strong>παραπικραίνουσά</strong></span> <span class='ocrx_word' id='word_1_541' title='bbox 1248 4121 1329 4182; x_wconf 91' lang='grc' dir='ltr'><strong>τίς</strong></span> <span class='ocrx_word' id='word_1_542' title='bbox 1351 4122 1512 4173; x_wconf 86' lang='grc' dir='ltr'><strong>ἐστιν.</strong></span> <span class='ocrx_word' id='word_1_543' title='bbox 1539 4121 1657 4173; x_wconf 87' lang='grc' dir='ltr'><strong>Ὅτι</strong></span> <span class='ocrx_word' id='word_1_544' title='bbox 1685 4121 1781 4190; x_wconf 73' lang='grc' dir='ltr'><strong>μὲν</strong></span> 
     </span>
    </p>
   </div>
   <div class='ocr_carea' id='block_1_75' title="bbox 229 4201 1781 4277">
    <p class='ocr_par' dir='ltr' id='par_1_75' title="bbox 229 4201 1781 4277">
     <span class='ocr_line' id='line_1_75' title="bbox 229 4201 1781 4277; baseline 0.004 -21"><span class='ocrx_word' id='word_1_545' title='bbox 229 4201 336 4256; x_wconf 83' lang='grc' dir='ltr'><strong>οῦν</strong></span> <span class='ocrx_word' id='word_1_546' title='bbox 366 4202 492 4271; x_wconf 76' lang='grc' dir='ltr'><strong>ἡδὺς</strong></span> <span class='ocrx_word' id='word_1_547' title='bbox 524 4201 637 4271; x_wconf 82' lang='grc' dir='ltr'><strong>Θεῷ</strong></span> <span class='ocrx_word' id='word_1_548' title='bbox 662 4202 812 4270; x_wconf 83' lang='grc' dir='ltr'><strong>λόγος</strong></span> <span class='ocrx_word' id='word_1_549' title='bbox 847 4207 876 4257; x_wconf 90' lang='lat'><strong>6</strong></span> <span class='ocrx_word' id='word_1_550' title='bbox 901 4208 978 4268; x_wconf 84' lang='grc' dir='ltr'><strong>είς</strong></span> <span class='ocrx_word' id='word_1_551' title='bbox 1009 4207 1264 4277; x_wconf 85' lang='grc' dir='ltr'><strong>ὀρθότητα</strong></span> <span class='ocrx_word' id='word_1_552' title='bbox 1290 4209 1515 4277; x_wconf 82' lang='grc' dir='ltr'><strong>βλέπων,</strong></span> <span class='ocrx_word' id='word_1_553' title='bbox 1545 4210 1701 4271; x_wconf 79' lang='grc' dir='ltr'><strong>αὐτὸς</strong></span> <span class='ocrx_word' id='word_1_554' title='bbox 1725 4213 1781 4262; x_wconf 75' lang='grc' dir='ltr'><strong>ἐν</strong></span> 
     </span>
    </p>
   </div>
   <div class='ocr_carea' id='block_1_76' title="bbox 230 4289 1779 4366">
    <p class='ocr_par' dir='ltr' id='par_1_76' title="bbox 230 4289 1779 4366">
     <span class='ocr_line' id='line_1_76' title="bbox 230 4289 1779 4366; baseline 0.01 -28"><span class='ocrx_word' id='word_1_555' title='bbox 230 4292 321 4361; x_wconf 75' lang='grc' dir='ltr'><strong>τῷ</strong></span> <span class='ocrx_word' id='word_1_556' title='bbox 360 4291 561 4359; x_wconf 84' lang='grc' dir='ltr'><strong>ᾅσματι</strong></span> <span class='ocrx_word' id='word_1_557' title='bbox 585 4289 757 4357; x_wconf 66' lang='grc' dir='ltr'><strong>λέγειν</strong></span> <span class='ocrx_word' id='word_1_558' title='bbox 786 4293 1000 4359; x_wconf 70' lang='lat' dir='ltr'><strong>Knplor</strong></span> <span class='ocrx_word' id='word_1_559' title='bbox 1026 4295 1422 4356; x_wconf 73' lang='grc' dir='ltr'><strong>ἁποστάζουσι</strong></span> <span class='ocrx_word' id='word_1_560' title='bbox 1452 4300 1617 4366; x_wconf 72' lang='grc' dir='ltr'><strong>χείλη</strong></span> <span class='ocrx_word' id='word_1_561' title='bbox 1646 4314 1779 4364; x_wconf 82' lang='grc' dir='ltr'><strong>σου,</strong></span> 
     </span>
    </p>
   </div>
   <div class='ocr_carea' id='block_1_77' title="bbox 228 4377 1784 4457">
    <p class='ocr_par' dir='ltr' id='par_1_77' title="bbox 228 4377 1784 4457">
     <span class='ocr_line' id='line_1_77' title="bbox 228 4377 1784 4457; baseline 0.008 -26"><span class='ocrx_word' id='word_1_562' title='bbox 228 4377 481 4445; x_wconf 68' lang='grc' dir='ltr'><strong>ἀδελφή</strong></span> <span class='ocrx_word' id='word_1_563' title='bbox 497 4395 610 4444; x_wconf 80' lang='grc' dir='ltr'><strong>μου</strong></span> <span class='ocrx_word' id='word_1_564' title='bbox 632 4381 828 4446; x_wconf 68' lang='grc' dir='ltr'><strong>νύμφη</strong></span> <span class='ocrx_word' id='word_1_565' title='bbox 849 4394 862 4410; x_wconf 74' lang='grc'><strong>⁸</strong></span> <span class='ocrx_word' id='word_1_566' title='bbox 882 4381 1019 4447; x_wconf 81' lang='grc' dir='ltr'><strong>μέλι</strong></span> <span class='ocrx_word' id='word_1_567' title='bbox 1042 4385 1135 4436; x_wconf 79' lang='grc' dir='ltr'><strong>καὶ</strong></span> <span class='ocrx_word' id='word_1_568' title='bbox 1159 4385 1306 4452; x_wconf 57' lang='grc' dir='ltr'><strong>γάλα</strong></span> <span class='ocrx_word' id='word_1_569' title='bbox 1333 4387 1447 4440; x_wconf 81' lang='grc' dir='ltr'><strong>ὑπὸ</strong></span> <span class='ocrx_word' id='word_1_570' title='bbox 1475 4388 1583 4455; x_wconf 80' lang='grc' dir='ltr'><strong>τὴν</strong></span> <span class='ocrx_word' id='word_1_571' title='bbox 1604 4387 1784 4457; x_wconf 76' lang='grc' dir='ltr'><strong>γλῶσ·</strong></span> 
     </span>
    </p>
   </div>
   <div class='ocr_carea' id='block_1_78' title="bbox 1878 3228 3396 3299">
    <p class='ocr_par' dir='ltr' id='par_1_78' title="bbox 1878 3228 3396 3299">
     <span class='ocr_line' id='line_1_78' title="bbox 1878 3228 3396 3299; baseline -0.001 -16"><span class='ocrx_word' id='word_1_572' title='bbox 1878 3247 2019 3284; x_wconf 71' lang='lat' dir='ltr'><strong>mene</strong></span> <span class='ocrx_word' id='word_1_573' title='bbox 2065 3232 2289 3299; x_wconf 78' lang='lat' dir='ltr'><strong>singulis</strong></span> <span class='ocrx_word' id='word_1_574' title='bbox 2320 3231 2597 3284; x_wconf 85' lang='lat' dir='ltr'><strong>sententiis</strong></span> <span class='ocrx_word' id='word_1_575' title='bbox 2635 3244 2913 3283; x_wconf 87' lang='lat' dir='ltr'><strong>assensum</strong></span> <span class='ocrx_word' id='word_1_576' title='bbox 2943 3228 3209 3297; x_wconf 65' lang='lat' dir='ltr'><strong>praebent.</strong></span> <span class='ocrx_word' id='word_1_577' title='bbox 3236 3230 3304 3280; x_wconf 82' lang='lat' dir='ltr'><strong>At</strong></span> <span class='ocrx_word' id='word_1_578' title='bbox 3333 3243 3396 3282; x_wconf 84' lang='lat' dir='ltr'><strong>ea</strong></span> 
     </span>
    </p>
   </div>
   <div class='ocr_carea' id='block_1_79' title="bbox 1876 3317 3396 3381">
    <p class='ocr_par' dir='ltr' id='par_1_79' title="bbox 1876 3317 3396 3381">
     <span class='ocr_line' id='line_1_79' title="bbox 1876 3317 3396 3381; baseline 0.001 -12"><span class='ocrx_word' id='word_1_579' title='bbox 1876 3317 2162 3370; x_wconf 74' lang='lat' dir='ltr'><strong>dialectica:</strong></span> <span class='ocrx_word' id='word_1_580' title='bbox 2203 3326 2389 3370; x_wconf 83' lang='lat' dir='ltr'><strong>natura</strong></span> <span class='ocrx_word' id='word_1_581' title='bbox 2444 3324 2544 3380; x_wconf 89' lang='lat' dir='ltr'><strong>est,</strong></span> <span class='ocrx_word' id='word_1_582' title='bbox 2578 3323 2638 3369; x_wconf 92' lang='lat' dir='ltr'><strong>ut</strong></span> <span class='ocrx_word' id='word_1_583' title='bbox 2663 3331 2840 3369; x_wconf 88' lang='lat' dir='ltr'><strong>rerum</strong></span> <span class='ocrx_word' id='word_1_584' title='bbox 2886 3326 3105 3381; x_wconf 85' lang='lat' dir='ltr'><strong>naturas</strong></span> <span class='ocrx_word' id='word_1_585' title='bbox 3147 3326 3396 3370; x_wconf 84' lang='lat' dir='ltr'><strong>accurate</strong></span> 
     </span>
    </p>
   </div>
   <div class='ocr_carea' id='block_1_80' title="bbox 1876 3403 3399 3474">
    <p class='ocr_par' dir='ltr' id='par_1_80' title="bbox 1876 3403 3399 3474">
     <span class='ocr_line' id='line_1_80' title="bbox 1876 3403 3399 3474; baseline 0.001 -17"><span class='ocrx_word' id='word_1_586' title='bbox 1876 3404 2257 3474; x_wconf 72' lang='lat' dir='ltr'><strong>distinguendi,</strong></span> <span class='ocrx_word' id='word_1_587' title='bbox 2306 3404 2501 3458; x_wconf 77' lang='lat' dir='ltr'><strong>similia</strong></span> <span class='ocrx_word' id='word_1_588' title='bbox 2553 3403 2926 3472; x_wconf 68' lang='lat' dir='ltr'><strong>cognoscendi,</strong></span> <span class='ocrx_word' id='word_1_589' title='bbox 2984 3411 3038 3458; x_wconf 91' lang='lat' dir='ltr'><strong>et</strong></span> <span class='ocrx_word' id='word_1_590' title='bbox 3081 3419 3199 3473; x_wconf 65' lang='lat' dir='ltr'><strong>quae</strong></span> <span class='ocrx_word' id='word_1_591' title='bbox 3235 3404 3301 3457; x_wconf 90' lang='lat' dir='ltr'><strong>ad</strong></span> <span class='ocrx_word' id='word_1_592' title='bbox 3338 3415 3399 3458; x_wconf 84' lang='lat' dir='ltr'><strong>se</strong></span> 
     </span>
    </p>
   </div>
   <div class='ocr_carea' id='block_1_81' title="bbox 1876 3493 3398 3564">
    <p class='ocr_par' dir='ltr' id='par_1_81' title="bbox 1876 3493 3398 3564">
     <span class='ocr_line' id='line_1_81' title="bbox 1876 3493 3398 3564; baseline 0.002 -17"><span class='ocrx_word' id='word_1_593' title='bbox 1876 3496 2171 3564; x_wconf 89' lang='lat' dir='ltr'><strong>pertineant</strong></span> <span class='ocrx_word' id='word_1_594' title='bbox 2212 3494 2573 3559; x_wconf 87' lang='lat' dir='ltr'><strong>discernendi,</strong></span> <span class='ocrx_word' id='word_1_595' title='bbox 2622 3493 2925 3547; x_wconf 87' lang='lat' dir='ltr'><strong>facultatem</strong></span> <span class='ocrx_word' id='word_1_596' title='bbox 2955 3501 3210 3562; x_wconf 66' lang='lat' dir='ltr'><strong>praestare</strong></span> <span class='ocrx_word' id='word_1_597' title='bbox 3240 3505 3398 3563; x_wconf 81' lang='lat' dir='ltr'><strong>posse</strong></span> 
     </span>
    </p>
   </div>
   <div class='ocr_carea' id='block_1_82' title="bbox 1876 3581 3397 3653">
    <p class='ocr_par' dir='ltr' id='par_1_82' title="bbox 1876 3581 3397 3653">
     <span class='ocr_line' id='line_1_82' title="bbox 1876 3581 3397 3653; baseline 0 -16"><span class='ocrx_word' id='word_1_598' title='bbox 1876 3592 2108 3653; x_wconf 89' lang='lat' dir='ltr'><strong>putetur.</strong></span> <span class='ocrx_word' id='word_1_599' title='bbox 2136 3583 2487 3648; x_wconf 86' lang='lat' dir='ltr'><strong>Quamobrem</strong></span> <span class='ocrx_word' id='word_1_600' title='bbox 2507 3581 2670 3636; x_wconf 81' lang='lat' dir='ltr'><strong>David</strong></span> <span class='ocrx_word' id='word_1_601' title='bbox 2687 3597 2807 3636; x_wconf 91' lang='lat' dir='ltr'><strong>cum</strong></span> <span class='ocrx_word' id='word_1_602' title='bbox 2837 3597 2894 3637; x_wconf 91' lang='lat' dir='ltr'><strong>se</strong></span> <span class='ocrx_word' id='word_1_603' title='bbox 2921 3582 3098 3637; x_wconf 89' lang='lat' dir='ltr'><strong>divina</strong></span> <span class='ocrx_word' id='word_1_604' title='bbox 3120 3583 3397 3637; x_wconf 82' lang='lat' dir='ltr'><strong>dialectica</strong></span> 
     </span>
    </p>
   </div>
   <div class='ocr_carea' id='block_1_83' title="bbox 1876 3671 3397 3743">
    <p class='ocr_par' dir='ltr' id='par_1_83' title="bbox 1876 3671 3397 3743">
     <span class='ocr_line' id='line_1_83' title="bbox 1876 3671 3397 3743; baseline -0.003 -14"><span class='ocrx_word' id='word_1_605' title='bbox 1876 3676 2194 3729; x_wconf 90' lang='lat' dir='ltr'><strong>instructum</strong></span> <span class='ocrx_word' id='word_1_606' title='bbox 2211 3688 2330 3729; x_wconf 89' lang='lat' dir='ltr'><strong>esse</strong></span> <span class='ocrx_word' id='word_1_607' title='bbox 2348 3681 2712 3743; x_wconf 82' lang='lat' dir='ltr'><strong>cognosceret,</strong></span> <span class='ocrx_word' id='word_1_608' title='bbox 2736 3673 2943 3727; x_wconf 88' lang='lat' dir='ltr'><strong>dicebat</strong></span> <span class='ocrx_word' id='word_1_609' title='bbox 2968 3692 2980 3727; x_wconf 92' lang='lat'>:</span> <span class='ocrx_word' id='word_1_610' title='bbox 3011 3671 3045 3724; x_wconf 87' lang='grc'><strong>.1</strong></span> <span class='ocrx_word' id='word_1_611' title='bbox 3050 3672 3305 3725; x_wconf 84' lang='lat' dir='ltr'><strong>ucundum</strong></span> <span class='ocrx_word' id='word_1_612' title='bbox 3327 3673 3397 3725; x_wconf 75' lang='lat' dir='ltr'><strong>sil</strong></span> 
     </span>
    </p>
   </div>
   <div class='ocr_carea' id='block_1_84' title="bbox 1877 3763 3399 3833">
    <p class='ocr_par' dir='ltr' id='par_1_84' title="bbox 1877 3763 3399 3833">
     <span class='ocr_line' id='line_1_84' title="bbox 1877 3763 3399 3833; baseline -0.001 -16"><span class='ocrx_word' id='word_1_613' title='bbox 1877 3765 1969 3817; x_wconf 84' lang='lat' dir='ltr'><strong>tibi</strong></span> <span class='ocrx_word' id='word_1_614' title='bbox 2006 3764 2260 3833; x_wconf 84' lang='lat' dir='ltr'><strong>eloquium</strong></span> <span class='ocrx_word' id='word_1_615' title='bbox 2287 3779 2473 3824; x_wconf 84' lang='lat' dir='ltr'><strong>meum,</strong></span> <span class='ocrx_word' id='word_1_616' title='bbox 2502 3763 2613 3818; x_wconf 84' lang='lat' dir='ltr'><strong>sive</strong></span> <span class='ocrx_word' id='word_1_617' title='bbox 2650 3764 2926 3818; x_wconf 88' lang='lat' dir='ltr'><strong>dialectica</strong></span> <span class='ocrx_word' id='word_1_618' title='bbox 2951 3779 3088 3819; x_wconf 82' lang='lat' dir='ltr'><strong>mea.</strong></span> <span class='ocrx_word' id='word_1_619' title='bbox 3113 3763 3245 3817; x_wconf 87' lang='lat' dir='ltr'><strong>Nam</strong></span> <span class='ocrx_word' id='word_1_620' title='bbox 3282 3764 3399 3817; x_wconf 76' lang='lat' dir='ltr'><strong>dia-</strong></span> 
     </span>
    </p>
   </div>
   <div class='ocr_carea' id='block_1_85' title="bbox 1878 3853 3400 3922">
    <p class='ocr_par' dir='ltr' id='par_1_85' title="bbox 1878 3853 3400 3922">
     <span class='ocr_line' id='line_1_85' title="bbox 1878 3853 3400 3922; baseline 0 -16"><span class='ocrx_word' id='word_1_621' title='bbox 1878 3854 2062 3907; x_wconf 82' lang='lat' dir='ltr'><strong>lectica</strong></span> <span class='ocrx_word' id='word_1_622' title='bbox 2097 3868 2279 3908; x_wconf 91' lang='lat' dir='ltr'><strong>eorum</strong></span> <span class='ocrx_word' id='word_1_623' title='bbox 2316 3853 2405 3922; x_wconf 90' lang='lat' dir='ltr'><strong>qui</strong></span> <span class='ocrx_word' id='word_1_624' title='bbox 2436 3853 2723 3907; x_wconf 89' lang='lat' dir='ltr'><strong>altercandi</strong></span> <span class='ocrx_word' id='word_1_625' title='bbox 2758 3869 2819 3907; x_wconf 86' lang='lat' dir='ltr'><strong>ac</strong></span> <span class='ocrx_word' id='word_1_626' title='bbox 2845 3854 3196 3909; x_wconf 90' lang='lat' dir='ltr'><strong>eontendendi</strong></span> <span class='ocrx_word' id='word_1_627' title='bbox 3224 3855 3400 3907; x_wconf 88' lang='lat' dir='ltr'><strong>animo</strong></span> 
     </span>
    </p>
   </div>
   <div class='ocr_carea' id='block_1_86' title="bbox 1875 3942 3400 4012">
    <p class='ocr_par' dir='ltr' id='par_1_86' title="bbox 1875 3942 3400 4012">
     <span class='ocr_line' id='line_1_86' title="bbox 1875 3942 3400 4012; baseline 0.001 -16"><span class='ocrx_word' id='word_1_628' title='bbox 1875 3958 1963 3998; x_wconf 89' lang='lat' dir='ltr'><strong>res</strong></span> <span class='ocrx_word' id='word_1_629' title='bbox 1999 3943 2397 4011; x_wconf 78' lang='lat' dir='ltr'><strong>aggrediuntur,</strong></span> <span class='ocrx_word' id='word_1_630' title='bbox 2427 3958 2533 3996; x_wconf 90' lang='lat' dir='ltr'><strong>non</strong></span> <span class='ocrx_word' id='word_1_631' title='bbox 2557 3943 2811 4011; x_wconf 89' lang='lat' dir='ltr'><strong>jucunda,</strong></span> <span class='ocrx_word' id='word_1_632' title='bbox 2851 3942 2944 3996; x_wconf 91' lang='lat' dir='ltr'><strong>sed</strong></span> <span class='ocrx_word' id='word_1_633' title='bbox 2974 3943 3155 4010; x_wconf 83' lang='lat' dir='ltr'><strong>potius</strong></span> <span class='ocrx_word' id='word_1_634' title='bbox 3179 3958 3400 4012; x_wconf 83' lang='lat' dir='ltr'><strong>exaspe-</strong></span> 
     </span>
    </p>
   </div>
   <div class='ocr_carea' id='block_1_87' title="bbox 1876 4030 3400 4099">
    <p class='ocr_par' dir='ltr' id='par_1_87' title="bbox 1876 4030 3400 4099">
     <span class='ocr_line' id='line_1_87' title="bbox 1876 4030 3400 4099; baseline 0 -16"><span class='ocrx_word' id='word_1_635' title='bbox 1876 4046 2002 4084; x_wconf 84' lang='lat' dir='ltr'><strong>rans</strong></span> <span class='ocrx_word' id='word_1_636' title='bbox 2034 4039 2134 4084; x_wconf 84' lang='lat' dir='ltr'><strong>est.</strong></span> <span class='ocrx_word' id='word_1_637' title='bbox 2174 4031 2325 4094; x_wconf 88' lang='lat' dir='ltr'><strong>Quod</strong></span> <span class='ocrx_word' id='word_1_638' title='bbox 2370 4038 2543 4084; x_wconf 91' lang='lat' dir='ltr'><strong>autem</strong></span> <span class='ocrx_word' id='word_1_639' title='bbox 2579 4044 2755 4084; x_wconf 83' lang='lat' dir='ltr'><strong>sermo</strong></span> <span class='ocrx_word' id='word_1_640' title='bbox 2784 4030 3086 4097; x_wconf 63' lang='lat' dir='ltr'><strong>aequitatem</strong></span> <span class='ocrx_word' id='word_1_641' title='bbox 3130 4040 3400 4099; x_wconf 86' lang='lat' dir='ltr'><strong>spectans,</strong></span> 
     </span>
    </p>
   </div>
   <div class='ocr_carea' id='block_1_88' title="bbox 1872 4119 3401 4191">
    <p class='ocr_par' dir='ltr' id='par_1_88' title="bbox 1872 4119 3401 4191">
     <span class='ocr_line' id='line_1_88' title="bbox 1872 4119 3401 4191; baseline -0.002 -15"><span class='ocrx_word' id='word_1_642' title='bbox 1872 4122 2140 4191; x_wconf 90' lang='lat' dir='ltr'><strong>jucundus</strong></span> <span class='ocrx_word' id='word_1_643' title='bbox 2171 4121 2276 4175; x_wconf 85' lang='lat' dir='ltr'><strong>Deo</strong></span> <span class='ocrx_word' id='word_1_644' title='bbox 2306 4122 2392 4185; x_wconf 89' lang='lat' dir='ltr'><strong>sit,</strong></span> <span class='ocrx_word' id='word_1_645' title='bbox 2423 4123 2536 4189; x_wconf 90' lang='lat' dir='ltr'><strong>ipse</strong></span> <span class='ocrx_word' id='word_1_646' title='bbox 2577 4122 2630 4173; x_wconf 90' lang='lat' dir='ltr'><strong>in</strong></span> <span class='ocrx_word' id='word_1_647' title='bbox 2669 4122 2880 4174; x_wconf 90' lang='lat' dir='ltr'><strong>cantico</strong></span> <span class='ocrx_word' id='word_1_648' title='bbox 2908 4120 3172 4173; x_wconf 83' lang='lat' dir='ltr'><strong>afﬁrmat:</strong></span> <span class='ocrx_word' id='word_1_649' title='bbox 3199 4119 3401 4174; x_wconf 84' lang='lat' dir='ltr'><strong>Favum</strong></span> 
     </span>
    </p>
   </div>
   <div class='ocr_carea' id='block_1_89' title="bbox 1877 4211 3401 4277">
    <p class='ocr_par' dir='ltr' id='par_1_89' title="bbox 1877 4211 3401 4277">
     <span class='ocr_line' id='line_1_89' title="bbox 1877 4211 3401 4277; baseline -0.001 -14"><span class='ocrx_word' id='word_1_650' title='bbox 1877 4213 2135 4265; x_wconf 80' lang='lat' dir='ltr'><strong>distillant</strong></span> <span class='ocrx_word' id='word_1_651' title='bbox 2165 4211 2305 4264; x_wconf 85' lang='lat' dir='ltr'><strong>labia</strong></span> <span class='ocrx_word' id='word_1_652' title='bbox 2325 4220 2437 4271; x_wconf 78' lang='lat' dir='ltr'><strong>tua,</strong></span> <span class='ocrx_word' id='word_1_653' title='bbox 2462 4227 2609 4264; x_wconf 83' lang='lat' dir='ltr'><strong>soror</strong></span> <span class='ocrx_word' id='word_1_654' title='bbox 2635 4227 2748 4264; x_wconf 87' lang='lat' dir='ltr'><strong>mea</strong></span> <span class='ocrx_word' id='word_1_655' title='bbox 2767 4226 2952 4277; x_wconf 82' lang='lat' dir='ltr'><strong>sponsa</strong></span> <span class='ocrx_word' id='word_1_656' title='bbox 2979 4212 3115 4263; x_wconf 81' lang='lat' dir='ltr'><strong>:mel</strong></span> <span class='ocrx_word' id='word_1_657' title='bbox 3135 4221 3184 4265; x_wconf 83' lang='lat' dir='ltr'><strong>et</strong></span> <span class='ocrx_word' id='word_1_658' title='bbox 3206 4212 3285 4264; x_wconf 88' lang='lat' dir='ltr'><strong>lac</strong></span> <span class='ocrx_word' id='word_1_659' title='bbox 3307 4211 3401 4263; x_wconf 78' lang='lat' dir='ltr'><strong>sub</strong></span> 
     </span>
    </p>
   </div>
   <div class='ocr_carea' id='block_1_90' title="bbox 1880 4300 3402 4371">
    <p class='ocr_par' dir='ltr' id='par_1_90' title="bbox 1880 4300 3402 4371">
     <span class='ocr_line' id='line_1_90' title="bbox 1880 4300 3402 4371; baseline 0 -16"><span class='ocrx_word' id='word_1_660' title='bbox 1880 4302 2055 4371; x_wconf 80' lang='lat' dir='ltr'><strong>lingua</strong></span> <span class='ocrx_word' id='word_1_661' title='bbox 2086 4312 2175 4355; x_wconf 83' lang='lat' dir='ltr'><strong>tua</strong></span> <span class='ocrx_word' id='word_1_662' title='bbox 2199 4304 2263 4356; x_wconf 71' lang='lat'><strong>“.</strong></span> <span class='ocrx_word' id='word_1_663' title='bbox 2296 4301 2447 4367; x_wconf 85' lang='lat' dir='ltr'><strong>Quod</strong></span> <span class='ocrx_word' id='word_1_664' title='bbox 2473 4316 2596 4355; x_wconf 91' lang='lat' dir='ltr'><strong>vero</strong></span> <span class='ocrx_word' id='word_1_665' title='bbox 2628 4302 2716 4369; x_wconf 86' lang='lat' dir='ltr'><strong>qui</strong></span> <span class='ocrx_word' id='word_1_666' title='bbox 2745 4300 2934 4369; x_wconf 78' lang='lat' dir='ltr'><strong>frigida</strong></span> <span class='ocrx_word' id='word_1_667' title='bbox 2962 4309 3016 4353; x_wconf 91' lang='lat' dir='ltr'><strong>et</strong></span> <span class='ocrx_word' id='word_1_668' title='bbox 3044 4301 3215 4357; x_wconf 82' lang='lat' dir='ltr'><strong>{utilia</strong></span> <span class='ocrx_word' id='word_1_669' title='bbox 3242 4303 3402 4355; x_wconf 81' lang='lat' dir='ltr'><strong>verba</strong></span> 
     </span>
    </p>
   </div>
   <div class='ocr_carea' id='block_1_91' title="bbox 1879 4392 3401 4461">
    <p class='ocr_par' dir='ltr' id='par_1_91' title="bbox 1879 4392 3401 4461">
     <span class='ocr_line' id='line_1_91' title="bbox 1879 4392 3401 4461; baseline 0 -16"><span class='ocrx_word' id='word_1_670' title='bbox 1879 4394 2025 4461; x_wconf 90' lang='lat' dir='ltr'><strong>loqui</strong></span> <span class='ocrx_word' id='word_1_671' title='bbox 2056 4394 2208 4453; x_wconf 92' lang='lat' dir='ltr'><strong>solet,</strong></span> <span class='ocrx_word' id='word_1_672' title='bbox 2241 4392 2562 4460; x_wconf 88' lang='lat' dir='ltr'><strong>injucundus</strong></span> <span class='ocrx_word' id='word_1_673' title='bbox 2598 4392 2687 4452; x_wconf 90' lang='lat' dir='ltr'><strong>sit,</strong></span> <span class='ocrx_word' id='word_1_674' title='bbox 2718 4392 2769 4443; x_wconf 90' lang='lat' dir='ltr'><strong>id</strong></span> <span class='ocrx_word' id='word_1_675' title='bbox 2817 4392 3108 4460; x_wconf 87' lang='lat' dir='ltr'><strong>psalmodia</strong></span> <span class='ocrx_word' id='word_1_676' title='bbox 3144 4392 3401 4458; x_wconf 88' lang='lat' dir='ltr'><strong>declarat,</strong></span> 
     </span>
    </p>
   </div>
   <div class='ocr_carea' id='block_1_92' title="bbox 227 4464 1777 4551">
    <p class='ocr_par' dir='ltr' id='par_1_92' title="bbox 227 4464 1777 4546">
     <span class='ocr_line' id='line_1_92' title="bbox 227 4464 1777 4546; baseline 0.018 -39"><span class='ocrx_word' id='word_1_677' title='bbox 227 4465 371 4520; x_wconf 73' lang='grc' dir='ltr'><strong>σάν</strong></span> <span class='ocrx_word' id='word_1_678' title='bbox 398 4480 533 4516; x_wconf 84' lang='grc' dir='ltr'><strong>σου.</strong></span> <span class='ocrx_word' id='word_1_679' title='bbox 566 4465 681 4515; x_wconf 86' lang='grc' dir='ltr'><strong>Ὅτι</strong></span> <span class='ocrx_word' id='word_1_680' title='bbox 704 4464 758 4515; x_wconf 80' lang='grc' dir='ltr'><strong>δὲ</strong></span> <span class='ocrx_word' id='word_1_681' title='bbox 792 4466 819 4515; x_wconf 87' lang='grc'>6</span> <span class='ocrx_word' id='word_1_682' title='bbox 861 4466 1203 4536; x_wconf 83' lang='grc' dir='ltr'><strong>ψυχρολογεῖν</strong></span> <span class='ocrx_word' id='word_1_683' title='bbox 1248 4473 1447 4535; x_wconf 74' lang='grc' dir='ltr'><strong>εἰωθὼς</strong></span> <span class='ocrx_word' id='word_1_684' title='bbox 1472 4475 1722 4544; x_wconf 79' lang='grc' dir='ltr'><strong>ἀκαλλὴς,</strong></span> <span class='ocrx_word' id='word_1_685' title='bbox 1749 4478 1777 4546; x_wconf 77' lang='grc' dir='ltr'><strong>ἡ</strong></span> 
     </span>
    </p>
   </div>
   <div class='ocr_carea' id='block_1_93' title="bbox 1875 4464 3404 4551">
    <p class='ocr_par' dir='ltr' id='par_1_93' title="bbox 1883 4482 3404 4551">
     <span class='ocr_line' id='line_1_93' title="bbox 1883 4482 3404 4551; baseline -0.001 -15"><span class='ocrx_word' id='word_1_686' title='bbox 1883 4498 2003 4536; x_wconf 90' lang='lat' dir='ltr'><strong>cum</strong></span> <span class='ocrx_word' id='word_1_687' title='bbox 2031 4483 2105 4535; x_wconf 91' lang='lat' dir='ltr'><strong>ait</strong></span> <span class='ocrx_word' id='word_1_688' title='bbox 2139 4498 2153 4533; x_wconf 90' lang='lat'><strong>:</strong></span> <span class='ocrx_word' id='word_1_689' title='bbox 2192 4482 2492 4549; x_wconf 85' lang='lat' dir='ltr'><strong>Sepulcrum</strong></span> <span class='ocrx_word' id='word_1_690' title='bbox 2515 4490 2692 4545; x_wconf 77' lang='lat' dir='ltr'><strong>patens</strong></span> <span class='ocrx_word' id='word_1_691' title='bbox 2716 4490 2791 4534; x_wconf 78' lang='lat' dir='ltr'><strong>est</strong></span> <span class='ocrx_word' id='word_1_692' title='bbox 2815 4490 2989 4549; x_wconf 81' lang='lat' dir='ltr'><strong>guttur</strong></span> <span class='ocrx_word' id='word_1_693' title='bbox 3018 4498 3192 4534; x_wconf 85' lang='lat' dir='ltr'><strong>eorum</strong></span> <span class='ocrx_word' id='word_1_694' title='bbox 3207 4482 3272 4533; x_wconf 75' lang='grc'><strong>⁸⁷.</strong></span> <span class='ocrx_word' id='word_1_695' title='bbox 3298 4482 3404 4551; x_wconf 84' lang='lat' dir='ltr'><strong>Ego</strong></span> 
     </span>
    </p>
   </div>
   <div class='ocr_carea' id='block_1_94' title="bbox 226 4552 1785 4634">
    <p class='ocr_par' dir='ltr' id='par_1_94' title="bbox 226 4552 1785 4634">
     <span class='ocr_line' id='line_1_94' title="bbox 226 4552 1785 4634; baseline -0.001 -29"><span class='ocrx_word' id='word_1_696' title='bbox 226 4552 536 4626; x_wconf 76' lang='grc' dir='ltr'><strong>ψαλμῳδία</strong></span> <span class='ocrx_word' id='word_1_697' title='bbox 564 4553 877 4622; x_wconf 70' lang='grc' dir='ltr'><strong>παρίστησιδ</strong></span> <span class='ocrx_word' id='word_1_698' title='bbox 912 4554 1095 4623; x_wconf 68' lang='grc' dir='ltr'><em>Τάφος</em></span> <span class='ocrx_word' id='word_1_699' title='bbox 1123 4558 1247 4629; x_wconf 79' lang='grc' dir='ltr'><strong>γὰρ,</strong></span> <span class='ocrx_word' id='word_1_700' title='bbox 1283 4562 1461 4631; x_wconf 70' lang='grc' dir='ltr'><strong>φησὶν,</strong></span> <span class='ocrx_word' id='word_1_701' title='bbox 1498 4563 1785 4634; x_wconf 75' lang='grc' dir='ltr'><strong>ἀνεφγμέ-</strong></span> 
     </span>
    </p>
   </div>
   <div class='ocr_carea' id='block_1_95' title="bbox 230 4640 1784 4722">
    <p class='ocr_par' dir='ltr' id='par_1_95' title="bbox 230 4640 1784 4722">
     <span class='ocr_line' id='line_1_95' title="bbox 230 4640 1784 4722; baseline 0.011 -30"><span class='ocrx_word' id='word_1_702' title='bbox 230 4663 358 4709; x_wconf 68' lang='grc' dir='ltr'><strong>νος</strong></span> <span class='ocrx_word' id='word_1_703' title='bbox 406 4646 439 4694; x_wconf 81' lang='grc' dir='ltr'><em>ὁ</em></span> <span class='ocrx_word' id='word_1_704' title='bbox 486 4640 711 4709; x_wconf 75' lang='grc' dir='ltr'><strong>λάρυγξ</strong></span> <span class='ocrx_word' id='word_1_705' title='bbox 756 4642 967 4697; x_wconf 80' lang='grc' dir='ltr'><strong>αὐτῶν.</strong></span> <span class='ocrx_word' id='word_1_706' title='bbox 1008 4646 1143 4714; x_wconf 70' lang='grc' dir='ltr'><strong>Ἐγὼ</strong></span> <span class='ocrx_word' id='word_1_707' title='bbox 1196 4648 1263 4700; x_wconf 80' lang='grc' dir='ltr'><strong>δὲ</strong></span> <span class='ocrx_word' id='word_1_708' title='bbox 1314 4652 1784 4722; x_wconf 67' lang='grc' dir='ltr'><strong>εὐφρανθήσομαι</strong></span> 
     </span>
    </p>
   </div>
   <div class='ocr_carea' id='block_1_96' title="bbox 231 4722 1783 4814">
    <p class='ocr_par' dir='ltr' id='par_1_96' title="bbox 231 4722 1783 4814">
     <span class='ocr_line' id='line_1_96' title="bbox 231 4722 1783 4814; baseline 0.005 -26"><span class='ocrx_word' id='word_1_709' title='bbox 231 4733 351 4788; x_wconf 75' lang='grc' dir='ltr'><strong>ἐπὶ</strong></span> <span class='ocrx_word' id='word_1_710' title='bbox 377 4726 456 4797; x_wconf 78' lang='grc' dir='ltr'><strong>τῷ</strong></span> <span class='ocrx_word' id='word_1_711' title='bbox 474 4732 682 4797; x_wconf 81' lang='grc' dir='ltr'><strong>Κυρίῳ.</strong></span> <span class='ocrx_word' id='word_1_712' title='bbox 703 4731 958 4803; x_wconf 81' lang='grc' dir='ltr'><strong>Εῦχομαι,</strong></span> <span class='ocrx_word' id='word_1_713' title='bbox 982 4722 1131 4806; x_wconf 68' lang='grc' dir='ltr'><strong>φησί,</strong></span> <span class='ocrx_word' id='word_1_714' title='bbox 1152 4738 1349 4810; x_wconf 85' lang='grc' dir='ltr'><strong>ταύτην</strong></span> <span class='ocrx_word' id='word_1_715' title='bbox 1370 4760 1467 4810; x_wconf 89' lang='grc' dir='ltr'><strong>μου</strong></span> <span class='ocrx_word' id='word_1_716' title='bbox 1491 4744 1586 4814; x_wconf 73' lang='grc' dir='ltr'><strong>τὴν</strong></span> <span class='ocrx_word' id='word_1_717' title='bbox 1611 4744 1783 4812; x_wconf 81' lang='grc' dir='ltr'><strong>ὑμνῳ-</strong></span> 
     </span>
    </p>
   </div>
   <div class='ocr_carea' id='block_1_97' title="bbox 230 4822 1783 4899">
    <p class='ocr_par' dir='ltr' id='par_1_97' title="bbox 230 4822 1783 4899">
     <span class='ocr_line' id='line_1_97' title="bbox 230 4822 1783 4899; baseline 0.005 -22"><span class='ocrx_word' id='word_1_718' title='bbox 230 4827 370 4878; x_wconf 82' lang='grc' dir='ltr'><strong>δίαν</strong></span> <span class='ocrx_word' id='word_1_719' title='bbox 403 4823 494 4875; x_wconf 73' lang='grc' dir='ltr'><strong>καὶ</strong></span> <span class='ocrx_word' id='word_1_720' title='bbox 537 4822 760 4888; x_wconf 78' lang='grc' dir='ltr'><strong>διάλεξιν</strong></span> <span class='ocrx_word' id='word_1_721' title='bbox 796 4823 1009 4896; x_wconf 81' lang='grc' dir='ltr'><strong>ἡδίστην</strong></span> <span class='ocrx_word' id='word_1_722' title='bbox 1041 4828 1263 4897; x_wconf 75' lang='grc' dir='ltr'><strong>ὀφθῆναι</strong></span> <span class='ocrx_word' id='word_1_723' title='bbox 1290 4830 1379 4898; x_wconf 82' lang='grc' dir='ltr'><strong>τῷ</strong></span> <span class='ocrx_word' id='word_1_724' title='bbox 1414 4832 1546 4899; x_wconf 82' lang='grc' dir='ltr'><strong>Θεῷ.</strong></span> <span class='ocrx_word' id='word_1_725' title='bbox 1590 4833 1783 4885; x_wconf 86' lang='grc' dir='ltr'><strong>Τούτου</strong></span> 
     </span>
    </p>
   </div>
   <div class='ocr_carea' id='block_1_98' title="bbox 1886 4572 3406 4642">
    <p class='ocr_par' dir='ltr' id='par_1_98' title="bbox 1886 4572 3406 4642">
     <span class='ocr_line' id='line_1_98' title="bbox 1886 4572 3406 4642; baseline -0.001 -15"><span class='ocrx_word' id='word_1_726' title='bbox 1886 4588 2000 4627; x_wconf 77' lang='lat' dir='ltr'><strong>vero</strong></span> <span class='ocrx_word' id='word_1_727' title='bbox 2044 4573 2332 4627; x_wconf 84' lang='lat' dir='ltr'><strong>delectabar</strong></span> <span class='ocrx_word' id='word_1_728' title='bbox 2370 4574 2420 4624; x_wconf 84' lang='lat' dir='ltr'><strong>in</strong></span> <span class='ocrx_word' id='word_1_729' title='bbox 2472 4572 2708 4625; x_wconf 86' lang='lat' dir='ltr'><strong>Domino.</strong></span> <span class='ocrx_word' id='word_1_730' title='bbox 2740 4573 2952 4637; x_wconf 85' lang='lat' dir='ltr'><strong>Precor,</strong></span> <span class='ocrx_word' id='word_1_731' title='bbox 2988 4573 3177 4641; x_wconf 82' lang='lat' dir='ltr'><strong>inquit,</strong></span> <span class='ocrx_word' id='word_1_732' title='bbox 3216 4581 3275 4627; x_wconf 88' lang='lat' dir='ltr'><strong>ut</strong></span> <span class='ocrx_word' id='word_1_733' title='bbox 3309 4575 3406 4642; x_wconf 79' lang='lat' dir='ltr'><strong>hy-</strong></span> 
     </span>
    </p>
   </div>
   <div class='ocr_carea' id='block_1_99' title="bbox 1886 4660 3431 4739">
    <p class='ocr_par' dir='ltr' id='par_1_99' title="bbox 1886 4660 3431 4739">
     <span class='ocr_line' id='line_1_99' title="bbox 1886 4660 3431 4739; baseline -0.001 -24"><span class='ocrx_word' id='word_1_734' title='bbox 1886 4678 2042 4717; x_wconf 85' lang='lat' dir='ltr'><strong>mnus</strong></span> <span class='ocrx_word' id='word_1_735' title='bbox 2082 4670 2135 4716; x_wconf 90' lang='lat' dir='ltr'><strong>et</strong></span> <span class='ocrx_word' id='word_1_736' title='bbox 2178 4662 2442 4729; x_wconf 90' lang='lat' dir='ltr'><strong>eloquium</strong></span> <span class='ocrx_word' id='word_1_737' title='bbox 2490 4662 2651 4726; x_wconf 86' lang='lat' dir='ltr'><strong>istud,</strong></span> <span class='ocrx_word' id='word_1_738' title='bbox 2690 4662 3135 4726; x_wconf 87' lang='lat' dir='ltr'><strong>jucundissimum</strong></span> <span class='ocrx_word' id='word_1_739' title='bbox 3174 4662 3281 4715; x_wconf 90' lang='lat' dir='ltr'><strong>Deo</strong></span> <span class='ocrx_word' id='word_1_740' title='bbox 3322 4660 3431 4739; x_wconf 10' lang='lat' dir='ltr'><strong>via»</strong></span> 
     </span>
    </p>
   </div>
   <div class='ocr_carea' id='block_1_100' title="bbox 1886 4750 3406 4820">
    <p class='ocr_par' dir='ltr' id='par_1_100' title="bbox 1886 4750 3406 4820">
     <span class='ocr_line' id='line_1_100' title="bbox 1886 4750 3406 4820; baseline -0.001 -16"><span class='ocrx_word' id='word_1_741' title='bbox 1886 4752 2090 4805; x_wconf 88' lang='lat' dir='ltr'><strong>deatur.</strong></span> <span class='ocrx_word' id='word_1_742' title='bbox 2126 4750 2178 4803; x_wconf 92' lang='lat' dir='ltr'><strong>ld</strong></span> <span class='ocrx_word' id='word_1_743' title='bbox 2216 4751 2354 4803; x_wconf 85' lang='lat' dir='ltr'><strong>enim</strong></span> <span class='ocrx_word' id='word_1_744' title='bbox 2392 4750 2436 4802; x_wconf 88' lang='lat' dir='ltr'><strong>si</strong></span> <span class='ocrx_word' id='word_1_745' title='bbox 2480 4754 2587 4815; x_wconf 80' lang='lat' dir='ltr'><strong>fiat,</strong></span> <span class='ocrx_word' id='word_1_746' title='bbox 2631 4751 2757 4803; x_wconf 87' lang='lat' dir='ltr'><strong>hinc</strong></span> <span class='ocrx_word' id='word_1_747' title='bbox 2788 4766 2885 4820; x_wconf 80' lang='lat' dir='ltr'><strong>ego</strong></span> <span class='ocrx_word' id='word_1_748' title='bbox 2915 4751 3232 4803; x_wconf 88' lang='lat' dir='ltr'><strong>hilaritatem</strong></span> <span class='ocrx_word' id='word_1_749' title='bbox 3277 4763 3406 4803; x_wconf 86' lang='lat' dir='ltr'><strong>con-</strong></span> 
     </span>
    </p>
   </div>
   <div class='ocr_carea' id='block_1_101' title="bbox 1888 4838 3405 4908">
    <p class='ocr_par' dir='ltr' id='par_1_101' title="bbox 1888 4838 3405 4908">
     <span class='ocr_line' id='line_1_101' title="bbox 1888 4838 3405 4908; baseline -0.002 -15"><span class='ocrx_word' id='word_1_750' title='bbox 1888 4856 2101 4908; x_wconf 88' lang='lat' dir='ltr'><strong>sequar,</strong></span> <span class='ocrx_word' id='word_1_751' title='bbox 2131 4849 2182 4893; x_wconf 90' lang='lat' dir='ltr'><strong>et</strong></span> <span class='ocrx_word' id='word_1_752' title='bbox 2206 4839 2505 4893; x_wconf 86' lang='lat' dir='ltr'><strong>delectabor</strong></span> <span class='ocrx_word' id='word_1_753' title='bbox 2528 4840 2580 4892; x_wconf 93' lang='lat' dir='ltr'><strong>in</strong></span> <span class='ocrx_word' id='word_1_754' title='bbox 2606 4839 2850 4900; x_wconf 90' lang='lat' dir='ltr'><strong>Domino,</strong></span> <span class='ocrx_word' id='word_1_755' title='bbox 2881 4838 2930 4890; x_wconf 89' lang='lat' dir='ltr'><strong>id</strong></span> <span class='ocrx_word' id='word_1_756' title='bbox 2956 4846 3058 4895; x_wconf 79' lang='lat' dir='ltr'><strong>est.</strong></span> <span class='ocrx_word' id='word_1_757' title='bbox 3084 4839 3135 4890; x_wconf 91' lang='lat' dir='ltr'><strong>in</strong></span> <span class='ocrx_word' id='word_1_758' title='bbox 3159 4839 3326 4903; x_wconf 85' lang='lat' dir='ltr'><strong>cultu,</strong></span> <span class='ocrx_word' id='word_1_759' title='bbox 3352 4839 3405 4890; x_wconf 84' lang='lat' dir='ltr'><strong>in</strong></span> 
     </span>
    </p>
   </div>
   <div class='ocr_carea' id='block_1_102' title="bbox 3804 1076 3809 2491">
    <p class='ocr_par' dir='ltr' id='par_1_102' title="bbox 3805 1076 3807 2431">
     <span class='ocr_line' id='line_1_102' title="bbox 3805 1076 3807 1135; baseline 0 0"><span class='ocrx_word' id='word_1_760' title='bbox 3805 1076 3807 1135; x_wconf 96' lang='lat' dir='ltr'><strong>l</strong></span> 
     </span>
     <span class='ocr_line' id='line_1_103' title="bbox 3805 1308 3807 1393; baseline 0 0"><span class='ocrx_word' id='word_1_761' title='bbox 3805 1308 3807 1393; x_wconf 68' lang='grc'><strong><em>4</em></strong></span> 
     </span>
     <span class='ocr_line' id='line_1_104' title="bbox 3805 1434 3807 1529; baseline 0 -12"><span class='ocrx_word' id='word_1_762' title='bbox 3805 1434 3807 1529; x_wconf 65' lang='lat' dir='ltr'><strong>l</strong></span> 
     </span>
     <span class='ocr_line' id='line_1_105' title="bbox 3805 1956 3807 2029; baseline 0 0"><span class='ocrx_word' id='word_1_763' title='bbox 3805 1956 3807 2029; x_wconf 65' lang='grc' dir='ltr'><strong>λ</strong></span> 
     </span>
     <span class='ocr_line' id='line_1_106' title="bbox 3805 2330 3807 2431; baseline 0 0"><span class='ocrx_word' id='word_1_764' title='bbox 3805 2330 3807 2431; x_wconf 65' lang='lat' dir='ltr'><strong>l</strong></span> 
     </span>
    </p>
   </div>
   <div class='ocr_carea' id='block_1_103' title="bbox 232 4912 1777 4996">
    <p class='ocr_par' dir='ltr' id='par_1_103' title="bbox 232 4912 1776 4991">
     <span class='ocr_line' id='line_1_107' title="bbox 232 4912 1776 4991; baseline 0.006 -27"><span class='ocrx_word' id='word_1_765' title='bbox 232 4915 360 4984; x_wconf 83' lang='grc' dir='ltr'><strong>γὰρ</strong></span> <span class='ocrx_word' id='word_1_766' title='bbox 390 4912 694 4981; x_wconf 81' lang='grc' dir='ltr'><strong>γενομένου,</strong></span> <span class='ocrx_word' id='word_1_767' title='bbox 729 4914 834 4981; x_wconf 85' lang='grc' dir='ltr'><strong>ἐγὼ</strong></span> <span class='ocrx_word' id='word_1_768' title='bbox 872 4916 967 4985; x_wconf 78' lang='grc' dir='ltr'><strong>τὴν</strong></span> <span class='ocrx_word' id='word_1_769' title='bbox 1006 4917 1271 4970; x_wconf 85' lang='grc' dir='ltr'><strong>ἐντεῦθεν.</strong></span> <span class='ocrx_word' id='word_1_770' title='bbox 1290 4919 1544 4990; x_wconf 78' lang='grc' dir='ltr'><strong>εὐθυμίαν</strong></span> <span class='ocrx_word' id='word_1_771' title='bbox 1566 4922 1776 4991; x_wconf 84' lang='grc' dir='ltr'><strong>καρπώ-</strong></span> 
     </span>
    </p>
   </div>
   <div class='ocr_carea' id='block_1_104' title="bbox 1875 4912 3406 4996">
    <p class='ocr_par' dir='ltr' id='par_1_104' title="bbox 1882 4926 3406 4996">
     <span class='ocr_line' id='line_1_108' title="bbox 1882 4926 3406 4996; baseline -0.003 -13"><span class='ocrx_word' id='word_1_772' title='bbox 1882 4928 2209 4989; x_wconf 88' lang='lat' dir='ltr'><strong>adoratione,</strong></span> <span class='ocrx_word' id='word_1_773' title='bbox 2241 4929 2293 4980; x_wconf 91' lang='lat' dir='ltr'><strong>in</strong></span> <span class='ocrx_word' id='word_1_774' title='bbox 2335 4930 2611 4996; x_wconf 65' lang='lat' dir='ltr'><strong>praeceptis</strong></span> <span class='ocrx_word' id='word_1_775' title='bbox 2638 4930 2773 4996; x_wconf 89' lang='lat' dir='ltr'><strong>ejus,</strong></span> <span class='ocrx_word' id='word_1_776' title='bbox 2804 4928 2946 4995; x_wconf 89' lang='lat' dir='ltr'><strong>quod</strong></span> <span class='ocrx_word' id='word_1_777' title='bbox 2973 4928 3095 4980; x_wconf 86' lang='lat' dir='ltr'><strong>talis</strong></span> <span class='ocrx_word' id='word_1_778' title='bbox 3126 4927 3254 4979; x_wconf 86' lang='lat' dir='ltr'><strong>mihi</strong></span> <span class='ocrx_word' id='word_1_779' title='bbox 3297 4926 3406 4979; x_wconf 63' lang='lat' dir='ltr'><strong>Do—</strong></span> 
     </span>
    </p>
   </div>
   <div class='ocr_carea' id='block_1_105' title="bbox 233 5004 1777 5085">
    <p class='ocr_par' dir='ltr' id='par_1_105' title="bbox 233 5004 1777 5080">
     <span class='ocr_line' id='line_1_109' title="bbox 233 5004 1777 5080; baseline 0.005 -22"><span class='ocrx_word' id='word_1_780' title='bbox 233 5021 438 5073; x_wconf 85' lang='grc' dir='ltr'><strong>σομαι,</strong></span> <span class='ocrx_word' id='word_1_781' title='bbox 472 5004 562 5055; x_wconf 81' lang='grc' dir='ltr'><strong>καὶ</strong></span> <span class='ocrx_word' id='word_1_782' title='bbox 593 5004 1018 5075; x_wconf 83' lang='grc' dir='ltr'><strong>εὐφρανθήσομαι</strong></span> <span class='ocrx_word' id='word_1_783' title='bbox 1050 5009 1138 5059; x_wconf 79' lang='grc' dir='ltr'><strong>ἐπὶ</strong></span> <span class='ocrx_word' id='word_1_784' title='bbox 1166 5008 1241 5077; x_wconf 83' lang='grc' dir='ltr'><strong>τῷ</strong></span> <span class='ocrx_word' id='word_1_785' title='bbox 1280 5009 1482 5080; x_wconf 79' lang='grc' dir='ltr'><strong>Κυρίῳ,</strong></span> <span class='ocrx_word' id='word_1_786' title='bbox 1519 5014 1777 5066; x_wconf 62' lang='grc' dir='ltr'><strong>τουτέστιι</strong></span> 
     </span>
    </p>
   </div>
   <div class='ocr_carea' id='block_1_106' title="bbox 1875 5004 3408 5085">
    <p class='ocr_par' dir='ltr' id='par_1_106' title="bbox 1886 5016 3408 5085">
     <span class='ocr_line' id='line_1_110' title="bbox 1886 5016 3408 5085; baseline -0.001 -15"><span class='ocrx_word' id='word_1_787' title='bbox 1886 5018 2060 5071; x_wconf 88' lang='lat' dir='ltr'><strong>minus</strong></span> <span class='ocrx_word' id='word_1_788' title='bbox 2085 5016 2172 5070; x_wconf 87' lang='lat' dir='ltr'><strong>sit.</strong></span> <span class='ocrx_word' id='word_1_789' title='bbox 2201 5016 2330 5068; x_wconf 82' lang='lat' dir='ltr'><strong>Nam</strong></span> <span class='ocrx_word' id='word_1_790' title='bbox 2362 5028 2480 5084; x_wconf 65' lang='lat' dir='ltr'><strong>qum</strong></span> <span class='ocrx_word' id='word_1_791' title='bbox 2504 5019 2605 5071; x_wconf 88' lang='lat' dir='ltr'><strong>sub</strong></span> <span class='ocrx_word' id='word_1_792' title='bbox 2637 5024 2905 5085; x_wconf 87' lang='lat' dir='ltr'><strong>aspectum</strong></span> <span class='ocrx_word' id='word_1_793' title='bbox 2931 5016 3146 5079; x_wconf 86' lang='lat' dir='ltr'><strong>cadunt,</strong></span> <span class='ocrx_word' id='word_1_794' title='bbox 3186 5016 3408 5084; x_wconf 82' lang='lat' dir='ltr'><strong>pulchra</strong></span> 
     </span>
    </p>
   </div>
   <div class='ocr_carea' id='block_1_107' title="bbox 230 5092 1777 5176">
    <p class='ocr_par' dir='ltr' id='par_1_107' title="bbox 230 5092 1777 5167">
     <span class='ocr_line' id='line_1_111' title="bbox 230 5092 1777 5167; baseline 0.004 -20"><span class='ocrx_word' id='word_1_795' title='bbox 230 5096 343 5148; x_wconf 74' lang='grc' dir='ltr'><strong>ἐπὶ</strong></span> <span class='ocrx_word' id='word_1_796' title='bbox 373 5097 440 5162; x_wconf 83' lang='grc' dir='ltr'><strong>τῇ</strong></span> <span class='ocrx_word' id='word_1_797' title='bbox 475 5092 710 5163; x_wconf 80' lang='grc' dir='ltr'><strong>λατρείᾳ,</strong></span> <span class='ocrx_word' id='word_1_798' title='bbox 740 5095 831 5146; x_wconf 75' lang='grc' dir='ltr'><strong>ἐπὶ</strong></span> <span class='ocrx_word' id='word_1_799' title='bbox 862 5098 925 5164; x_wconf 79' lang='grc' dir='ltr'><strong>τῇ</strong></span> <span class='ocrx_word' id='word_1_800' title='bbox 965 5098 1318 5167; x_wconf 84' lang='grc' dir='ltr'><strong>προσκυνήσει</strong></span> <span class='ocrx_word' id='word_1_801' title='bbox 1350 5099 1442 5149; x_wconf 77' lang='grc' dir='ltr'><strong>καὶ</strong></span> <span class='ocrx_word' id='word_1_802' title='bbox 1473 5103 1582 5161; x_wconf 88' lang='grc' dir='ltr'><strong>τοῖς</strong></span> <span class='ocrx_word' id='word_1_803' title='bbox 1606 5103 1777 5155; x_wconf 81' lang='grc' dir='ltr'><strong>ἐπιτά-</strong></span> 
     </span>
    </p>
   </div>
   <div class='ocr_carea' id='block_1_108' title="bbox 1875 5092 3414 5176">
    <p class='ocr_par' dir='ltr' id='par_1_108' title="bbox 1886 5106 3414 5176">
     <span class='ocr_line' id='line_1_112' title="bbox 1886 5106 3414 5176; baseline -0.003 -16"><span class='ocrx_word' id='word_1_804' title='bbox 1886 5107 2096 5176; x_wconf 83' lang='lat' dir='ltr'><strong>quidem</strong></span> <span class='ocrx_word' id='word_1_805' title='bbox 2147 5114 2289 5169; x_wconf 90' lang='lat' dir='ltr'><strong>sunt,</strong></span> <span class='ocrx_word' id='word_1_806' title='bbox 2321 5106 2514 5159; x_wconf 67' lang='lat' dir='ltr'><strong>caelum</strong></span> <span class='ocrx_word' id='word_1_807' title='bbox 2561 5108 2800 5166; x_wconf 87' lang='lat' dir='ltr'><strong>delectat,</strong></span> <span class='ocrx_word' id='word_1_808' title='bbox 2843 5119 2922 5159; x_wconf 80' lang='lat'><strong>80!</strong></span> <span class='ocrx_word' id='word_1_809' title='bbox 2969 5106 3221 5166; x_wconf 80' lang='lat' dir='ltr'><strong>laetiﬁcat.</strong></span> <span class='ocrx_word' id='word_1_810' title='bbox 3272 5114 3414 5159; x_wconf 84' lang='lat' dir='ltr'><strong>terra</strong></span> 
     </span>
    </p>
   </div>
   <div class='ocr_carea' id='block_1_109' title="bbox 231 5183 1777 5264">
    <p class='ocr_par' dir='ltr' id='par_1_109' title="bbox 231 5183 1777 5261">
     <span class='ocr_line' id='line_1_113' title="bbox 231 5183 1777 5261; baseline 0.007 -28"><span class='ocrx_word' id='word_1_811' title='bbox 231 5198 423 5251; x_wconf 80' lang='grc' dir='ltr'><strong>γμασι</strong></span> <span class='ocrx_word' id='word_1_812' title='bbox 468 5184 568 5244; x_wconf 76' lang='grc' dir='ltr'><strong>τοῖς</strong></span> <span class='ocrx_word' id='word_1_813' title='bbox 598 5183 777 5246; x_wconf 83' lang='grc' dir='ltr'><strong>αὑτοῦ,</strong></span> <span class='ocrx_word' id='word_1_814' title='bbox 812 5183 901 5235; x_wconf 74' lang='grc' dir='ltr'><strong>ἐπὶ</strong></span> <span class='ocrx_word' id='word_1_815' title='bbox 942 5185 1016 5254; x_wconf 83' lang='grc' dir='ltr'><strong>τῷ</strong></span> <span class='ocrx_word' id='word_1_816' title='bbox 1061 5183 1289 5237; x_wconf 85' lang='grc' dir='ltr'><strong>τοιοῦτον</strong></span> <span class='ocrx_word' id='word_1_817' title='bbox 1326 5187 1469 5255; x_wconf 79' lang='grc' dir='ltr'><strong>ἔχειν</strong></span> <span class='ocrx_word' id='word_1_818' title='bbox 1505 5189 1777 5261; x_wconf 86' lang='grc' dir='ltr'><strong>δεσπότην.</strong></span> 
     </span>
    </p>
   </div>
   <div class='ocr_carea' id='block_1_110' title="bbox 1875 5183 3416 5264">
    <p class='ocr_par' dir='ltr' id='par_1_110' title="bbox 1890 5194 3416 5264">
     <span class='ocr_line' id='line_1_114' title="bbox 1890 5194 3416 5264; baseline -0.003 -15"><span class='ocrx_word' id='word_1_819' title='bbox 1890 5195 2089 5249; x_wconf 90' lang='lat' dir='ltr'><strong>semina</strong></span> <span class='ocrx_word' id='word_1_820' title='bbox 2116 5196 2425 5262; x_wconf 84' lang='lat' dir='ltr'><strong>plantasque</strong></span> <span class='ocrx_word' id='word_1_821' title='bbox 2462 5197 2696 5264; x_wconf 89' lang='lat' dir='ltr'><strong>profert;</strong></span> <span class='ocrx_word' id='word_1_822' title='bbox 2729 5204 2782 5246; x_wconf 89' lang='lat' dir='ltr'><strong>at</strong></span> <span class='ocrx_word' id='word_1_823' title='bbox 2817 5208 2914 5259; x_wconf 82' lang='lat' dir='ltr'><strong>ego</strong></span> <span class='ocrx_word' id='word_1_824' title='bbox 2950 5194 3069 5260; x_wconf 88' lang='lat' dir='ltr'><strong>plus</strong></span> <span class='ocrx_word' id='word_1_825' title='bbox 3098 5194 3335 5247; x_wconf 87' lang='lat' dir='ltr'><strong>delector</strong></span> <span class='ocrx_word' id='word_1_826' title='bbox 3360 5194 3416 5245; x_wconf 84' lang='lat' dir='ltr'><strong>in</strong></span> 
     </span>
    </p>
   </div>
   <div class='ocr_carea' id='block_1_111' title="bbox 235 5270 1777 5353">
    <p class='ocr_par' dir='ltr' id='par_1_111' title="bbox 235 5270 1777 5349">
     <span class='ocr_line' id='line_1_115' title="bbox 235 5270 1777 5349; baseline 0.005 -25"><span class='ocrx_word' id='word_1_827' title='bbox 235 5272 408 5324; x_wconf 82' lang='grc' dir='ltr'><strong>Καλὰ</strong></span> <span class='ocrx_word' id='word_1_828' title='bbox 440 5271 534 5340; x_wconf 79' lang='grc' dir='ltr'><strong>μὲν</strong></span> <span class='ocrx_word' id='word_1_829' title='bbox 569 5270 671 5339; x_wconf 87' lang='grc' dir='ltr'><strong>γὰρ</strong></span> <span class='ocrx_word' id='word_1_830' title='bbox 702 5272 791 5323; x_wconf 79' lang='grc' dir='ltr'><strong>καὶ</strong></span> <span class='ocrx_word' id='word_1_831' title='bbox 830 5272 895 5326; x_wconf 78' lang='grc' dir='ltr'><strong>τὰ</strong></span> <span class='ocrx_word' id='word_1_832' title='bbox 926 5274 1182 5342; x_wconf 79' lang='grc' dir='ltr'><strong>ὁρώμενα,</strong></span> <span class='ocrx_word' id='word_1_833' title='bbox 1217 5276 1308 5325; x_wconf 76' lang='grc' dir='ltr'><strong>καὶ</strong></span> <span class='ocrx_word' id='word_1_834' title='bbox 1342 5274 1529 5345; x_wconf 84' lang='grc' dir='ltr'><strong>τέρπει</strong></span> <span class='ocrx_word' id='word_1_835' title='bbox 1563 5277 1592 5328; x_wconf 89' lang='lat'><strong>6</strong></span> <span class='ocrx_word' id='word_1_836' title='bbox 1627 5281 1777 5349; x_wconf 69' lang='grc' dir='ltr'><strong>οὐρα⁴</strong></span> 
     </span>
    </p>
   </div>
   <div class='ocr_carea' id='block_1_112' title="bbox 1875 5270 3421 5353">
    <p class='ocr_par' dir='ltr' id='par_1_112' title="bbox 1890 5282 3421 5353">
     <span class='ocr_line' id='line_1_116' title="bbox 1890 5282 3421 5353; baseline -0.003 -14"><span class='ocrx_word' id='word_1_837' title='bbox 1890 5285 2159 5343; x_wconf 85' lang='lat' dir='ltr'><strong>Creatore.</strong></span> <span class='ocrx_word' id='word_1_838' title='bbox 2182 5300 2338 5353; x_wconf 86' lang='lat' dir='ltr'><strong>quam</strong></span> <span class='ocrx_word' id='word_1_839' title='bbox 2368 5290 2418 5338; x_wconf 92' lang='lat' dir='ltr'><strong>in</strong></span> <span class='ocrx_word' id='word_1_840' title='bbox 2448 5286 2534 5340; x_wconf 83' lang='lat' dir='ltr'><strong>his</strong></span> <span class='ocrx_word' id='word_1_841' title='bbox 2557 5286 2826 5339; x_wconf 90' lang='lat' dir='ltr'><strong>omnibus.</strong></span> <span class='ocrx_word' id='word_1_842' title='bbox 2851 5282 2971 5335; x_wconf 75' lang='lat' dir='ltr'><strong>Haec</strong></span> <span class='ocrx_word' id='word_1_843' title='bbox 2994 5284 3129 5334; x_wconf 89' lang='lat' dir='ltr'><strong>mihi</strong></span> <span class='ocrx_word' id='word_1_844' title='bbox 3155 5285 3421 5349; x_wconf 76' lang='lat' dir='ltr'><strong>voluptas,</strong></span> 
     </span>
    </p>
   </div>
   <div class='ocr_carea' id='block_1_113' title="bbox 234 5360 1777 5439">
    <p class='ocr_par' dir='ltr' id='par_1_113' title="bbox 234 5360 1777 5439">
     <span class='ocr_line' id='line_1_117' title="bbox 234 5360 1777 5439; baseline 0.005 -27"><span class='ocrx_word' id='word_1_845' title='bbox 234 5360 369 5422; x_wconf 80' lang='grc' dir='ltr'><strong>νὸς,</strong></span> <span class='ocrx_word' id='word_1_846' title='bbox 410 5360 501 5413; x_wconf 84' lang='grc' dir='ltr'><strong>καὶ</strong></span> <span class='ocrx_word' id='word_1_847' title='bbox 542 5361 808 5430; x_wconf 72' lang='grc' dir='ltr'><strong>εὐφραίνει</strong></span> <span class='ocrx_word' id='word_1_848' title='bbox 849 5364 876 5412; x_wconf 82' lang='grc' dir='ltr'><strong>ό</strong></span> <span class='ocrx_word' id='word_1_849' title='bbox 920 5363 1089 5431; x_wconf 75' lang='grc' dir='ltr'><strong>ἥλιος,</strong></span> <span class='ocrx_word' id='word_1_850' title='bbox 1144 5363 1235 5412; x_wconf 86' lang='grc' dir='ltr'><strong>καὶ</strong></span> <span class='ocrx_word' id='word_1_851' title='bbox 1277 5364 1346 5431; x_wconf 84' lang='grc' dir='ltr'><strong>γῆ</strong></span> <span class='ocrx_word' id='word_1_852' title='bbox 1395 5366 1569 5434; x_wconf 80' lang='grc' dir='ltr'><strong>ἀνίησι</strong></span> <span class='ocrx_word' id='word_1_853' title='bbox 1625 5366 1777 5439; x_wconf 82' lang='grc' dir='ltr'><strong>σπέρ-</strong></span> 
     </span>
    </p>
   </div>
   <div class='ocr_carea' id='block_1_114' title="bbox 1875 5360 3428 5439">
    <p class='ocr_par' dir='ltr' id='par_1_114' title="bbox 1892 5370 3428 5434">
     <span class='ocr_line' id='line_1_118' title="bbox 1892 5370 3428 5434; baseline -0.003 -10"><span class='ocrx_word' id='word_1_854' title='bbox 1892 5373 2002 5425; x_wconf 62' lang='lat' dir='ltr'><strong>haec</strong></span> <span class='ocrx_word' id='word_1_855' title='bbox 2026 5371 2223 5433; x_wconf 59' lang='lat' dir='ltr'><strong>laetitia,</strong></span> <span class='ocrx_word' id='word_1_856' title='bbox 2249 5372 2328 5424; x_wconf 73' lang='lat' dir='ltr'><strong>lue</strong></span> <span class='ocrx_word' id='word_1_857' title='bbox 2351 5373 2568 5434; x_wconf 80' lang='lat' dir='ltr'><strong>deliciae,</strong></span> <span class='ocrx_word' id='word_1_858' title='bbox 2593 5374 2703 5426; x_wconf 76' lang='lat' dir='ltr'><strong>luce</strong></span> <span class='ocrx_word' id='word_1_859' title='bbox 2725 5370 2931 5422; x_wconf 82' lang='lat' dir='ltr'><strong>inﬁnita</strong></span> <span class='ocrx_word' id='word_1_860' title='bbox 2952 5371 3090 5422; x_wconf 87' lang='lat' dir='ltr'><strong>bona</strong></span> <span class='ocrx_word' id='word_1_861' title='bbox 3123 5370 3265 5422; x_wconf 85' lang='lat' dir='ltr'><strong>mihi</strong></span> <span class='ocrx_word' id='word_1_862' title='bbox 3285 5380 3428 5421; x_wconf 84' lang='lat' dir='ltr'><strong>sunt.</strong></span> 
     </span>
    </p>
   </div>
   <div class='ocr_carea' id='block_1_115' title="bbox 240 5454 3443 5537">
    <p class='ocr_par' dir='ltr' id='par_1_115' title="bbox 240 5454 3443 5537">
     <span class='ocr_line' id='line_1_119' title="bbox 240 5454 3443 5537; baseline 0.001 -29"><span class='ocrx_word' id='word_1_863' title='bbox 240 5471 402 5523; x_wconf 86' lang='grc' dir='ltr'><strong>ματα</strong></span> <span class='ocrx_word' id='word_1_864' title='bbox 445 5454 536 5506; x_wconf 75' lang='grc' dir='ltr'><strong>καὶ</strong></span> <span class='ocrx_word' id='word_1_865' title='bbox 576 5458 743 5522; x_wconf 63' lang='grc' dir='ltr'><strong>φυτόν</strong></span> <span class='ocrx_word' id='word_1_866' title='bbox 780 5455 888 5507; x_wconf 86' lang='grc' dir='ltr'><strong>ἀλλ’</strong></span> <span class='ocrx_word' id='word_1_867' title='bbox 932 5459 1032 5522; x_wconf 83' lang='grc' dir='ltr'><strong>ἐγὼ</strong></span> <span class='ocrx_word' id='word_1_868' title='bbox 1100 5454 1305 5509; x_wconf 83' lang='grc' dir='ltr'><strong>τούτων</strong></span> <span class='ocrx_word' id='word_1_869' title='bbox 1350 5459 1565 5513; x_wconf 84' lang='grc' dir='ltr'><strong>πάντων</strong></span> <span class='ocrx_word' id='word_1_870' title='bbox 1608 5462 1703 5513; x_wconf 81' lang='grc' dir='ltr'><strong>ἐπὶ</strong></span> <span class='ocrx_word' id='word_1_871' title='bbox 1746 5465 1825 5534; x_wconf 85' lang='grc' dir='ltr'><strong>τῷ</strong></span> <span class='ocrx_word' id='word_1_872' title='bbox 1890 5469 2160 5537; x_wconf 80' lang='grc' dir='ltr'><strong>ποιήσαντι</strong></span> <span class='ocrx_word' id='word_1_873' title='bbox 2214 5466 2367 5519; x_wconf 84' lang='grc' dir='ltr'><strong>πλέον</strong></span> <span class='ocrx_word' id='word_1_874' title='bbox 2415 5467 2788 5536; x_wconf 73' lang='grc' dir='ltr'><strong>εύιρραίνομαι.</strong></span> <span class='ocrx_word' id='word_1_875' title='bbox 2853 5460 3015 5515; x_wconf 80' lang='grc' dir='ltr'><strong>Τοῦτό</strong></span> <span class='ocrx_word' id='word_1_876' title='bbox 3073 5477 3181 5531; x_wconf 81' lang='grc' dir='ltr'><strong>μοι</strong></span> <span class='ocrx_word' id='word_1_877' title='bbox 3233 5460 3443 5530; x_wconf 62' lang='grc' dir='ltr'><strong>τρυφὴ,</strong></span> 
     </span>
    </p>
   </div>
   <div class='ocr_carea' id='block_1_116' title="bbox 232 5540 1985 5622">
    <p class='ocr_par' dir='ltr' id='par_1_116' title="bbox 232 5540 1985 5622">
     <span class='ocr_line' id='line_1_120' title="bbox 232 5540 1985 5622; baseline 0.008 -28"><span class='ocrx_word' id='word_1_878' title='bbox 232 5541 411 5594; x_wconf 71' lang='grc' dir='ltr'><strong>’τοῦτό</strong></span> <span class='ocrx_word' id='word_1_879' title='bbox 439 5559 524 5609; x_wconf 89' lang='grc' dir='ltr'><strong>μοι</strong></span> <span class='ocrx_word' id='word_1_880' title='bbox 560 5540 866 5611; x_wconf 79' lang='grc' dir='ltr'><strong>εὐφροσύνη,</strong></span> <span class='ocrx_word' id='word_1_881' title='bbox 898 5545 1037 5594; x_wconf 87' lang='grc' dir='ltr'><strong>τοῦτο</strong></span> <span class='ocrx_word' id='word_1_882' title='bbox 1070 5541 1266 5613; x_wconf 75' lang='grc' dir='ltr'><strong>ἡδονὴ,</strong></span> <span class='ocrx_word' id='word_1_883' title='bbox 1304 5546 1460 5600; x_wconf 86' lang='grc' dir='ltr'><strong>τοῦτο</strong></span> <span class='ocrx_word' id='word_1_884' title='bbox 1494 5549 1557 5602; x_wconf 74' lang='grc' dir='ltr'><strong>τὰ</strong></span> <span class='ocrx_word' id='word_1_885' title='bbox 1591 5552 1764 5620; x_wconf 81' lang='grc' dir='ltr'><strong>μυρία</strong></span> <span class='ocrx_word' id='word_1_886' title='bbox 1789 5556 1985 5622; x_wconf 80' lang='grc' dir='ltr'><strong>ἀγαθά.</strong></span> 
     </span>
    </p>
   </div>
   <div class='ocr_carea' id='block_1_117' title="bbox 326 5688 1284 5751">
    <p class='ocr_par' dir='ltr' id='par_1_117' title="bbox 326 5688 1284 5751">
     <span class='ocr_line' id='line_1_121' title="bbox 326 5688 1284 5751; baseline -0.002 -6"><span class='ocrx_word' id='word_1_887' title='bbox 326 5691 373 5723; x_wconf 74' lang='grc'>⁸⁸</span> <span class='ocrx_word' id='word_1_888' title='bbox 408 5690 560 5747; x_wconf 87' lang='lat' dir='ltr'><strong>Cant.</strong></span> <span class='ocrx_word' id='word_1_889' title='bbox 600 5708 669 5751; x_wconf 78' lang='lat' dir='ltr'><strong>Iv,</strong></span> <span class='ocrx_word' id='word_1_890' title='bbox 706 5689 785 5741; x_wconf 71' lang='grc'><strong>12.</strong></span> <span class='ocrx_word' id='word_1_891' title='bbox 857 5688 896 5721; x_wconf 79' lang='grc'><strong>⁸⁷</strong></span> <span class='ocrx_word' id='word_1_892' title='bbox 929 5691 1056 5745; x_wconf 86' lang='lat' dir='ltr'><strong>Psal.</strong></span> <span class='ocrx_word' id='word_1_893' title='bbox 1094 5703 1152 5750; x_wconf 79' lang='grc' dir='ltr'><strong>ν,</strong></span> <span class='ocrx_word' id='word_1_894' title='bbox 1194 5692 1284 5749; x_wconf 81' lang='grc' dir='ltr'><strong>Η.</strong></span> 
     </span>
    </p>
   </div>
   <div class='ocr_carea' id='block_1_118' title="bbox 536 5776 3138 5842">
    <p class='ocr_par' dir='ltr' id='par_1_118' title="bbox 536 5776 3138 5842">
     <span class='ocr_line' id='line_1_122' title="bbox 536 5776 3138 5842; baseline -0.002 -1"><span class='ocrx_word' id='word_1_895' title='bbox 536 5778 789 5841; x_wconf 76' lang='grc' dir='ltr'><strong>ΡΑτιιοι..</strong></span> <span class='ocrx_word' id='word_1_896' title='bbox 822 5778 919 5837; x_wconf 87' lang='lat' dir='ltr'><strong>Gn.</strong></span> <span class='ocrx_word' id='word_1_897' title='bbox 968 5776 1216 5837; x_wconf 76' lang='grc' dir='ltr'><strong>ΧΧΗΙ.</strong></span> <span class='ocrx_word' id='word_1_898' title='bbox 3054 5781 3138 5842; x_wconf 70' lang='grc' dir='ltr'><strong>ιιι</strong></span> 
     </span>
    </p>
   </div>
  </div>
