3890 6446
288 426 410 481 1289

1387 413 1875 475 COMMENTABIA
1910 420 1974 475 ΙΝ
2012 407 2357 474 PSALMOS.

3289 422 3417 483 £29”

273 540 522 611 ὂηφορίας
584 544 765 613 καιρὸν
836 540 910 605 εἰς
960 537 1248 613 ἀγορασίαν
1313 537 1486 589 ἐλαίου
1552 537 1793 591 δαπανώ-

1894 538 1992 593 bus
2014 535 2323 603 transigere
2350 521 2632 591 debebant,
2675 531 2729 586 in
2761 536 2877 590 oleo
2918 538 3137 592 emendo
3174 554 3414 593 consum-

275 645 410 693 σαις.

350 741 650 810 Ἡδυνθείη
671 741 824 807 αὐτῷ
844 744 882 809 ἠ
905 740 1145 810 διαλογὴ
1164 756 1278 807 μου
1298 752 1311 765 '
1336 737 1447 805 ἐγὼ
1469 737 1535 789 δὲ
1555 739 1794 805 εὐφρανο

270 830 521 899 θήσομαι
546 834 641 885 ἐπὶ
667 832 745 897 τῷ
771 834 973 899 Κυρίῳ.
1003 832 1121 901 Εῖη,
1150 830 1296 899 φησὶ,
1329 829 1547 882 τοιαῦτά
1580 846 1643 900 με
1669 828 1794 898 ᾇσαι

269 920 361 970 καὶ
392 920 574 987 ψάλαι,
605 920 676 983 ὡς
700 922 981 991 ἡδυνθῆναι
1010 921 1152 990 αὐτῴ
1184 920 1270 972 τὸν
1297 918 1425 987 ἐμοῦ
1451 919 1673 987 καρπὸν,
1700 919 1794 988 τὴν

266 1006 515 1079 διαλογήν
564 1027 661 1079 μου
682 1026 696 1041 ·
737 1010 974 1063 τουτέστι
1011 1012 1107 1081 τὴν
1138 1009 1358 1072 διάλεξίν
1393 1026 1510 1079 μου,
1548 1008 1641 1078 τὴν
1672 1009 1793 1077 ὁμι-

267 1090 384 1147 λίαν
418 1113 535 1163 μου,
568 1100 663 1167 τὴν
690 1097 917 1149 αἵνεσινδ
953 1101 981 1150 ὁ
1031 1099 1132 1169 γὰρ
1172 1099 1381 1166 ψάλλων
1408 1098 1522 1167 Θεῷ
1561 1099 1794 1166 διαλέγε-

265 1198 376 1236 ται.
410 1185 472 1236 Τί
501 1186 557 1237 δέ
597 1188 761 1251 ἐστιν,
813 1188 1102 1254 Ἡδυνθείη
1136 1189 1290 1253 αὐτῷ
1316 1190 1353 1256 ἡ
1383 1187 1624 1257 διαλογὴ
1648 1206 1793 1255 μου;

264 1271 645 1341 εὐπρόσδεκτος
694 1277 919 1341 γένοιτο,
971 1279 1155 1347 ἀρέσαι
1202 1279 1429 1349 δεχθείη,
1473 1279 1654 1348 ἡδίστη
1704 1280 1794 1330 καὶ

262 1364 596 1432 τερπνοτάτη
654 1364 832 1433 ὀφθείη
887 1365 962 1435 τῷ
1004 1366 1136 1433 Θεῷ.
1188 1369 1323 1437 Ἀρα
1368 1370 1401 1437 ἡ
1458 1368 1586 1437 εὐχὴ
1648 1363 1793 1420 οὐδὲν

262 1448 450 1517 ἕτερόν
477 1454 616 1504 ἐστιν
652 1454 683 1522 ἡ
719 1454 941 1517 διάλεξις
973 1452 1104 1525 πρὸς
1136 1455 1282 1510 Θεόν.
1321 1453 1588 1525 Ἐννόησον
1622 1455 1792 1509 τοίνυν

260 1536 359 1606 τὴν
386 1537 712 1609 ψαλμῳδίαν,
736 1544 792 1593 ἐν
813 1543 940 1611 αὐτῇ
966 1547 1059 1612 τὴν
1084 1537 1572 1615 ἀμοιϐἡνέχουσαν.
1597 1546 1661 1597 Τί
1686 1546 1794 1615 γάρ

264 1626 378 1679 ἴσον
422 1629 609 1696 γένοιτ’
642 1631 707 1682 ἂν
746 1629 837 1683 τοῦ
875 1632 989 1701 Θεῷ
1033 1633 1399 1701 διαλέγεσθαι;
1465 1632 1526 1686 Ἥ
1574 1630 1792 1704 τοιαύτη

258 1714 505 1785 θορύϐων
538 1719 923 1773 ἀπαλλάττεται
966 1721 1130 1790 ψυχὴ,
1170 1725 1245 1785 είς
1289 1724 1377 1775 τὸν
1409 1724 1626 1793 οὐρανὸν
1670 1723 1795 1792 μεθ-

259 1801 496 1865 εσταται,
520 1804 623 1855 τῶν
641 1806 939 1875 συνδέσμων
959 1808 1050 1860 τοῦ
1074 1808 1314 1879 σώματος
1337 1810 1637 1872 ἀπολύεται,
1671 1828 1795 1863 πτε-

259 1891 468 1959 ροῦται,
508 1894 799 1964 κουφοτέρα
833 1896 1161 1959 καθίσταται,
1193 1899 1495 1951 ἀποτίθεται
1526 1900 1593 1952 τὰ
1622 1900 1787 1969 πάθη,

255 1980 547 2034 ἀποδύεται
571 1984 637 2037 τὰ
663 1987 949 2054 νοσήματα.
1000 1989 1060 2040 El
1087 1988 1190 2057 γὰρ
1210 1989 1469 2060 ἀνθρώπῳ
1489 2008 1571 2053 τις
1596 1991 1792 2059 συνετῷ

256 2070 353 2122 καὶ
401 2070 523 2124 νοῦν
569 2072 738 2141 ἔχοντι
782 2076 1179 2145 διαλεγόμενος,
1222 2081 1326 2132 ἀπὸ
1366 2081 1461 2150 τῆς
1499 2076 1707 2149 ὁμιλίας
1742 2098 1794 2134 τι

255 2159 524 2229 κερδάνας
567 2161 873 2232 ἀπέρχεται,
903 2163 930 2217 ὁ
977 2164 1110 2235 πρὸς
1162 2165 1251 2219 τὸν
1303 2167 1432 2219 Θεὸν
1470 2168 1688 2237 ὁμιλῶν,
1715 2184 1797 2220 εν-

254 2250 450 2319 νὸησον
493 2247 661 2321 πόσην
708 2251 1047 2322 καρπώσεται
1088 2253 1183 2324 τὴν
1219 2256 1433 2326 ἀρετήν.
1460 2258 1600 2327 Ἀρα
1634 2252 1796 2327 ὕμνος

253 2339 415 2392 τοῦτό
458 2342 599 2392 ἐστιν
639 2338 671 2411 ἡ
715 2343 848 2411 πρὸς
886 2343 1013 2395 Θεὸν
1061 2343 1256 2413 ὁμιλία.
1304 2346 1427 2409 Πῶς
1460 2347 1504 2400 δ’
1551 2348 1618 2400 ἂν
1662 2345 1795 2412 αὕτη

252 2428 508 2499 ἡδυνθείη
548 2428 621 2499 τῷ
661 2429 811 2499 Θεῷ;
848 2433 905 2483 El
941 2432 1047 2495 βίος
1082 2434 1163 2501 εἴη
1187 2434 1438 2502 καθαρὸς,
1469 2438 1515 2488 εί
1542 2434 1682 2505 ψυχὴ
1709 2454 1795 2504 φι-

252 2514 578 2586 λοσοφοῦσα.
607 2518 769 2573 Ὅταν
802 2522 907 2592 γὰρ
948 2525 1121 2577 πᾶσαν
1156 2524 1431 2596 ἁναλώσης
1469 2526 1563 2597 τὴν
1592 2525 1797 2598 ἡμέραν

253 2606 574 2675 εὐχόμενος,
607 2609 705 2676 τῆς
737 2610 1000 2672 πολιτείας
1023 2612 1491 2684 ἀντιπραττούσης,
1518 2618 1614 2668 οὐκ
1640 2618 1798 2670 ἀκου-

256 2694 436 2765 σθὴσῃ
471 2696 680 2765 ῥᾳδίως,
706 2697 764 2749 οὐ
797 2699 953 2766 μόνον
978 2700 1151 2764 αὐτὸς,
1182 2702 1292 2755 ἀλλ’
1322 2703 1427 2756 οὐδ’
1454 2705 1633 2775 ἔτερος
1659 2707 1794 2776 ὑπὲρ

253 2784 356 2836 σοῦ
386 2784 540 2836 τοῦτο
565 2785 747 2838 ποιῶν.
779 2788 957 2841 Ταῦτα
978 2789 1032 2841 δὲ
1061 2789 1218 2858 λέγω,
1258 2792 1354 2861 οὐχ
1395 2792 1481 2846 ἵνα
1526 2795 1598 2864 μὴ
1640 2810 1801 2864 προσ-

251 2873 570 2943 ευχώμεθα,
606 2875 710 2926 οὐδ’
740 2876 822 2928 ἵνα
856 2877 928 2947 μὴ
956 2878 1254 2948 ψάλλωμεν,
1285 2883 1398 2934 ἀλλ’
1434 2884 1517 2935 ἵνα
1545 2884 1676 2952 μετὰ
1706 2884 1796 2936 τοῦ

250 2962 481 3029 ψάλλειν
507 2962 598 3013 καὶ
621 2962 730 3029 βίου
759 2965 850 3015 καὶ
873 2965 1136 3028 πολιτείας
1156 2968 1550 3040 ἐπιμελώμεθα.
1572 2972 1798 3040 Νοήσεις

249 3053 312 3104 δὲ
358 3052 452 3103 τὸν
487 3052 663 3119 στίχον
703 3053 794 3105 καὶ
832 3053 1026 3116 οὕτως’
1053 3055 1239 3109 Πολλοὶ
1270 3060 1406 3112 κατά
1455 3062 1797 3131 συναρπαγὴν

1893 640 2135 701 pserunt.

1960 741 2121 796 Vens.
2184 739 2273 793 54.
2334 732 2632 788 Iucundum
2684 740 2753 791 sit
2798 741 2846 794 ei
2893 741 3148 809 eloquium
3186 757 3350 795 meum
3394 754 3413 796 :

1892 848 1980 899 ego
2012 846 2127 884 vero
2156 824 2450 881 delectabor
2485 824 2538 877 in
2575 825 2815 883 Domino.
2851 827 3083 890 Utinam,
3117 830 3308 898 inquit,
3341 831 3412 883 ita

1893 928 2100 973 cantem
2129 928 2181 972 et
2213 916 2460 986 psallam,
2508 915 2802 998 utfructus
2847 931 2996 970 meus
3038 918 3137 985 ipsi
3176 918 3410 987 placeat;

1892 1009 2158 1077 eloquium
2186 1007 2453 1067 videlicet,
2486 1005 2597 1059 sive
2621 1006 2939 1075 colloquium
2966 1020 3162 1069 meum,
3193 1020 3413 1060 convera

1892 1097 2030 1151 satio
2054 1103 2107 1150 et
2146 1096 2259 1148 laus
2284 1108 2401 1149 mea
2436 1112 2448 1147 :
2482 1108 2602 1146 nam
2631 1095 2719 1164 qui
2747 1096 2945 1163 psallit,
2980 1093 3143 1149 Deum
3183 1095 3411 1163 alloqui-

1894 1191 1999 1237 tur.
2026 1184 2164 1249 Quid
2188 1191 2363 1237 autem
2386 1193 2467 1236 est
2488 1181 2639 1246 illttd,
2661 1182 2957 1235 Iucundum
2979 1183 3046 1235 sit
3077 1184 3124 1235 ei
3154 1183 3413 1251 eloquium

1894 1274 2101 1325 meum?
2128 1271 2181 1325 id
2206 1278 2289 1325 est
2316 1271 2637 1338 acceptabile
2664 1271 2733 1324 sit
2754 1271 2878 1340 ipsi,
2901 1272 3103 1340 placeat.
3128 1272 3197 1336 ei,
3218 1276 3413 1339 jucun-

1893 1357 2174 1411 dissimum
2211 1371 2274 1410 ac
2318 1357 2737 1425 placidissimum
2778 1358 2886 1411 Deo
2930 1358 3190 1411 videatur.
3232 1356 3412 1413 Oratio

1893 1444 2072 1514 itaque
2114 1444 2247 1497 nihil
2279 1445 2423 1497 aliud
2450 1451 2550 1511 est,
2581 1460 2737 1513 quam
2771 1446 3095 1514 colloquium
3127 1462 3246 1500 cum
3282 1446 3410 1501 Deo.

1892 1532 2267 1588 Animadverte
2312 1534 2473 1601 igitur
2512 1534 2862 1600 psalmodiam
2905 1534 2959 1588 in
3009 1550 3067 1588 se
3106 1536 3413 1600 retributio-

1892 1638 2013 1676 nem
2042 1624 2333 1676 continere.
2359 1620 2495 1686 Quid
2519 1623 2661 1676 enim
2687 1623 2918 1690 alloquio
2947 1622 3038 1677 Dei
3068 1624 3266 1693 aequari
3300 1640 3415 1692 posa

1894 1713 1996 1765 sit?
2027 1711 2345 1779 Hujusmodi
2391 1712 2570 1765 anima
2602 1726 2633 1763 a
2672 1712 2994 1767 tumultibus
3040 1713 3314 1775 liberatur,
3360 1714 3414 1765 in

1894 1804 2085 1855 caelum
2111 1800 2451 1865 transfertur,
2497 1801 2722 1857 vinculis
2768 1803 3007 1871 corporis
3044 1800 3288 1865 solvitur,
3317 1802 3416 1854 alis

1893 1891 2200 1958 instruitur,
2242 1890 2408 1945 levior
2447 1890 2692 1954 edicitur,
2740 1891 2962 1945 allectus
2996 1890 3232 1960 deponit,
3272 1907 3416 1945 mor-

1893 1980 1991 2033 bos
2023 1979 2189 2034 exuit.
2219 1978 2350 2032 Nam
2379 1980 2422 2032 si
2451 1994 2516 2033 ex
2550 1979 2827 2047 prudentis
2856 1980 2955 2033 viri
2996 1981 3263 2048 colloquio
3297 1980 3417 2049 quis

1891 2070 2097 2121 lucrum
2126 2074 2403 2134 reportans
2433 2066 2692 2131 abscedit,
2728 2068 2898 2136 cogita
2920 2075 3175 2135 quantum
3202 2069 3416 2121 virtutis

1892 2165 2053 2211 metet
2074 2172 2139 2211 ex
2166 2156 2255 2211 Dei
2288 2158 2573 2226 colloquio.
2604 2156 2841 2226 Hymnus
2870 2171 2998 2226 ergo
3020 2164 3103 2211 est
3130 2156 3416 2212 collocutio

1891 2261 2013 2302 cum
2044 2247 2169 2302 Deo.
2209 2248 2487 2313 Quomodo
2518 2256 2695 2302 autem
2735 2248 2847 2301 haec
2885 2245 2995 2302 Deo
3020 2246 3256 2315 jucunda
3295 2247 3414 2301 lue-

1890 2340 1998 2391 rit?
2026 2337 2085 2391 Si
2122 2339 2229 2391 vita
2252 2339 2323 2393 sit
2359 2353 2512 2407 pura,
2545 2338 2590 2391 si
2624 2338 2799 2391 anima
2828 2337 3247 2405 philosophetur.
3281 2338 3415 2390 Non!

1893 2427 1939 2482 si
1984 2436 2147 2481 totam
2195 2426 2335 2481 diem
2375 2427 2579 2481 orando
2621 2429 2907 2497 transigas,
2954 2426 3078 2480 dum
3120 2428 3243 2481 vita}
3278 2430 3415 2480 ratio

1893 2518 2118 2571 orationi
2146 2526 2424 2587 repugnat,
2447 2533 2554 2571 non
2584 2516 2739 2571 facile
2762 2517 3094 2581 exaudiaris;
3129 2532 3235 2572 non
3257 2518 3417 2572 modo

1894 2613 1952 2658 tu
1984 2606 2118 2674 ipse,
2146 2607 2240 2660 sed
2268 2608 2428 2659 etiam
2448 2605 2623 2674 quivis
2660 2606 2797 2659 alius
2823 2606 2914 2673 qui
2943 2620 3039 2674 pro
3069 2613 3121 2659 te
3146 2615 3413 2675 precetur.

1894 2693 2016 2750 Haec
2047 2710 2208 2765 porro
2235 2695 2375 2759 dico,
2408 2710 2516 2749 non
2553 2703 2612 2748 ut
2648 2710 2717 2749 ne
2751 2710 2964 2750 oremus
3009 2710 3180 2764 neque
3221 2696 3417 2764 psalla-

1894 2800 2037 2852 mus,
2069 2785 2161 2839 sed
2195 2791 2254 2837 ut
2281 2794 2401 2854 post
2436 2786 2671 2853 psalmos
2703 2786 2770 2840 de
2799 2787 2906 2839 vita
2932 2795 2986 2841 et
3013 2787 3417 2840 conversatione

1896 2885 2077 2930 nostra
2104 2876 2321 2929 solliciti
2350 2876 2539 2929 simus.
2570 2874 2681 2929 Hac
2709 2883 2834 2930 Item
2866 2877 3070 2930 ratione
3095 2877 3418 2930 versiculum

1895 2965 2039 3020 hunc
2067 2965 2301 3035 explices
2324 2982 2338 3018 :
2366 2963 2516 3016 Multi
2550 2974 2785 3032 quaestus
2811 2980 2972 3018 causa
3001 2980 3251 3034 perverse
3270 2966 3419 3032 judi~

1896 3057 1979 3109 cia
2013 3057 2211 3116 ferunt,
2236 3053 2329 3108 sed
2354 3061 2407 3107 et
2433 3059 2714 3121 antequam
2740 3068 2834 3120 per
2856 3060 3164 3106 accuratum
3195 3065 3416 3107 examen

250 3140 721 3210 παρηλλαγμένως
757 3140 852 3201 τὰς
888 3142 1089 3208 κρίσεις
1125 3144 1428 3214 ἐκφέρουσι,
1475 3148 1579 3216 πρὸ
1631 3166 1795 3201 κατα-

1896 3154 1948 3200 ει
1978 3146 2437 3216 perquisitionem,
2462 3159 2564 3211 qua
2597 3144 2663 3196 de
2690 3158 2748 3197 re
2776 3151 2964 3211 agatur
2994 3143 3307 3211 intelligant.
3340 3152 3418 3195 ιεο

249 3230 477 3297 λήψεως
512 3228 609 3294 τῆς
646 3228 703 3289 ἐξ
748 3229 926 3281 ἱκανοῦ
964 3230 1137 3297 λόγου,
1170 3236 1259 3286 καὶ
1289 3236 1555 3287 ἐπιπλεῐον
1582 3238 1797 3308 ἐρευνη-

252 3320 469 3379 θέντος,
504 3314 867 3386 ἐγγινομένης.
894 3316 1256 3382 ἀϐασανίστως
1295 3322 1433 3374 κατὰ
1478 3324 1797 3392 προπέτειαν

247 3409 374 3470 τὰς’
406 3407 528 3474 περὶ
574 3407 795 3459 ἑκάστου
838 3408 1101 3477 δόγματος
1129 3409 1435 3477 ῥιπτοῦντες
1468 3412 1795 3478 συγκαταθέ-

252 3513 396 3558 σεις.
445 3496 509 3546 Ἦ
530 3495 584 3546 δὲ
606 3496 701 3564 τῆς
727 3496 1056 3567 διαλεκτικῆς
1080 3497 1236 3565 φύσις
1264 3499 1490 3568 μάλιστα
1516 3501 1799 3553 πεπίστευ-

247 3603 350 3639 ται
385 3581 555 3634 ταῦτα
597 3581 848 3652 παρέχειν
878 3584 1148 3648 δύνασθαι,
1187 3585 1406 3655 διαιρεῖν
1436 3586 1673 3654 ἀκριϐῶς
1701 3586 1796 3649 τὰς

249 3674 369 3725 τῶν
406 3670 742 3738 πραγμάτων
769 3671 951 3739 φύσεις
985 3674 1075 3725 καὶ
1102 3674 1169 3727 τὰ
1195 3674 1352 3743 ὃμοια
1382 3676 1680 3745 γνωρίζειν,
1707 3676 1799 3728 καὶ

250 3763 327 3814 τὰ
372 3760 567 3828 ἑαυτῆς
618 3760 922 3829 διακρίνειν.
969 3762 1159 3832 Διόπερ
1207 3763 1452 3826 συνειδὼς
1499 3764 1671 3833 ἑαυτῷ
1704 3765 1799 3835 τὴν

250 3850 417 3901 Θείαν
444 3847 772 3917 διαλεκτικὴν
795 3849 984 3917 ἔχοντι,
1015 3851 1192 3918 ἔλεγεν
1230 3854 1258 3903 ὀ
1293 3853 1449 3904 Δαυῒδ
1479 3854 1557 3917 τὸ,
1604 3854 1800 3909 Ἡδον-

249 3938 390 4001 θείη
426 3949 525 3989 σοι
550 3937 587 4003 ἠ
617 3936 858 4005 διαλογὴ
882 3955 1017 4006 μου.
1051 3940 1114 3991 Ἦ
1143 3940 1248 4011 γὰρ
1278 3942 1383 3995 τῶν
1407 3944 1684 4012 ἐριστικῶς
1708 3944 1799 3997 καὶ

251 4024 578 4105 φιλονείκως
601 4026 1023 4095 ἐπεμϐαινόντων
1042 4032 1149 4093 τοῖς
1172 4033 1447 4101 πράγμασι
1473 4032 1796 4102 διαλεκτικὴ,

250 4119 360 4185 οὐχ
391 4108 560 4184 ἡδεῖα,
589 4116 720 4168 ἀλλὰ
751 4120 1247 4189 παραπικραίνουσά
1267 4124 1347 4185 τίς
1370 4126 1530 4175 ἐστιν.
1558 4125 1676 4176 Ὅτι
1704 4124 1800 4193 μὲν

248 4203 356 4259 οὖν
385 4205 511 4274 ἡδὺς
543 4204 656 4273 Θεῷ
680 4205 831 4273 λόγος
866 4210 895 4260 ὁ
920 4210 997 4271 είς
1028 4210 1283 4280 ὀρθότητα
1310 4212 1535 4281 βλέπων,
1564 4214 1721 4274 αὐτὸς
1744 4216 1800 4265 ὲν

248 4295 340 4365 τῷ
380 4294 580 4362 ᾅσματι
604 4292 745 4360 λέγει
762 4309 776 4325 ο
804 4296 1019 4362 Κηρίινν
1046 4298 1442 4359 ἀποστάζουσι
1471 4303 1636 4370 χείλη
1665 4317 1798 4367 σου,

246 4380 499 4447 ἀδελφή
516 4398 629 4447 μου
651 4384 846 4449 νύμφη
868 4398 880 4413 ⁸
900 4384 1037 4450 μέλι
1061 4388 1154 4439 καὶ
1179 4388 1324 4456 γάλα
1351 4391 1467 4443 ὑπὸ
1494 4391 1602 4458 τὴν
1623 4390 1804 4461 γλῶσ-

1897 3251 2038 3287 meie
2084 3236 2308 3302 singulis
2340 3234 2617 3287 sententiis
2654 3248 2933 3287 assensum
2962 3231 3228 3300 praebent.
3256 3234 3323 3284 At
3353 3247 3415 3286 ea

1895 3320 2181 3374 dialecticae
2222 3330 2409 3373 natura
2464 3327 2564 3383 est,
2598 3326 2657 3372 ut
2683 3334 2859 3373 rerum
2905 3329 3124 3385 naturas
3167 3330 3415 3373 accurate

1896 3408 2276 3478 distinguendi,
2325 3408 2519 3461 similia
2572 3407 2946 3476 cognoscendi,
3004 3415 3058 3461 et
3101 3423 3219 3476 qua:
3254 3407 3320 3461 ad
3357 3418 3417 3461 se

1895 3499 2190 3567 pertineant
2231 3497 2593 3562 discernendi,
2641 3497 2944 3551 facultatem
2975 3505 3230 3565 praestare
3259 3510 3418 3566 posse

1894 3595 2127 3656 putetur.
2156 3587 2507 3651 Quamobrem
2526 3586 2689 3639 David
2706 3601 2827 3640 cum
2856 3600 2914 3640 se
2940 3586 3118 3641 divina
3139 3586 3416 3641 dialectica

1896 3679 2213 3732 instructum
2230 3691 2349 3732 esse
2368 3684 2731 3747 cognosceret,
2756 3677 2963 3731 dicebat
2988 3696 3000 3730 :
3030 3674 3323 3729 Iucundum
3346 3676 3416 3729 sil

1896 3768 1987 3820 tibi
2025 3768 2279 3837 eloquium
2307 3783 2492 3827 meum,
2522 3767 2633 3821 sive
2669 3767 2947 3822 dialectica
2971 3783 3107 3822 mea.
3132 3767 3263 3821 Nam
3301 3768 3418 3821 diae

1898 3857 2082 3911 lectica
2116 3871 2298 3911 eorum
2335 3856 2424 3925 qui
2456 3856 2742 3910 altercandi
2778 3872 2838 3911 ac
2864 3857 3215 3912 contendendi
3243 3858 3419 3911 animo

1894 3961 1983 4001 res
2019 3945 2416 4015 aggrediuntur,
2447 3961 2553 3999 non
2576 3946 2831 4015 jucunda,
2870 3945 2963 4000 sed
2995 3946 3174 4013 potius
3197 3961 3419 4016 exaspe-

1895 4049 2022 4087 rans
2053 4042 2154 4087 est.
2193 4034 2345 4097 Quod
2389 4041 2562 4087 autem
2598 4047 2775 4087 sermo
2804 4034 3105 4101 aequitatem
3149 4043 3419 4103 spectans.

1891 4125 2160 4194 jucundus
2191 4125 2295 4178 Deo
2325 4125 2411 4188 sit,
2442 4126 2554 4193 ipse
2596 4124 2649 4176 in
2688 4125 2900 4178 cantico
2928 4123 3152 4177 allirmat
3176 4141 3191 4177 :
3218 4123 3420 4178 Favum

1896 4216 2154 4268 distillant
2184 4214 2325 4267 labia
2344 4224 2456 4275 tua,
2481 4230 2629 4267 soror
2655 4231 2768 4267 mea
2787 4230 2971 4281 sponsa
2999 4215 3134 4267 :mel
3154 4225 3202 4269 et
3226 4216 3304 4267 lac
3327 4214 3419 4267 sub

1900 4305 2073 4374 lingua
2105 4316 2194 4359 tua
2219 4307 2281 4359 “.
2315 4304 2465 4370 Quod
2492 4319 2616 4358 vero
2647 4305 2736 4372 qui
2764 4304 2953 4373 frigida
2982 4312 3035 4357 et
3063 4305 3233 4360 iutilia
3261 4306 3420 4359 verba

1899 4397 2045 4464 loqui
2075 4397 2227 4457 solet,
2260 4396 2581 4464 injucundus
2618 4396 2707 4455 sit,
2739 4395 2789 4447 id
2836 4395 3128 4463 psalmodia
3164 4395 3420 4461 declarat,

245 4468 389 4523 σάν
417 4483 552 4519 σου.
585 4468 700 4519 Ὅτι
723 4468 776 4518 δὲ
811 4469 838 4519 ὁ
880 4469 1222 4539 ψυχρολογεῖν
1267 4476 1466 4539 εἰωθὼς
1490 4478 1741 4548 ἀκαλλὴς,
1768 4481 1796 4549 ἡ

1903 4501 2022 4539 cum
2050 4486 2123 4539 ait
2159 4502 2172 4536 :
2211 4485 2511 4552 Sepulcrum
2534 4494 2711 4549 patens
2736 4493 2810 4537 est
2834 4494 3009 4552 guttur
3037 4500 3211 4537 eorum
3226 4485 3290 4537 ⁸⁷.
3317 4484 3423 4553 Ego

245 4555 555 4628 ψαλμῳδία
582 4556 896 4625 παρίστησι·
930 4557 1113 4626 Τάφος
1143 4561 1266 4633 γὰρ,
1302 4566 1481 4634 φησιν,
1517 4566 1803 4638 ἀνεῳγμέ-

1905 4590 2019 4631 vero
2063 4576 2351 4630 delectabar
2389 4578 2439 4628 in
2489 4575 2728 4629 Domino.
2759 4576 2971 4640 Precor,
3007 4576 3196 4644 inquit,
3235 4584 3293 4629 ut
3327 4578 3425 4645 hy-

248 4666 377 4739 νος
425 4648 469 4739 d~
504 4644 985 4739 ξάρμγξ-ξιὺτῶν.
1026 4649 1161 4737 Ἐγῶ
1215 4651 1282 4703 δὲ
1332 4655 1796 4726 εὐφρανθήσομαι

1906 4682 2061 4720 mnus
2101 4674 2153 4719 et
2197 4665 2461 4732 eloquium
2509 4665 2671 4728 istud,
2709 4665 3153 4730 jucundissimum
3193 4664 3300 4718 Deo
3340 4662 3423 4715 via

250 4736 370 4791 ἐπὶ
396 4734 475 4800 τῷ
493 4736 701 4801 Κυρίῳ.
722 4734 977 4806 Εῦχομαι,
1000 4734 1150 4809 φησὶ,
1171 4742 1369 4813 ταύτην
1390 4763 1486 4814 μου
1510 4748 1605 4819 τὴν
1631 4749 1796 4817 ὑμνῳ-

1905 4755 2108 4809 dcatur.
2145 4753 2197 4807 ld
2236 4755 2373 4807 enim
2411 4753 2455 4806 si
2499 4758 2607 4818 liat,
2651 4754 2776 4806 hinc
2808 4769 2904 4823 ego
2934 4754 3251 4806 hilaritatem
3295 4739 3450 4805 con?

248 4829 389 4881 δίαν
422 4826 513 4878 καὶ
555 4824 778 4891 διάλεξιν
815 4826 1028 4899 ἡδίστην
1060 4831 1282 4901 ὀφθῆναι
1310 4834 1399 4901 τῷ
1434 4836 1566 4903 Θεῷ.
1609 4836 1796 4889 Τούτου

1906 4859 2120 4912 sequar,
2150 4852 2201 4896 et
2225 4842 2524 4895 delectabor
2546 4843 2599 4895 in
2626 4842 2869 4903 Domino,
2900 4841 2949 4892 id
2975 4849 3076 4898 est.
3103 4842 3153 4892 in
3177 4841 3345 4905 cultu,
3370 4841 3424 4892 in

250 4918 379 4987 γὰρ
409 4915 711 4985 γενομένου,
747 4917 853 4984 ἐγὼ
891 4918 986 4989 τὴν
1026 4921 1563 4993 ὲντεῦθεν.εὺθυμίαν
1586 4926 1795 4994 καρπώ-

1901 4932 2228 4993 adoratione,
2260 4932 2311 4983 in
2354 4933 2630 4999 praeceptis
2657 4932 2792 4999 ejus,
2824 4931 2964 4997 quod
2992 4930 3114 4983 talis
3144 4930 3273 4981 mihi
3315 4928 3424 4981 Πολ

251 5025 456 5076 σομαι,
491 5007 580 5058 καὶ
611 5007 1037 5079 εὐφρανθήσομαι
1070 5013 1158 5063 ἐπὶ
1185 5012 1261 5080 τῷ
1300 5013 1501 5083 Κυρίῳ,
1539 5017 1796 5070 τουτέστιι

1904 5022 2079 5074 minus
2104 5020 2191 5072 sit.
2220 5019 2349 5071 Nam
2380 5032 2499 5086 quae
2523 5022 2623 5074 sub
2656 5027 2925 5087 aspectum
2950 5018 3165 5081 cadunt,
3204 5019 3427 5087 pulchra

248 5099 362 5151 ἐπὶ
392 5100 458 5166 τῇ
493 5095 728 5167 λατρεία,
759 5098 849 5149 ἐπὶ
881 5102 945 5168 τῇ
984 5101 1337 5170 προσκυνήσει
1369 5102 1461 5153 καὶ¹
1493 5107 1601 5164 τοῖς
1625 5105 1796 5158 ἐπιτά-

1904 5110 2115 5178 quidem
2166 5117 2308 5172 sunt,
2339 5109 2533 5163 coelum
2580 5112 2819 5169 delectat,
2862 5122 2940 5162 son
2988 5109 3240 5168 laetiﬁcat,
3290 5118 3433 5162 terra

249 5200 442 5254 ’γμασι
486 5186 586 5247 τοῖς
617 5186 796 5250 αὐτοῦ,
831 5187 920 5239 ἐπὶ
962 5188 1036 5257 τῷ
1080 5187 1308 5241 τοιοῦτον
1346 5190 1488 5259 ἔχειν
1525 5192 1796 5263 δεσπότην.

1909 5199 2107 5251 semina
2134 5198 2444 5265 plantasque
2480 5200 2715 5267 profert;
2748 5207 2801 5249 at
2836 5211 2933 5262 ego
2968 5197 3088 5263 plus
3117 5197 3354 5249 delector
3379 5197 3435 5248 in

253 5275 426 5327 Καλά
459 5274 552 5343 μὲν
587 5274 689 5343 γὰρ
720 5276 811 5327 καὶ
849 5276 914 5329 τὰ
946 5276 1201 5345 ὁρώμενα,
1236 5279 1326 5329 καὶ
1361 5278 1548 5347 τέρπει
1582 5280 1611 5332 ὁ
1647 5283 1796 5351 οὐρα⁴

1908 5287 2177 5345 Creatore,
2201 5302 2357 5355 quam
2386 5294 2437 5340 in
2468 5289 2553 5342 his
2576 5288 2845 5341 omnibus.
2870 5284 2990 5338 Haec
3012 5286 3149 5337 mihi
3173 5288 3441 5352 voluptas,

252 5362 388 5425 νὸς,
429 5363 520 5415 καὶ
560 5365 826 5433 εὐφραίνει
867 5367 895 5415 ὁ
939 5366 1108 5434 ἥλιος,
1163 5366 1254 5416 καὶ
1296 5367 1365 5435 γῆ
1414 5369 1588 5437 ἀνίησι
1644 5368 1796 5441 cusp-

1910 5375 2020 5427 haec
2045 5374 2241 5435 laetitia,
2268 5374 2347 5427 hze
2369 5376 2587 5437 delicim,
2611 5376 2722 5428 hate
2744 5371 2949 5424 inﬁnita
2971 5373 3109 5424 bona
3141 5373 3283 5425 mihi
3304 5382 3447 5424 sunt.

257 5474 420 5525 ματα
464 5458 555 5509 καὶ
594 5462 761 5525 φυτά·
799 5459 906 5511 ἀλλ’
951 5463 1051 5525 ἐγὼ
1119 5458 1324 5513 τούτων
1369 5462 1584 5515 πάντων
1626 5465 1722 5516 ἐπὶ
1765 5468 1843 5536 τῷ
1908 5471 2179 5539 ποιήσαντι
2233 5469 2386 5521 πλέον
2433 5470 2807 5539 εὐφραίνομαι.
2871 5462 3033 5517 Τοῦτὸ
3092 5480 3200 5533 μοι
3252 5463 3461 5533 τρυφὴ,

250 5544 430 5596 ’.τοῦτό
458 5562 543 5612 μοι
579 5542 885 5614 εὐφροσύνη,
917 5548 1056 5597 τοῦτο
1089 5544 1285 5616 ἡδονὴ,
1322 5550 1479 5602 τοῦτο
1514 5552 1576 5604 τὰ
1610 5554 1783 5622 μυρία
1808 5558 2003 5624 ἀγαθά.

345 5693 391 5725 ⁵⁸
426 5693 579 5749 Cant.
619 5710 688 5753 Iv,
725 5692 803 5744 12.
875 5694 915 5724 ⁸⁷
948 5694 1074 5748 Psal.
1112 5706 1170 5753 ν,
1212 5696 1302 5752 Η,

555 5780 808 5843 ΡΑτιιοι..
841 5781 937 5840 Gn.
986 5779 1234 5840 ΧΧΙΗ.
3073 5784 3157 5845 ιι
