  <div class='ocr_page' id='page_1' title='image "/cluster/home/n/w/nwhite01/storage/ocr_20150623/23 (Eusebius, pt. 5)/nyp.33433081862363/692.png"; bbox 0 0 3890 6434; ppageno 0'>
   <div class='ocr_carea' id='block_1_1' title="bbox 253 437 388 491">
    <p class='ocr_par' dir='ltr' id='par_1_1' title="bbox 253 437 388 491">
     <span class='ocr_line' id='line_1_1' title="bbox 253 437 388 491; baseline 0 0"><span class='ocrx_word' id='word_1_1' title='bbox 253 437 388 491; x_wconf 73' lang='grc'><strong>1293</strong></span> 
     </span>
    </p>
   </div>
   <div class='ocr_carea' id='block_1_2' title="bbox 1342 420 2301 480">
    <p class='ocr_par' dir='ltr' id='par_1_2' title="bbox 1342 420 2301 480">
     <span class='ocr_line' id='line_1_2' title="bbox 1342 420 2301 480; baseline -0.004 0"><span class='ocrx_word' id='word_1_2' title='bbox 1342 420 1832 480; x_wconf 72' lang='grc' dir='ltr'><strong>(ΣΟΜΜΕΝΤΑΒΙΔ</strong></span> <span class='ocrx_word' id='word_1_3' title='bbox 1868 424 1931 478; x_wconf 83' lang='lat' dir='ltr'><strong>IN</strong></span> <span class='ocrx_word' id='word_1_4' title='bbox 1972 421 2301 479; x_wconf 77' lang='lat' dir='ltr'><strong>PSALMOS.</strong></span> 
     </span>
    </p>
   </div>
   <div class='ocr_carea' id='block_1_3' title="bbox 3268 428 3400 484">
    <p class='ocr_par' dir='ltr' id='par_1_3' title="bbox 3268 428 3400 484">
     <span class='ocr_line' id='line_1_3' title="bbox 3268 428 3400 484; baseline 0.038 -5"><span class='ocrx_word' id='word_1_5' title='bbox 3268 428 3400 484; x_wconf 67' lang='lat'><strong>£294</strong></span> 
     </span>
    </p>
   </div>
   <div class='ocr_carea' id='block_1_4' title="bbox 327 530 1796 614">
    <p class='ocr_par' dir='ltr' id='par_1_4' title="bbox 327 530 1777 614">
     <span class='ocr_line' id='line_1_4' title="bbox 327 530 1777 614; baseline -0.007 -15"><span class='ocrx_word' id='word_1_6' title='bbox 327 547 464 599; x_wconf 75' lang='grc' dir='ltr'>Ἀλλ’</span> <span class='ocrx_word' id='word_1_7' title='bbox 489 546 658 608; x_wconf 77' lang='grc' dir='ltr'>οὐδεὶς</span> <span class='ocrx_word' id='word_1_8' title='bbox 679 546 783 598; x_wconf 78' lang='grc' dir='ltr'>τῶν</span> <span class='ocrx_word' id='word_1_9' title='bbox 813 544 1019 614; x_wconf 82' lang='grc' dir='ltr'>ἀληθῶς</span> <span class='ocrx_word' id='word_1_10' title='bbox 1045 538 1228 608; x_wconf 79' lang='grc' dir='ltr'>ἁγίων,</span> <span class='ocrx_word' id='word_1_11' title='bbox 1248 530 1321 591; x_wconf 82' lang='grc' dir='ltr'>ὧν</span> <span class='ocrx_word' id='word_1_12' title='bbox 1348 540 1401 591; x_wconf 91' lang='grc' dir='ltr'>αἱ</span> <span class='ocrx_word' id='word_1_13' title='bbox 1433 539 1615 608; x_wconf 79' lang='grc' dir='ltr'><strong>ῥήσεις</strong></span> <span class='ocrx_word' id='word_1_14' title='bbox 1640 536 1777 589; x_wconf 87' lang='grc' dir='ltr'><strong>κατά</strong></span> 
     </span>
    </p>
   </div>
   <div class='ocr_carea' id='block_1_5' title="bbox 1895 530 3404 614">
    <p class='ocr_par' dir='ltr' id='par_1_5' title="bbox 1942 532 3404 605">
     <span class='ocr_line' id='line_1_5' title="bbox 1942 532 3404 605; baseline -0.001 -14"><span class='ocrx_word' id='word_1_15' title='bbox 1942 536 2139 591; x_wconf 73' lang='lat' dir='ltr'><strong>Verum</strong></span> <span class='ocrx_word' id='word_1_16' title='bbox 2170 548 2328 588; x_wconf 88' lang='lat' dir='ltr'><strong>nemo</strong></span> <span class='ocrx_word' id='word_1_17' title='bbox 2354 547 2540 587; x_wconf 90' lang='lat' dir='ltr'><strong>eorum</strong></span> <span class='ocrx_word' id='word_1_18' title='bbox 2567 532 2659 601; x_wconf 99' lang='lat' dir='ltr'><strong>qui</strong></span> <span class='ocrx_word' id='word_1_19' title='bbox 2689 547 2812 587; x_wconf 84' lang='lat' dir='ltr'><strong>vere</strong></span> <span class='ocrx_word' id='word_1_20' title='bbox 2854 534 3025 588; x_wconf 88' lang='lat' dir='ltr'><strong>sancti</strong></span> <span class='ocrx_word' id='word_1_21' title='bbox 3068 544 3226 600; x_wconf 90' lang='lat' dir='ltr'><strong>sunt,</strong></span> <span class='ocrx_word' id='word_1_22' title='bbox 3270 552 3404 605; x_wconf 66' lang='lat' dir='ltr'><strong>quo.</strong></span> 
     </span>
    </p>
   </div>
   <div class='ocr_carea' id='block_1_6' title="bbox 250 628 1779 707">
    <p class='ocr_par' dir='ltr' id='par_1_6' title="bbox 250 628 1779 707">
     <span class='ocr_line' id='line_1_6' title="bbox 250 628 1779 707; baseline -0.009 -15"><span class='ocrx_word' id='word_1_23' title='bbox 250 639 399 692; x_wconf 82' lang='grc' dir='ltr'><strong>θείαν</strong></span> <span class='ocrx_word' id='word_1_24' title='bbox 434 636 732 707; x_wconf 70' lang='grc' dir='ltr'><strong>οἰκονομίαν</strong></span> <span class='ocrx_word' id='word_1_25' title='bbox 766 638 843 697; x_wconf 81' lang='grc' dir='ltr'><strong>εἰς</strong></span> <span class='ocrx_word' id='word_1_26' title='bbox 883 633 1152 687; x_wconf 84' lang='grc' dir='ltr'>νουθεσίαν</span> <span class='ocrx_word' id='word_1_27' title='bbox 1185 630 1290 681; x_wconf 86' lang='grc' dir='ltr'><strong>τῶν</strong></span> <span class='ocrx_word' id='word_1_28' title='bbox 1330 628 1517 698; x_wconf 80' lang='grc' dir='ltr'>ἐφεξῆς</span> <span class='ocrx_word' id='word_1_29' title='bbox 1559 628 1779 697; x_wconf 82' lang='grc' dir='ltr'>ἀνεγρά-</span> 
     </span>
    </p>
   </div>
   <div class='ocr_carea' id='block_1_7' title="bbox 249 717 1780 797">
    <p class='ocr_par' dir='ltr' id='par_1_7' title="bbox 249 717 1780 797">
     <span class='ocr_line' id='line_1_7' title="bbox 249 717 1780 797; baseline -0.007 -18"><span class='ocrx_word' id='word_1_30' title='bbox 249 744 444 797; x_wconf 81' lang='grc' dir='ltr'>φησαν,</span> <span class='ocrx_word' id='word_1_31' title='bbox 474 727 563 779; x_wconf 84' lang='grc' dir='ltr'><strong>ἐπί</strong></span> <span class='ocrx_word' id='word_1_32' title='bbox 588 744 691 779; x_wconf 86' lang='grc' dir='ltr'>τινι</span> <span class='ocrx_word' id='word_1_33' title='bbox 717 724 866 793; x_wconf 80' lang='grc' dir='ltr'>κακῷ</span> <span class='ocrx_word' id='word_1_34' title='bbox 889 724 983 793; x_wconf 86' lang='grc' dir='ltr'><strong>τὴν</strong></span> <span class='ocrx_word' id='word_1_35' title='bbox 1010 720 1236 790; x_wconf 83' lang='grc' dir='ltr'>σπουδὴν</span> <span class='ocrx_word' id='word_1_36' title='bbox 1258 718 1391 790; x_wconf 77' lang='grc' dir='ltr'>ἔχων</span> <span class='ocrx_word' id='word_1_37' title='bbox 1420 717 1780 787; x_wconf 68' lang='grc' dir='ltr'>ἐπιδειχθήσει</span> 
     </span>
    </p>
   </div>
   <div class='ocr_carea' id='block_1_8' title="bbox 246 806 1783 879">
    <p class='ocr_par' dir='ltr' id='par_1_8' title="bbox 246 806 1783 879">
     <span class='ocr_line' id='line_1_8' title="bbox 246 806 1783 879; baseline -0.007 -11"><span class='ocrx_word' id='word_1_38' title='bbox 246 834 354 879; x_wconf 83' lang='grc' dir='ltr'>ται,</span> <span class='ocrx_word' id='word_1_39' title='bbox 385 815 517 868; x_wconf 87' lang='grc' dir='ltr'><strong>ἀλλά</strong></span> <span class='ocrx_word' id='word_1_40' title='bbox 540 817 644 877; x_wconf 78' lang='grc' dir='ltr'>πᾶς</span> <span class='ocrx_word' id='word_1_41' title='bbox 674 816 848 875; x_wconf 81' lang='grc' dir='ltr'>αὐτοῖς</span> <span class='ocrx_word' id='word_1_42' title='bbox 871 816 899 865; x_wconf 87' lang='grc' dir='ltr'>ὁ</span> <span class='ocrx_word' id='word_1_43' title='bbox 929 812 1120 873; x_wconf 83' lang='grc' dir='ltr'>σκοπὸς</span> <span class='ocrx_word' id='word_1_44' title='bbox 1147 810 1253 862; x_wconf 87' lang='grc' dir='ltr'><strong>τῶν</strong></span> <span class='ocrx_word' id='word_1_45' title='bbox 1291 809 1457 876; x_wconf 88' lang='grc' dir='ltr'>λόγων</span> <span class='ocrx_word' id='word_1_46' title='bbox 1490 808 1622 877; x_wconf 85' lang='grc' dir='ltr'>πρὸς</span> <span class='ocrx_word' id='word_1_47' title='bbox 1649 806 1783 877; x_wconf 87' lang='grc' dir='ltr'>διόρ-</span> 
     </span>
    </p>
   </div>
   <div class='ocr_carea' id='block_1_9' title="bbox 246 896 1777 974">
    <p class='ocr_par' dir='ltr' id='par_1_9' title="bbox 246 896 1777 974">
     <span class='ocr_line' id='line_1_9' title="bbox 246 896 1777 974; baseline -0.005 -17"><span class='ocrx_word' id='word_1_48' title='bbox 246 905 411 957; x_wconf 86' lang='grc' dir='ltr'>θωσιν</span> <span class='ocrx_word' id='word_1_49' title='bbox 439 905 536 974; x_wconf 83' lang='grc' dir='ltr'><strong>τῆς</strong></span> <span class='ocrx_word' id='word_1_50' title='bbox 568 902 1041 973; x_wconf 83' lang='grc' dir='ltr'>ἐμπολιτευομένης</span> <span class='ocrx_word' id='word_1_51' title='bbox 1070 904 1132 970; x_wconf 83' lang='grc' dir='ltr'>τῇ</span> <span class='ocrx_word' id='word_1_52' title='bbox 1163 899 1315 967; x_wconf 85' lang='grc' dir='ltr'>φύσει</span> <span class='ocrx_word' id='word_1_53' title='bbox 1357 898 1548 959; x_wconf 80' lang='grc' dir='ltr'><strong>κακίας</strong></span> <span class='ocrx_word' id='word_1_54' title='bbox 1580 896 1777 965; x_wconf 80' lang='grc' dir='ltr'><strong>βλέπει.</strong></span> 
     </span>
    </p>
   </div>
   <div class='ocr_carea' id='block_1_10' title="bbox 247 984 1782 1064">
    <p class='ocr_par' dir='ltr' id='par_1_10' title="bbox 247 984 1782 1064">
     <span class='ocr_line' id='line_1_10' title="bbox 247 984 1782 1064; baseline -0.007 -18"><span class='ocrx_word' id='word_1_55' title='bbox 247 986 469 1064; x_wconf 84' lang='grc' dir='ltr'>Ὠσπερ</span> <span class='ocrx_word' id='word_1_56' title='bbox 503 994 674 1045; x_wconf 80' lang='grc' dir='ltr'>τοίνυν</span> <span class='ocrx_word' id='word_1_57' title='bbox 722 994 749 1043; x_wconf 83' lang='grc' dir='ltr'>ὁ</span> <span class='ocrx_word' id='word_1_58' title='bbox 790 991 1071 1060; x_wconf 81' lang='grc' dir='ltr'>εὐχόμενος</span> <span class='ocrx_word' id='word_1_59' title='bbox 1110 990 1180 1058; x_wconf 81' lang='grc' dir='ltr'>μὴ</span> <span class='ocrx_word' id='word_1_60' title='bbox 1214 984 1349 1040; x_wconf 74' lang='grc' dir='ltr'>εἶναι</span> <span class='ocrx_word' id='word_1_61' title='bbox 1375 986 1671 1048; x_wconf 75' lang='grc' dir='ltr'>νοσοῦντας,</span> <span class='ocrx_word' id='word_1_62' title='bbox 1710 985 1782 1055; x_wconf 84' lang='grc' dir='ltr'>μὴ</span> 
     </span>
    </p>
   </div>
   <div class='ocr_carea' id='block_1_11' title="bbox 244 1073 1781 1148">
    <p class='ocr_par' dir='ltr' id='par_1_11' title="bbox 244 1073 1781 1148">
     <span class='ocr_line' id='line_1_11' title="bbox 244 1073 1781 1148; baseline -0.003 -17"><span class='ocrx_word' id='word_1_63' title='bbox 244 1078 387 1133; x_wconf 76' lang='grc' dir='ltr'>εἶναι</span> <span class='ocrx_word' id='word_1_64' title='bbox 434 1079 829 1148; x_wconf 75' lang='grc' dir='ltr'>πτωχεύοντας,</span> <span class='ocrx_word' id='word_1_65' title='bbox 875 1078 931 1129; x_wconf 83' lang='grc' dir='ltr'><strong>οὐ</strong></span> <span class='ocrx_word' id='word_1_66' title='bbox 983 1077 1086 1129; x_wconf 85' lang='grc' dir='ltr'>τῶν</span> <span class='ocrx_word' id='word_1_67' title='bbox 1138 1073 1430 1144; x_wconf 86' lang='grc' dir='ltr'>ἀνθρώπων</span> <span class='ocrx_word' id='word_1_68' title='bbox 1482 1073 1781 1142; x_wconf 85' lang='grc' dir='ltr'>ἀναίρεσιν,</span> 
     </span>
    </p>
   </div>
   <div class='ocr_carea' id='block_1_12' title="bbox 245 1162 1785 1239">
    <p class='ocr_par' dir='ltr' id='par_1_12' title="bbox 245 1162 1785 1239">
     <span class='ocr_line' id='line_1_12' title="bbox 245 1162 1785 1239; baseline -0.006 -17"><span class='ocrx_word' id='word_1_69' title='bbox 245 1170 384 1221; x_wconf 84' lang='grc' dir='ltr'>ἀλλὰ</span> <span class='ocrx_word' id='word_1_70' title='bbox 411 1170 507 1239; x_wconf 80' lang='grc' dir='ltr'>τῆς</span> <span class='ocrx_word' id='word_1_71' title='bbox 536 1170 687 1222; x_wconf 84' lang='grc' dir='ltr'>νόσου</span> <span class='ocrx_word' id='word_1_72' title='bbox 726 1169 818 1219; x_wconf 81' lang='grc' dir='ltr'>καὶ</span> <span class='ocrx_word' id='word_1_73' title='bbox 860 1167 955 1235; x_wconf 82' lang='grc' dir='ltr'>τῆς</span> <span class='ocrx_word' id='word_1_74' title='bbox 986 1166 1247 1234; x_wconf 84' lang='grc' dir='ltr'>πτωχείας</span> <span class='ocrx_word' id='word_1_75' title='bbox 1273 1162 1565 1231; x_wconf 82' lang='grc' dir='ltr'>ἀφανισμὸν</span> <span class='ocrx_word' id='word_1_76' title='bbox 1604 1162 1785 1214; x_wconf 88' lang='grc' dir='ltr'>ἐπιθυ-</span> 
     </span>
    </p>
   </div>
   <div class='ocr_carea' id='block_1_13' title="bbox 249 1252 1782 1328">
    <p class='ocr_par' dir='ltr' id='par_1_13' title="bbox 249 1252 1782 1328">
     <span class='ocr_line' id='line_1_13' title="bbox 249 1252 1782 1328; baseline -0.005 -17"><span class='ocrx_word' id='word_1_77' title='bbox 249 1262 346 1328; x_wconf 81' lang='grc' dir='ltr'><strong>μεῖ</strong></span> <span class='ocrx_word' id='word_1_78' title='bbox 386 1260 664 1326; x_wconf 85' lang='grc' dir='ltr'>γενέσθαι·</span> <span class='ocrx_word' id='word_1_79' title='bbox 703 1257 840 1309; x_wconf 82' lang='grc' dir='ltr'>οῦτω</span> <span class='ocrx_word' id='word_1_80' title='bbox 887 1256 977 1309; x_wconf 86' lang='grc' dir='ltr'><strong>καί</strong></span> <span class='ocrx_word' id='word_1_81' title='bbox 1022 1254 1125 1306; x_wconf 86' lang='grc' dir='ltr'><strong>τῶν</strong></span> <span class='ocrx_word' id='word_1_82' title='bbox 1163 1253 1328 1325; x_wconf 86' lang='grc' dir='ltr'>ἀγίων</span> <span class='ocrx_word' id='word_1_83' title='bbox 1374 1254 1593 1314; x_wconf 79' lang='grc' dir='ltr'>ἕκαστος</span> <span class='ocrx_word' id='word_1_84' title='bbox 1628 1252 1685 1304; x_wconf 82' lang='grc' dir='ltr'>τὸ</span> <span class='ocrx_word' id='word_1_85' title='bbox 1718 1255 1782 1321; x_wconf 77' lang='grc' dir='ltr'>τῇ</span> 
     </span>
    </p>
   </div>
   <div class='ocr_carea' id='block_1_14' title="bbox 247 1341 1781 1418">
    <p class='ocr_par' dir='ltr' id='par_1_14' title="bbox 247 1341 1781 1418">
     <span class='ocr_line' id='line_1_14' title="bbox 247 1341 1781 1418; baseline -0.006 -16"><span class='ocrx_word' id='word_1_86' title='bbox 247 1349 411 1418; x_wconf 82' lang='grc' dir='ltr'>φύσει</span> <span class='ocrx_word' id='word_1_87' title='bbox 468 1349 755 1417; x_wconf 83' lang='grc' dir='ltr'>πολέμιον,</span> <span class='ocrx_word' id='word_1_88' title='bbox 815 1346 892 1406; x_wconf 85' lang='grc' dir='ltr'>εἰς</span> <span class='ocrx_word' id='word_1_89' title='bbox 952 1344 1245 1412; x_wconf 73' lang='grc' dir='ltr'>ἀφανισμὸν</span> <span class='ocrx_word' id='word_1_90' title='bbox 1300 1343 1465 1394; x_wconf 89' lang='grc' dir='ltr'>ἐλθεῖν</span> <span class='ocrx_word' id='word_1_91' title='bbox 1523 1341 1781 1411; x_wconf 70' lang='grc' dir='ltr'>εὔχονται,</span> 
     </span>
    </p>
   </div>
   <div class='ocr_carea' id='block_1_15' title="bbox 247 1433 1789 1506">
    <p class='ocr_par' dir='ltr' id='par_1_15' title="bbox 247 1433 1789 1506">
     <span class='ocr_line' id='line_1_15' title="bbox 247 1433 1789 1506; baseline -0.006 -15"><span class='ocrx_word' id='word_1_92' title='bbox 247 1440 424 1491; x_wconf 80' lang='grc' dir='ltr'>’Ὅταν</span> <span class='ocrx_word' id='word_1_93' title='bbox 465 1439 570 1506; x_wconf 87' lang='grc' dir='ltr'>γὰρ</span> <span class='ocrx_word' id='word_1_94' title='bbox 616 1439 644 1488; x_wconf 87' lang='grc' dir='ltr'>ὁ</span> <span class='ocrx_word' id='word_1_95' title='bbox 671 1435 963 1504; x_wconf 79' lang='grc' dir='ltr'>Ψαλμῳδὸς</span> <span class='ocrx_word' id='word_1_96' title='bbox 1009 1435 1166 1504; x_wconf 77' lang='grc' dir='ltr'>εἴπῃ·</span> <span class='ocrx_word' id='word_1_97' title='bbox 1211 1433 1585 1484; x_wconf 73' lang='grc' dir='ltr'>Ἐκλίποισαν</span> <span class='ocrx_word' id='word_1_98' title='bbox 1612 1433 1789 1498; x_wconf 80' lang='grc' dir='ltr'>ἀμαρ-</span> 
     </span>
    </p>
   </div>
   <div class='ocr_carea' id='block_1_16' title="bbox 243 1514 1788 1589">
    <p class='ocr_par' dir='ltr' id='par_1_16' title="bbox 243 1514 1788 1589">
     <span class='ocr_line' id='line_1_16' title="bbox 243 1514 1788 1589; baseline -0.007 -10"><span class='ocrx_word' id='word_1_99' title='bbox 243 1526 428 1579; x_wconf 80' lang='grc' dir='ltr'>τωλοὶ</span> <span class='ocrx_word' id='word_1_100' title='bbox 464 1524 579 1578; x_wconf 81' lang='grc' dir='ltr'>ἀπὸ</span> <span class='ocrx_word' id='word_1_101' title='bbox 620 1523 725 1589; x_wconf 83' lang='grc' dir='ltr'>τῆς</span> <span class='ocrx_word' id='word_1_102' title='bbox 758 1520 867 1589; x_wconf 80' lang='grc' dir='ltr'>γῆς</span> <span class='ocrx_word' id='word_1_103' title='bbox 906 1520 1002 1572; x_wconf 81' lang='grc' dir='ltr'>καὶ</span> <span class='ocrx_word' id='word_1_104' title='bbox 1034 1517 1257 1585; x_wconf 79' lang='grc' dir='ltr'>ἄνομοι,</span> <span class='ocrx_word' id='word_1_105' title='bbox 1295 1516 1446 1569; x_wconf 82' lang='grc' dir='ltr'>ὥστε</span> <span class='ocrx_word' id='word_1_106' title='bbox 1479 1515 1561 1584; x_wconf 81' lang='grc' dir='ltr'><strong>μὴ</strong></span> <span class='ocrx_word' id='word_1_107' title='bbox 1606 1514 1788 1582; x_wconf 81' lang='grc' dir='ltr'>ὑπάρ-</span> 
     </span>
    </p>
   </div>
   <div class='ocr_carea' id='block_1_17' title="bbox 245 1608 1788 1684">
    <p class='ocr_par' dir='ltr' id='par_1_17' title="bbox 245 1608 1788 1684">
     <span class='ocr_line' id='line_1_17' title="bbox 245 1608 1788 1684; baseline -0.007 -15"><span class='ocrx_word' id='word_1_108' title='bbox 245 1633 386 1684; x_wconf 84' lang='grc' dir='ltr'>χειν</span> <span class='ocrx_word' id='word_1_109' title='bbox 414 1615 645 1678; x_wconf 80' lang='grc' dir='ltr'>αὐτοὺς,</span> <span class='ocrx_word' id='word_1_110' title='bbox 671 1613 763 1681; x_wconf 82' lang='grc' dir='ltr'><strong>τὴν</strong></span> <span class='ocrx_word' id='word_1_111' title='bbox 782 1610 1047 1679; x_wconf 80' lang='grc' dir='ltr'>ἁμαρτίαν</span> <span class='ocrx_word' id='word_1_112' title='bbox 1070 1609 1303 1661; x_wconf 76' lang='grc' dir='ltr'>ἐκλιπεῖν</span> <span class='ocrx_word' id='word_1_113' title='bbox 1328 1608 1420 1659; x_wconf 54' lang='grc' dir='ltr'><strong>καὶ¹</strong></span> <span class='ocrx_word' id='word_1_114' title='bbox 1446 1608 1542 1675; x_wconf 80' lang='grc' dir='ltr'>τὴν</span> <span class='ocrx_word' id='word_1_115' title='bbox 1564 1608 1788 1676; x_wconf 83' lang='grc' dir='ltr'>ἀνομίαν</span> 
     </span>
    </p>
   </div>
   <div class='ocr_carea' id='block_1_18' title="bbox 245 1696 1787 1775">
    <p class='ocr_par' dir='ltr' id='par_1_18' title="bbox 245 1696 1787 1775">
     <span class='ocr_line' id='line_1_18' title="bbox 245 1696 1787 1775; baseline -0.006 -17"><span class='ocrx_word' id='word_1_116' title='bbox 245 1706 489 1775; x_wconf 77' lang='grc' dir='ltr'>εὔχεται.</span> <span class='ocrx_word' id='word_1_117' title='bbox 522 1706 591 1757; x_wconf 90' lang='grc' dir='ltr'>Ού</span> <span class='ocrx_word' id='word_1_118' title='bbox 622 1703 726 1772; x_wconf 79' lang='grc' dir='ltr'><strong>γάρ</strong></span> <span class='ocrx_word' id='word_1_119' title='bbox 766 1701 1041 1770; x_wconf 76' lang='grc' dir='ltr'>ἄνθρωπος</span> <span class='ocrx_word' id='word_1_120' title='bbox 1073 1698 1335 1768; x_wconf 81' lang='grc' dir='ltr'>ἀνθρώπῳ</span> <span class='ocrx_word' id='word_1_121' title='bbox 1376 1699 1642 1767; x_wconf 86' lang='grc' dir='ltr'>πολέμιος,</span> <span class='ocrx_word' id='word_1_122' title='bbox 1677 1696 1787 1751; x_wconf 85' lang='grc' dir='ltr'>ἀλλ’</span> 
     </span>
    </p>
   </div>
   <div class='ocr_carea' id='block_1_19' title="bbox 242 1786 1786 1864">
    <p class='ocr_par' dir='ltr' id='par_1_19' title="bbox 242 1786 1786 1864">
     <span class='ocr_line' id='line_1_19' title="bbox 242 1786 1786 1864; baseline -0.006 -16"><span class='ocrx_word' id='word_1_123' title='bbox 242 1798 277 1864; x_wconf 66' lang='grc' dir='ltr'><strong>ἡ</strong></span> <span class='ocrx_word' id='word_1_124' title='bbox 318 1794 460 1847; x_wconf 81' lang='grc' dir='ltr'>κατά</span> <span class='ocrx_word' id='word_1_125' title='bbox 492 1792 683 1845; x_wconf 80' lang='grc' dir='ltr'>κακίαν</span> <span class='ocrx_word' id='word_1_126' title='bbox 712 1793 806 1861; x_wconf 80' lang='grc' dir='ltr'><strong>τῆς</strong></span> <span class='ocrx_word' id='word_1_127' title='bbox 845 1789 1206 1860; x_wconf 86' lang='grc' dir='ltr'>προαιρέσεως</span> <span class='ocrx_word' id='word_1_128' title='bbox 1233 1789 1440 1858; x_wconf 85' lang='grc' dir='ltr'>κίνησις</span> <span class='ocrx_word' id='word_1_129' title='bbox 1478 1790 1555 1850; x_wconf 74' lang='grc' dir='ltr'>εἰς</span> <span class='ocrx_word' id='word_1_130' title='bbox 1598 1786 1786 1857; x_wconf 78' lang='grc' dir='ltr'>ἐχθροῦ</span> 
     </span>
    </p>
   </div>
   <div class='ocr_carea' id='block_1_20' title="bbox 1877 622 3402 695">
    <p class='ocr_par' dir='ltr' id='par_1_20' title="bbox 1877 622 3402 695">
     <span class='ocr_line' id='line_1_20' title="bbox 1877 622 3402 695; baseline -0.001 -15"><span class='ocrx_word' id='word_1_131' title='bbox 1877 642 1992 681; x_wconf 90' lang='lat' dir='ltr'><strong>rum</strong></span> <span class='ocrx_word' id='word_1_132' title='bbox 2024 625 2167 679; x_wconf 88' lang='lat' dir='ltr'><strong>dicta</strong></span> <span class='ocrx_word' id='word_1_133' title='bbox 2190 639 2257 678; x_wconf 79' lang='lat' dir='ltr'><strong>ex</strong></span> <span class='ocrx_word' id='word_1_134' title='bbox 2298 623 2474 676; x_wconf 90' lang='lat' dir='ltr'><strong>divina</strong></span> <span class='ocrx_word' id='word_1_135' title='bbox 2520 622 2917 691; x_wconf 73' lang='lat' dir='ltr'><strong>dispensatione</strong></span> <span class='ocrx_word' id='word_1_136' title='bbox 2957 625 3025 678; x_wconf 91' lang='lat' dir='ltr'><strong>ad</strong></span> <span class='ocrx_word' id='word_1_137' title='bbox 3071 638 3402 695; x_wconf 75' lang='lat' dir='ltr'><strong>posterorum</strong></span> 
     </span>
    </p>
   </div>
   <div class='ocr_carea' id='block_1_21' title="bbox 1879 713 3405 785">
    <p class='ocr_par' dir='ltr' id='par_1_21' title="bbox 1879 713 3405 785">
     <span class='ocr_line' id='line_1_21' title="bbox 1879 713 3405 785; baseline 0.002 -17"><span class='ocrx_word' id='word_1_138' title='bbox 1879 716 2269 769; x_wconf 89' lang='lat' dir='ltr'><strong>institutionem</strong></span> <span class='ocrx_word' id='word_1_139' title='bbox 2296 715 2599 781; x_wconf 85' lang='lat' dir='ltr'><strong>conscripta</strong></span> <span class='ocrx_word' id='word_1_140' title='bbox 2650 713 2797 767; x_wconf 86' lang='lat' dir='ltr'><strong>fuere</strong></span> <span class='ocrx_word' id='word_1_141' title='bbox 2821 752 2836 774; x_wconf 90' lang='lat'><strong>,</strong></span> <span class='ocrx_word' id='word_1_142' title='bbox 2896 713 2961 767; x_wconf 91' lang='lat' dir='ltr'><strong>ad</strong></span> <span class='ocrx_word' id='word_1_143' title='bbox 2994 717 3190 769; x_wconf 89' lang='lat' dir='ltr'><strong>malum</strong></span> <span class='ocrx_word' id='word_1_144' title='bbox 3234 718 3405 785; x_wconf 78' lang='lat' dir='ltr'><strong>quod-</strong></span> 
     </span>
    </p>
   </div>
   <div class='ocr_carea' id='block_1_22' title="bbox 1878 802 3408 875">
    <p class='ocr_par' dir='ltr' id='par_1_22' title="bbox 1878 802 3408 875">
     <span class='ocr_line' id='line_1_22' title="bbox 1878 802 3408 875; baseline 0.003 -17"><span class='ocrx_word' id='word_1_145' title='bbox 1878 806 2018 875; x_wconf 83' lang='lat' dir='ltr'><strong>piam</strong></span> <span class='ocrx_word' id='word_1_146' title='bbox 2042 804 2277 857; x_wconf 82' lang='lat' dir='ltr'><strong>studium</strong></span> <span class='ocrx_word' id='word_1_147' title='bbox 2300 819 2457 858; x_wconf 91' lang='lat' dir='ltr'><strong>suum</strong></span> <span class='ocrx_word' id='word_1_148' title='bbox 2488 803 2778 859; x_wconf 76' lang='lat' dir='ltr'><strong>contulisse</strong></span> <span class='ocrx_word' id='word_1_149' title='bbox 2808 802 3286 872; x_wconf 89' lang='lat' dir='ltr'><strong>demonstrabitur;</strong></span> <span class='ocrx_word' id='word_1_150' title='bbox 3312 806 3408 862; x_wconf 85' lang='lat' dir='ltr'><strong>sed</strong></span> 
     </span>
    </p>
   </div>
   <div class='ocr_carea' id='block_1_23' title="bbox 1879 892 3407 962">
    <p class='ocr_par' dir='ltr' id='par_1_23' title="bbox 1879 892 3407 962">
     <span class='ocr_line' id='line_1_23' title="bbox 1879 892 3407 962; baseline 0.001 -14"><span class='ocrx_word' id='word_1_151' title='bbox 1879 902 2023 950; x_wconf 90' lang='lat' dir='ltr'><strong>totus</strong></span> <span class='ocrx_word' id='word_1_152' title='bbox 2040 910 2223 949; x_wconf 90' lang='lat' dir='ltr'><strong>eorum</strong></span> <span class='ocrx_word' id='word_1_153' title='bbox 2257 908 2452 962; x_wconf 90' lang='lat' dir='ltr'><strong>scopus</strong></span> <span class='ocrx_word' id='word_1_154' title='bbox 2481 893 2546 945; x_wconf 91' lang='lat' dir='ltr'><strong>ad</strong></span> <span class='ocrx_word' id='word_1_155' title='bbox 2577 892 2930 961; x_wconf 82' lang='lat' dir='ltr'><strong>improbitatis</strong></span> <span class='ocrx_word' id='word_1_156' title='bbox 2959 893 3013 946; x_wconf 89' lang='lat' dir='ltr'><strong>in</strong></span> <span class='ocrx_word' id='word_1_157' title='bbox 3057 894 3287 948; x_wconf 87' lang='lat' dir='ltr'><strong>humana</strong></span> <span class='ocrx_word' id='word_1_158' title='bbox 3309 910 3407 950; x_wconf 86' lang='lat' dir='ltr'><strong>na-</strong></span> 
     </span>
    </p>
   </div>
   <div class='ocr_carea' id='block_1_24' title="bbox 1881 983 3411 1052">
    <p class='ocr_par' dir='ltr' id='par_1_24' title="bbox 1881 983 3411 1052">
     <span class='ocr_line' id='line_1_24' title="bbox 1881 983 3411 1052; baseline 0.001 -14"><span class='ocrx_word' id='word_1_159' title='bbox 1881 993 1999 1039; x_wconf 91' lang='lat' dir='ltr'><strong>tura</strong></span> <span class='ocrx_word' id='word_1_160' title='bbox 2022 985 2283 1039; x_wconf 76' lang='lat' dir='ltr'><strong>versantia</strong></span> <span class='ocrx_word' id='word_1_161' title='bbox 2321 983 2743 1038; x_wconf 82' lang='lat' dir='ltr'><strong>emendationem</strong></span> <span class='ocrx_word' id='word_1_162' title='bbox 2778 983 3014 1052; x_wconf 88' lang='lat' dir='ltr'><strong>respicit.</strong></span> <span class='ocrx_word' id='word_1_163' title='bbox 3062 984 3411 1049; x_wconf 87' lang='lat' dir='ltr'><strong>Quemadmo-</strong></span> 
     </span>
    </p>
   </div>
   <div class='ocr_carea' id='block_1_25' title="bbox 1881 1075 3410 1144">
    <p class='ocr_par' dir='ltr' id='par_1_25' title="bbox 1881 1075 3410 1144">
     <span class='ocr_line' id='line_1_25' title="bbox 1881 1075 3410 1144; baseline 0 -15"><span class='ocrx_word' id='word_1_164' title='bbox 1881 1076 2004 1129; x_wconf 85' lang='lat' dir='ltr'><strong>dum</strong></span> <span class='ocrx_word' id='word_1_165' title='bbox 2033 1077 2078 1130; x_wconf 81' lang='lat' dir='ltr'><strong>is</strong></span> <span class='ocrx_word' id='word_1_166' title='bbox 2098 1076 2187 1144; x_wconf 86' lang='lat' dir='ltr'><strong>qui</strong></span> <span class='ocrx_word' id='word_1_167' title='bbox 2212 1085 2457 1144; x_wconf 88' lang='lat' dir='ltr'><strong>precatur</strong></span> <span class='ocrx_word' id='word_1_168' title='bbox 2471 1090 2574 1127; x_wconf 90' lang='lat' dir='ltr'><strong>non</strong></span> <span class='ocrx_word' id='word_1_169' title='bbox 2590 1090 2709 1130; x_wconf 90' lang='lat' dir='ltr'><strong>esse</strong></span> <span class='ocrx_word' id='word_1_170' title='bbox 2731 1075 2989 1137; x_wconf 75' lang='lat' dir='ltr'><strong>infirmos,</strong></span> <span class='ocrx_word' id='word_1_171' title='bbox 3015 1090 3119 1129; x_wconf 93' lang='lat' dir='ltr'><strong>non</strong></span> <span class='ocrx_word' id='word_1_172' title='bbox 3140 1090 3259 1129; x_wconf 89' lang='lat' dir='ltr'><strong>esse</strong></span> <span class='ocrx_word' id='word_1_173' title='bbox 3276 1091 3410 1144; x_wconf 87' lang='lat' dir='ltr'><strong>pau-</strong></span> 
     </span>
    </p>
   </div>
   <div class='ocr_carea' id='block_1_26' title="bbox 1884 1165 3412 1236">
    <p class='ocr_par' dir='ltr' id='par_1_26' title="bbox 1884 1165 3412 1236">
     <span class='ocr_line' id='line_1_26' title="bbox 1884 1165 3412 1236; baseline -0.001 -16"><span class='ocrx_word' id='word_1_174' title='bbox 1884 1183 2053 1236; x_wconf 86' lang='lat' dir='ltr'><strong>peres,</strong></span> <span class='ocrx_word' id='word_1_175' title='bbox 2087 1183 2192 1221; x_wconf 92' lang='lat' dir='ltr'><strong>non</strong></span> <span class='ocrx_word' id='word_1_176' title='bbox 2217 1168 2490 1220; x_wconf 86' lang='lat' dir='ltr'><strong>hominum</strong></span> <span class='ocrx_word' id='word_1_177' title='bbox 2522 1167 2957 1225; x_wconf 87' lang='lat' dir='ltr'><strong>destructionem,</strong></span> <span class='ocrx_word' id='word_1_178' title='bbox 3001 1165 3094 1220; x_wconf 89' lang='lat' dir='ltr'><strong>sed</strong></span> <span class='ocrx_word' id='word_1_179' title='bbox 3137 1165 3412 1219; x_wconf 86' lang='lat' dir='ltr'><strong>infirmita-</strong></span> 
     </span>
    </p>
   </div>
   <div class='ocr_carea' id='block_1_27' title="bbox 1881 1255 3411 1326">
    <p class='ocr_par' dir='ltr' id='par_1_27' title="bbox 1881 1255 3411 1326">
     <span class='ocr_line' id='line_1_27' title="bbox 1881 1255 3411 1326; baseline -0.001 -17"><span class='ocrx_word' id='word_1_180' title='bbox 1881 1263 1990 1309; x_wconf 86' lang='lat' dir='ltr'><strong>tem</strong></span> <span class='ocrx_word' id='word_1_181' title='bbox 2040 1264 2506 1326; x_wconf 87' lang='lat' dir='ltr'><strong>paupertatemque</strong></span> <span class='ocrx_word' id='word_1_182' title='bbox 2558 1256 2757 1310; x_wconf 88' lang='lat' dir='ltr'><strong>aboleri</strong></span> <span class='ocrx_word' id='word_1_183' title='bbox 2808 1256 3036 1323; x_wconf 81' lang='lat' dir='ltr'><strong>expctit;</strong></span> <span class='ocrx_word' id='word_1_184' title='bbox 3087 1255 3160 1309; x_wconf 89' lang='lat' dir='ltr'><strong>ita</strong></span> <span class='ocrx_word' id='word_1_185' title='bbox 3214 1255 3411 1325; x_wconf 77' lang='lat' dir='ltr'><strong>singuli</strong></span> 
     </span>
    </p>
   </div>
   <div class='ocr_carea' id='block_1_28' title="bbox 1885 1346 3413 1415">
    <p class='ocr_par' dir='ltr' id='par_1_28' title="bbox 1885 1346 3413 1415">
     <span class='ocr_line' id='line_1_28' title="bbox 1885 1346 3413 1415; baseline 0.001 -15"><span class='ocrx_word' id='word_1_186' title='bbox 1885 1353 2189 1400; x_wconf 90' lang='lat' dir='ltr'><strong>sanctorum</strong></span> <span class='ocrx_word' id='word_1_187' title='bbox 2219 1346 2359 1415; x_wconf 91' lang='lat' dir='ltr'><strong>quod</strong></span> <span class='ocrx_word' id='word_1_188' title='bbox 2408 1353 2613 1399; x_wconf 69' lang='lat' dir='ltr'><strong>natura:</strong></span> <span class='ocrx_word' id='word_1_189' title='bbox 2641 1347 2953 1401; x_wconf 84' lang='lat' dir='ltr'><strong>adversatur</strong></span> <span class='ocrx_word' id='word_1_190' title='bbox 2982 1346 3048 1400; x_wconf 89' lang='lat' dir='ltr'><strong>de</strong></span> <span class='ocrx_word' id='word_1_191' title='bbox 3093 1346 3265 1400; x_wconf 88' lang='lat' dir='ltr'><strong>medio</strong></span> <span class='ocrx_word' id='word_1_192' title='bbox 3296 1347 3413 1401; x_wconf 89' lang='lat' dir='ltr'><strong>tolli</strong></span> 
     </span>
    </p>
   </div>
   <div class='ocr_carea' id='block_1_29' title="bbox 1886 1433 3415 1502">
    <p class='ocr_par' dir='ltr' id='par_1_29' title="bbox 1886 1433 3415 1502">
     <span class='ocr_line' id='line_1_29' title="bbox 1886 1433 3415 1502; baseline 0.001 -17"><span class='ocrx_word' id='word_1_193' title='bbox 1886 1434 2171 1502; x_wconf 85' lang='lat' dir='ltr'><strong>postulant.</strong></span> <span class='ocrx_word' id='word_1_194' title='bbox 2197 1433 2328 1487; x_wconf 89' lang='lat' dir='ltr'><strong>Nam</strong></span> <span class='ocrx_word' id='word_1_195' title='bbox 2364 1448 2483 1486; x_wconf 89' lang='lat' dir='ltr'><strong>cum</strong></span> <span class='ocrx_word' id='word_1_196' title='bbox 2516 1433 2795 1487; x_wconf 88' lang='lat' dir='ltr'><strong>Psalmista</strong></span> <span class='ocrx_word' id='word_1_197' title='bbox 2827 1435 2919 1497; x_wconf 87' lang='lat' dir='ltr'><strong>ait,</strong></span> <span class='ocrx_word' id='word_1_198' title='bbox 2956 1434 3213 1502; x_wconf 83' lang='lat' dir='ltr'><strong>Deﬁciunt</strong></span> <span class='ocrx_word' id='word_1_199' title='bbox 3234 1450 3415 1502; x_wconf 84' lang='lat' dir='ltr'><strong>pecca-</strong></span> 
     </span>
    </p>
   </div>
   <div class='ocr_carea' id='block_1_30' title="bbox 1886 1522 3416 1591">
    <p class='ocr_par' dir='ltr' id='par_1_30' title="bbox 1886 1522 3416 1591">
     <span class='ocr_line' id='line_1_30' title="bbox 1886 1522 3416 1591; baseline 0.003 -18"><span class='ocrx_word' id='word_1_200' title='bbox 1886 1530 2019 1573; x_wconf 78' lang='lat' dir='ltr'><strong>tores</strong></span> <span class='ocrx_word' id='word_1_201' title='bbox 2051 1538 2083 1572; x_wconf 92' lang='lat' dir='ltr'><strong>a</strong></span> <span class='ocrx_word' id='word_1_202' title='bbox 2115 1530 2251 1574; x_wconf 87' lang='lat' dir='ltr'><strong>terra</strong></span> <span class='ocrx_word' id='word_1_203' title='bbox 2272 1530 2318 1573; x_wconf 86' lang='lat' dir='ltr'><strong>et</strong></span> <span class='ocrx_word' id='word_1_204' title='bbox 2344 1522 2527 1590; x_wconf 88' lang='lat' dir='ltr'><strong>iniqui,</strong></span> <span class='ocrx_word' id='word_1_205' title='bbox 2554 1522 2629 1573; x_wconf 89' lang='lat' dir='ltr'><strong>ita</strong></span> <span class='ocrx_word' id='word_1_206' title='bbox 2660 1531 2716 1573; x_wconf 93' lang='lat' dir='ltr'><strong>ut</strong></span> <span class='ocrx_word' id='word_1_207' title='bbox 2744 1538 2846 1574; x_wconf 89' lang='lat' dir='ltr'><strong>non</strong></span> <span class='ocrx_word' id='word_1_208' title='bbox 2872 1523 2974 1575; x_wconf 78' lang='lat' dir='ltr'><strong>sint</strong></span> <span class='ocrx_word' id='word_1_209' title='bbox 2994 1563 3010 1589; x_wconf 92' lang='lat'><strong>,</strong></span> <span class='ocrx_word' id='word_1_210' title='bbox 3058 1532 3330 1591; x_wconf 88' lang='lat' dir='ltr'><strong>peccatum</strong></span> <span class='ocrx_word' id='word_1_211' title='bbox 3360 1532 3416 1578; x_wconf 87' lang='lat' dir='ltr'><strong>et</strong></span> 
     </span>
    </p>
   </div>
   <div class='ocr_carea' id='block_1_31' title="bbox 1885 1609 3415 1679">
    <p class='ocr_par' dir='ltr' id='par_1_31' title="bbox 1885 1609 3415 1679">
     <span class='ocr_line' id='line_1_31' title="bbox 1885 1609 3415 1679; baseline 0.004 -17"><span class='ocrx_word' id='word_1_212' title='bbox 1885 1609 2218 1677; x_wconf 87' lang='lat' dir='ltr'><strong>iniquitatem</strong></span> <span class='ocrx_word' id='word_1_213' title='bbox 2246 1610 2470 1665; x_wconf 82' lang='lat' dir='ltr'><strong>deﬁcere</strong></span> <span class='ocrx_word' id='word_1_214' title='bbox 2498 1618 2767 1679; x_wconf 85' lang='lat' dir='ltr'><strong>precatur.</strong></span> <span class='ocrx_word' id='word_1_215' title='bbox 2806 1610 2922 1665; x_wconf 86' lang='lat' dir='ltr'><strong>Non</strong></span> <span class='ocrx_word' id='word_1_216' title='bbox 2952 1613 3093 1667; x_wconf 88' lang='lat' dir='ltr'><strong>enim</strong></span> <span class='ocrx_word' id='word_1_217' title='bbox 3126 1614 3285 1667; x_wconf 87' lang='lat' dir='ltr'><strong>homo</strong></span> <span class='ocrx_word' id='word_1_218' title='bbox 3317 1613 3415 1668; x_wconf 52' lang='lat' dir='ltr'><strong>hom</strong></span> 
     </span>
    </p>
   </div>
   <div class='ocr_carea' id='block_1_32' title="bbox 1885 1698 3419 1764">
    <p class='ocr_par' dir='ltr' id='par_1_32' title="bbox 1885 1698 3419 1764">
     <span class='ocr_line' id='line_1_32' title="bbox 1885 1698 3419 1764; baseline 0.003 -14"><span class='ocrx_word' id='word_1_219' title='bbox 1885 1698 2017 1751; x_wconf 89' lang='lat' dir='ltr'><strong>mini</strong></span> <span class='ocrx_word' id='word_1_220' title='bbox 2042 1700 2292 1754; x_wconf 89' lang='lat' dir='ltr'><strong>inimicus</strong></span> <span class='ocrx_word' id='word_1_221' title='bbox 2314 1708 2428 1764; x_wconf 87' lang='lat' dir='ltr'><strong>est;</strong></span> <span class='ocrx_word' id='word_1_222' title='bbox 2473 1701 2565 1755; x_wconf 87' lang='lat' dir='ltr'><strong>sed</strong></span> <span class='ocrx_word' id='word_1_223' title='bbox 2596 1708 2777 1755; x_wconf 89' lang='lat' dir='ltr'><strong>motus</strong></span> <span class='ocrx_word' id='word_1_224' title='bbox 2821 1702 3113 1757; x_wconf 84' lang='lat' dir='ltr'><strong>voluntatis</strong></span> <span class='ocrx_word' id='word_1_225' title='bbox 3156 1702 3223 1756; x_wconf 89' lang='lat' dir='ltr'><strong>ad</strong></span> <span class='ocrx_word' id='word_1_226' title='bbox 3261 1704 3419 1756; x_wconf 88' lang='lat' dir='ltr'><strong>mali--</strong></span> 
     </span>
    </p>
   </div>
   <div class='ocr_carea' id='block_1_33' title="bbox 1885 1788 3414 1858">
    <p class='ocr_par' dir='ltr' id='par_1_33' title="bbox 1885 1788 3414 1858">
     <span class='ocr_line' id='line_1_33' title="bbox 1885 1788 3414 1858; baseline 0.003 -18"><span class='ocrx_word' id='word_1_227' title='bbox 1885 1788 2035 1851; x_wconf 90' lang='lat' dir='ltr'><strong>tiam,</strong></span> <span class='ocrx_word' id='word_1_228' title='bbox 2067 1789 2206 1857; x_wconf 86' lang='lat' dir='ltr'><strong>quod</strong></span> <span class='ocrx_word' id='word_1_229' title='bbox 2235 1797 2424 1843; x_wconf 89' lang='lat' dir='ltr'><strong>natura</strong></span> <span class='ocrx_word' id='word_1_230' title='bbox 2453 1790 2799 1858; x_wconf 87' lang='lat' dir='ltr'><strong>conjunctum</strong></span> <span class='ocrx_word' id='word_1_231' title='bbox 2829 1800 2944 1846; x_wconf 86' lang='lat' dir='ltr'><strong>erat</strong></span> <span class='ocrx_word' id='word_1_232' title='bbox 2971 1793 3037 1846; x_wconf 90' lang='lat' dir='ltr'><strong>ad</strong></span> <span class='ocrx_word' id='word_1_233' title='bbox 3082 1792 3414 1846; x_wconf 87' lang='lat' dir='ltr'><strong>inimicitiam</strong></span> 
     </span>
    </p>
   </div>
   <div class='ocr_carea' id='block_1_34' title="bbox 242 1874 1796 1953">
    <p class='ocr_par' dir='ltr' id='par_1_34' title="bbox 242 1874 1788 1952">
     <span class='ocr_line' id='line_1_34' title="bbox 242 1874 1788 1952; baseline -0.006 -15"><span class='ocrx_word' id='word_1_234' title='bbox 242 1884 405 1948; x_wconf 80' lang='grc' dir='ltr'>τάξιν</span> <span class='ocrx_word' id='word_1_235' title='bbox 432 1883 491 1935; x_wconf 85' lang='grc' dir='ltr'><strong>τὸ</strong></span> <span class='ocrx_word' id='word_1_236' title='bbox 518 1885 579 1952; x_wconf 83' lang='grc' dir='ltr'>τῇ</span> <span class='ocrx_word' id='word_1_237' title='bbox 622 1881 775 1949; x_wconf 83' lang='grc' dir='ltr'>φύσει</span> <span class='ocrx_word' id='word_1_238' title='bbox 820 1877 1151 1947; x_wconf 77' lang='grc' dir='ltr'>συνημμένον</span> <span class='ocrx_word' id='word_1_239' title='bbox 1185 1877 1494 1946; x_wconf 86' lang='grc' dir='ltr'>κατέστησε.</span> <span class='ocrx_word' id='word_1_240' title='bbox 1526 1877 1596 1928; x_wconf 84' lang='grc' dir='ltr'><strong>Τὸ</strong></span> <span class='ocrx_word' id='word_1_241' title='bbox 1625 1874 1788 1928; x_wconf 86' lang='grc' dir='ltr'>κακὸν</span> 
     </span>
    </p>
   </div>
   <div class='ocr_carea' id='block_1_35' title="bbox 1895 1874 3419 1953">
    <p class='ocr_par' dir='ltr' id='par_1_35' title="bbox 1895 1878 3419 1952">
     <span class='ocr_line' id='line_1_35' title="bbox 1895 1878 3419 1952; baseline 0.004 -21"><span class='ocrx_word' id='word_1_242' title='bbox 1895 1879 2125 1933; x_wconf 82' lang='lat' dir='ltr'><strong>deduxit.</strong></span> <span class='ocrx_word' id='word_1_243' title='bbox 2178 1878 2368 1932; x_wconf 82' lang='lat' dir='ltr'><strong>Malum</strong></span> <span class='ocrx_word' id='word_1_244' title='bbox 2401 1880 2563 1949; x_wconf 79' lang='lat' dir='ltr'><strong>igitur</strong></span> <span class='ocrx_word' id='word_1_245' title='bbox 2586 1882 2811 1936; x_wconf 82' lang='lat' dir='ltr'><strong>deficere</strong></span> <span class='ocrx_word' id='word_1_246' title='bbox 2854 1890 3140 1952; x_wconf 85' lang='lat' dir='ltr'><strong>precatur:</strong></span> <span class='ocrx_word' id='word_1_247' title='bbox 3172 1890 3226 1936; x_wconf 91' lang='lat' dir='ltr'><strong>at</strong></span> <span class='ocrx_word' id='word_1_248' title='bbox 3257 1883 3419 1937; x_wconf 87' lang='lat' dir='ltr'><strong>homo</strong></span> 
     </span>
    </p>
   </div>
   <div class='ocr_carea' id='block_1_36' title="bbox 247 1964 1789 2037">
    <p class='ocr_par' dir='ltr' id='par_1_36' title="bbox 247 1964 1789 2037">
     <span class='ocr_line' id='line_1_36' title="bbox 247 1964 1789 2037; baseline -0.007 -11"><span class='ocrx_word' id='word_1_249' title='bbox 247 1973 431 2028; x_wconf 86' lang='grc' dir='ltr'>τοίνυν</span> <span class='ocrx_word' id='word_1_250' title='bbox 479 1972 712 2024; x_wconf 73' lang='grc' dir='ltr'>ἐκλιπεῖν</span> <span class='ocrx_word' id='word_1_251' title='bbox 748 1968 990 2037; x_wconf 70' lang='grc' dir='ltr'>εὔχεται·</span> <span class='ocrx_word' id='word_1_252' title='bbox 1031 1970 1059 2020; x_wconf 84' lang='grc' dir='ltr'>ὁ</span> <span class='ocrx_word' id='word_1_253' title='bbox 1099 1966 1153 2019; x_wconf 86' lang='grc' dir='ltr'><strong>δέ</strong></span> <span class='ocrx_word' id='word_1_254' title='bbox 1189 1966 1463 2036; x_wconf 81' lang='grc' dir='ltr'>ἄνθρωπος</span> <span class='ocrx_word' id='word_1_255' title='bbox 1505 1965 1666 2017; x_wconf 73' lang='grc' dir='ltr'>κακὸν</span> <span class='ocrx_word' id='word_1_256' title='bbox 1690 1964 1789 2015; x_wconf 86' lang='grc' dir='ltr'><strong>ούκ</strong></span> 
     </span>
    </p>
   </div>
   <div class='ocr_carea' id='block_1_37' title="bbox 244 2053 1787 2129">
    <p class='ocr_par' dir='ltr' id='par_1_37' title="bbox 244 2053 1787 2129">
     <span class='ocr_line' id='line_1_37' title="bbox 244 2053 1787 2129; baseline -0.008 -12"><span class='ocrx_word' id='word_1_257' title='bbox 244 2063 387 2116; x_wconf 67' lang='grc' dir='ltr'>ἔστι.</span> <span class='ocrx_word' id='word_1_258' title='bbox 421 2062 543 2124; x_wconf 84' lang='grc' dir='ltr'><strong>Πῶς</strong></span> <span class='ocrx_word' id='word_1_259' title='bbox 568 2061 673 2129; x_wconf 81' lang='grc' dir='ltr'>γὰρ</span> <span class='ocrx_word' id='word_1_260' title='bbox 704 2060 766 2113; x_wconf 81' lang='grc' dir='ltr'><strong>ἂν</strong></span> <span class='ocrx_word' id='word_1_261' title='bbox 794 2058 877 2127; x_wconf 77' lang='grc' dir='ltr'>εἴη</span> <span class='ocrx_word' id='word_1_262' title='bbox 904 2057 1066 2110; x_wconf 85' lang='grc' dir='ltr'>κακὸν</span> <span class='ocrx_word' id='word_1_263' title='bbox 1093 2055 1184 2108; x_wconf 91' lang='grc' dir='ltr'><strong>τοῦ</strong></span> <span class='ocrx_word' id='word_1_264' title='bbox 1213 2054 1411 2122; x_wconf 80' lang='grc' dir='ltr'>ἀγαθοῦ</span> <span class='ocrx_word' id='word_1_265' title='bbox 1436 2054 1494 2106; x_wconf 80' lang='grc' dir='ltr'>τὸ</span> <span class='ocrx_word' id='word_1_266' title='bbox 1517 2053 1787 2122; x_wconf 84' lang='grc' dir='ltr'>ὁμοίωμα;</span> 
     </span>
    </p>
   </div>
   <div class='ocr_carea' id='block_1_38' title="bbox 248 2144 1792 2219">
    <p class='ocr_par' dir='ltr' id='par_1_38' title="bbox 248 2144 1792 2219">
     <span class='ocr_line' id='line_1_38' title="bbox 248 2144 1792 2219; baseline -0.007 -14"><span class='ocrx_word' id='word_1_267' title='bbox 248 2152 443 2214; x_wconf 74' lang='grc' dir='ltr'>Οὕτως</span> <span class='ocrx_word' id='word_1_268' title='bbox 475 2150 575 2204; x_wconf 74' lang='grc' dir='ltr'><strong>κᾶν</strong></span> <span class='ocrx_word' id='word_1_269' title='bbox 603 2148 855 2219; x_wconf 73' lang='grc' dir='ltr'>αἰσχύνην</span> <span class='ocrx_word' id='word_1_270' title='bbox 883 2148 975 2201; x_wconf 81' lang='grc' dir='ltr'><strong>καὶ</strong></span> <span class='ocrx_word' id='word_1_271' title='bbox 1005 2146 1263 2216; x_wconf 74' lang='grc' dir='ltr'>ἐντροπὴν</span> <span class='ocrx_word' id='word_1_272' title='bbox 1288 2145 1393 2197; x_wconf 84' lang='grc' dir='ltr'><strong>τῶν</strong></span> <span class='ocrx_word' id='word_1_273' title='bbox 1429 2144 1631 2214; x_wconf 78' lang='grc' dir='ltr'>ἐχθρῶν</span> <span class='ocrx_word' id='word_1_274' title='bbox 1662 2160 1792 2195; x_wconf 84' lang='grc' dir='ltr'>κατ-</span> 
     </span>
    </p>
   </div>
   <div class='ocr_carea' id='block_1_39' title="bbox 247 2232 1792 2311">
    <p class='ocr_par' dir='ltr' id='par_1_39' title="bbox 247 2232 1792 2311">
     <span class='ocr_line' id='line_1_39' title="bbox 247 2232 1792 2311; baseline -0.009 -15"><span class='ocrx_word' id='word_1_275' title='bbox 247 2243 513 2311; x_wconf 84' lang='grc' dir='ltr'>εύχηται,</span> <span class='ocrx_word' id='word_1_276' title='bbox 562 2239 913 2292; x_wconf 84' lang='grc' dir='ltr'>δείκνυσί’σοι</span> <span class='ocrx_word' id='word_1_277' title='bbox 957 2237 1016 2289; x_wconf 80' lang='grc' dir='ltr'><strong>τὸ</strong></span> <span class='ocrx_word' id='word_1_278' title='bbox 1065 2236 1245 2303; x_wconf 70' lang='grc' dir='ltr'>στίφος</span> <span class='ocrx_word' id='word_1_279' title='bbox 1279 2233 1385 2287; x_wconf 85' lang='grc' dir='ltr'><strong>τῶν</strong></span> <span class='ocrx_word' id='word_1_280' title='bbox 1429 2233 1696 2294; x_wconf 83' lang='grc' dir='ltr'>ἐναντίων,</span> <span class='ocrx_word' id='word_1_281' title='bbox 1729 2232 1792 2283; x_wconf 86' lang='grc' dir='ltr'><strong>ἐκ</strong></span> 
     </span>
    </p>
   </div>
   <div class='ocr_carea' id='block_1_40' title="bbox 245 2321 1788 2401">
    <p class='ocr_par' dir='ltr' id='par_1_40' title="bbox 245 2321 1788 2401">
     <span class='ocr_line' id='line_1_40' title="bbox 245 2321 1788 2401; baseline -0.009 -14"><span class='ocrx_word' id='word_1_282' title='bbox 245 2335 346 2389; x_wconf 80' lang='grc' dir='ltr'><strong>τοῦ</strong></span> <span class='ocrx_word' id='word_1_283' title='bbox 381 2334 609 2401; x_wconf 85' lang='grc' dir='ltr'>ἀοράτου</span> <span class='ocrx_word' id='word_1_284' title='bbox 660 2332 724 2399; x_wconf 81' lang='grc' dir='ltr'>τῇ</span> <span class='ocrx_word' id='word_1_285' title='bbox 769 2328 1071 2400; x_wconf 82' lang='grc' dir='ltr'>ἀνθρωπίνῃ</span> <span class='ocrx_word' id='word_1_286' title='bbox 1121 2324 1627 2395; x_wconf 84' lang='grc' dir='ltr'>προσπολεμούντων</span> <span class='ocrx_word' id='word_1_287' title='bbox 1660 2321 1788 2391; x_wconf 73' lang='grc' dir='ltr'>ζωῇ.</span> 
     </span>
    </p>
   </div>
   <div class='ocr_carea' id='block_1_41' title="bbox 247 2413 1790 2489">
    <p class='ocr_par' dir='ltr' id='par_1_41' title="bbox 247 2413 1790 2489">
     <span class='ocr_line' id='line_1_41' title="bbox 247 2413 1790 2489; baseline -0.008 -12"><span class='ocrx_word' id='word_1_288' title='bbox 247 2426 379 2477; x_wconf 86' lang='grc' dir='ltr'>Ὅτι</span> <span class='ocrx_word' id='word_1_289' title='bbox 427 2423 481 2475; x_wconf 85' lang='grc' dir='ltr'><strong>δέ</strong></span> <span class='ocrx_word' id='word_1_290' title='bbox 523 2424 620 2474; x_wconf 87' lang='grc' dir='ltr'><strong>οὐκ</strong></span> <span class='ocrx_word' id='word_1_291' title='bbox 660 2419 971 2489; x_wconf 85' lang='grc' dir='ltr'>ἀνθρώπων,</span> <span class='ocrx_word' id='word_1_292' title='bbox 998 2418 1127 2470; x_wconf 82' lang='grc' dir='ltr'>ἀλλὰ</span> <span class='ocrx_word' id='word_1_293' title='bbox 1157 2416 1415 2487; x_wconf 78' lang='grc' dir='ltr'>δαιμόνων</span> <span class='ocrx_word' id='word_1_294' title='bbox 1457 2413 1790 2483; x_wconf 85' lang='grc' dir='ltr'>κατεύχεται,</span> 
     </span>
    </p>
   </div>
   <div class='ocr_carea' id='block_1_42' title="bbox 240 2504 1796 2586">
    <p class='ocr_par' dir='ltr' id='par_1_42' title="bbox 240 2504 1796 2586">
     <span class='ocr_line' id='line_1_42' title="bbox 240 2504 1796 2586; baseline -0.009 -19"><span class='ocrx_word' id='word_1_295' title='bbox 240 2516 404 2586; x_wconf 81' lang='grc' dir='ltr'>δηλοῖ</span> <span class='ocrx_word' id='word_1_296' title='bbox 428 2513 525 2581; x_wconf 81' lang='grc' dir='ltr'><strong>τῆς</strong></span> <span class='ocrx_word' id='word_1_297' title='bbox 551 2512 709 2581; x_wconf 78' lang='grc' dir='ltr'>εὑχῆς</span> <span class='ocrx_word' id='word_1_298' title='bbox 740 2509 796 2562; x_wconf 75' lang='grc' dir='ltr'>τὸ</span> <span class='ocrx_word' id='word_1_299' title='bbox 818 2506 951 2571; x_wconf 79' lang='grc' dir='ltr'>εἶδος</span> <span class='ocrx_word' id='word_1_300' title='bbox 977 2524 989 2537; x_wconf 73' lang='grc' dir='ltr'><strong>ο</strong></span> <span class='ocrx_word' id='word_1_301' title='bbox 1018 2505 1513 2574; x_wconf 81' lang='grc' dir='ltr'>Αἱσχυνθήτωσαν</span> <span class='ocrx_word' id='word_1_302' title='bbox 1538 2504 1665 2573; x_wconf 82' lang='grc' dir='ltr'>γὰρ,</span> <span class='ocrx_word' id='word_1_303' title='bbox 1692 2519 1796 2572; x_wconf 71' lang='grc' dir='ltr'>φησι</span> 
     </span>
    </p>
   </div>
   <div class='ocr_carea' id='block_1_43' title="bbox 249 2594 1797 2669">
    <p class='ocr_par' dir='ltr' id='par_1_43' title="bbox 249 2594 1797 2669">
     <span class='ocr_line' id='line_1_43' title="bbox 249 2594 1797 2669; baseline -0.008 -12"><span class='ocrx_word' id='word_1_304' title='bbox 249 2608 363 2667; x_wconf 70' lang='grc' dir='ltr'>σὶν,</span> <span class='ocrx_word' id='word_1_305' title='bbox 397 2607 451 2656; x_wconf 81' lang='grc' dir='ltr'>οἱ</span> <span class='ocrx_word' id='word_1_306' title='bbox 488 2602 790 2669; x_wconf 81' lang='grc' dir='ltr'>ζητοῦντες</span> <span class='ocrx_word' id='word_1_307' title='bbox 818 2598 931 2667; x_wconf 79' lang='grc' dir='ltr'>τὴν</span> <span class='ocrx_word' id='word_1_308' title='bbox 959 2596 1164 2665; x_wconf 73' lang='grc' dir='ltr'>ψυχήν</span> <span class='ocrx_word' id='word_1_309' title='bbox 1188 2614 1324 2665; x_wconf 80' lang='grc' dir='ltr'>μου,</span> <span class='ocrx_word' id='word_1_310' title='bbox 1347 2595 1451 2649; x_wconf 84' lang='grc' dir='ltr'><strong>τοῦ</strong></span> <span class='ocrx_word' id='word_1_311' title='bbox 1474 2594 1673 2662; x_wconf 79' lang='grc' dir='ltr'>ἐξᾶραι</span> <span class='ocrx_word' id='word_1_312' title='bbox 1700 2595 1797 2646; x_wconf 59' lang='grc' dir='ltr'><strong>αὑ.</strong></span> 
     </span>
    </p>
   </div>
   <div class='ocr_carea' id='block_1_44' title="bbox 246 2685 1793 2762">
    <p class='ocr_par' dir='ltr' id='par_1_44' title="bbox 246 2685 1793 2762">
     <span class='ocr_line' id='line_1_44' title="bbox 246 2685 1793 2762; baseline -0.01 -12"><span class='ocrx_word' id='word_1_313' title='bbox 246 2696 390 2762; x_wconf 78' lang='grc' dir='ltr'>τήν.</span> <span class='ocrx_word' id='word_1_314' title='bbox 431 2688 991 2759; x_wconf 64' lang='grc' dir='ltr'>Ἀποστραφήτωσαν</span> <span class='ocrx_word' id='word_1_315' title='bbox 1016 2690 1101 2753; x_wconf 76' lang='grc' dir='ltr'><strong>εἰς</strong></span> <span class='ocrx_word' id='word_1_316' title='bbox 1136 2690 1206 2740; x_wconf 77' lang='grc' dir='ltr'>τὰ</span> <span class='ocrx_word' id='word_1_317' title='bbox 1243 2686 1429 2739; x_wconf 82' lang='grc' dir='ltr'>ὀπίσω</span> <span class='ocrx_word' id='word_1_318' title='bbox 1473 2686 1567 2738; x_wconf 78' lang='grc' dir='ltr'>καὶ</span> <span class='ocrx_word' id='word_1_319' title='bbox 1594 2685 1793 2749; x_wconf 83' lang='grc' dir='ltr'>ἐντρα-</span> 
     </span>
    </p>
   </div>
   <div class='ocr_carea' id='block_1_45' title="bbox 246 2776 1796 2853">
    <p class='ocr_par' dir='ltr' id='par_1_45' title="bbox 246 2776 1796 2853">
     <span class='ocr_line' id='line_1_45' title="bbox 246 2776 1796 2853; baseline -0.01 -11"><span class='ocrx_word' id='word_1_320' title='bbox 246 2788 546 2853; x_wconf 74' lang='grc' dir='ltr'>πήτωσαν</span> <span class='ocrx_word' id='word_1_321' title='bbox 582 2787 636 2837; x_wconf 82' lang='grc' dir='ltr'>οὶ</span> <span class='ocrx_word' id='word_1_322' title='bbox 674 2779 943 2844; x_wconf 80' lang='grc' dir='ltr'>θέλοντές</span> <span class='ocrx_word' id='word_1_323' title='bbox 984 2796 1082 2847; x_wconf 81' lang='grc' dir='ltr'><strong>μοι</strong></span> <span class='ocrx_word' id='word_1_324' title='bbox 1124 2777 1293 2831; x_wconf 77' lang='grc' dir='ltr'>κακά.</span> <span class='ocrx_word' id='word_1_325' title='bbox 1331 2776 1796 2844; x_wconf 84' lang='grc' dir='ltr'>Κομισάσθωσαν</span> 
     </span>
    </p>
   </div>
   <div class='ocr_carea' id='block_1_46' title="bbox 247 2865 1794 2945">
    <p class='ocr_par' dir='ltr' id='par_1_46' title="bbox 247 2865 1794 2945">
     <span class='ocr_line' id='line_1_46' title="bbox 247 2865 1794 2945; baseline -0.011 -13"><span class='ocrx_word' id='word_1_326' title='bbox 247 2876 615 2945; x_wconf 79' lang='grc' dir='ltr'>παραχρῆμα</span> <span class='ocrx_word' id='word_1_327' title='bbox 663 2871 955 2941; x_wconf 74' lang='grc' dir='ltr'>αἰσχύνην</span> <span class='ocrx_word' id='word_1_328' title='bbox 1004 2868 1194 2923; x_wconf 87' lang='grc' dir='ltr'>αὐτῶν</span> <span class='ocrx_word' id='word_1_329' title='bbox 1232 2870 1284 2920; x_wconf 75' lang='grc' dir='ltr'>οἱ</span> <span class='ocrx_word' id='word_1_330' title='bbox 1334 2865 1607 2934; x_wconf 74' lang='grc' dir='ltr'>λέγοντές</span> <span class='ocrx_word' id='word_1_331' title='bbox 1654 2881 1752 2933; x_wconf 80' lang='grc' dir='ltr'><strong>μοι</strong></span> <span class='ocrx_word' id='word_1_332' title='bbox 1780 2903 1794 2928; x_wconf 92' lang='grc'><strong>,</strong></span> 
     </span>
    </p>
   </div>
   <div class='ocr_carea' id='block_1_47' title="bbox 248 2957 1797 3037">
    <p class='ocr_par' dir='ltr' id='par_1_47' title="bbox 248 2957 1797 3037">
     <span class='ocr_line' id='line_1_47' title="bbox 248 2957 1797 3037; baseline -0.012 -12"><span class='ocrx_word' id='word_1_333' title='bbox 248 2966 440 3037; x_wconf 79' lang='grc' dir='ltr'>Εὖγε,</span> <span class='ocrx_word' id='word_1_334' title='bbox 482 2961 635 3034; x_wconf 80' lang='grc' dir='ltr'>εὖγε.</span> <span class='ocrx_word' id='word_1_335' title='bbox 673 2961 1141 3032; x_wconf 55' lang='grc' dir='ltr'>Ἀωλλιάσαιντο</span> <span class='ocrx_word' id='word_1_336' title='bbox 1188 2959 1280 3011; x_wconf 77' lang='grc' dir='ltr'>καὶ</span> <span class='ocrx_word' id='word_1_337' title='bbox 1334 2957 1797 3025; x_wconf 70' lang='grc' dir='ltr'>εὐφρανθείησαν</span> 
     </span>
    </p>
   </div>
   <div class='ocr_carea' id='block_1_48' title="bbox 245 3044 1798 3118">
    <p class='ocr_par' dir='ltr' id='par_1_48' title="bbox 245 3044 1798 3118">
     <span class='ocr_line' id='line_1_48' title="bbox 245 3044 1798 3118; baseline -0.009 -7"><span class='ocrx_word' id='word_1_338' title='bbox 245 3059 355 3112; x_wconf 76' lang='grc' dir='ltr'>ἐπὶ</span> <span class='ocrx_word' id='word_1_339' title='bbox 383 3056 481 3110; x_wconf 77' lang='grc' dir='ltr'>σοὶ</span> <span class='ocrx_word' id='word_1_340' title='bbox 507 3054 722 3117; x_wconf 81' lang='grc' dir='ltr'>πάντες</span> <span class='ocrx_word' id='word_1_341' title='bbox 747 3055 799 3105; x_wconf 81' lang='grc' dir='ltr'>οὶ</span> <span class='ocrx_word' id='word_1_342' title='bbox 827 3049 1128 3118; x_wconf 82' lang='grc' dir='ltr'>ζητοῦντές</span> <span class='ocrx_word' id='word_1_343' title='bbox 1162 3062 1252 3111; x_wconf 84' lang='grc' dir='ltr'><strong>σε,</strong></span> <span class='ocrx_word' id='word_1_344' title='bbox 1286 3048 1480 3115; x_wconf 80' lang='grc' dir='ltr'>Κύριε,</span> <span class='ocrx_word' id='word_1_345' title='bbox 1510 3045 1604 3099; x_wconf 72' lang='grc' dir='ltr'>καὶ</span> <span class='ocrx_word' id='word_1_346' title='bbox 1639 3044 1798 3097; x_wconf 72' lang='grc' dir='ltr'>εἰπά-</span> 
     </span>
    </p>
   </div>
   <div class='ocr_carea' id='block_1_49' title="bbox 246 3136 1798 3207">
    <p class='ocr_par' dir='ltr' id='par_1_49' title="bbox 246 3136 1798 3207">
     <span class='ocr_line' id='line_1_49' title="bbox 246 3136 1798 3207; baseline -0.01 -4"><span class='ocrx_word' id='word_1_347' title='bbox 246 3162 466 3203; x_wconf 77' lang='grc' dir='ltr'>τωσαν</span> <span class='ocrx_word' id='word_1_348' title='bbox 514 3141 858 3205; x_wconf 76' lang='grc' dir='ltr'>διαπαντὸς,</span> <span class='ocrx_word' id='word_1_349' title='bbox 914 3137 1344 3207; x_wconf 73' lang='grc' dir='ltr'>Μεγαλυνθήτω</span> <span class='ocrx_word' id='word_1_350' title='bbox 1398 3139 1430 3189; x_wconf 84' lang='grc' dir='ltr'><em>ό</em></span> <span class='ocrx_word' id='word_1_351' title='bbox 1485 3136 1708 3201; x_wconf 80' lang='grc' dir='ltr'>Κύριος,</span> <span class='ocrx_word' id='word_1_352' title='bbox 1746 3138 1798 3188; x_wconf 78' lang='grc' dir='ltr'>οἱ</span> 
     </span>
    </p>
   </div>
   <div class='ocr_carea' id='block_1_50' title="bbox 1887 1970 3420 2039">
    <p class='ocr_par' dir='ltr' id='par_1_50' title="bbox 1887 1970 3420 2039">
     <span class='ocr_line' id='line_1_50' title="bbox 1887 1970 3420 2039; baseline 0.004 -18"><span class='ocrx_word' id='word_1_353' title='bbox 1887 1983 1995 2022; x_wconf 91' lang='lat' dir='ltr'><strong>non</strong></span> <span class='ocrx_word' id='word_1_354' title='bbox 2028 1970 2223 2022; x_wconf 92' lang='lat' dir='ltr'><strong>malum</strong></span> <span class='ocrx_word' id='word_1_355' title='bbox 2253 1971 2525 2039; x_wconf 89' lang='lat' dir='ltr'><strong>quidpiam</strong></span> <span class='ocrx_word' id='word_1_356' title='bbox 2556 1980 2657 2026; x_wconf 86' lang='lat' dir='ltr'><strong>est.</strong></span> <span class='ocrx_word' id='word_1_357' title='bbox 2704 1972 2980 2037; x_wconf 85' lang='lat' dir='ltr'><strong>Quomodo</strong></span> <span class='ocrx_word' id='word_1_358' title='bbox 3022 1974 3164 2027; x_wconf 88' lang='lat' dir='ltr'><strong>enim</strong></span> <span class='ocrx_word' id='word_1_359' title='bbox 3218 1974 3420 2027; x_wconf 92' lang='lat' dir='ltr'><strong>malum</strong></span> 
     </span>
    </p>
   </div>
   <div class='ocr_carea' id='block_1_51' title="bbox 1887 2059 3423 2130">
    <p class='ocr_par' dir='ltr' id='par_1_51' title="bbox 1887 2059 3423 2130">
     <span class='ocr_line' id='line_1_51' title="bbox 1887 2059 3423 2130; baseline 0.003 -18"><span class='ocrx_word' id='word_1_360' title='bbox 1887 2060 2012 2113; x_wconf 89' lang='lat' dir='ltr'><strong>boni</strong></span> <span class='ocrx_word' id='word_1_361' title='bbox 2056 2060 2350 2113; x_wconf 75' lang='lat' dir='ltr'><strong>similitudo</strong></span> <span class='ocrx_word' id='word_1_362' title='bbox 2397 2059 2588 2115; x_wconf 86' lang='lat' dir='ltr'><strong>fuerit?</strong></span> <span class='ocrx_word' id='word_1_363' title='bbox 2638 2060 2715 2115; x_wconf 90' lang='lat' dir='ltr'><strong>lta</strong></span> <span class='ocrx_word' id='word_1_364' title='bbox 2744 2063 2988 2130; x_wconf 84' lang='lat' dir='ltr'><strong>quamvis</strong></span> <span class='ocrx_word' id='word_1_365' title='bbox 3040 2062 3315 2115; x_wconf 79' lang='lat' dir='ltr'><strong>infamiam</strong></span> <span class='ocrx_word' id='word_1_366' title='bbox 3364 2070 3423 2117; x_wconf 84' lang='lat' dir='ltr'><strong>et</strong></span> 
     </span>
    </p>
   </div>
   <div class='ocr_carea' id='block_1_52' title="bbox 1888 2150 3422 2220">
    <p class='ocr_par' dir='ltr' id='par_1_52' title="bbox 1888 2150 3422 2220">
     <span class='ocr_line' id='line_1_52' title="bbox 1888 2150 3422 2220; baseline 0.002 -16"><span class='ocrx_word' id='word_1_367' title='bbox 1888 2150 2252 2205; x_wconf 81' lang='lat' dir='ltr'><strong>confusionem</strong></span> <span class='ocrx_word' id='word_1_368' title='bbox 2275 2152 2509 2206; x_wconf 87' lang='lat' dir='ltr'><strong>inimicis</strong></span> <span class='ocrx_word' id='word_1_369' title='bbox 2537 2162 2797 2220; x_wconf 86' lang='lat' dir='ltr'><strong>precetur,</strong></span> <span class='ocrx_word' id='word_1_370' title='bbox 2829 2152 2917 2204; x_wconf 92' lang='lat' dir='ltr'><strong>hic</strong></span> <span class='ocrx_word' id='word_1_371' title='bbox 2948 2152 3045 2205; x_wconf 89' lang='lat' dir='ltr'><strong>tibi</strong></span> <span class='ocrx_word' id='word_1_372' title='bbox 3095 2153 3422 2207; x_wconf 82' lang='lat' dir='ltr'><strong>adversario-</strong></span> 
     </span>
    </p>
   </div>
   <div class='ocr_carea' id='block_1_53' title="bbox 1889 2238 3417 2310">
    <p class='ocr_par' dir='ltr' id='par_1_53' title="bbox 1889 2238 3417 2310">
     <span class='ocr_line' id='line_1_53' title="bbox 1889 2238 3417 2310; baseline 0.003 -20"><span class='ocrx_word' id='word_1_373' title='bbox 1889 2253 2027 2303; x_wconf 89' lang='lat' dir='ltr'><strong>rum,</strong></span> <span class='ocrx_word' id='word_1_374' title='bbox 2057 2239 2145 2306; x_wconf 90' lang='lat' dir='ltr'><strong>qui</strong></span> <span class='ocrx_word' id='word_1_375' title='bbox 2171 2240 2222 2291; x_wconf 92' lang='lat' dir='ltr'><strong>in</strong></span> <span class='ocrx_word' id='word_1_376' title='bbox 2253 2239 2463 2293; x_wconf 87' lang='lat' dir='ltr'><strong>occulto</strong></span> <span class='ocrx_word' id='word_1_377' title='bbox 2484 2238 2773 2291; x_wconf 88' lang='lat' dir='ltr'><strong>humanam</strong></span> <span class='ocrx_word' id='word_1_378' title='bbox 2799 2248 3047 2293; x_wconf 87' lang='lat' dir='ltr'><strong>naturam</strong></span> <span class='ocrx_word' id='word_1_379' title='bbox 3070 2249 3376 2310; x_wconf 85' lang='lat' dir='ltr'><strong>oppugnant</strong></span> <span class='ocrx_word' id='word_1_380' title='bbox 3400 2281 3417 2304; x_wconf 88' lang='lat'><strong>,</strong></span> 
     </span>
    </p>
   </div>
   <div class='ocr_carea' id='block_1_54' title="bbox 1890 2328 3421 2393">
    <p class='ocr_par' dir='ltr' id='par_1_54' title="bbox 1890 2328 3421 2393">
     <span class='ocr_line' id='line_1_54' title="bbox 1890 2328 3421 2393; baseline 0.002 -12"><span class='ocrx_word' id='word_1_381' title='bbox 1890 2335 2085 2381; x_wconf 72' lang='lat' dir='ltr'><strong>emtum</strong></span> <span class='ocrx_word' id='word_1_382' title='bbox 2102 2328 2355 2382; x_wconf 89' lang='lat' dir='ltr'><strong>declarat.</strong></span> <span class='ocrx_word' id='word_1_383' title='bbox 2385 2328 2537 2393; x_wconf 85' lang='lat' dir='ltr'><strong>Quod</strong></span> <span class='ocrx_word' id='word_1_384' title='bbox 2556 2336 2734 2383; x_wconf 89' lang='lat' dir='ltr'><strong>autem</strong></span> <span class='ocrx_word' id='word_1_385' title='bbox 2765 2328 3096 2385; x_wconf 64' lang='lat' dir='ltr'><strong>daemonibus</strong></span> <span class='ocrx_word' id='word_1_386' title='bbox 3113 2346 3221 2385; x_wconf 91' lang='lat' dir='ltr'><strong>non</strong></span> <span class='ocrx_word' id='word_1_387' title='bbox 3247 2331 3421 2385; x_wconf 83' lang='lat' dir='ltr'><strong>homi-</strong></span> 
     </span>
    </p>
   </div>
   <div class='ocr_carea' id='block_1_55' title="bbox 1889 2415 3419 2489">
    <p class='ocr_par' dir='ltr' id='par_1_55' title="bbox 1889 2415 3419 2489">
     <span class='ocr_line' id='line_1_55' title="bbox 1889 2415 3419 2489; baseline 0.005 -23"><span class='ocrx_word' id='word_1_388' title='bbox 1889 2416 2048 2469; x_wconf 87' lang='lat' dir='ltr'><strong>nibus</strong></span> <span class='ocrx_word' id='word_1_389' title='bbox 2076 2415 2417 2484; x_wconf 89' lang='lat' dir='ltr'><strong>imprecetur,</strong></span> <span class='ocrx_word' id='word_1_390' title='bbox 2442 2416 2557 2485; x_wconf 86' lang='lat' dir='ltr'><strong>ipsa</strong></span> <span class='ocrx_word' id='word_1_391' title='bbox 2590 2416 2850 2471; x_wconf 89' lang='lat' dir='ltr'><strong>orationis</strong></span> <span class='ocrx_word' id='word_1_392' title='bbox 2879 2416 3047 2471; x_wconf 89' lang='lat' dir='ltr'><strong>forma</strong></span> <span class='ocrx_word' id='word_1_393' title='bbox 3084 2416 3419 2489; x_wconf 87' lang='lat' dir='ltr'><strong>comprobat:</strong></span> 
     </span>
    </p>
   </div>
   <div class='ocr_carea' id='block_1_56' title="bbox 1893 2503 3421 2576">
    <p class='ocr_par' dir='ltr' id='par_1_56' title="bbox 1893 2503 3421 2576">
     <span class='ocr_line' id='line_1_56' title="bbox 1893 2503 3421 2576; baseline 0.003 -19"><span class='ocrx_word' id='word_1_394' title='bbox 1893 2503 2309 2573; x_wconf 80' lang='lat' dir='ltr'><strong>Confundantur,</strong></span> <span class='ocrx_word' id='word_1_395' title='bbox 2338 2506 2529 2575; x_wconf 90' lang='lat' dir='ltr'><strong>inquit,</strong></span> <span class='ocrx_word' id='word_1_396' title='bbox 2560 2508 2649 2576; x_wconf 90' lang='lat' dir='ltr'><strong>qui</strong></span> <span class='ocrx_word' id='word_1_397' title='bbox 2687 2518 2921 2576; x_wconf 80' lang='lat' dir='ltr'><strong>quwrunt</strong></span> <span class='ocrx_word' id='word_1_398' title='bbox 2951 2508 3178 2561; x_wconf 83' lang='lat' dir='ltr'><strong>animum</strong></span> <span class='ocrx_word' id='word_1_399' title='bbox 3214 2524 3380 2562; x_wconf 84' lang='lat' dir='ltr'><strong>meam</strong></span> <span class='ocrx_word' id='word_1_400' title='bbox 3401 2546 3421 2573; x_wconf 87' lang='lat'><strong>,</strong></span> 
     </span>
    </p>
   </div>
   <div class='ocr_carea' id='block_1_57' title="bbox 1891 2597 3426 2663">
    <p class='ocr_par' dir='ltr' id='par_1_57' title="bbox 1891 2597 3426 2663">
     <span class='ocr_line' id='line_1_57' title="bbox 1891 2597 3426 2663; baseline 0.004 -15"><span class='ocrx_word' id='word_1_401' title='bbox 1891 2605 1947 2648; x_wconf 91' lang='lat' dir='ltr'><strong>ut</strong></span> <span class='ocrx_word' id='word_1_402' title='bbox 1977 2597 2216 2663; x_wconf 80' lang='lat' dir='ltr'><strong>auferant</strong></span> <span class='ocrx_word' id='word_1_403' title='bbox 2255 2613 2390 2650; x_wconf 86' lang='lat' dir='ltr'><strong>eam.</strong></span> <span class='ocrx_word' id='word_1_404' title='bbox 2438 2597 2813 2652; x_wconf 79' lang='lat' dir='ltr'><strong>Convertuntur</strong></span> <span class='ocrx_word' id='word_1_405' title='bbox 2850 2608 3134 2653; x_wconf 77' lang='lat' dir='ltr'><strong>retrorsum</strong></span> <span class='ocrx_word' id='word_1_406' title='bbox 3167 2609 3215 2653; x_wconf 85' lang='lat' dir='ltr'><strong>et</strong></span> <span class='ocrx_word' id='word_1_407' title='bbox 3244 2599 3426 2654; x_wconf 77' lang='lat' dir='ltr'><strong>erube-</strong></span> 
     </span>
    </p>
   </div>
   <div class='ocr_carea' id='block_1_58' title="bbox 1891 2686 3429 2758">
    <p class='ocr_par' dir='ltr' id='par_1_58' title="bbox 1891 2686 3429 2758">
     <span class='ocr_line' id='line_1_58' title="bbox 1891 2686 3429 2758; baseline 0.004 -21"><span class='ocrx_word' id='word_1_408' title='bbox 1891 2692 2037 2737; x_wconf 83' lang='lat' dir='ltr'><strong>scant</strong></span> <span class='ocrx_word' id='word_1_409' title='bbox 2060 2686 2146 2753; x_wconf 87' lang='lat' dir='ltr'><strong>qui</strong></span> <span class='ocrx_word' id='word_1_410' title='bbox 2174 2686 2345 2739; x_wconf 85' lang='lat' dir='ltr'><strong>volunt</strong></span> <span class='ocrx_word' id='word_1_411' title='bbox 2376 2687 2499 2740; x_wconf 85' lang='lat' dir='ltr'><strong>mihi</strong></span> <span class='ocrx_word' id='word_1_412' title='bbox 2524 2688 2686 2741; x_wconf 79' lang='lat' dir='ltr'><strong>mata.</strong></span> <span class='ocrx_word' id='word_1_413' title='bbox 2724 2686 2919 2743; x_wconf 85' lang='lat' dir='ltr'><strong>Ferant</strong></span> <span class='ocrx_word' id='word_1_414' title='bbox 2949 2689 3220 2757; x_wconf 73' lang='lat' dir='ltr'><strong>confestim</strong></span> <span class='ocrx_word' id='word_1_415' title='bbox 3244 2690 3429 2758; x_wconf 79' lang='lat' dir='ltr'><strong>confu-</strong></span> 
     </span>
    </p>
   </div>
   <div class='ocr_carea' id='block_1_59' title="bbox 1892 2774 3429 2850">
    <p class='ocr_par' dir='ltr' id='par_1_59' title="bbox 1892 2774 3429 2850">
     <span class='ocr_line' id='line_1_59' title="bbox 1892 2774 3429 2850; baseline 0.007 -25"><span class='ocrx_word' id='word_1_416' title='bbox 1892 2774 2084 2826; x_wconf 85' lang='lat' dir='ltr'><strong>sionem</strong></span> <span class='ocrx_word' id='word_1_417' title='bbox 2112 2790 2261 2827; x_wconf 75' lang='lat' dir='ltr'><strong>suam</strong></span> <span class='ocrx_word' id='word_1_418' title='bbox 2286 2776 2372 2843; x_wconf 86' lang='lat' dir='ltr'><strong>qui</strong></span> <span class='ocrx_word' id='word_1_419' title='bbox 2400 2774 2576 2829; x_wconf 79' lang='lat' dir='ltr'><strong>dicunt</strong></span> <span class='ocrx_word' id='word_1_420' title='bbox 2604 2777 2761 2842; x_wconf 80' lang='lat' dir='ltr'><strong>mihi,</strong></span> <span class='ocrx_word' id='word_1_421' title='bbox 2794 2777 2958 2848; x_wconf 85' lang='lat' dir='ltr'><strong>Euge,</strong></span> <span class='ocrx_word' id='word_1_422' title='bbox 2982 2796 3126 2850; x_wconf 86' lang='lat' dir='ltr'><strong>euge.</strong></span> <span class='ocrx_word' id='word_1_423' title='bbox 3154 2779 3429 2835; x_wconf 71' lang='lat' dir='ltr'><strong>Exsultent</strong></span> 
     </span>
    </p>
   </div>
   <div class='ocr_carea' id='block_1_60' title="bbox 1892 2862 3430 2937">
    <p class='ocr_par' dir='ltr' id='par_1_60' title="bbox 1892 2862 3430 2937">
     <span class='ocr_line' id='line_1_60' title="bbox 1892 2862 3430 2937; baseline 0.008 -22"><span class='ocrx_word' id='word_1_424' title='bbox 1892 2872 1940 2915; x_wconf 86' lang='lat' dir='ltr'><strong>et</strong></span> <span class='ocrx_word' id='word_1_425' title='bbox 1960 2862 2195 2917; x_wconf 53' lang='lat' dir='ltr'><strong>laventur</strong></span> <span class='ocrx_word' id='word_1_426' title='bbox 2223 2866 2273 2917; x_wconf 90' lang='lat' dir='ltr'><strong>in</strong></span> <span class='ocrx_word' id='word_1_427' title='bbox 2302 2876 2349 2919; x_wconf 79' lang='lat' dir='ltr'><strong>te</strong></span> <span class='ocrx_word' id='word_1_428' title='bbox 2373 2882 2546 2921; x_wconf 79' lang='lat' dir='ltr'><strong>omnes</strong></span> <span class='ocrx_word' id='word_1_429' title='bbox 2582 2869 2669 2936; x_wconf 86' lang='lat' dir='ltr'><strong>qui</strong></span> <span class='ocrx_word' id='word_1_430' title='bbox 2708 2877 2945 2937; x_wconf 70' lang='lat' dir='ltr'><strong>quaerunt</strong></span> <span class='ocrx_word' id='word_1_431' title='bbox 2985 2880 3051 2936; x_wconf 89' lang='lat' dir='ltr'><strong>te,</strong></span> <span class='ocrx_word' id='word_1_432' title='bbox 3093 2871 3310 2926; x_wconf 85' lang='lat' dir='ltr'><strong>Domine</strong></span> <span class='ocrx_word' id='word_1_433' title='bbox 3331 2912 3347 2937; x_wconf 92' lang='lat'><strong>,</strong></span> <span class='ocrx_word' id='word_1_434' title='bbox 3378 2882 3430 2927; x_wconf 83' lang='lat' dir='ltr'><strong>et</strong></span> 
     </span>
    </p>
   </div>
   <div class='ocr_carea' id='block_1_61' title="bbox 1895 2949 3431 3033">
    <p class='ocr_par' dir='ltr' id='par_1_61' title="bbox 1895 2949 3431 3033">
     <span class='ocr_line' id='line_1_61' title="bbox 1895 2949 3431 3033; baseline 0.008 -29"><span class='ocrx_word' id='word_1_435' title='bbox 1895 2952 2067 3005; x_wconf 84' lang='lat' dir='ltr'><strong>dicunt</strong></span> <span class='ocrx_word' id='word_1_436' title='bbox 2090 2970 2316 3021; x_wconf 78' lang='lat' dir='ltr'><strong>semper,</strong></span> <span class='ocrx_word' id='word_1_437' title='bbox 2364 2954 2729 3024; x_wconf 80' lang='lat' dir='ltr'><strong>Magniﬁcetur</strong></span> <span class='ocrx_word' id='word_1_438' title='bbox 2757 2958 3035 3027; x_wconf 76' lang='lat' dir='ltr'><strong>Dominus,</strong></span> <span class='ocrx_word' id='word_1_439' title='bbox 3073 2962 3161 3031; x_wconf 87' lang='lat' dir='ltr'><strong>qui</strong></span> <span class='ocrx_word' id='word_1_440' title='bbox 3204 2949 3431 3033; x_wconf 82' lang='lat' dir='ltr'><strong>diligunt</strong></span> 
     </span>
    </p>
   </div>
   <div class='ocr_carea' id='block_1_62' title="bbox 1897 3044 3431 3116">
    <p class='ocr_par' dir='ltr' id='par_1_62' title="bbox 1897 3044 3431 3116">
     <span class='ocr_line' id='line_1_62' title="bbox 1897 3044 3431 3116; baseline 0.008 -22"><span class='ocrx_word' id='word_1_441' title='bbox 1897 3044 2126 3096; x_wconf 78' lang='lat' dir='ltr'><strong>salutare</strong></span> <span class='ocrx_word' id='word_1_442' title='bbox 2156 3056 2301 3097; x_wconf 86' lang='lat' dir='ltr'><strong>tuum</strong></span> <span class='ocrx_word' id='word_1_443' title='bbox 2322 3044 2385 3097; x_wconf 61' lang='grc' dir='ltr'><strong>δ’.</strong></span> <span class='ocrx_word' id='word_1_444' title='bbox 2419 3044 2527 3100; x_wconf 90' lang='lat' dir='ltr'><strong>Soli</strong></span> <span class='ocrx_word' id='word_1_445' title='bbox 2561 3048 2755 3116; x_wconf 86' lang='lat' dir='ltr'><strong>quippe</strong></span> <span class='ocrx_word' id='word_1_446' title='bbox 2782 3049 3051 3105; x_wconf 73' lang='lat' dir='ltr'><strong>daemones</strong></span> <span class='ocrx_word' id='word_1_447' title='bbox 3089 3051 3279 3106; x_wconf 66' lang='lat' dir='ltr'><strong>animae</strong></span> <span class='ocrx_word' id='word_1_448' title='bbox 3305 3054 3431 3108; x_wconf 89' lang='lat' dir='ltr'><strong>insi-</strong></span> 
     </span>
    </p>
   </div>
   <div class='ocr_carea' id='block_1_63' title="bbox 1899 3132 3433 3195">
    <p class='ocr_par' dir='ltr' id='par_1_63' title="bbox 1899 3132 3433 3195">
     <span class='ocr_line' id='line_1_63' title="bbox 1899 3132 3433 3195; baseline 0.006 -9"><span class='ocrx_word' id='word_1_449' title='bbox 1899 3132 2115 3186; x_wconf 86' lang='lat' dir='ltr'><strong>diantur</strong></span> <span class='ocrx_word' id='word_1_450' title='bbox 2145 3152 2157 3183; x_wconf 89' lang='lat'><strong>:</strong></span> <span class='ocrx_word' id='word_1_451' title='bbox 2192 3132 2382 3185; x_wconf 84' lang='lat' dir='ltr'><strong>animae</strong></span> <span class='ocrx_word' id='word_1_452' title='bbox 2410 3140 2585 3187; x_wconf 88' lang='lat' dir='ltr'><strong>autem</strong></span> <span class='ocrx_word' id='word_1_453' title='bbox 2610 3134 2815 3189; x_wconf 73' lang='lat' dir='ltr'><strong>insidia:</strong></span> <span class='ocrx_word' id='word_1_454' title='bbox 2838 3144 2964 3190; x_wconf 90' lang='lat' dir='ltr'><strong>sunt</strong></span> <span class='ocrx_word' id='word_1_455' title='bbox 2992 3136 3242 3192; x_wconf 88' lang='lat' dir='ltr'><strong>alienatio</strong></span> <span class='ocrx_word' id='word_1_456' title='bbox 3269 3154 3299 3193; x_wconf 88' lang='lat' dir='ltr'><strong>a</strong></span> <span class='ocrx_word' id='word_1_457' title='bbox 3323 3139 3433 3195; x_wconf 89' lang='lat' dir='ltr'><strong>Deo</strong></span> 
     </span>
    </p>
   </div>
   <div class='ocr_carea' id='block_1_64' title="bbox 246 3216 1796 3306">
    <p class='ocr_par' dir='ltr' id='par_1_64' title="bbox 246 3225 1796 3306">
     <span class='ocr_line' id='line_1_64' title="bbox 246 3225 1796 3306; baseline -0.008 -17"><span class='ocrx_word' id='word_1_458' title='bbox 246 3232 607 3306; x_wconf 75' lang='grc' dir='ltr'>ἀγαπῶντες</span> <span class='ocrx_word' id='word_1_459' title='bbox 632 3230 695 3282; x_wconf 86' lang='grc' dir='ltr'>τὸ</span> <span class='ocrx_word' id='word_1_460' title='bbox 725 3228 1014 3295; x_wconf 78' lang='grc' dir='ltr'>σωτήριόν</span> <span class='ocrx_word' id='word_1_461' title='bbox 1041 3244 1173 3281; x_wconf 87' lang='grc' dir='ltr'>σου.</span> <span class='ocrx_word' id='word_1_462' title='bbox 1204 3226 1364 3279; x_wconf 86' lang='grc' dir='ltr'>Μόνοι</span> <span class='ocrx_word' id='word_1_463' title='bbox 1395 3225 1501 3294; x_wconf 83' lang='grc' dir='ltr'>γὰρ</span> <span class='ocrx_word' id='word_1_464' title='bbox 1539 3228 1586 3277; x_wconf 88' lang='grc' dir='ltr'><strong>οί</strong></span> <span class='ocrx_word' id='word_1_465' title='bbox 1618 3226 1796 3295; x_wconf 85' lang='grc' dir='ltr'>δαίμο-</span> 
     </span>
    </p>
   </div>
   <div class='ocr_carea' id='block_1_65' title="bbox 1895 3216 3434 3306">
    <p class='ocr_par' dir='ltr' id='par_1_65' title="bbox 1898 3223 3434 3297">
     <span class='ocr_line' id='line_1_65' title="bbox 1898 3223 3434 3297; baseline 0.006 -22"><span class='ocrx_word' id='word_1_466' title='bbox 1898 3223 1964 3276; x_wconf 90' lang='lat' dir='ltr'><strong>ob</strong></span> <span class='ocrx_word' id='word_1_467' title='bbox 1983 3238 2203 3291; x_wconf 90' lang='lat' dir='ltr'><strong>pravum</strong></span> <span class='ocrx_word' id='word_1_468' title='bbox 2236 3224 2396 3277; x_wconf 89' lang='lat' dir='ltr'><strong>animi</strong></span> <span class='ocrx_word' id='word_1_469' title='bbox 2427 3223 2691 3279; x_wconf 73' lang='lat' dir='ltr'><strong>allectum.</strong></span> <span class='ocrx_word' id='word_1_470' title='bbox 2732 3224 2799 3278; x_wconf 90' lang='lat' dir='ltr'><strong>Ut</strong></span> <span class='ocrx_word' id='word_1_471' title='bbox 2828 3241 2955 3297; x_wconf 85' lang='lat' dir='ltr'><strong>ergo</strong></span> <span class='ocrx_word' id='word_1_472' title='bbox 2978 3227 3031 3281; x_wconf 93' lang='lat' dir='ltr'><strong>in</strong></span> <span class='ocrx_word' id='word_1_473' title='bbox 3063 3228 3174 3282; x_wconf 70' lang='lat' dir='ltr'><strong>haec</strong></span> <span class='ocrx_word' id='word_1_474' title='bbox 3206 3244 3313 3283; x_wconf 92' lang='lat' dir='ltr'><strong>non</strong></span> <span class='ocrx_word' id='word_1_475' title='bbox 3349 3230 3434 3284; x_wconf 91' lang='lat' dir='ltr'><strong>in-</strong></span> 
     </span>
    </p>
   </div>
   <div class='ocr_carea' id='block_1_66' title="bbox 248 3316 1800 3390">
    <p class='ocr_par' dir='ltr' id='par_1_66' title="bbox 248 3316 1800 3390">
     <span class='ocr_line' id='line_1_66' title="bbox 248 3316 1800 3390; baseline -0.008 -10"><span class='ocrx_word' id='word_1_476' title='bbox 248 3342 350 3389; x_wconf 85' lang='grc' dir='ltr'><strong>νες</strong></span> <span class='ocrx_word' id='word_1_477' title='bbox 403 3325 482 3383; x_wconf 75' lang='grc' dir='ltr'>εἰς</span> <span class='ocrx_word' id='word_1_478' title='bbox 534 3319 705 3390; x_wconf 76' lang='grc' dir='ltr'>ψυχὴν</span> <span class='ocrx_word' id='word_1_479' title='bbox 749 3318 1170 3372; x_wconf 78' lang='grc' dir='ltr'>ἐπιϐουλεύουσι’</span> <span class='ocrx_word' id='word_1_480' title='bbox 1222 3317 1391 3386; x_wconf 77' lang='grc' dir='ltr'>ψυχῆς</span> <span class='ocrx_word' id='word_1_481' title='bbox 1443 3317 1497 3368; x_wconf 87' lang='grc' dir='ltr'><strong>δέ</strong></span> <span class='ocrx_word' id='word_1_482' title='bbox 1552 3316 1800 3386; x_wconf 77' lang='grc' dir='ltr'>ἐπιϐουλὴ</span> 
     </span>
    </p>
   </div>
   <div class='ocr_carea' id='block_1_67' title="bbox 247 3405 1803 3479">
    <p class='ocr_par' dir='ltr' id='par_1_67' title="bbox 247 3405 1803 3479">
     <span class='ocr_line' id='line_1_67' title="bbox 247 3405 1803 3479; baseline -0.013 -12"><span class='ocrx_word' id='word_1_483' title='bbox 247 3412 400 3469; x_wconf 83' lang='grc' dir='ltr'>Θεοῦ</span> <span class='ocrx_word' id='word_1_484' title='bbox 447 3408 784 3479; x_wconf 76' lang='grc' dir='ltr'>ἀλλοτρίωσις</span> <span class='ocrx_word' id='word_1_485' title='bbox 829 3407 912 3459; x_wconf 79' lang='grc' dir='ltr'><strong>διὰ</strong></span> <span class='ocrx_word' id='word_1_486' title='bbox 950 3406 1047 3475; x_wconf 81' lang='grc' dir='ltr'>τῆς</span> <span class='ocrx_word' id='word_1_487' title='bbox 1084 3405 1354 3475; x_wconf 84' lang='grc' dir='ltr'>ἐμπαθοῦς</span> <span class='ocrx_word' id='word_1_488' title='bbox 1385 3407 1664 3475; x_wconf 83' lang='grc' dir='ltr'>γινομένης</span> <span class='ocrx_word' id='word_1_489' title='bbox 1693 3405 1803 3457; x_wconf 73' lang='grc' dir='ltr'>δια.</span> 
     </span>
    </p>
   </div>
   <div class='ocr_carea' id='block_1_68' title="bbox 250 3492 1804 3567">
    <p class='ocr_par' dir='ltr' id='par_1_68' title="bbox 250 3492 1804 3567">
     <span class='ocr_line' id='line_1_68' title="bbox 250 3492 1804 3567; baseline -0.006 -8"><span class='ocrx_word' id='word_1_490' title='bbox 250 3506 485 3564; x_wconf 82' lang='grc' dir='ltr'>θέσεως.</span> <span class='ocrx_word' id='word_1_491' title='bbox 530 3500 613 3560; x_wconf 84' lang='grc' dir='ltr'>Ὠς</span> <span class='ocrx_word' id='word_1_492' title='bbox 656 3498 719 3550; x_wconf 84' lang='grc' dir='ltr'><strong>ἂν</strong></span> <span class='ocrx_word' id='word_1_493' title='bbox 764 3492 851 3551; x_wconf 80' lang='grc' dir='ltr'><strong>οὖν</strong></span> <span class='ocrx_word' id='word_1_494' title='bbox 900 3497 971 3567; x_wconf 83' lang='grc' dir='ltr'>μὴ</span> <span class='ocrx_word' id='word_1_495' title='bbox 1013 3496 1165 3548; x_wconf 87' lang='grc' dir='ltr'>τοῦτο</span> <span class='ocrx_word' id='word_1_496' title='bbox 1208 3496 1383 3559; x_wconf 82' lang='grc' dir='ltr'>πάθοι,</span> <span class='ocrx_word' id='word_1_497' title='bbox 1421 3497 1673 3567; x_wconf 76' lang='grc' dir='ltr'>αἰσχύνην</span> <span class='ocrx_word' id='word_1_498' title='bbox 1700 3496 1804 3549; x_wconf 78' lang='grc' dir='ltr'><strong>τῶν</strong></span> 
     </span>
    </p>
   </div>
   <div class='ocr_carea' id='block_1_69' title="bbox 251 3585 1804 3657">
    <p class='ocr_par' dir='ltr' id='par_1_69' title="bbox 251 3585 1804 3657">
     <span class='ocr_line' id='line_1_69' title="bbox 251 3585 1804 3657; baseline -0.008 -7"><span class='ocrx_word' id='word_1_499' title='bbox 251 3590 720 3650; x_wconf 84' lang='grc' dir='ltr'>ἀντιπαλαιόντων</span> <span class='ocrx_word' id='word_1_500' title='bbox 769 3586 997 3657; x_wconf 71' lang='grc' dir='ltr'>εὔχεται.</span> <span class='ocrx_word' id='word_1_501' title='bbox 1039 3585 1202 3639; x_wconf 90' lang='grc' dir='ltr'>Τοῦτο</span> <span class='ocrx_word' id='word_1_502' title='bbox 1231 3586 1285 3639; x_wconf 80' lang='grc' dir='ltr'><strong>δὲ</strong></span> <span class='ocrx_word' id='word_1_503' title='bbox 1316 3586 1463 3639; x_wconf 79' lang='grc' dir='ltr'>οὐδὲν</span> <span class='ocrx_word' id='word_1_504' title='bbox 1504 3585 1627 3639; x_wconf 77' lang='grc' dir='ltr'>ἄλλο</span> <span class='ocrx_word' id='word_1_505' title='bbox 1662 3587 1804 3639; x_wconf 76' lang='grc' dir='ltr'>ἐστὶν</span> 
     </span>
    </p>
   </div>
   <div class='ocr_carea' id='block_1_70' title="bbox 252 3676 1805 3757">
    <p class='ocr_par' dir='ltr' id='par_1_70' title="bbox 252 3676 1805 3757">
     <span class='ocr_line' id='line_1_70' title="bbox 252 3676 1805 3757; baseline -0.006 -20"><span class='ocrx_word' id='word_1_506' title='bbox 252 3688 291 3757; x_wconf 76' lang='grc' dir='ltr'><strong>ἢ</strong></span> <span class='ocrx_word' id='word_1_507' title='bbox 326 3680 509 3751; x_wconf 88' lang='grc' dir='ltr'>ἐαυτῷ</span> <span class='ocrx_word' id='word_1_508' title='bbox 553 3680 703 3748; x_wconf 88' lang='grc' dir='ltr'>νίκην</span> <span class='ocrx_word' id='word_1_509' title='bbox 749 3677 885 3731; x_wconf 87' lang='grc' dir='ltr'><strong>κατά</strong></span> <span class='ocrx_word' id='word_1_510' title='bbox 928 3677 1033 3732; x_wconf 82' lang='grc' dir='ltr'>τῶν</span> <span class='ocrx_word' id='word_1_511' title='bbox 1075 3676 1341 3746; x_wconf 87' lang='grc' dir='ltr'>πολεμίων</span> <span class='ocrx_word' id='word_1_512' title='bbox 1378 3676 1722 3742; x_wconf 81' lang='grc' dir='ltr'>ἐπεύξασθαι·</span> <span class='ocrx_word' id='word_1_513' title='bbox 1756 3676 1805 3728; x_wconf 82' lang='grc' dir='ltr'>οἱ</span> 
     </span>
    </p>
   </div>
   <div class='ocr_carea' id='block_1_71' title="bbox 253 3765 1805 3841">
    <p class='ocr_par' dir='ltr' id='par_1_71' title="bbox 253 3765 1805 3841">
     <span class='ocr_line' id='line_1_71' title="bbox 253 3765 1805 3841; baseline -0.007 -10"><span class='ocrx_word' id='word_1_514' title='bbox 253 3778 322 3830; x_wconf 81' lang='grc' dir='ltr'>δὲ</span> <span class='ocrx_word' id='word_1_515' title='bbox 357 3772 606 3841; x_wconf 85' lang='grc' dir='ltr'>πολέμιοι</span> <span class='ocrx_word' id='word_1_516' title='bbox 653 3769 719 3822; x_wconf 85' lang='grc' dir='ltr'>τὰ</span> <span class='ocrx_word' id='word_1_517' title='bbox 759 3769 898 3838; x_wconf 85' lang='grc' dir='ltr'>πάθη</span> <span class='ocrx_word' id='word_1_518' title='bbox 942 3769 1090 3822; x_wconf 81' lang='grc' dir='ltr'>εἰσίν.</span> <span class='ocrx_word' id='word_1_519' title='bbox 1128 3768 1309 3831; x_wconf 84' lang='grc' dir='ltr'>Οῦτως</span> <span class='ocrx_word' id='word_1_520' title='bbox 1346 3768 1605 3838; x_wconf 82' lang='grc' dir='ltr'>Ἱερεμίας</span> <span class='ocrx_word' id='word_1_521' title='bbox 1650 3765 1805 3836; x_wconf 75' lang='grc' dir='ltr'>ζῆλον</span> 
     </span>
    </p>
   </div>
   <div class='ocr_carea' id='block_1_72' title="bbox 254 3857 1807 3936">
    <p class='ocr_par' dir='ltr' id='par_1_72' title="bbox 254 3857 1807 3936">
     <span class='ocr_line' id='line_1_72' title="bbox 254 3857 1807 3936; baseline -0.005 -21"><span class='ocrx_word' id='word_1_522' title='bbox 254 3868 365 3936; x_wconf 80' lang='grc' dir='ltr'>τῆς</span> <span class='ocrx_word' id='word_1_523' title='bbox 399 3861 698 3922; x_wconf 88' lang='grc' dir='ltr'>θεοσεϐείας</span> <span class='ocrx_word' id='word_1_524' title='bbox 724 3859 877 3927; x_wconf 77' lang='grc' dir='ltr'>ἔχων,</span> <span class='ocrx_word' id='word_1_525' title='bbox 911 3858 1401 3927; x_wconf 82' lang='grc' dir='ltr'>εἰδωλολατροῦντος</span> <span class='ocrx_word' id='word_1_526' title='bbox 1431 3857 1522 3909; x_wconf 89' lang='grc' dir='ltr'><strong>τοῦ</strong></span> <span class='ocrx_word' id='word_1_527' title='bbox 1555 3857 1807 3926; x_wconf 78' lang='grc' dir='ltr'>βασιλέως</span> 
     </span>
    </p>
   </div>
   <div class='ocr_carea' id='block_1_73' title="bbox 256 3941 1805 4013">
    <p class='ocr_par' dir='ltr' id='par_1_73' title="bbox 256 3941 1805 4013">
     <span class='ocr_line' id='line_1_73' title="bbox 256 3941 1805 4013; baseline -0.009 -6"><span class='ocrx_word' id='word_1_528' title='bbox 256 3954 365 4007; x_wconf 75' lang='grc' dir='ltr'><strong>καὶ</strong></span> <span class='ocrx_word' id='word_1_529' title='bbox 422 3948 514 4001; x_wconf 87' lang='grc' dir='ltr'><strong>τοῦ</strong></span> <span class='ocrx_word' id='word_1_530' title='bbox 564 3947 711 4008; x_wconf 89' lang='grc' dir='ltr'>λαοῦ,</span> <span class='ocrx_word' id='word_1_531' title='bbox 739 3946 834 3997; x_wconf 80' lang='grc' dir='ltr'><strong>οὐκ</strong></span> <span class='ocrx_word' id='word_1_532' title='bbox 884 3945 1010 3997; x_wconf 73' lang='grc' dir='ltr'>ἴδιόν</span> <span class='ocrx_word' id='word_1_533' title='bbox 1058 3964 1107 3997; x_wconf 91' lang='grc' dir='ltr'><strong>τι</strong></span> <span class='ocrx_word' id='word_1_534' title='bbox 1152 3944 1432 4013; x_wconf 87' lang='grc' dir='ltr'>θεραπεύει</span> <span class='ocrx_word' id='word_1_535' title='bbox 1479 3942 1660 4004; x_wconf 82' lang='grc' dir='ltr'>πάθος,</span> <span class='ocrx_word' id='word_1_536' title='bbox 1695 3941 1805 3994; x_wconf 88' lang='grc' dir='ltr'>ἀλλ’</span> 
     </span>
    </p>
   </div>
   <div class='ocr_carea' id='block_1_74' title="bbox 258 4029 1809 4107">
    <p class='ocr_par' dir='ltr' id='par_1_74' title="bbox 258 4029 1809 4107">
     <span class='ocr_line' id='line_1_74' title="bbox 258 4029 1809 4107; baseline -0.008 -15"><span class='ocrx_word' id='word_1_537' title='bbox 258 4038 415 4107; x_wconf 78' lang='grc' dir='ltr'>ὑπὲρ</span> <span class='ocrx_word' id='word_1_538' title='bbox 456 4035 549 4087; x_wconf 87' lang='grc' dir='ltr'><strong>τοῦ</strong></span> <span class='ocrx_word' id='word_1_539' title='bbox 601 4032 772 4086; x_wconf 87' lang='grc' dir='ltr'>κοινοῦ</span> <span class='ocrx_word' id='word_1_540' title='bbox 818 4033 921 4084; x_wconf 84' lang='grc' dir='ltr'>τῶν</span> <span class='ocrx_word' id='word_1_541' title='bbox 967 4031 1258 4103; x_wconf 83' lang='grc' dir='ltr'>ἀνθρώπων</span> <span class='ocrx_word' id='word_1_542' title='bbox 1302 4032 1559 4102; x_wconf 83' lang='grc' dir='ltr'>προσάγει</span> <span class='ocrx_word' id='word_1_543' title='bbox 1589 4030 1665 4099; x_wconf 84' lang='grc' dir='ltr'>τῷ</span> <span class='ocrx_word' id='word_1_544' title='bbox 1694 4029 1809 4099; x_wconf 85' lang='grc' dir='ltr'><strong>Θεῷ</strong></span> 
     </span>
    </p>
   </div>
   <div class='ocr_carea' id='block_1_75' title="bbox 254 4119 1810 4200">
    <p class='ocr_par' dir='ltr' id='par_1_75' title="bbox 254 4119 1810 4200">
     <span class='ocr_line' id='line_1_75' title="bbox 254 4119 1810 4200; baseline -0.006 -19"><span class='ocrx_word' id='word_1_545' title='bbox 254 4129 369 4200; x_wconf 84' lang='grc' dir='ltr'><strong>τὴν</strong></span> <span class='ocrx_word' id='word_1_546' title='bbox 407 4125 605 4194; x_wconf 82' lang='grc' dir='ltr'>δέησιν,</span> <span class='ocrx_word' id='word_1_547' title='bbox 644 4126 708 4193; x_wconf 77' lang='grc' dir='ltr'>τῇ</span> <span class='ocrx_word' id='word_1_548' title='bbox 758 4122 894 4175; x_wconf 80' lang='grc' dir='ltr'>κατὰ</span> <span class='ocrx_word' id='word_1_549' title='bbox 921 4122 1026 4175; x_wconf 84' lang='grc' dir='ltr'><strong>τῶν</strong></span> <span class='ocrx_word' id='word_1_550' title='bbox 1069 4121 1442 4192; x_wconf 82' lang='grc' dir='ltr'>ἀσεϐησάντων</span> <span class='ocrx_word' id='word_1_551' title='bbox 1488 4122 1626 4190; x_wconf 79' lang='grc' dir='ltr'>ὁρμῇ</span> <span class='ocrx_word' id='word_1_552' title='bbox 1671 4119 1810 4172; x_wconf 74' lang='grc' dir='ltr'>ἅπαν</span> 
     </span>
    </p>
   </div>
   <div class='ocr_carea' id='block_1_76' title="bbox 258 4210 1811 4286">
    <p class='ocr_par' dir='ltr' id='par_1_76' title="bbox 258 4210 1811 4286">
     <span class='ocr_line' id='line_1_76' title="bbox 258 4210 1811 4286; baseline -0.008 -13"><span class='ocrx_word' id='word_1_553' title='bbox 258 4215 698 4286; x_wconf 80' lang='grc' dir='ltr'>σωφρονισθῆναι</span> <span class='ocrx_word' id='word_1_554' title='bbox 742 4213 902 4277; x_wconf 80' lang='grc' dir='ltr'>άξιῶν</span> <span class='ocrx_word' id='word_1_555' title='bbox 941 4212 999 4264; x_wconf 85' lang='grc' dir='ltr'>τὸ</span> <span class='ocrx_word' id='word_1_556' title='bbox 1047 4212 1391 4282; x_wconf 84' lang='grc' dir='ltr'>ἀνθρώπινον.</span> <span class='ocrx_word' id='word_1_557' title='bbox 1429 4212 1536 4264; x_wconf 68' lang='grc' dir='ltr'>Καὶ</span> <span class='ocrx_word' id='word_1_558' title='bbox 1575 4211 1726 4280; x_wconf 81' lang='grc' dir='ltr'>Ὠσηέ</span> <span class='ocrx_word' id='word_1_559' title='bbox 1756 4210 1811 4261; x_wconf 81' lang='grc' dir='ltr'><strong>δὲ</strong></span> 
     </span>
    </p>
   </div>
   <div class='ocr_carea' id='block_1_77' title="bbox 256 4299 1813 4372">
    <p class='ocr_par' dir='ltr' id='par_1_77' title="bbox 256 4299 1813 4372">
     <span class='ocr_line' id='line_1_77' title="bbox 256 4299 1813 4372; baseline -0.008 -10"><span class='ocrx_word' id='word_1_560' title='bbox 256 4302 667 4372; x_wconf 75' lang='grc' dir='ltr'>πολυγονοῦσαν</span> <span class='ocrx_word' id='word_1_561' title='bbox 697 4304 816 4355; x_wconf 86' lang='grc' dir='ltr'>τότε</span> <span class='ocrx_word' id='word_1_562' title='bbox 847 4301 939 4370; x_wconf 84' lang='grc' dir='ltr'>τὴν</span> <span class='ocrx_word' id='word_1_563' title='bbox 988 4300 1180 4354; x_wconf 87' lang='grc' dir='ltr'>κακίαν</span> <span class='ocrx_word' id='word_1_564' title='bbox 1224 4302 1281 4353; x_wconf 92' lang='grc' dir='ltr'><strong>ἐν</strong></span> <span class='ocrx_word' id='word_1_565' title='bbox 1322 4304 1430 4364; x_wconf 81' lang='grc' dir='ltr'>τοῖς</span> <span class='ocrx_word' id='word_1_566' title='bbox 1466 4299 1813 4369; x_wconf 84' lang='grc' dir='ltr'>Ἰσραηλίταις</span> 
     </span>
    </p>
   </div>
   <div class='ocr_carea' id='block_1_78' title="bbox 255 4388 1813 4468">
    <p class='ocr_par' dir='ltr' id='par_1_78' title="bbox 255 4388 1813 4468">
     <span class='ocr_line' id='line_1_78' title="bbox 255 4388 1813 4468; baseline -0.017 -15"><span class='ocrx_word' id='word_1_567' title='bbox 255 4402 339 4468; x_wconf 79' lang='grc' dir='ltr'>τῇ</span> <span class='ocrx_word' id='word_1_568' title='bbox 373 4392 595 4460; x_wconf 75' lang='grc' dir='ltr'>ἀτεκνίᾳ</span> <span class='ocrx_word' id='word_1_569' title='bbox 636 4391 995 4453; x_wconf 74' lang='grc' dir='ltr'>καταδικάζει,</span> <span class='ocrx_word' id='word_1_570' title='bbox 1036 4389 1252 4453; x_wconf 79' lang='grc' dir='ltr'>καὶτὰς</span> <span class='ocrx_word' id='word_1_571' title='bbox 1294 4390 1489 4459; x_wconf 80' lang='grc' dir='ltr'>πικρὰς</span> <span class='ocrx_word' id='word_1_572' title='bbox 1530 4388 1693 4460; x_wconf 83' lang='grc' dir='ltr'>θηλὰς</span> <span class='ocrx_word' id='word_1_573' title='bbox 1718 4389 1813 4458; x_wconf 73' lang='grc' dir='ltr'><strong>τῆς</strong></span> 
     </span>
    </p>
   </div>
   <div class='ocr_carea' id='block_1_79' title="bbox 1900 3313 3432 3384">
    <p class='ocr_par' dir='ltr' id='par_1_79' title="bbox 1900 3313 3432 3384">
     <span class='ocr_line' id='line_1_79' title="bbox 1900 3313 3432 3384; baseline 0.007 -18"><span class='ocrx_word' id='word_1_574' title='bbox 1900 3313 2059 3375; x_wconf 89' lang='lat' dir='ltr'><strong>cidat,</strong></span> <span class='ocrx_word' id='word_1_575' title='bbox 2086 3314 2403 3369; x_wconf 89' lang='lat' dir='ltr'><strong>adversariis</strong></span> <span class='ocrx_word' id='word_1_576' title='bbox 2460 3314 2732 3367; x_wconf 77' lang='lat' dir='ltr'><strong>infamiam</strong></span> <span class='ocrx_word' id='word_1_577' title='bbox 2780 3324 3049 3384; x_wconf 85' lang='lat' dir='ltr'><strong>precatur.</strong></span> <span class='ocrx_word' id='word_1_578' title='bbox 3106 3319 3242 3372; x_wconf 84' lang='lat' dir='ltr'><strong>Illud</strong></span> <span class='ocrx_word' id='word_1_579' title='bbox 3300 3336 3432 3376; x_wconf 89' lang='lat' dir='ltr'><strong>vero</strong></span> 
     </span>
    </p>
   </div>
   <div class='ocr_carea' id='block_1_80' title="bbox 1899 3403 3435 3472">
    <p class='ocr_par' dir='ltr' id='par_1_80' title="bbox 1899 3403 3435 3472">
     <span class='ocr_line' id='line_1_80' title="bbox 1899 3403 3435 3472; baseline 0.005 -15"><span class='ocrx_word' id='word_1_580' title='bbox 1899 3403 2033 3457; x_wconf 85' lang='lat' dir='ltr'><strong>nihil</strong></span> <span class='ocrx_word' id='word_1_581' title='bbox 2065 3404 2208 3456; x_wconf 90' lang='lat' dir='ltr'><strong>aliud</strong></span> <span class='ocrx_word' id='word_1_582' title='bbox 2242 3411 2345 3466; x_wconf 91' lang='lat' dir='ltr'><strong>est,</strong></span> <span class='ocrx_word' id='word_1_583' title='bbox 2376 3418 2535 3472; x_wconf 87' lang='lat' dir='ltr'><strong>quam</strong></span> <span class='ocrx_word' id='word_1_584' title='bbox 2564 3403 2841 3457; x_wconf 88' lang='lat' dir='ltr'><strong>victoriam</strong></span> <span class='ocrx_word' id='word_1_585' title='bbox 2876 3405 2977 3459; x_wconf 86' lang='lat' dir='ltr'><strong>sibi</strong></span> <span class='ocrx_word' id='word_1_586' title='bbox 3010 3405 3077 3461; x_wconf 88' lang='lat' dir='ltr'><strong>de</strong></span> <span class='ocrx_word' id='word_1_587' title='bbox 3107 3406 3435 3465; x_wconf 81' lang='lat' dir='ltr'><strong>adversariis</strong></span> 
     </span>
    </p>
   </div>
   <div class='ocr_carea' id='block_1_81' title="bbox 1902 3492 3435 3563">
    <p class='ocr_par' dir='ltr' id='par_1_81' title="bbox 1902 3492 3435 3563">
     <span class='ocr_line' id='line_1_81' title="bbox 1902 3492 3435 3563; baseline 0.004 -18"><span class='ocrx_word' id='word_1_588' title='bbox 1902 3494 2211 3563; x_wconf 86' lang='lat' dir='ltr'><strong>postulare:</strong></span> <span class='ocrx_word' id='word_1_589' title='bbox 2258 3492 2459 3546; x_wconf 91' lang='lat' dir='ltr'><strong>inimici</strong></span> <span class='ocrx_word' id='word_1_590' title='bbox 2508 3508 2632 3547; x_wconf 87' lang='lat' dir='ltr'><strong>vero</strong></span> <span class='ocrx_word' id='word_1_591' title='bbox 2684 3501 2810 3548; x_wconf 91' lang='lat' dir='ltr'><strong>sunt</strong></span> <span class='ocrx_word' id='word_1_592' title='bbox 2849 3494 3012 3547; x_wconf 87' lang='lat' dir='ltr'><strong>animi</strong></span> <span class='ocrx_word' id='word_1_593' title='bbox 3060 3495 3301 3551; x_wconf 65' lang='lat' dir='ltr'><strong>affectus.</strong></span> <span class='ocrx_word' id='word_1_594' title='bbox 3343 3494 3435 3551; x_wconf 90' lang='lat' dir='ltr'><strong>Sic</strong></span> 
     </span>
    </p>
   </div>
   <div class='ocr_carea' id='block_1_82' title="bbox 1901 3581 3436 3656">
    <p class='ocr_par' dir='ltr' id='par_1_82' title="bbox 1901 3581 3436 3656">
     <span class='ocr_line' id='line_1_82' title="bbox 1901 3581 3436 3656; baseline 0.003 -20"><span class='ocrx_word' id='word_1_595' title='bbox 1901 3581 2158 3637; x_wconf 80' lang='lat' dir='ltr'><strong>Jeremias</strong></span> <span class='ocrx_word' id='word_1_596' title='bbox 2203 3583 2315 3637; x_wconf 89' lang='lat' dir='ltr'><strong>zelo</strong></span> <span class='ocrx_word' id='word_1_597' title='bbox 2347 3582 2619 3652; x_wconf 77' lang='lat' dir='ltr'><strong>religionis</strong></span> <span class='ocrx_word' id='word_1_598' title='bbox 2658 3583 2972 3652; x_wconf 87' lang='lat' dir='ltr'><strong>instructus,</strong></span> <span class='ocrx_word' id='word_1_599' title='bbox 3004 3600 3130 3655; x_wconf 89' lang='lat' dir='ltr'><strong>rege</strong></span> <span class='ocrx_word' id='word_1_600' title='bbox 3157 3594 3210 3640; x_wconf 91' lang='lat' dir='ltr'><strong>et</strong></span> <span class='ocrx_word' id='word_1_601' title='bbox 3236 3588 3436 3656; x_wconf 91' lang='lat' dir='ltr'><strong>popqu</strong></span> 
     </span>
    </p>
   </div>
   <div class='ocr_carea' id='block_1_83' title="bbox 1903 3672 3437 3744">
    <p class='ocr_par' dir='ltr' id='par_1_83' title="bbox 1903 3672 3437 3744">
     <span class='ocr_line' id='line_1_83' title="bbox 1903 3672 3437 3744; baseline 0.003 -19"><span class='ocrx_word' id='word_1_602' title='bbox 1903 3672 2043 3726; x_wconf 89' lang='lat' dir='ltr'><strong>idola</strong></span> <span class='ocrx_word' id='word_1_603' title='bbox 2071 3672 2387 3737; x_wconf 88' lang='lat' dir='ltr'><strong>colentibus,</strong></span> <span class='ocrx_word' id='word_1_604' title='bbox 2420 3688 2526 3726; x_wconf 90' lang='lat' dir='ltr'><strong>non</strong></span> <span class='ocrx_word' id='word_1_605' title='bbox 2581 3674 2902 3741; x_wconf 89' lang='lat' dir='ltr'><strong>peculiarem</strong></span> <span class='ocrx_word' id='word_1_606' title='bbox 2947 3675 3229 3744; x_wconf 89' lang='lat' dir='ltr'><strong>quemdam</strong></span> <span class='ocrx_word' id='word_1_607' title='bbox 3273 3675 3437 3729; x_wconf 88' lang='lat' dir='ltr'><strong>animi</strong></span> 
     </span>
    </p>
   </div>
   <div class='ocr_carea' id='block_1_84' title="bbox 1903 3762 3440 3834">
    <p class='ocr_par' dir='ltr' id='par_1_84' title="bbox 1903 3762 3440 3834">
     <span class='ocr_line' id='line_1_84' title="bbox 1903 3762 3440 3834; baseline 0.003 -19"><span class='ocrx_word' id='word_1_608' title='bbox 1903 3762 2147 3815; x_wconf 87' lang='lat' dir='ltr'><strong>morbum</strong></span> <span class='ocrx_word' id='word_1_609' title='bbox 2184 3770 2356 3827; x_wconf 89' lang='lat' dir='ltr'><strong>curat,</strong></span> <span class='ocrx_word' id='word_1_610' title='bbox 2386 3762 2477 3817; x_wconf 87' lang='lat' dir='ltr'><strong>sed</strong></span> <span class='ocrx_word' id='word_1_611' title='bbox 2508 3778 2604 3831; x_wconf 82' lang='lat' dir='ltr'><strong>pro</strong></span> <span class='ocrx_word' id='word_1_612' title='bbox 2628 3765 2896 3817; x_wconf 90' lang='lat' dir='ltr'><strong>communi</strong></span> <span class='ocrx_word' id='word_1_613' title='bbox 2923 3765 3200 3819; x_wconf 89' lang='lat' dir='ltr'><strong>hominum</strong></span> <span class='ocrx_word' id='word_1_614' title='bbox 3234 3764 3440 3834; x_wconf 89' lang='lat' dir='ltr'><strong>suppli-</strong></span> 
     </span>
    </p>
   </div>
   <div class='ocr_carea' id='block_1_85' title="bbox 1905 3851 3438 3926">
    <p class='ocr_par' dir='ltr' id='par_1_85' title="bbox 1905 3851 3438 3926">
     <span class='ocr_line' id='line_1_85' title="bbox 1905 3851 3438 3926; baseline 0.003 -21"><span class='ocrx_word' id='word_1_615' title='bbox 1905 3853 2168 3906; x_wconf 88' lang='lat' dir='ltr'><strong>cationem</strong></span> <span class='ocrx_word' id='word_1_616' title='bbox 2195 3852 2301 3908; x_wconf 91' lang='lat' dir='ltr'><strong>Deo</strong></span> <span class='ocrx_word' id='word_1_617' title='bbox 2324 3851 2496 3920; x_wconf 79' lang='lat' dir='ltr'><strong>ollert,</strong></span> <span class='ocrx_word' id='word_1_618' title='bbox 2522 3868 2717 3923; x_wconf 89' lang='lat' dir='ltr'><strong>rogans</strong></span> <span class='ocrx_word' id='word_1_619' title='bbox 2741 3862 2799 3907; x_wconf 90' lang='lat' dir='ltr'><strong>ut</strong></span> <span class='ocrx_word' id='word_1_620' title='bbox 2823 3863 3012 3911; x_wconf 87' lang='lat' dir='ltr'><strong>contra</strong></span> <span class='ocrx_word' id='word_1_621' title='bbox 3048 3857 3240 3926; x_wconf 89' lang='lat' dir='ltr'><strong>impios</strong></span> <span class='ocrx_word' id='word_1_622' title='bbox 3270 3856 3438 3925; x_wconf 90' lang='lat' dir='ltr'><strong>impe-</strong></span> 
     </span>
    </p>
   </div>
   <div class='ocr_carea' id='block_1_86' title="bbox 1905 3942 3438 4009">
    <p class='ocr_par' dir='ltr' id='par_1_86' title="bbox 1905 3942 3438 4009">
     <span class='ocr_line' id='line_1_86' title="bbox 1905 3942 3438 4009; baseline 0.003 -16"><span class='ocrx_word' id='word_1_623' title='bbox 1905 3948 2017 3995; x_wconf 89' lang='lat' dir='ltr'><strong>tum</strong></span> <span class='ocrx_word' id='word_1_624' title='bbox 2051 3942 2243 4009; x_wconf 83' lang='lat' dir='ltr'><strong>faciat,</strong></span> <span class='ocrx_word' id='word_1_625' title='bbox 2288 3951 2341 3997; x_wconf 90' lang='lat' dir='ltr'><strong>et</strong></span> <span class='ocrx_word' id='word_1_626' title='bbox 2391 3944 2469 3997; x_wconf 88' lang='lat' dir='ltr'><strong>sic</strong></span> <span class='ocrx_word' id='word_1_627' title='bbox 2517 3959 2702 3998; x_wconf 88' lang='lat' dir='ltr'><strong>omnes</strong></span> <span class='ocrx_word' id='word_1_628' title='bbox 2752 3944 2996 4000; x_wconf 88' lang='lat' dir='ltr'><strong>homines</strong></span> <span class='ocrx_word' id='word_1_629' title='bbox 3045 3944 3113 3998; x_wconf 87' lang='lat' dir='ltr'><strong>ad</strong></span> <span class='ocrx_word' id='word_1_630' title='bbox 3164 3946 3438 3999; x_wconf 89' lang='lat' dir='ltr'><strong>meliorem</strong></span> 
     </span>
    </p>
   </div>
   <div class='ocr_carea' id='block_1_87' title="bbox 1908 4031 3441 4103">
    <p class='ocr_par' dir='ltr' id='par_1_87' title="bbox 1908 4031 3441 4103">
     <span class='ocr_line' id='line_1_87' title="bbox 1908 4031 3441 4103; baseline 0.003 -18"><span class='ocrx_word' id='word_1_631' title='bbox 1908 4031 2112 4103; x_wconf 79' lang='lat' dir='ltr'><strong>frugem</strong></span> <span class='ocrx_word' id='word_1_632' title='bbox 2140 4042 2475 4088; x_wconf 86' lang='lat' dir='ltr'><strong>revocentur.</strong></span> <span class='ocrx_word' id='word_1_633' title='bbox 2511 4033 2574 4086; x_wconf 83' lang='lat' dir='ltr'><strong>Et</strong></span> <span class='ocrx_word' id='word_1_634' title='bbox 2602 4033 2737 4088; x_wconf 89' lang='lat' dir='ltr'><strong>Osee</strong></span> <span class='ocrx_word' id='word_1_635' title='bbox 2766 4035 3022 4087; x_wconf 87' lang='lat' dir='ltr'><strong>malitiam</strong></span> <span class='ocrx_word' id='word_1_636' title='bbox 3050 4041 3180 4088; x_wconf 91' lang='lat' dir='ltr'><strong>tunc</strong></span> <span class='ocrx_word' id='word_1_637' title='bbox 3200 4035 3337 4103; x_wconf 88' lang='lat' dir='ltr'><strong>apud</strong></span> <span class='ocrx_word' id='word_1_638' title='bbox 3362 4033 3441 4089; x_wconf 88' lang='lat' dir='ltr'><strong>ls-</strong></span> 
     </span>
    </p>
   </div>
   <div class='ocr_carea' id='block_1_88' title="bbox 1907 4122 3438 4194">
    <p class='ocr_par' dir='ltr' id='par_1_88' title="bbox 1907 4122 3438 4194">
     <span class='ocr_line' id='line_1_88' title="bbox 1907 4122 3438 4194; baseline -0.001 -17"><span class='ocrx_word' id='word_1_639' title='bbox 1907 4124 2125 4178; x_wconf 87' lang='lat' dir='ltr'><strong>raelitas</strong></span> <span class='ocrx_word' id='word_1_640' title='bbox 2161 4139 2279 4179; x_wconf 88' lang='lat' dir='ltr'><strong>sese</strong></span> <span class='ocrx_word' id='word_1_641' title='bbox 2307 4124 2769 4194; x_wconf 88' lang='lat' dir='ltr'><strong>multiplicantem,</strong></span> <span class='ocrx_word' id='word_1_642' title='bbox 2802 4122 3173 4177; x_wconf 89' lang='lat' dir='ltr'><strong>infecunditati</strong></span> <span class='ocrx_word' id='word_1_643' title='bbox 3199 4123 3438 4187; x_wconf 87' lang='lat' dir='ltr'><strong>damnat,</strong></span> 
     </span>
    </p>
   </div>
   <div class='ocr_carea' id='block_1_89' title="bbox 1908 4212 3442 4282">
    <p class='ocr_par' dir='ltr' id='par_1_89' title="bbox 1908 4212 3442 4282">
     <span class='ocr_line' id='line_1_89' title="bbox 1908 4212 3442 4282; baseline 0 -16"><span class='ocrx_word' id='word_1_644' title='bbox 1908 4222 1959 4266; x_wconf 83' lang='lat' dir='ltr'><strong>et</strong></span> <span class='ocrx_word' id='word_1_645' title='bbox 1985 4212 2204 4267; x_wconf 87' lang='lat' dir='ltr'><strong>acerbas</strong></span> <span class='ocrx_word' id='word_1_646' title='bbox 2234 4214 2439 4282; x_wconf 88' lang='lat' dir='ltr'><strong>peccati</strong></span> <span class='ocrx_word' id='word_1_647' title='bbox 2462 4226 2717 4266; x_wconf 87' lang='lat' dir='ltr'><strong>mammas</strong></span> <span class='ocrx_word' id='word_1_648' title='bbox 2744 4212 3007 4266; x_wconf 81' lang='lat' dir='ltr'><strong>exsiccari</strong></span> <span class='ocrx_word' id='word_1_649' title='bbox 3055 4213 3254 4281; x_wconf 81' lang='lat' dir='ltr'><strong>expetit</strong></span> <span class='ocrx_word' id='word_1_650' title='bbox 3286 4212 3353 4274; x_wconf 75' lang='grc' dir='ltr'>⁸ο,</span> <span class='ocrx_word' id='word_1_651' title='bbox 3380 4219 3442 4266; x_wconf 73' lang='lat' dir='ltr'><strong>ut</strong></span> 
     </span>
    </p>
   </div>
   <div class='ocr_carea' id='block_1_90' title="bbox 1910 4302 3438 4372">
    <p class='ocr_par' dir='ltr' id='par_1_90' title="bbox 1910 4302 3438 4372">
     <span class='ocr_line' id='line_1_90' title="bbox 1910 4302 3438 4372; baseline 0.003 -19"><span class='ocrx_word' id='word_1_652' title='bbox 1910 4317 1976 4355; x_wconf 90' lang='lat' dir='ltr'><strong>ne</strong></span> <span class='ocrx_word' id='word_1_653' title='bbox 2005 4302 2200 4355; x_wconf 92' lang='lat' dir='ltr'><strong>malum</strong></span> <span class='ocrx_word' id='word_1_654' title='bbox 2234 4303 2376 4371; x_wconf 91' lang='lat' dir='ltr'><strong>apud</strong></span> <span class='ocrx_word' id='word_1_655' title='bbox 2402 4302 2644 4356; x_wconf 87' lang='lat' dir='ltr'><strong>homines</strong></span> <span class='ocrx_word' id='word_1_656' title='bbox 2698 4304 2781 4355; x_wconf 87' lang='lat' dir='ltr'><strong>vel</strong></span> <span class='ocrx_word' id='word_1_657' title='bbox 2831 4303 3075 4372; x_wconf 87' lang='lat' dir='ltr'><strong>gignatur</strong></span> <span class='ocrx_word' id='word_1_658' title='bbox 3105 4302 3188 4356; x_wconf 91' lang='lat' dir='ltr'><strong>vel</strong></span> <span class='ocrx_word' id='word_1_659' title='bbox 3244 4303 3438 4358; x_wconf 89' lang='lat' dir='ltr'><strong>alatur.</strong></span> 
     </span>
    </p>
   </div>
   <div class='ocr_carea' id='block_1_91' title="bbox 1910 4389 3439 4460">
    <p class='ocr_par' dir='ltr' id='par_1_91' title="bbox 1910 4389 3439 4460">
     <span class='ocr_line' id='line_1_91' title="bbox 1910 4389 3439 4460; baseline 0.002 -19"><span class='ocrx_word' id='word_1_660' title='bbox 1910 4389 1985 4443; x_wconf 85' lang='lat' dir='ltr'><strong>Ac</strong></span> <span class='ocrx_word' id='word_1_661' title='bbox 2014 4390 2059 4444; x_wconf 92' lang='lat' dir='ltr'><strong>si</strong></span> <span class='ocrx_word' id='word_1_662' title='bbox 2093 4391 2213 4459; x_wconf 89' lang='lat' dir='ltr'><strong>quis</strong></span> <span class='ocrx_word' id='word_1_663' title='bbox 2240 4392 2376 4446; x_wconf 89' lang='lat' dir='ltr'><strong>alius</strong></span> <span class='ocrx_word' id='word_1_664' title='bbox 2410 4391 2548 4460; x_wconf 89' lang='lat' dir='ltr'><strong>apud</strong></span> <span class='ocrx_word' id='word_1_665' title='bbox 2598 4400 2814 4445; x_wconf 90' lang='lat' dir='ltr'><strong>sanctos</strong></span> <span class='ocrx_word' id='word_1_666' title='bbox 2839 4393 2985 4446; x_wconf 91' lang='lat' dir='ltr'><strong>viros</strong></span> <span class='ocrx_word' id='word_1_667' title='bbox 3017 4392 3211 4448; x_wconf 87' lang='lat' dir='ltr'><strong>similis</strong></span> <span class='ocrx_word' id='word_1_668' title='bbox 3240 4408 3439 4457; x_wconf 86' lang='lat' dir='ltr'><strong>sermo,</strong></span> 
     </span>
    </p>
   </div>
   <div class='ocr_carea' id='block_1_92' title="bbox 254 4478 1796 4580">
    <p class='ocr_par' dir='ltr' id='par_1_92' title="bbox 254 4478 1796 4556">
     <span class='ocr_line' id='line_1_92' title="bbox 254 4478 1796 4556; baseline -0.004 -20"><span class='ocrx_word' id='word_1_669' title='bbox 254 4482 549 4556; x_wconf 69' lang='grc' dir='ltr'>ἁμαρτίας</span> <span class='ocrx_word' id='word_1_670' title='bbox 577 4480 898 4551; x_wconf 78' lang='grc' dir='ltr'>ξηρανθῆναι</span> <span class='ocrx_word' id='word_1_671' title='bbox 942 4478 1201 4547; x_wconf 83' lang='grc' dir='ltr'>βούλεται,</span> <span class='ocrx_word' id='word_1_672' title='bbox 1229 4478 1301 4541; x_wconf 83' lang='grc' dir='ltr'>ὡς</span> <span class='ocrx_word' id='word_1_673' title='bbox 1331 4479 1395 4531; x_wconf 85' lang='grc' dir='ltr'>ἂν</span> <span class='ocrx_word' id='word_1_674' title='bbox 1427 4480 1560 4548; x_wconf 84' lang='grc' dir='ltr'>μήτε</span> <span class='ocrx_word' id='word_1_675' title='bbox 1586 4480 1796 4531; x_wconf 76' lang='grc' dir='ltr'>τίκτοιτι</span> 
     </span>
    </p>
   </div>
   <div class='ocr_carea' id='block_1_93' title="bbox 1895 4478 3446 4580">
    <p class='ocr_par' dir='ltr' id='par_1_93' title="bbox 1912 4481 3446 4552">
     <span class='ocr_line' id='line_1_93' title="bbox 1912 4481 3446 4552; baseline 0.003 -19"><span class='ocrx_word' id='word_1_676' title='bbox 1912 4481 2004 4534; x_wconf 70' lang='lat' dir='ltr'><strong>ira:</strong></span> <span class='ocrx_word' id='word_1_677' title='bbox 2036 4483 2266 4550; x_wconf 88' lang='lat' dir='ltr'><strong>speciem</strong></span> <span class='ocrx_word' id='word_1_678' title='bbox 2322 4482 2635 4551; x_wconf 65' lang='lat' dir='ltr'><strong>praeferens,</strong></span> <span class='ocrx_word' id='word_1_679' title='bbox 2682 4482 3125 4552; x_wconf 83' lang='lat' dir='ltr'><strong>deprehenditur,</strong></span> <span class='ocrx_word' id='word_1_680' title='bbox 3183 4484 3250 4538; x_wconf 90' lang='lat' dir='ltr'><strong>ad</strong></span> <span class='ocrx_word' id='word_1_681' title='bbox 3304 4484 3446 4538; x_wconf 86' lang='lat' dir='ltr'><strong>hanc</strong></span> 
     </span>
    </p>
   </div>
   <div class='ocr_carea' id='block_1_94' title="bbox 257 4568 1796 4640">
    <p class='ocr_par' dir='ltr' id='par_1_94' title="bbox 257 4568 1796 4640">
     <span class='ocr_line' id='line_1_94' title="bbox 257 4568 1796 4640; baseline -0.005 -13"><span class='ocrx_word' id='word_1_682' title='bbox 257 4582 333 4631; x_wconf 73' lang='grc' dir='ltr'>ὲν</span> <span class='ocrx_word' id='word_1_683' title='bbox 357 4576 469 4635; x_wconf 91' lang='grc' dir='ltr'>τοῖς</span> <span class='ocrx_word' id='word_1_684' title='bbox 496 4569 790 4640; x_wconf 83' lang='grc' dir='ltr'>ἀνθρώποις</span> <span class='ocrx_word' id='word_1_685' title='bbox 812 4569 870 4620; x_wconf 84' lang='grc' dir='ltr'><strong>τὸ</strong></span> <span class='ocrx_word' id='word_1_686' title='bbox 888 4568 1074 4631; x_wconf 77' lang='grc' dir='ltr'>κακὸν,</span> <span class='ocrx_word' id='word_1_687' title='bbox 1100 4569 1232 4638; x_wconf 87' lang='grc' dir='ltr'>μήτε</span> <span class='ocrx_word' id='word_1_688' title='bbox 1258 4568 1519 4638; x_wconf 84' lang='grc' dir='ltr'>τρέφοιτο.</span> <span class='ocrx_word' id='word_1_689' title='bbox 1539 4570 1644 4622; x_wconf 73' lang='grc' dir='ltr'><strong>Καὶ</strong></span> <span class='ocrx_word' id='word_1_690' title='bbox 1668 4568 1796 4630; x_wconf 72' lang='grc' dir='ltr'>εἴτις</span> 
     </span>
    </p>
   </div>
   <div class='ocr_carea' id='block_1_95' title="bbox 1895 4568 3442 4640">
    <p class='ocr_par' dir='ltr' id='par_1_95' title="bbox 1914 4572 3442 4640">
     <span class='ocr_line' id='line_1_95' title="bbox 1914 4572 3442 4640; baseline 0.002 -19"><span class='ocrx_word' id='word_1_691' title='bbox 1914 4586 2134 4639; x_wconf 90' lang='lat' dir='ltr'><strong>prorsus</strong></span> <span class='ocrx_word' id='word_1_692' title='bbox 2167 4578 2394 4624; x_wconf 89' lang='lat' dir='ltr'><strong>mentem</strong></span> <span class='ocrx_word' id='word_1_693' title='bbox 2438 4572 2688 4640; x_wconf 87' lang='lat' dir='ltr'><strong>respicit;</strong></span> <span class='ocrx_word' id='word_1_694' title='bbox 2721 4573 2925 4627; x_wconf 89' lang='lat' dir='ltr'><strong>scilicet</strong></span> <span class='ocrx_word' id='word_1_695' title='bbox 2952 4573 3148 4635; x_wconf 84' lang='lat' dir='ltr'><strong>malum</strong></span> <span class='ocrx_word' id='word_1_696' title='bbox 3181 4573 3442 4636; x_wconf 85' lang='lat' dir='ltr'><strong>eliminat,</strong></span> 
     </span>
    </p>
   </div>
   <div class='ocr_carea' id='block_1_96' title="bbox 258 4658 1809 4728">
    <p class='ocr_par' dir='ltr' id='par_1_96' title="bbox 258 4658 1809 4728">
     <span class='ocr_line' id='line_1_96' title="bbox 258 4658 1809 4728; baseline -0.005 -10"><span class='ocrx_word' id='word_1_697' title='bbox 258 4666 436 4725; x_wconf 71' lang='grc' dir='ltr'>ἄλλος</span> <span class='ocrx_word' id='word_1_698' title='bbox 482 4660 714 4723; x_wconf 77' lang='grc' dir='ltr'>τοιοῦτος</span> <span class='ocrx_word' id='word_1_699' title='bbox 755 4661 811 4712; x_wconf 90' lang='grc' dir='ltr'><strong>ἐν</strong></span> <span class='ocrx_word' id='word_1_700' title='bbox 856 4662 962 4721; x_wconf 88' lang='grc' dir='ltr'>τοῖς</span> <span class='ocrx_word' id='word_1_701' title='bbox 1010 4658 1177 4726; x_wconf 89' lang='grc' dir='ltr'>ἀγίοις</span> <span class='ocrx_word' id='word_1_702' title='bbox 1218 4659 1409 4727; x_wconf 81' lang='grc' dir='ltr'>εὑρεθῇ</span> <span class='ocrx_word' id='word_1_703' title='bbox 1457 4658 1607 4726; x_wconf 88' lang='grc' dir='ltr'>λόγος</span> <span class='ocrx_word' id='word_1_704' title='bbox 1643 4658 1809 4728; x_wconf 90' lang='grc' dir='ltr'>θυμοῦ</span> 
     </span>
    </p>
   </div>
   <div class='ocr_carea' id='block_1_97' title="bbox 1916 4660 2685 4716">
    <p class='ocr_par' dir='ltr' id='par_1_97' title="bbox 1916 4660 2685 4716">
     <span class='ocr_line' id='line_1_97' title="bbox 1916 4660 2685 4716; baseline 0.005 -4"><span class='ocrx_word' id='word_1_705' title='bbox 1916 4660 2178 4715; x_wconf 88' lang='lat' dir='ltr'><strong>hominem</strong></span> <span class='ocrx_word' id='word_1_706' title='bbox 2207 4676 2331 4715; x_wconf 87' lang='lat' dir='ltr'><strong>vero</strong></span> <span class='ocrx_word' id='word_1_707' title='bbox 2351 4676 2455 4714; x_wconf 92' lang='lat' dir='ltr'><strong>non</strong></span> <span class='ocrx_word' id='word_1_708' title='bbox 2486 4664 2685 4716; x_wconf 87' lang='lat' dir='ltr'><strong>atterit.</strong></span> 
     </span>
    </p>
   </div>
   <div class='ocr_carea' id='block_1_98' title="bbox 259 4750 3446 4830">
    <p class='ocr_par' dir='ltr' id='par_1_98' title="bbox 259 4750 3446 4830">
     <span class='ocr_line' id='line_1_98' title="bbox 259 4750 3446 4830; baseline -0.001 -21"><span class='ocrx_word' id='word_1_709' title='bbox 259 4762 516 4830; x_wconf 70' lang='grc' dir='ltr'>ἔμφασιν</span> <span class='ocrx_word' id='word_1_710' title='bbox 555 4754 709 4823; x_wconf 75' lang='grc' dir='ltr'>ἔχων,</span> <span class='ocrx_word' id='word_1_711' title='bbox 762 4754 893 4823; x_wconf 80' lang='grc' dir='ltr'>πρὸς</span> <span class='ocrx_word' id='word_1_712' title='bbox 937 4752 1030 4822; x_wconf 83' lang='grc' dir='ltr'>τὴν</span> <span class='ocrx_word' id='word_1_713' title='bbox 1064 4750 1310 4821; x_wconf 84' lang='grc' dir='ltr'>τοιαύτην</span> <span class='ocrx_word' id='word_1_714' title='bbox 1342 4752 1550 4814; x_wconf 87' lang='grc' dir='ltr'>πάντως</span> <span class='ocrx_word' id='word_1_715' title='bbox 1580 4753 1811 4807; x_wconf 87' lang='grc' dir='ltr'>διάνοιαν</span> <span class='ocrx_word' id='word_1_716' title='bbox 1840 4753 2044 4822; x_wconf 80' lang='grc' dir='ltr'>βλέπει,</span> <span class='ocrx_word' id='word_1_717' title='bbox 2078 4755 2109 4824; x_wconf 82' lang='grc' dir='ltr'>ἢ</span> <span class='ocrx_word' id='word_1_718' title='bbox 2169 4755 2394 4824; x_wconf 77' lang='grc' dir='ltr'>ἐξορίζει</span> <span class='ocrx_word' id='word_1_719' title='bbox 2432 4755 2494 4806; x_wconf 82' lang='grc' dir='ltr'>τὸ</span> <span class='ocrx_word' id='word_1_720' title='bbox 2539 4757 2729 4809; x_wconf 73' lang='grc' dir='ltr'>κακόνο</span> <span class='ocrx_word' id='word_1_721' title='bbox 2762 4758 2859 4809; x_wconf 82' lang='grc' dir='ltr'>οὐκ</span> <span class='ocrx_word' id='word_1_722' title='bbox 2917 4756 3174 4826; x_wconf 88' lang='grc' dir='ltr'>ἐπιτρίϐει</span> <span class='ocrx_word' id='word_1_723' title='bbox 3218 4755 3306 4808; x_wconf 79' lang='grc' dir='ltr'><strong>τὸν</strong></span> <span class='ocrx_word' id='word_1_724' title='bbox 3358 4755 3446 4809; x_wconf 79' lang='grc' dir='ltr'>άν-</span> 
     </span>
    </p>
   </div>
   <div class='ocr_carea' id='block_1_99' title="bbox 262 4856 513 4925">
    <p class='ocr_par' dir='ltr' id='par_1_99' title="bbox 262 4856 513 4925">
     <span class='ocr_line' id='line_1_99' title="bbox 262 4856 513 4925; baseline -0.004 -22"><span class='ocrx_word' id='word_1_725' title='bbox 262 4856 300 4908; x_wconf 83' lang='grc' dir='ltr'>Θ</span> <span class='ocrx_word' id='word_1_726' title='bbox 311 4868 513 4925; x_wconf 88' lang='grc' dir='ltr'>ρωπον.</span> 
     </span>
    </p>
   </div>
   <div class='ocr_carea' id='block_1_100' title="bbox 354 4961 1821 5031">
    <p class='ocr_par' dir='ltr' id='par_1_100' title="bbox 354 4961 1821 5031">
     <span class='ocr_line' id='line_1_100' title="bbox 354 4961 1821 5031; baseline -0.003 -11"><span class='ocrx_word' id='word_1_727' title='bbox 354 4970 414 5020; x_wconf 80' lang='lat' dir='ltr'><strong>El</strong></span> <span class='ocrx_word' id='word_1_728' title='bbox 435 4966 493 5018; x_wconf 88' lang='grc' dir='ltr'><strong>δέ</strong></span> <span class='ocrx_word' id='word_1_729' title='bbox 520 4980 600 5025; x_wconf 85' lang='grc' dir='ltr'><strong>τις</strong></span> <span class='ocrx_word' id='word_1_730' title='bbox 629 4962 821 5031; x_wconf 79' lang='grc' dir='ltr'>ἑτέρως</span> <span class='ocrx_word' id='word_1_731' title='bbox 854 4962 920 5014; x_wconf 65' lang='grc' dir='ltr'>τὰ</span> <span class='ocrx_word' id='word_1_732' title='bbox 966 4962 1057 5014; x_wconf 89' lang='grc' dir='ltr'><strong>τοῦ</strong></span> <span class='ocrx_word' id='word_1_733' title='bbox 1103 4961 1259 5014; x_wconf 79' lang='grc' dir='ltr'><strong>Δαυῖδ</strong></span> <span class='ocrx_word' id='word_1_734' title='bbox 1296 4964 1431 5014; x_wconf 87' lang='grc' dir='ltr'>νοεῖν</span> <span class='ocrx_word' id='word_1_735' title='bbox 1462 4962 1720 5031; x_wconf 82' lang='grc' dir='ltr'>βούλεται,</span> <span class='ocrx_word' id='word_1_736' title='bbox 1747 4967 1821 5027; x_wconf 87' lang='grc' dir='ltr'>ὡς</span> 
     </span>
    </p>
   </div>
   <div class='ocr_carea' id='block_1_101' title="bbox 1983 4958 3453 5029">
    <p class='ocr_par' dir='ltr' id='par_1_101' title="bbox 1983 4958 3453 5029">
     <span class='ocr_line' id='line_1_101' title="bbox 1983 4958 3453 5029; baseline 0.001 -14"><span class='ocrx_word' id='word_1_737' title='bbox 1983 4962 2132 5027; x_wconf 86' lang='lat' dir='ltr'><strong>Quod</strong></span> <span class='ocrx_word' id='word_1_738' title='bbox 2164 4962 2210 5015; x_wconf 91' lang='lat' dir='ltr'><strong>si</strong></span> <span class='ocrx_word' id='word_1_739' title='bbox 2252 4960 2373 5029; x_wconf 90' lang='lat' dir='ltr'><strong>quis</strong></span> <span class='ocrx_word' id='word_1_740' title='bbox 2403 4960 2504 5013; x_wconf 87' lang='lat' dir='ltr'><strong>alia</strong></span> <span class='ocrx_word' id='word_1_741' title='bbox 2551 4962 2759 5015; x_wconf 88' lang='lat' dir='ltr'><strong>ratione</strong></span> <span class='ocrx_word' id='word_1_742' title='bbox 2813 4958 3029 5014; x_wconf 82' lang='lat' dir='ltr'><strong>Davidis</strong></span> <span class='ocrx_word' id='word_1_743' title='bbox 3066 4960 3208 5013; x_wconf 90' lang='lat' dir='ltr'><strong>dicta</strong></span> <span class='ocrx_word' id='word_1_744' title='bbox 3254 4961 3453 5029; x_wconf 75' lang='lat' dir='ltr'><strong>intelli&#39;:</strong></span> 
     </span>
    </p>
   </div>
   <div class='ocr_carea' id='block_1_102' title="bbox 263 5047 1796 5124">
    <p class='ocr_par' dir='ltr' id='par_1_102' title="bbox 263 5051 1796 5124">
     <span class='ocr_line' id='line_1_102' title="bbox 263 5051 1796 5124; baseline 0.005 -25"><span class='ocrx_word' id='word_1_745' title='bbox 263 5056 375 5112; x_wconf 73' lang='grc' dir='ltr'><strong>τοῦ</strong></span> <span class='ocrx_word' id='word_1_746' title='bbox 416 5053 696 5124; x_wconf 79' lang='grc' dir='ltr'>Προφήτου</span> <span class='ocrx_word' id='word_1_747' title='bbox 734 5052 856 5112; x_wconf 74' lang='grc' dir='ltr'>τοὺς</span> <span class='ocrx_word' id='word_1_748' title='bbox 903 5051 1181 5120; x_wconf 79' lang='grc' dir='ltr'>δυσσεϐείᾳ</span> <span class='ocrx_word' id='word_1_749' title='bbox 1216 5052 1484 5113; x_wconf 83' lang='grc' dir='ltr'>συζῶντας</span> <span class='ocrx_word' id='word_1_750' title='bbox 1511 5052 1668 5121; x_wconf 84' lang='grc' dir='ltr'>ἀραῖς</span> <span class='ocrx_word' id='word_1_751' title='bbox 1698 5056 1796 5107; x_wconf 83' lang='grc' dir='ltr'><strong>ῦπο</strong></span> 
     </span>
    </p>
   </div>
   <div class='ocr_carea' id='block_1_103' title="bbox 1895 5047 3454 5124">
    <p class='ocr_par' dir='ltr' id='par_1_103' title="bbox 1914 5047 3454 5121">
     <span class='ocr_line' id='line_1_103' title="bbox 1914 5047 3454 5121; baseline -0.003 -16"><span class='ocrx_word' id='word_1_752' title='bbox 1914 5065 2037 5121; x_wconf 88' lang='lat' dir='ltr'><strong>gere</strong></span> <span class='ocrx_word' id='word_1_753' title='bbox 2072 5049 2216 5111; x_wconf 75' lang='lat' dir='ltr'><strong>velit,</strong></span> <span class='ocrx_word' id='word_1_754' title='bbox 2248 5048 2318 5101; x_wconf 89' lang='lat' dir='ltr'><strong>ita</strong></span> <span class='ocrx_word' id='word_1_755' title='bbox 2349 5057 2406 5100; x_wconf 91' lang='lat' dir='ltr'><strong>ut</strong></span> <span class='ocrx_word' id='word_1_756' title='bbox 2431 5047 2692 5117; x_wconf 89' lang='lat' dir='ltr'><strong>Propheta</strong></span> <span class='ocrx_word' id='word_1_757' title='bbox 2717 5063 2809 5103; x_wconf 87' lang='lat' dir='ltr'><strong>eos</strong></span> <span class='ocrx_word' id='word_1_758' title='bbox 2849 5048 2940 5116; x_wconf 91' lang='lat' dir='ltr'><strong>qui</strong></span> <span class='ocrx_word' id='word_1_759' title='bbox 2987 5048 3039 5100; x_wconf 92' lang='lat' dir='ltr'><strong>in</strong></span> <span class='ocrx_word' id='word_1_760' title='bbox 3071 5048 3342 5116; x_wconf 87' lang='lat' dir='ltr'><strong>impietate</strong></span> <span class='ocrx_word' id='word_1_761' title='bbox 3370 5051 3454 5102; x_wconf 81' lang='lat' dir='ltr'><strong>vi-</strong></span> 
     </span>
    </p>
   </div>
   <div class='ocr_carea' id='block_1_104' title="bbox 264 5140 1823 5213">
    <p class='ocr_par' dir='ltr' id='par_1_104' title="bbox 264 5140 1823 5213">
     <span class='ocr_line' id='line_1_104' title="bbox 264 5140 1823 5213; baseline -0.01 -12"><span class='ocrx_word' id='word_1_762' title='bbox 264 5147 563 5205; x_wconf 82' lang='grc' dir='ltr'>6άλλοντος</span> <span class='ocrx_word' id='word_1_763' title='bbox 586 5160 599 5172; x_wconf 89' lang='grc'>·</span> <span class='ocrx_word' id='word_1_764' title='bbox 635 5142 724 5195; x_wconf 76' lang='grc' dir='ltr'>καὶ</span> <span class='ocrx_word' id='word_1_765' title='bbox 755 5141 921 5203; x_wconf 77' lang='grc' dir='ltr'>οὕτως</span> <span class='ocrx_word' id='word_1_766' title='bbox 958 5142 1173 5212; x_wconf 79' lang='grc' dir='ltr'>εὑρήσει</span> <span class='ocrx_word' id='word_1_767' title='bbox 1212 5143 1273 5209; x_wconf 80' lang='grc' dir='ltr'><strong>τῇ</strong></span> <span class='ocrx_word' id='word_1_768' title='bbox 1314 5140 1637 5213; x_wconf 83' lang='grc' dir='ltr'>ἀποστολικῇ</span> <span class='ocrx_word' id='word_1_769' title='bbox 1681 5144 1823 5197; x_wconf 79' lang='grc' dir='ltr'><strong>διδα-</strong></span> 
     </span>
    </p>
   </div>
   <div class='ocr_carea' id='block_1_105' title="bbox 1919 5137 3457 5207">
    <p class='ocr_par' dir='ltr' id='par_1_105' title="bbox 1919 5137 3457 5207">
     <span class='ocr_line' id='line_1_105' title="bbox 1919 5137 3457 5207; baseline -0.001 -12"><span class='ocrx_word' id='word_1_770' title='bbox 1919 5146 2046 5195; x_wconf 91' lang='lat' dir='ltr'><strong>vunt</strong></span> <span class='ocrx_word' id='word_1_771' title='bbox 2093 5138 2446 5192; x_wconf 73' lang='lat' dir='ltr'><strong>exsecrationi</strong></span> <span class='ocrx_word' id='word_1_772' title='bbox 2498 5137 2784 5207; x_wconf 86' lang='lat' dir='ltr'><strong>subjiciat:</strong></span> <span class='ocrx_word' id='word_1_773' title='bbox 2837 5137 2907 5189; x_wconf 91' lang='lat' dir='ltr'><strong>ita</strong></span> <span class='ocrx_word' id='word_1_774' title='bbox 2950 5151 3164 5204; x_wconf 87' lang='lat' dir='ltr'><strong>quoque</strong></span> <span class='ocrx_word' id='word_1_775' title='bbox 3218 5138 3457 5193; x_wconf 88' lang='lat' dir='ltr'><strong>inveniet</strong></span> 
     </span>
    </p>
   </div>
   <div class='ocr_carea' id='block_1_106' title="bbox 268 5226 1796 5306">
    <p class='ocr_par' dir='ltr' id='par_1_106' title="bbox 268 5230 1796 5304">
     <span class='ocr_line' id='line_1_106' title="bbox 268 5230 1796 5304; baseline -0.002 -14"><span class='ocrx_word' id='word_1_776' title='bbox 268 5235 479 5304; x_wconf 70' lang='grc' dir='ltr'>σκαλίᾳ</span> <span class='ocrx_word' id='word_1_777' title='bbox 509 5233 607 5303; x_wconf 84' lang='grc' dir='ltr'><strong>τὴν</strong></span> <span class='ocrx_word' id='word_1_778' title='bbox 646 5232 971 5301; x_wconf 79' lang='grc' dir='ltr'>προφητείαν</span> <span class='ocrx_word' id='word_1_779' title='bbox 1011 5230 1418 5301; x_wconf 86' lang='grc' dir='ltr'>συμϐαίνουσαν.</span> <span class='ocrx_word' id='word_1_780' title='bbox 1467 5231 1674 5297; x_wconf 88' lang='grc' dir='ltr'>Παῦλος</span> <span class='ocrx_word' id='word_1_781' title='bbox 1718 5235 1796 5304; x_wconf 37' lang='lat' dir='ltr'><strong>yet;</strong></span> 
     </span>
    </p>
   </div>
   <div class='ocr_carea' id='block_1_107' title="bbox 1895 5226 3457 5306">
    <p class='ocr_par' dir='ltr' id='par_1_107' title="bbox 1917 5226 3457 5301">
     <span class='ocr_line' id='line_1_107' title="bbox 1917 5226 3457 5301; baseline -0.001 -18"><span class='ocrx_word' id='word_1_782' title='bbox 1917 5229 2249 5301; x_wconf 89' lang='lat' dir='ltr'><strong>prophetiam</strong></span> <span class='ocrx_word' id='word_1_783' title='bbox 2271 5243 2393 5282; x_wconf 89' lang='lat' dir='ltr'><strong>cum</strong></span> <span class='ocrx_word' id='word_1_784' title='bbox 2423 5231 2713 5298; x_wconf 90' lang='lat' dir='ltr'><strong>apostolica</strong></span> <span class='ocrx_word' id='word_1_785' title='bbox 2736 5226 2978 5280; x_wconf 91' lang='lat' dir='ltr'><strong>doctrina</strong></span> <span class='ocrx_word' id='word_1_786' title='bbox 2999 5227 3281 5293; x_wconf 79' lang='lat' dir='ltr'><strong>quadrare.</strong></span> <span class='ocrx_word' id='word_1_787' title='bbox 3316 5228 3457 5281; x_wconf 89' lang='lat' dir='ltr'><strong>Pau-</strong></span> 
     </span>
    </p>
   </div>
   <div class='ocr_carea' id='block_1_108' title="bbox 265 5319 1828 5395">
    <p class='ocr_par' dir='ltr' id='par_1_108' title="bbox 265 5319 1828 5395">
     <span class='ocr_line' id='line_1_108' title="bbox 265 5319 1828 5395; baseline -0.003 -14"><span class='ocrx_word' id='word_1_788' title='bbox 265 5323 585 5395; x_wconf 83' lang='grc' dir='ltr'>Κορινθίοις</span> <span class='ocrx_word' id='word_1_789' title='bbox 614 5321 946 5384; x_wconf 83' lang='grc' dir='ltr'>ἐπιστέλλων,</span> <span class='ocrx_word' id='word_1_790' title='bbox 978 5320 1207 5373; x_wconf 87' lang='grc' dir='ltr'>τοιοῦτον</span> <span class='ocrx_word' id='word_1_791' title='bbox 1236 5319 1630 5388; x_wconf 86' lang='grc' dir='ltr'>άκροτελεύτιον</span> <span class='ocrx_word' id='word_1_792' title='bbox 1658 5324 1828 5376; x_wconf 84' lang='grc' dir='ltr'>τέθει-</span> 
     </span>
    </p>
   </div>
   <div class='ocr_carea' id='block_1_109' title="bbox 1918 5316 3460 5390">
    <p class='ocr_par' dir='ltr' id='par_1_109' title="bbox 1918 5316 3460 5390">
     <span class='ocr_line' id='line_1_109' title="bbox 1918 5316 3460 5390; baseline -0.001 -14"><span class='ocrx_word' id='word_1_793' title='bbox 1918 5325 2001 5376; x_wconf 93' lang='lat' dir='ltr'><strong>lus</strong></span> <span class='ocrx_word' id='word_1_794' title='bbox 2035 5321 2232 5390; x_wconf 89' lang='lat' dir='ltr'><strong>quippe</strong></span> <span class='ocrx_word' id='word_1_795' title='bbox 2268 5320 2560 5375; x_wconf 89' lang='lat' dir='ltr'><strong>Corinthiis</strong></span> <span class='ocrx_word' id='word_1_796' title='bbox 2597 5320 2859 5379; x_wconf 90' lang='lat' dir='ltr'><strong>scribens,</strong></span> <span class='ocrx_word' id='word_1_797' title='bbox 2883 5317 2985 5369; x_wconf 88' lang='lat' dir='ltr'><strong>hoc</strong></span> <span class='ocrx_word' id='word_1_798' title='bbox 3014 5316 3173 5369; x_wconf 85' lang='lat' dir='ltr'><strong>modo</strong></span> <span class='ocrx_word' id='word_1_799' title='bbox 3206 5317 3413 5371; x_wconf 84' lang='lat' dir='ltr'><strong>claudit</strong></span> <span class='ocrx_word' id='word_1_800' title='bbox 3443 5337 3460 5374; x_wconf 90' lang='lat'><strong>:</strong></span> 
     </span>
    </p>
   </div>
   <div class='ocr_carea' id='block_1_110' title="bbox 266 5408 1796 5483">
    <p class='ocr_par' dir='ltr' id='par_1_110' title="bbox 266 5410 1796 5481">
     <span class='ocr_line' id='line_1_110' title="bbox 266 5410 1796 5481; baseline 0 -13"><span class='ocrx_word' id='word_1_801' title='bbox 266 5434 399 5473; x_wconf 83' lang='grc' dir='ltr'>κεν·</span> <span class='ocrx_word' id='word_1_802' title='bbox 421 5416 496 5468; x_wconf 75' lang='grc' dir='ltr'><strong>Εἴ</strong></span> <span class='ocrx_word' id='word_1_803' title='bbox 514 5433 602 5478; x_wconf 87' lang='grc' dir='ltr'><strong>τις</strong></span> <span class='ocrx_word' id='word_1_804' title='bbox 627 5416 696 5467; x_wconf 82' lang='grc' dir='ltr'>οὐ</span> <span class='ocrx_word' id='word_1_805' title='bbox 719 5413 879 5481; x_wconf 73' lang='grc' dir='ltr'>φιλεῖ</span> <span class='ocrx_word' id='word_1_806' title='bbox 896 5413 997 5466; x_wconf 83' lang='grc' dir='ltr'>τὸν</span> <span class='ocrx_word' id='word_1_807' title='bbox 1019 5414 1230 5478; x_wconf 83' lang='grc' dir='ltr'>Κύριον</span> <span class='ocrx_word' id='word_1_808' title='bbox 1260 5410 1498 5476; x_wconf 80' lang='grc' dir='ltr'>Ἰησοῦν,</span> <span class='ocrx_word' id='word_1_809' title='bbox 1527 5412 1653 5480; x_wconf 79' lang='grc' dir='ltr'>ἤτω</span> <span class='ocrx_word' id='word_1_810' title='bbox 1682 5415 1796 5467; x_wconf 82' lang='grc' dir='ltr'><strong>ἀνά</strong></span> 
     </span>
    </p>
   </div>
   <div class='ocr_carea' id='block_1_111' title="bbox 1895 5408 3465 5483">
    <p class='ocr_par' dir='ltr' id='par_1_111' title="bbox 1926 5408 3465 5483">
     <span class='ocr_line' id='line_1_111' title="bbox 1926 5408 3465 5483; baseline -0.002 -17"><span class='ocrx_word' id='word_1_811' title='bbox 1926 5413 1984 5467; x_wconf 89' lang='lat' dir='ltr'><strong>Si</strong></span> <span class='ocrx_word' id='word_1_812' title='bbox 2010 5412 2120 5483; x_wconf 72' lang='lat' dir='ltr'><strong>quis</strong></span> <span class='ocrx_word' id='word_1_813' title='bbox 2148 5428 2247 5465; x_wconf 88' lang='lat' dir='ltr'><strong>non</strong></span> <span class='ocrx_word' id='word_1_814' title='bbox 2280 5422 2421 5464; x_wconf 88' lang='lat' dir='ltr'><strong>amat</strong></span> <span class='ocrx_word' id='word_1_815' title='bbox 2448 5410 2721 5464; x_wconf 87' lang='lat' dir='ltr'><strong>Dominum</strong></span> <span class='ocrx_word' id='word_1_816' title='bbox 2764 5409 2964 5468; x_wconf 77' lang='lat' dir='ltr'><strong>Iesum,</strong></span> <span class='ocrx_word' id='word_1_817' title='bbox 2993 5408 3271 5458; x_wconf 86' lang='lat' dir='ltr'><strong>anathema</strong></span> <span class='ocrx_word' id='word_1_818' title='bbox 3305 5408 3374 5460; x_wconf 73' lang='lat' dir='ltr'><strong>sit</strong></span> <span class='ocrx_word' id='word_1_819' title='bbox 3398 5408 3465 5463; x_wconf 80' lang='lat'><strong>“.</strong></span> 
     </span>
    </p>
   </div>
   <div class='ocr_carea' id='block_1_112' title="bbox 268 5494 1796 5573">
    <p class='ocr_par' dir='ltr' id='par_1_112' title="bbox 268 5498 1795 5573">
     <span class='ocr_line' id='line_1_112' title="bbox 268 5498 1795 5573; baseline -0.002 -15"><span class='ocrx_word' id='word_1_820' title='bbox 268 5512 449 5573; x_wconf 83' lang='grc' dir='ltr'>θεμα.</span> <span class='ocrx_word' id='word_1_821' title='bbox 479 5505 632 5556; x_wconf 85' lang='grc' dir='ltr'>Ἷδιον</span> <span class='ocrx_word' id='word_1_822' title='bbox 669 5502 773 5571; x_wconf 86' lang='grc' dir='ltr'>γὰρ</span> <span class='ocrx_word' id='word_1_823' title='bbox 800 5501 901 5555; x_wconf 84' lang='grc' dir='ltr'><strong>τῶν</strong></span> <span class='ocrx_word' id='word_1_824' title='bbox 934 5500 1138 5572; x_wconf 84' lang='grc' dir='ltr'>θερμῶς</span> <span class='ocrx_word' id='word_1_825' title='bbox 1176 5498 1498 5565; x_wconf 85' lang='grc' dir='ltr'>ἀγαπώντων</span> <span class='ocrx_word' id='word_1_826' title='bbox 1534 5502 1600 5554; x_wconf 79' lang='grc' dir='ltr'>τὸ</span> <span class='ocrx_word' id='word_1_827' title='bbox 1642 5507 1795 5571; x_wconf 86' lang='grc' dir='ltr'>μισεῖ</span> 
     </span>
    </p>
   </div>
   <div class='ocr_carea' id='block_1_113' title="bbox 1895 5494 3473 5573">
    <p class='ocr_par' dir='ltr' id='par_1_113' title="bbox 1927 5494 3473 5572">
     <span class='ocr_line' id='line_1_113' title="bbox 1927 5494 3473 5572; baseline -0.005 -17"><span class='ocrx_word' id='word_1_828' title='bbox 1927 5502 2055 5555; x_wconf 87' lang='lat' dir='ltr'><strong>Nam</strong></span> <span class='ocrx_word' id='word_1_829' title='bbox 2102 5516 2288 5555; x_wconf 89' lang='lat' dir='ltr'><strong>eorum</strong></span> <span class='ocrx_word' id='word_1_830' title='bbox 2343 5502 2432 5572; x_wconf 91' lang='lat' dir='ltr'><strong>qui</strong></span> <span class='ocrx_word' id='word_1_831' title='bbox 2495 5500 2739 5556; x_wconf 87' lang='lat' dir='ltr'><strong>ardenter</strong></span> <span class='ocrx_word' id='word_1_832' title='bbox 2785 5504 2967 5549; x_wconf 84' lang='lat' dir='ltr'><strong>amant</strong></span> <span class='ocrx_word' id='word_1_833' title='bbox 3022 5494 3300 5562; x_wconf 89' lang='lat' dir='ltr'><strong>proprium</strong></span> <span class='ocrx_word' id='word_1_834' title='bbox 3349 5502 3473 5557; x_wconf 86' lang='lat' dir='ltr'><strong>est,</strong></span> 
     </span>
    </p>
   </div>
   <div class='ocr_carea' id='block_1_114' title="bbox 264 5579 1796 5663">
    <p class='ocr_par' dir='ltr' id='par_1_114' title="bbox 264 5580 1794 5663">
     <span class='ocr_line' id='line_1_114' title="bbox 264 5580 1794 5663; baseline -0.003 -16"><span class='ocrx_word' id='word_1_835' title='bbox 264 5597 410 5656; x_wconf 82' lang='grc' dir='ltr'>τοὺς</span> <span class='ocrx_word' id='word_1_836' title='bbox 462 5591 741 5661; x_wconf 86' lang='grc' dir='ltr'>μισοῦντας</span> <span class='ocrx_word' id='word_1_837' title='bbox 769 5591 855 5643; x_wconf 84' lang='grc' dir='ltr'><strong>τὸν</strong></span> <span class='ocrx_word' id='word_1_838' title='bbox 913 5589 1277 5658; x_wconf 84' lang='grc' dir='ltr'>ἀγαπώμενον.</span> <span class='ocrx_word' id='word_1_839' title='bbox 1314 5588 1452 5656; x_wconf 89' lang='grc' dir='ltr'>Τάχα</span> <span class='ocrx_word' id='word_1_840' title='bbox 1486 5580 1540 5643; x_wconf 62' lang='grc' dir='ltr'>δέ</span> <span class='ocrx_word' id='word_1_841' title='bbox 1577 5591 1682 5643; x_wconf 79' lang='grc' dir='ltr'><strong>καὶ</strong></span> <span class='ocrx_word' id='word_1_842' title='bbox 1724 5593 1794 5663; x_wconf 74' lang='grc' dir='ltr'>τὴ</span> 
     </span>
    </p>
   </div>
   <div class='ocr_carea' id='block_1_115' title="bbox 1895 5579 3481 5663">
    <p class='ocr_par' dir='ltr' id='par_1_115' title="bbox 1928 5579 3481 5661">
     <span class='ocr_line' id='line_1_115' title="bbox 1928 5579 3481 5661; baseline -0.01 -14"><span class='ocrx_word' id='word_1_843' title='bbox 1928 5592 2102 5647; x_wconf 89' lang='lat' dir='ltr'><strong>odisse</strong></span> <span class='ocrx_word' id='word_1_844' title='bbox 2132 5605 2225 5645; x_wconf 86' lang='lat' dir='ltr'><strong>eos</strong></span> <span class='ocrx_word' id='word_1_845' title='bbox 2256 5590 2345 5661; x_wconf 88' lang='lat' dir='ltr'><strong>qui</strong></span> <span class='ocrx_word' id='word_1_846' title='bbox 2375 5589 2623 5645; x_wconf 86' lang='lat' dir='ltr'><strong>dilectum</strong></span> <span class='ocrx_word' id='word_1_847' title='bbox 2651 5588 2774 5643; x_wconf 89' lang='lat' dir='ltr'><strong>odio</strong></span> <span class='ocrx_word' id='word_1_848' title='bbox 2806 5580 3026 5638; x_wconf 81' lang='lat' dir='ltr'><strong>habent.</strong></span> <span class='ocrx_word' id='word_1_849' title='bbox 3057 5579 3315 5636; x_wconf 83' lang='lat' dir='ltr'><strong>Fortasse</strong></span> <span class='ocrx_word' id='word_1_850' title='bbox 3354 5582 3481 5634; x_wconf 81' lang='lat' dir='ltr'><strong>item</strong></span> 
     </span>
    </p>
   </div>
   <div class='ocr_carea' id='block_1_116' title="bbox 363 5736 1796 5805">
    <p class='ocr_par' dir='ltr' id='par_1_116' title="bbox 363 5736 1796 5805">
     <span class='ocr_line' id='line_1_116' title="bbox 363 5736 1796 5805; baseline -0.005 -6"><span class='ocrx_word' id='word_1_851' title='bbox 363 5746 404 5777; x_wconf 68' lang='grc' dir='ltr'><strong>δ’</strong></span> <span class='ocrx_word' id='word_1_852' title='bbox 440 5743 579 5799; x_wconf 82' lang='lat' dir='ltr'><strong>Psal.</strong></span> <span class='ocrx_word' id='word_1_853' title='bbox 614 5757 803 5805; x_wconf 74' lang='lat' dir='ltr'><strong>xxxix,</strong></span> <span class='ocrx_word' id='word_1_854' title='bbox 839 5741 1004 5795; x_wconf 77' lang='lat' dir='ltr'><strong>M-l7.</strong></span> <span class='ocrx_word' id='word_1_855' title='bbox 1074 5742 1116 5771; x_wconf 82' lang='grc' dir='ltr'><strong><em>⁸ο</em></strong></span> <span class='ocrx_word' id='word_1_856' title='bbox 1158 5736 1285 5793; x_wconf 88' lang='lat' dir='ltr'><strong>Ose.</strong></span> <span class='ocrx_word' id='word_1_857' title='bbox 1322 5757 1399 5803; x_wconf 74' lang='grc' dir='ltr'><strong>ιι,</strong></span> <span class='ocrx_word' id='word_1_858' title='bbox 1434 5743 1507 5797; x_wconf 77' lang='grc' dir='ltr'>Μ.</span> <span class='ocrx_word' id='word_1_859' title='bbox 1588 5746 1635 5776; x_wconf 80' lang='grc'><strong>⁸³</strong></span> <span class='ocrx_word' id='word_1_860' title='bbox 1690 5743 1710 5796; x_wconf 89' lang='grc' dir='ltr'><strong>Ι</strong></span> <span class='ocrx_word' id='word_1_861' title='bbox 1745 5745 1796 5799; x_wconf 60' lang='grc' dir='ltr'><strong>(Ζ.</strong></span> 
     </span>
    </p>
   </div>
   <div class='ocr_carea' id='block_1_117' title="bbox 1895 5736 2158 5805">
    <p class='ocr_par' dir='ltr' id='par_1_117' title="bbox 1913 5740 2158 5804">
     <span class='ocr_line' id='line_1_117' title="bbox 1913 5740 2158 5804; baseline -0.016 -7"><span class='ocrx_word' id='word_1_862' title='bbox 1913 5761 2030 5804; x_wconf 69' lang='lat' dir='ltr'><strong>1m,</strong></span> <span class='ocrx_word' id='word_1_863' title='bbox 2071 5740 2158 5794; x_wconf 60' lang='lat' dir='ltr'><strong>R2.</strong></span> 
     </span>
    </p>
   </div>
  </div>
