3890 6448
228 441 363 494 1297

1314 437 1803 493 COMMENTAﬂlA
1841 441 1905 494 IN
1942 438 2269 495 PSALMOS.

2889 22 3101 24 _,~__‘
3126 20 3287 24 ,ῆι-Ὗ
3310 16 3431 23 κήνγ
3452 14 3475 15 7

2776 26 2787 27 γ
2824 22 3101 27 ἣγνῗγνή
3195 20 3287 23 -Ὗ
3310 16 3431 23 κήπγ
3452 14 3475 15 7

3262 444 3391 497 1298

230 556 488 619 κέλευσις.
518 559 833 628 Προσταττει
861 559 1034 626 μέντοι
1059 558 1117 609 ἐν
1148 555 1223 625 τῷ
1252 556 1383 625 μετά
1416 558 1599 625 χεῖρας
1627 557 1762 624 ψαλ-

1872 558 2219 626 patefaciant:
2253 561 2481 623 itemque
2513 561 2731 609 narrent
2768 570 2885 623 qua:
2931 556 3185 612 beneﬁcia
3215 560 3394 627 prisco

233 647 320 715 μῷ
338 649 449 709 τοῖς
473 648 643 714 ἁγίοις
674 649 978 711 ἀποστόλοις
1001 648 1064 699 τὸ
1088 646 1305 715 Πνεῦμα
1327 648 1386 699 τὸ
1426 646 1576 711 ἅγιον
1604 647 1679 715 τῷ
1705 647 1762 711 ἐξ

227 734 397 788 ἐθνῶν
443 735 551 805 λαῷ
587 739 817 806 φανερὰς
846 738 1061 805 ποιῆσαι
1090 738 1266 797 πάσας
1290 736 1388 798 τὰς
1429 737 1760 805 θαυματουρη

226 824 377 891 γίας,
412 825 478 887 ἃς
499 826 779 895 πεποίηται
811 828 901 878 ἐπὶ
930 828 1026 894 τῆς
1058 824 1219 879 αὐτοῦ
1252 826 1547 894 παρουσίας
1578 829 1604 877 ό
1649 825 1762 877 Κύ-

229 928 364 984 ριοςο
390 916 477 967 ναὶ
508 914 610 984 μὴν
640 918 729 968 κα)⁸
749 917 845 968 ὅσα
866 916 1189 984 εὐηργέτησε
1212 915 1302 966 τὸν
1320 914 1480 966 πάλαι
1498 914 1640 977 λαὸν,
1674 914 1764 965 καί⁸

1865 648 1938 699 illi
1990 648 2184 716 popqu
2228 646 2561 708 exhibuerit,
2611 653 2663 699 et
2729 660 2888 713 quam
2948 647 3114 701 vicem
3169 650 3393 718 singulis

1864 749 2047 788 eorum
2080 734 2243 803 gestis
2272 733 2578 785 reddiderit.
2610 731 2831 799 Insuper
2865 732 2949 784 hic
2978 735 3392 801 promissionum

1865 837 1895 874 a
1933 821 2040 876 Deo
2075 820 2396 890 patriarcliis
2463 818 2724 873 factarum
2785 821 2985 873 mentio
3042 822 3297 886 habetur,
3340 829 3393 875 et

1864 918 2061 980 quanta
2098 910 2334 978 ipsorum
2365 908 2536 978 gratia
2564 909 2844 976 nepotibus
2880 924 3061 962 eorum
3096 911 3229 960 bona
3260 925 3391 962 con~

223 996 340 1054 οἷον
372 1002 485 1055 ἀνθ’
515 1003 625 1054 οἴου
656 1004 919 1071 ἐποίησεν.
955 1005 1073 1055 Ἔτι
1092 1003 1146 1054 δὲ
1167 1005 1223 1053 ὲν
1254 999 1425 1069 τούτῳ
1455 1002 1546 1052 καὶ
1578 1003 1760 1069 μνήμη

1872 1014 2012 1054 cessa
2045 999 2261 1053 fuerint.
2295 997 2498 1052 Horum
2525 1000 2722 1066 quippe
2754 1001 3193 1051 commemoratio
3213 1007 3297 1052 est
3326 1000 3392 1051 ad

222 1089 339 1142 τῶν
368 1091 501 1161 πρὸς
532 1093 653 1155 τοὺς
693 1092 1023 1163 πατριάρχας
1049 1093 1150 1144 ὑπὸ
1176 1091 1267 1143 τοῦ
1304 1090 1436 1142 Θεοῦ
1470 1089 1763 1158 γεγενημέ-

1872 1090 2117 1144 beneﬁcio
2132 1089 2358 1144 donatos
2377 1090 2530 1144 avita:
2552 1091 2765 1145 virtutis
2786 1090 2965 1144 studio
2987 1089 3393 1144 inflammandos

224 1196 336 1234 νων
358 1182 712 1251 ὑποσχέσεων,
757 1184 849 1234 κα)⁵
879 1182 983 1235 τῶν
1007 1182 1070 1233 δι’
1105 1181 1338 1241 ἐκείνους
1363 1181 1451 1232 ὐπ’
1473 1179 1631 1232 αὐτοῦ
1659 1196 1761 1232 πα-

1872 1180 2012 1235 satis.
2041 1177 2236 1233 Postea
2272 1194 2399 1233 vero
2446 1180 2604 1233 docet
2635 1196 2832 1234 novum
2876 1180 3151 1248 populum,
3186 1178 3393 1233 scilicet

226 1272 597 1341 ρασχεθέντων
641 1270 855 1338 ἀγαθῶν
883 1274 992 1332 τοῖς
1037 1272 1253 1323 ἐκείνων
1283 1269 1538 1336 ἐκγόνοις.
1586 1269 1761 1339 Ἰκανὴ

1872 1283 1928 1325 ex
1956 1268 2224 1337 gentibus,
2247 1284 2306 1323 se
2351 1270 2612 1338 ingratam
2650 1271 2791 1323 illam
2834 1277 3041 1339 gentem
3066 1269 3242 1323 divina
3272 1282 3393 1337 pro-

223 1359 340 1430 γὰρ
369 1361 566 1413 τούτων
594 1363 626 1429 ἡ
657 1363 839 1431 μνήμη
857 1361 981 1423 τοὺς
1009 1360 1271 1413 τοσούτων
1302 1360 1621 1429 εὐεργεσιῶν
1644 1359 1766 1411 ἀπο-

1872 1357 2099 1411 videntia
2130 1373 2237 1412 non
2262 1359 2460 1427 injuste
2482 1360 2762 1428 spoliasse,
2781 1369 2839 1413 ut
2870 1360 3069 1428 pariter
3097 1376 3161 1414 ex
3185 1359 3393 1427 justitia

222 1449 529 1513 λαύσαντας
572 1454 647 1513 εἰς
668 1449 823 1520 ζῆλον
851 1451 945 1519 τῆς
970 1450 1073 1501 τῶν
1091 1450 1361 1519 προγόνων
1384 1450 1577 1519 ἀρετῆς
1604 1448 1767 1517 ἐρεθί-

1872 1449 2144 1502 sententiae
2175 1457 2361 1502 contra
2395 1450 2514 1504 illos
2545 1450 2684 1512 latae,
2713 1451 2826 1505 viso
2852 1452 3045 1518 ingrati
3075 1450 3235 1503 animi
3264 1466 3397 1519 pra:-

222 1554 341 1591 σαι.
376 1538 619 1593 Διδάσκει
640 1539 695 1590 δὲ
732 1538 867 1591 κατά
892 1538 1049 1591 ταύτὸ
1074 1538 1273 1589 καὶτὸν
1299 1537 1414 1590 νέον
1445 1537 1588 1597 λαὸν,
1607 1537 1768 1605 ἢγουν

1873 1535 2001 1595 mio,
2033 1544 2352 1590 moneantur
2379 1552 2446 1590 ne
2478 1540 2531 1591 in
2566 1536 2748 1590 eadem
2782 1551 2885 1605 qua
2916 1536 3082 1591 Judzei
3131 1538 3213 1589 via
3249 1538 3395 1590 ince-

221 1627 357 1690 τοὺς
388 1628 445 1692 ἐξ
472 1628 635 1680 ἐθνῶν
661 1627 734 1689 ὡς
760 1628 857 1679 οὐκ
881 1626 1074 1687 ἀδίκως
1104 1627 1192 1678 τὸν
1237 1627 1525 1695 ἀχάριστον
1570 1627 1768 1677 ἐκεῖνον

1872 1624 2027 1687 dant,
2070 1625 2162 1679 sed
2192 1626 2247 1678 in
2279 1635 2427 1680 recto
2452 1627 2584 1680 calle
2616 1628 2884 1681 insistant.

222 1715 359 1769 λαὸν
384 1719 481 1787 τῆς
503 1718 699 1780 οἰκείας
726 1718 1037 1786 κηδεμονίας
1060 1716 1384 1786 ἐγύμνωσεν,
1413 1716 1485 1778 ὡς
1523 1714 1654 1784 ὁμοῦ
1701 1716 1763 1766 ἐκ
1792 1714 1887 1782 τῆς
1912 1717 2027 1768 κατ’
2055 1716 2272 1770 ἐκείνων
2295 1716 2658 1787 ἐξενεχθείσης
2677 1719 2855 1787 ψήφου
2892 1718 2953 1769 τὸ
2982 1717 3183 1769 δίκαιον
3239 1730 3400 1767 κατα-

223 1809 474 1878 μάθοιεν,
509 1811 720 1879 καὶτῆς
756 1810 1069 1878 ἀχαριστίας
1122 1809 1350 1877 ὁρῶντες
1375 1808 1443 1860 τὰ
1491 1807 1754 1877 ἐπίχειρα,
1791 1807 1862 1876 μὴ
1893 1808 1990 1875 τὴν
2039 1808 2203 1880 αὐτὴν
2245 1810 2508 1873 Ἰουδαίοις
2555 1810 2834 1878 βαδίζοιεν,
2868 1811 3001 1865 ἀλλά
3058 1812 3153 1880 τὴν
3194 1808 3399 1861 εὐθεῖαν

220 1900 347 1951 ὁδὸν
374 1898 626 1951 όδεύοιεν.
2896 1919 2907 1932 ·

309 2042 783 2113 Ἐξομολογεῖσθε
808 2041 886 2105 τῷ
921 2043 1129 2107 Κυρίῳ,
1158 2043 1253 2096 καί
1288 2042 1659 2095 ἐπικαλεῖσθε
1706 2042 1769 2093 τὸ

1937 2039 2265 2107 Conﬁlemini
2300 2041 2536 2100 Domino.
2569 2051 2616 2092 et
2646 2043 2875 2095 invocata
2905 2060 3085 2097 nomen
3118 2047 3399 2105 e;'us.Cutn

220 2137 415 2203 ὄνομα
443 2134 646 2187 αὐτοῦ.
670 2131 869 2199 Διπλῆς
895 2130 1056 2200 οὔσης
1083 2133 1137 2184 ἐν
1162 2136 1225 2201 τῇ
1252 2136 1484 2202 γραφικῇ
1518 2133 1765 2203 συνηθείᾳ

1872 2128 2143 2195 Scriptura
2198 2129 2363 2181 soleat
2413 2129 2609 2195 duplici
2644 2146 2805 2184 sensu
2846 2129 3237 2185 confessionem
3274 2148 3399 2203 pro-

219 2225 323 2293 τῆς
372 2222 489 2275 κατ’
533 2222 907 2294 ἐξομολόγησιν
955 2223 1240 2293 σημασίας,
1286 2223 1378 2273 καὶ
1416 2220 1506 2273 νῦν
1545 2223 1639 2290 μὲν
1671 2222 1765 2291 τὴν

220 2313 486 2382 ἐξαγόρευ
495 2329 594 2375 σιν,
614 2310 765 2376 αὖθις
785 2314 840 2366 δὲ
860 2313 956 2383 τὴν
979 2311 1316 2381 εὐχαριστίαν
1346 2310 1763 2379 ἐνδεικνυμένης,

219 2403 461 2457 ἐνταῦθα
507 2407 623 2456 κατ’
655 2404 960 2474 ἀμφοτέρας
994 2402 1088 2464 τὰς
1118 2402 1318 2465 ἐννοίας
1351 2402 1483 2471 πρὸς
1516 2402 1600 2453 τὸν
1650 2403 1766 2453 κατ’

218 2494 431 2564 ἀρετὴν
474 2493 585 2561 βίον
612 2493 1102 2563 χειραγωγούμεθα·
1132 2494 1165 2562 ἤ
1214 2510 1271 2543 τε
1298 2491 1402 2564 γὰρ
1431 2492 1769 2561 ἐξαγόρευσις

220 2583 505 2655 χωρισμόν
531 2599 651 2633 τινα
676 2584 767 2635 καὶ
782 2582 1122 2652 ἀλλοτρίωσιν
1144 2581 1249 2633 τῶν
1276 2580 1456 2635 κακῶν
1471 2578 1770 2649 ἀπεργάζε-

220 2690 339 2736 ται,
376 2672 437 2724 τό
458 2688 515 2723 τε
546 2672 677 2741 πρὸς
709 2672 803 2742 τὴν
822 2672 1161 2743 εὐχαριστίαν
1184 2670 1451 2740 πρόθυμον
1474 2669 1766 2731 πλεονάζει,

221 2764 320 2820 καὶ
336 2761 438 2832 τὴν
464 2761 589 2830 περί⁹
615 2761 706 2813 τοῦ
723 2761 1002 2829 εὐεργέτου
1024 2760 1177 2829 χάριν
1196 2761 1283 2810 ἐπὶ
1306 2758 1411 2811 τῶν
1445 2759 1768 2827 εὐαισθήτως

215 2854 526 2924 δεχομένων
541 2852 636 2913 τὰς
651 2852 906 2915 εὐποιίας.
935 2850 1362 2921 Παρακελεύεται
1379 2849 1549 2900 τοίνυν
1577 2850 1603 2900 ό
1618 2847 1771 2914 λόγος

217 2944 325 3015 τὴν
363 2943 770 3012 εὐχαριστήριον
797 2941 1061 3011 ὑμνῳδίαν
1086 2939 1424 3009 προσφέρειν,
1452 2937 1543 2990 καὶ
1574 2937 1771 3005 διηγεῖ-

220 3036 353 3090 σθαι
407 3034 507 3095 τάς
550 3032 693 3095 θείας
742 3030 1070 3097 εὐεργεσίας.
1126 3030 1196 3081 Τὸ
1228 3029 1333 3097 γὰρ
1380 3027 1769 3090 ἐπικαλεῖσθε,

219 3125 569 3193 κηρύσσετε
610 3123 637 3172 ό
668 3119 955 3188 Σύμμαχος
996 3119 1348 3187 ἡρμήνευσενσ
1395 3115 1574 3185 ἕτερος
1603 3116 1657 3166 δὲ
1686 3117 1774 3184 ἐρ-

221 3210 506 3284 μηνευτής
535 3226 684 3277 φησι,
709 3208 815 3260 Καὶ
843 3206 1207 3260 ἐπικαλεῖσθε
1232 3206 1294 3258 ἐν
1308 3206 1541 3273 ὀνόματι
1568 3206 1767 3259 αὐτοῦ’

221 3305 379 3375 μέγα
410 3316 461 3350 τι
489 3298 865 3366 αἰνιττόμενος.
897 3296 994 3347 Ἂν
1040 3295 1144 3365 γὰρ
1185 3294 1564 3364 ἐξομολογήσῃ,
1620 3295 1771 3362 φησὶ,

1869 2217 2028 2283 ferre,
2072 2233 2136 2271 ac
2186 2218 2345 2271 modo
2376 2219 2475 2273 hac
2512 2235 2641 2274 voce
2672 2229 3011 2288 peccatorum
3042 2222 3399 2279 denuntiatio-

1869 2322 2010 2372 nem,
2046 2306 2203 2360 modo
2234 2310 2525 2376 gratiarum
2560 2311 2819 2365 actionem
2863 2313 3157 2381 signiﬁcet;
3187 2314 3274 2366 hic
3306 2331 3400 2369 se-

1869 2396 2099 2449 cundum
2127 2405 2404 2465 utramque
2436 2400 2716 2463 rationem,
2749 2401 2814 2454 ad
2853 2401 3012 2455 vitam
3045 2418 3166 2456 cum
3201 2405 3401 2458 virtute

1870 2484 2124 2553 agendam
2154 2485 2499 2538 instituimur.
2531 2486 2663 2541 Nam
2705 2488 3021 2543 confession
3050 2491 3203 2544 malis
3225 2491 3401 2545 homi-

1871 2589 1990 2626 nem
2021 2583 2255 2629 semovet
2305 2584 2358 2628 et
2388 2577 2454 2629 iis
2485 2578 2713 2631 alienum
2743 2578 2898 2633 efﬁcit
2925 2599 2937 2631 :
2984 2581 3273 2650 gratiarum
3303 2597 3398 2634 au-

1873 2670 1977 2715 tem
2018 2664 2241 2717 actionis
2300 2665 2533 2718 studium
2574 2668 2710 2735 apud
2755 2666 3046 2724 beneﬁcum
3087 2678 3241 2738 auget
3275 2685 3397 2739 gra-

1871 2751 1998 2805 tiam
2029 2768 2151 2823 erga
2181 2769 2273 2807 eos
2303 2757 2393 2824 qui
2420 2765 2572 2825 grato
2601 2758 2777 2811 animo
2799 2758 3050 2814 beneﬁcia
3081 2761 3223 2815 nacti
3251 2769 3396 2816 sunt.

1872 2838 2126 2895 Hortatur
2158 2845 2333 2912 itaque
2355 2860 2530 2898 sermo
2563 2847 2628 2900 ad
2662 2847 2885 2917 hymnos
2913 2850 3201 2918 gratiarum
3233 2850 3399 2903 actio-

1872 2933 1956 2986 nis
1977 2933 2293 2996 eﬁ'crcndos,
2318 2945 2370 2989 et
2391 2937 2457 2989 ad
2480 2936 2659 2989 divina
2682 2938 2931 2991 beneﬁcia
2965 2942 3248 2994 narranda.
3268 2940 3402 2994 Nam

1874 3019 2023 3081 illud,
2052 3020 2299 3082 invocato,
2330 3020 2702 3089 Symmachus,
2734 3026 3011 3090 prwdicate
3043 3028 3236 3079 vertit:
3265 3027 3402 3081 alius

1875 3118 2045 3162 autem
2085 3110 2344 3176 interpres
2393 3111 2485 3171 ait,
2539 3109 2600 3161 Et
2646 3111 2870 3164 invocale
2916 3115 2967 3165 in
3009 3116 3211 3167 nomine
3252 3116 3397 3182 ejus;

1875 3213 2120 3267 magnum
2153 3200 2421 3268 quidpiam
2473 3201 2841 3255 subindicans.
2880 3203 2945 3253 At
2982 3206 3122 3257 enim
3170 3206 3216 3258 si
3272 3221 3400 3258 con-

1877 3287 2049 3342 fessus
2084 3288 2278 3351 fueris,
2334 3289 2440 3352 ait,
2486 3297 2538 3343 et
2572 3300 2787 3357 peccata
2815 3292 3157 3360 deposueris,
3204 3310 3401 3350 nomen

218 3361 327 3449 καί
345 3388 555 3456 ἀποθῇς
579 3386 643 3438 τά
669 3361 1287 3455 ἀμαρτήματα,γδυνήσῃ,
1318 3383 1449 3452 μετὰ
1462 3361 1769 3451 παρρησίας

1872 3378 1986 3445 ejus
2042 3393 2161 3431 cum
2221 3377 2413 3431 ﬁducia
2457 3378 2754 3432 invocando
2796 3396 2986 3450 magna
3035 3383 3193 3437 cdere
3239 3399 3400 3451 opera

214 3486 283 3538 τὺ
297 3483 476 3549 ὄνομα
506 3476 664 3530 αὐτοῦ
694 3474 945 3537 καλέσας,
985 3474 1190 3543 μεγάλα
1226 3474 1550 3542 ἐργάσασθαι
1575 3471 1769 3537 ἀγαθά.

216 3575 300 3627 Οὐ
335 3569 513 3642 μάτην
538 3567 593 3617 δὲ
618 3564 1038 3635 ἐξομολογεῖσθαι
1085 3564 1360 3633 πρότερον,
1396 3563 1488 3614 καὶ
1527 3561 1770 3631 δεύτερον

217 3654 876 3725 ἐπικαλεῖσθαιβούλεται·
911 3652 1021 3705 ἀλλ’
1051 3652 1155 3715 ἵνα,
1193 3651 1417 3719 καθαροὶ
1449 3649 1534 3701 διὰ
1564 3649 1659 3717 τῆς
1688 3649 1772 3714 ἐξ-

1872 3466 2093 3520 valebis.
2127 3466 2308 3536 Neque
2337 3468 2453 3521 sine
2483 3483 2642 3521 causa
2688 3470 2859 3536 primo
2904 3473 3178 3539 conﬁteri,
3215 3480 3400 3541 postea

1874 3556 2121 3609 invocare
2148 3564 2394 3625 exoptat;
2419 3557 2511 3610 sed
2544 3568 2599 3611 ut
2629 3573 2722 3627 per
2744 3559 3133 3614 confessionem
3164 3564 3396 3633 purgati,

1872 3660 1935 3698 ex
1966 3659 2097 3712 puro
2129 3646 2483 3701 instrumento
2512 3648 2766 3716 hymnum
2786 3650 3090 3706 oﬁ‘cramus.

217 3747 573 3822 αγορεύσεως
596 3744 888 3813 γενόμενοι,
916 3743 978 3794 ἐκ
996 3739 1228 3810 καθαροῦ
1251 3740 1475 3809 ὀργάνου
1496 3736 1587 3790 τὸν
1611 3738 1773 3807 ὕμνον
1802 3734 2265 3806 προσενέγκωμεν.

308 3880 723 3949 Ἐπατυγείλατε
749 3879 817 3931 ἐν
842 3876 963 3941 τοῖς
990 3877 1185 3929 ἔθνεσι
1212 3876 1280 3927 τὰ
1305 3875 1445 3942 ἔργα
1474 3874 1673 3927 αὑτοῦ.
1717 3874 1773 3925 '0

221 3973 373 4046 μετὰ
394 3972 579 4040 χεῖρας
608 3963 753 4029 αἶνος
786 3966 882 4036 τὴν
920 3966 1154 4035 ἱστορίαν
1180 3963 1518 4032 ἐπιτέμνεται
1539 3962 1634 4030 τὴν
1667 3962 1774 4013 ἀπὸ

231 4061 497 4134 Ἀϐραὰμ
523 4059 615 4110 κα)⁸
665 4058 755 4109 ἐπὶ
791 4056 961 4120 ἔξοδον
1004 4056 1108 4108 τῶν
1150 4054 1277 4106 υίῶν
1315 4051 1525 4122 Ἰσραὴλ
1547 4052 1643 4121 τὴν
1669 4052 1773 4103 ἀπὸ

217 4152 527 4222 Αίγύπτου’
558 4147 623 4215 ἣν
669 4147 761 4199 καὶ
805 4144 1148 4213 ἐπαγγέλλειν
1195 4146 1307 4205 τοῖς
1345 4140 1515 4195 ἔθνεσι
1538 4141 1597 4192 τὸ
1636 4141 1772 4192 θεῖον

218 4240 461 4309 Πνεῦμα
488 4236 926 4306 παρακελεύεται,
944 4235 1078 4286 ὥστε
1094 4233 1178 4284 διὰ
1202 4232 1399 4284 τούτων
1423 4231 1589 4299 δηλῶν
1609 4232 1770 4294 ἐστιν,

217 4338 305 4398 ὡς
323 4334 511 4399 ὀνησιν
538 4328 636 4378 οὐκ
664 4325 929 4384 Ἰουδαίοις
959 4320 1281 4390 μόνον,ἀλλά
1306 4333 1398 4373 και
1416 4323 1523 4381 τοῖς
1539 4320 1593 4384 ἐξ
1609 4320 1773 4372 ἐθνῶν

220 4414 704 4492 πραγματεύεται,
735 4410 827 4462 τοῦ
855 4410 1157 4476 Πνεύματος
1188 4410 1310 4469 τούς
1353 4408 1456 4461 τῶν
1477 4407 1638 4461 ἐθνῶν
1670 4407 1774 4458 διε-

214 4513 511 4582 γείροντος
549 4504 788 4572 κήρυκας
821 4500 896 4559 εἰς
922 4499 981 4549 τὸ
1010 4497 1185 4565 ζητεῖν
1205 4496 1295 4549 τὸν
1322 4498 1520 4565 Κύριον
1557 4497 1648 4548 καὶ
1676 4513 1772 4565 κη-

218 4603 456 4675 ρύσσειν
486 4591 553 4644 τά
580 4590 705 4659 περ)⁵
741 4586 900 4641 αὐτοῦ
942 4585 1264 4675 διηγήματα.
1288 4584 1415 4675 ,Καί
1441 4584 1608 4638 ταῦτα
1652 4584 1768 4675 μεθ’

219 4652 441 4761 ῦμνων·
462 4680 591 4751 φησὶ
604 4652 747 4744 γοῦν·
778 4678 992 4744 ’ᾼσατε
1027 4672 1182 4736 αὐτῷ
1207 4672 1303 4725 καὶ
1334 4673 1559 4738 ψὰλατε
1592 4652 1764 4737 αὐτῷ.
1800 4652 1842 4706 D

218 4760 358 4847 mm
372 4773 602 4841 ήσασθε
623 4766 817 4843 πάντας
842 4765 912 4816 τὰ
955 4760 1247 4829 θαυμάσια
1286 4762 1488 4817 αὐτοῦ.
1522 4764 1769 4816 Βούλεται

217 4858 642 4931 ἀπαγγελθῆναι
681 4857 789 4917 τοῖς
815 4853 1033 4913 ἔθνεσιν,
1061 4852 1134 4912 ὼς
1157 4849 1400 4916 ἀγνοοῦσι
1431 4852 1521 4902 καὶ
1552 4853 1770 4920 μηδέπω

223 4948 627 5029 μεμαθηκόσιν,
674 4944 854 5001 ὁποίας
895 4941 1057 4994 πάλαι
1104 4939 1379 5029 πρότερον,
1403 4939 1711 5006 εὐεργεσίας
1741 4941 1769 4991 ὁ

218 5045 371 5105 θεὸς
396 5038 474 5107 τῷ
506 5037 745 5105 προτέρῳ
768 5030 878 5100 λαῷ
906 5030 1216 5099 παρέσχετο·
1250 5028 1343 5078 καὶ
1370 5028 1531 5089 ὅπως,
1567 5030 1771 5098 μυρίων

218 5130 459 5202 ἀγαθῶν
485 5124 631 5194 παρὰ
652 5123 740 5175 τοῦ
762 5121 891 5173 Θεοῦ
912 5119 1277 5189 τετυχηκότες,
1316 5116 1629 5187 παρέϐησαν
1650 5121 1772 5173 ἀσε-

220 5224 522 5292 δήσαντες·
563 5213 654 5264 καὶ
695 5210 768 5272 ὡς
807 5209 892 5261 διὰ
932 5210 1029 5271 τὰς
1078 5206 1411 5277 παρανομίας
1455 5207 1631 5260 αὐτῶν
1672 5211 1769 5279 τῆς

221 5311 393 5370 Θείας
448 5300 742 5369 ἐπισκοπῆς
795 5299 1185 5352 ἐκπεπτώκασι.
1223 5295 1439 5347 Κελεύει
1472 5296 1526 5348 δὲ
1555 5299 1652 5350 καὶ
1691 5302 1773 5369 ἐρα

227 5397 445 5471 μηνέας
481 5389 720 5459 γίνεσθαι
755 5388 847 5441 καὶ
885 5386 1206 5458 “onward;
1237 5384 1342 5439 τῶν
1376 5387 1434 5438 ἐν
1455 5390 1564 5450 τοῖς
1604 5386 1774 5453 θείοις

221 5484 442 5552 λογίοις
473 5477 806 5548 ἀπορρήτων·
855 5475 992 5545 ἀπερ
1032 5476 1095 5529 ἂν
1121 5473 1205 5540 εἴη
1248 5474 1317 5526 τὰ
1359 5473 1632 5543 θαυμάσια
1671 5479 1773 5529 αὑ..

222 5574 358 5630 τοῦ·
394 5570 487 5623 καὶ
516 5566 696 5627 ἁπλῶς
729 5564 1007 5634 ὑμνῳδίαις
1043 5561 1201 5617 αὐτὸν
1225 5562 1525 5630 ἀμείὸεσθαι
1559 5568 1662 5619 καὶ
1708 5569 1776 5621 τά

225 5664 376 5732 παρ’
403 5657 561 5713 αὐτοῦ
594 5654 847 5723 γενόμενα
887 5655 1005 5716 τούς
1039 5648 1353 5719 ἀγνοοῦντας
1382 5652 1580 5720 διδάξαι
1632 5656 1775 5711 θαυ·

234 5753 445 5829 μάσιαι

1939 3870 2254 3924 Αηηιιηιὶαιε
2298 3872 2435 3926 inter
2475 3883 2643 3941 gentes
2691 3889 2845 3939 opera
2899 3875 3031 3945 ejus.
3088 3874 3211 3929 llaec
3260 3876 3399 3941 laus,

1870 3975 2027 4028 quam
2074 3968 2404 4025 tractamus,
2452 3963 2727 4017 historiam
2776 3965 3094 4032 compendio
3140 3974 3320 4018 narrat
3368 3981 3402 4019 a

1870 4057 2107 4117 tempore
2160 4049 2449 4104 Abrahami
2497 4052 2563 4105 ad
2608 4052 2807 4106 exitum
2840 4052 3069 4106 ﬁliorum
3118 4055 3282 4107 Israel
3332 4070 3400 4109 ex

1869 4137 2125 4207 A‘ngpto;
2154 4155 2312 4208 quam
2345 4141 2590 4209 gentibus
2632 4142 2950 4195 annuntiare
2985 4144 3136 4209 jubet
3166 4142 3399 4211 Spiritus

1872 4227 2121 4293 divinus;
2146 4230 2218 4281 ita
2256 4237 2312 4282 ut
2346 4231 2428 4284 his
2464 4230 2695 4284 declaret
2739 4247 2845 4284 non
2877 4230 3181 4285 Judaeorum
3214 4233 3396 4298 modo,

1872 4324 1966 4378 sed
1990 4310 2149 4379 etiam
2183 4327 2415 4393 gentium
2450 4326 2728 4379 utilitatem
2763 4327 2980 4379 curari:
3014 4326 3215 4394 Spiritu
3252 4327 3399 4381 scili-

1872 4421 1955 4469 cet
2010 4430 2282 4484 praacones
2330 4417 2566 4485 gentium
2617 4416 2883 4471 excitante
2934 4418 2999 4469 ad
3051 4418 3397 4487 quaerendum

1870 4490 2150 4559 Dominum
2195 4514 2247 4560 et
2270 4508 2335 4560 ad
2362 4506 2695 4575 praedicanda
2728 4507 2846 4575 ejus
2874 4521 3051 4577 opera.
3082 4506 3244 4576 quue
3276 4523 3398 4561 cum

1871 4595 2081 4665 hymnis
2111 4596 2370 4664 agendum
2418 4596 2609 4659 docet,
2663 4597 2737 4649 ait
2782 4597 2922 4651 enim
2957 4616 2968 4649 :
3024 4595 3243 4650 Cantale
3271 4598 3399 4649 eiet

1870 4686 2074 4753 psallite
2101 4686 2169 4749 ei,
2205 4693 2414 4737 narrate
2440 4688 2615 4738 omnia
2660 4687 2923 4739 mirabilia
2951 4687 3081 4754 ejus.
3114 4686 3237 4739 Vult
3269 4702 3399 4756 gen-

1870 4775 2046 4837 tibus,
2101 4782 2281 4842 utpote
2327 4774 2699 4843 ignorantibus
2745 4792 2807 4829 ac
2857 4776 3095 4831 nondum
3145 4776 3392 4843 edoctis,

1872 4865 2174 4917 annuntiari
2203 4872 2399 4932 quanta
2451 4866 2576 4919 olim
2623 4866 2877 4920 beneﬁcia
2923 4868 3058 4919 Deus
3090 4867 3267 4935 prisco
3296 4883 3394 4935 po-

1870 4957 1995 5024 pulo
2039 4955 2387 5022 impcrtierit;
2428 4969 2492 5009 ac
2542 4957 2807 5024 quomodo
2839 4956 2912 5008 illi
2959 4956 3161 5009 inﬁnita
3206 4970 3234 5007 a
3288 4955 3397 5009 Deo

1873 5059 2089 5098 munera
2112 5046 2404 5105 consecuti,
2440 5046 2597 5114 impie
2625 5047 2943 5113 transgressi
2976 5046 3116 5109 sint;
3143 5060 3245 5112 qua
3269 5046 3395 5098 item

1870 5135 2074 5187 ratione
2105 5134 2174 5186 ob
2205 5134 2512 5201 iniquitates
2543 5150 2669 5188 suas
2694 5151 2722 5186 a
2761 5134 2849 5185 Dei
2892 5133 3222 5201 providentia
3262 5134 3399 5201 lapsi

1872 5222 1996 5277 sint.
2026 5219 2180 5275 lubet
2198 5230 2371 5274 autem
2398 5236 2489 5274 eos
2516 5228 2569 5275 et
2588 5223 2902 5289 interpretes
2928 5229 2979 5271 et
3023 5219 3400 5287 explanatores

1872 5324 1991 5365 esse
2009 5322 2326 5363 arcanorum
2356 5323 2473 5376 qua:
2494 5309 2671 5362 divina
2692 5308 2901 5375 eloquia
2928 5306 3360 5372 complectuntur
3384 5324 3400 5358 :

1871 5414 1989 5469 qua:
2038 5412 2166 5451 sane
2213 5397 2477 5451 mirabilia
2505 5397 2623 5466 ejus
2662 5398 2896 5451 fuerint:
2933 5409 2996 5447 ac
3028 5393 3267 5461 praecipit
3290 5432 3306 5452 ,
3350 5403 3409 5446 ut

1874 5488 2082 5559 hymnis
2140 5487 2241 5555 ipsi
2294 5487 2463 5541 vicem
2509 5488 2837 5557 rependant.
2869 5492 2921 5538 et
2954 5484 3049 5538 abs
3081 5497 3139 5536 se
3194 5489 3423 5551 patrata-

1877 5576 2137 5632 mirabilia
2168 5576 2537 5645 ignorantibus
2570 5578 2841 5646 aperiant.
