3890 6406
206 402 228 453 Ι
241 397 341 451 505

1299 393 1789 452 COMMENTARIA
1820 397 1887 453 1N
1909 386 2241 454 PSALMOS.

3210 408 3230 462 1
3243 409 3340 463 306

203 515 279 579 τῷ
310 512 561 580 Ἀϐραὰμ,
592 513 685 565 καί
712 513 814 566 τοῦ
849 512 1023 581 ὅρκου
1041 511 1222 564 αυτοῦ
1252 509 1331 574 τῷ
1361 512 1553 565 Ἰσαάκ
1575 531 1588 544 ο
1621 514 1716 566 καὶ

1833 515 2067 583 lisposuit
2096 515 2164 568 ad
2193 514 2475 578 Abraham,
2502 523 2550 568 et
2570 516 2856 583 juramenti
2891 518 2972 569 sui
3002 518 3066 568 ad
3094 516 3269 581 Isaac,
3294 529 3340 571 et

203 605 456 669 ἔστησεν
477 602 657 653 αὐτὸν
681 601 758 665 τῷ
794 602 986 654 Ἰακὼό
1014 602 1099 665 είς
1130 602 1489 670 πρόσταγμα,
1522 604 1617 655 καὶ
1646 602 1723 667 τῷ

214 691 441 758 Ἰσραὴλ
468 694 552 754 είς
577 690 860 756 διαθήκην
884 690 1115 742 αἰώνιον
1133 728 1148 753 ,
1181 692 1369 758 λέγων
1385 706 1401 723 ⁸
1430 691 1529 744 Σοί
1558 691 1723 744 δώσω

202 783 313 848 τὴν
337 781 454 852 γῆν
482 778 739 844 Χαναὰν,
775 782 1093 847 σχοίνισμα
1123 781 1513 848 κληρονομίας
1540 779 1720 850 ὑμῶν.

214 874 310 924 Ἑν
332 871 410 936 τῷ
436 868 584 924 εἶναι
607 871 822 935 αὐτοὺς
849 870 1063 938 ἀριθμῷ
1097 870 1361 937 βραχεῖς,
1382 870 1725 939 ὀλιγοστοὺς

200 960 294 1012 καί
339 962 655 1028 παροίκους
687 961 755 1012 ἐν
794 959 959 1026 αὐτῇ.
1003 960 1110 1012 Καί
1137 958 1379 1027 διῆλθον
1415 961 1483 1023 ἐξ
1518 962 1725 1028 ἔθνους

200 1052 286 1114 εις
324 1051 527 1115 ἔθνος,
566 1049 663 1102 καί
709 1051 777 1102 ἐκ
818 1049 1133 1113 βασιλείας
1183 1050 1269 1112 είς
1313 1047 1463 1101 λαὸν
1504 1048 1721 1113 ἕτερον.

197 1142 315 1192 Οὐκ
337 1139 565 1206 ἀφῆκεν
585 1136 889 1206 ἄνθρωπον
908 1138 1180 1205 ἀδικῆσαι
1199 1138 1433 1201 αὐτοὺς,
1447 1138 1542 1191 καί
1560 1137 1726 1207 ἤλεγ-

200 1229 304 1293 ξεν
330 1230 478 1297 ὑπὲρ
505 1232 699 1283 αὐτῶν
732 1228 1025 1293 βασιλεῖς.
1052 1228 1147 1295 Μὴ
1193 1228 1445 1282 ἅπτεσθε
1473 1227 1590 1281 τῶν
1613 1245 1730 1295 χρι-

201 1320 361 1372 στῶν
384 1336 522 1387 μου,
557 1320 653 1372 καὶ
688 1319 757 1371 ἐν
786 1318 906 1383 τοῖς
933 1317 1255 1384 προφήταις
1290 1334 1406 1384 μου
1432 1316 1515 1384 μὴ
1548 1328 1729 1383 πονη-

198 1411 465 1475 ρεύεσθε.
510 1409 833 1477 Ἐπιστήσας
879 1405 1113 1476 ἀκριϐῶς
1155 1407 1237 1468 τίς
1286 1402 1355 1475 ἦν
1408 1408 1435 1458 ὁ
1478 1406 1629 1471 λόγος
1670 1406 1728 1458 ὃν

202 1498 496 1550 ἐνετείλατο
537 1499 615 1559 είς
654 1495 849 1556 πολλὰς
890 1493 1074 1561 γενεὰς
1104 1492 1490 1561 ἐξικνούμενον,
1533 1494 1592 1544 ού
1623 1491 1730 1561 γὰρ

202 1586 337 1639 ἐτῶν
389 1586 636 1656 ἀριθμὸν,
688 1584 819 1637 ἀλλά
847 1582 907 1634 τὸ
935 1583 1174 1651 διηνεκὲς
1210 1582 1494 1634 αἰνίττεται
1544 1582 1633 1634 καὶ
1670 1580 1731 1632 τὸ

201 1675 420 1744 πλῆθος,
455 1675 529 1735 ὼς
553 1673 612 1725 τὸ
652 1673 891 1737 ἑπτάκις,
927 1671 1123 1737 Στεῖρα
1155 1671 1359 1725 ἔτεκεν
1382 1671 1547 1734 ἑπτὰ,
1579 1688 1731 1723 τουτ-

201 1765 315 1818 im
362 1763 548 1823 πολλὰ,
581 1764 695 1827 καὶ,
728 1761 991 1826 Ἐπτάκις
1027 1760 1284 1814 πεσεῖται
1311 1766 1343 1814 ό
1368 1763 1606 1824 δίκαιος,
1633 1762 1730 1814 καὶ

202 1851 599 1917 ἀναστήσεται
616 1870 629 1881 ·
655 1853 902 1921 εὑρήσεις
926 1851 1081 1903 αὑτὸν
1108 1851 1385 1920 εἰρημένον
1416 1850 1579 1912 οὕτως
1600 1852 1734 1920 πρὸς
1762 1827 1804 1883 Β

214 1942 477 2012 ’Λϐραὰμ,
501 1941 609 1995 Καὶ
632 1940 1201 2009 ἐνευλογηθήσοντιιι
1226 1941 1293 1992 ὲν
1327 1940 1424 1993 σοί
1447 1938 1635 1994 πάντα
1660 1943 1734 1994 τὰ

199 2033 340 2099 ἔθνη
392 2031 502 2099 τῆς
545 2031 676 2099 γῆς.
731 2031 856 2093 Καὶ,
906 2029 1497 2097 Ἐνευλογηθήσονται
1542 2029 1610 2081 ἐν
1655 2028 1734 2094 τῷ

200 2120 488 2188 σπέρματί
520 2134 634 2172 σου
672 2119 855 2173 πᾶσαι
892 2121 950 2171 αἱ
969 2119 1148 2186 φυλαί
1175 2117 1283 2185 τῆς
1310 2118 1439 2185 γῆς,
1460 2118 1555 2170 καί
1583 2120 1733 2184 πλη-

200 2213 389 2265 θύνων
416 2210 705 2277 πληθυνῶ
734 2210 797 2262 τὸ
831 2210 1061 2277 σπέρμα
1095 2225 1227 2262 σου.
1265 2208 1455 2278 Εὖροις
1488 2209 1532 2261 δ’
1570 2208 1634 2260 ἂν
1668 2207 1735 2259 τὰ

201 2297 547 2367 παραπλήσια
594 2297 693 2348 καὶ
721 2296 797 2365 τῷ
843 2296 1018 2347 Ἰσαὰκ
1058 2294 1434 2365 ἐπηγγελμένα
1478 2294 1572 2346 καὶ
1611 2295 1736 2362 ὀμο-

202 2387 390 2440 σθέντα
434 2386 557 2457 περί
600 2402 667 2438 τε
715 2386 812 2455 τῆς
860 2387 961 2455 γῆς
1017 2386 1108 2437 καὶ⁹
1150 2384 1237 2437 τοῦ
1292 2382 1597 2453 πληθυσμοῦ
1643 2382 1734 2436 τοῦ

202 2476 525 2547 σπέρματος.
576 2474 765 2528 Ταῦτα
803 2475 858 2526 δὲ
898 2474 1033 2544 μετὰ
1087 2473 1335 2535 πλείστας
1381 2474 1505 2535 ὅσας
1549 2472 1735 2540 γενεὰς

200 2566 494 2637 ἐπληροῦτο
517 2566 602 2619 διὰ
637 2566 739 2635 τῆς
769 2564 1079 2632 ἐπιφανείας
1110 2563 1338 2632 Χριστοῦ
1364 2563 1456 2616 τοῦ
1480 2563 1542 2615 ἐκ
1576 2563 1739 2632 σπέρ-

206 2672 366 2725 ματος
406 2655 676 2724 Ἀϐραὰμ,
704 2654 985 2722 γενομένου
1010 2654 1252 2722 Σωτῆρος
1282 2653 1452 2722 ἡμῶν.
1482 2653 1658 2706 Είσέτι
1679 2668 1735 2704 τε

203 2745 295 2799 νῦν
322 2747 531 2816 ἐνεργεῖ
558 2746 652 2797 καὶ
686 2744 921 2813 διαμένει
959 2745 991 2812 ἡ
1022 2744 1331 2810 ἐπαγγελία,
1371 2744 1556 2813 μέχρις
1582 2738 1641 2795 οὗ
1680 2742 1738 2794 τὸ

204 2835 473 2904 πλήρωμα
499 2833 604 2887 τῶν
631 2833 795 2886 ἐθνῶν
816 2831 1043 2905 είσέλθῃ.
1072 2827 1231 2895 Οὗτος
1257 2828 1347 2884 οῦν
1375 2832 1506 2902 μετὰ
1535 2832 1737 2901 μακρὸν

202 2924 389 2986 αἰῶνα,
421 2926 514 2977 καὶ
548 2922 685 2993 μετὰ
727 2922 976 2984 πλείστας
1018 2922 1216 2991 σφόδρα
1252 2922 1460 2989 γενεὰς,
1494 2921 1591 2983 τὰς
1630 2922 1737 2992 γὰρ

203 3013 439 3085 χιλιάδας
480 3013 601 3065 ἀντὶ
637 3011 745 3064 τῶν
795 3011 1001 3064 πολλῶν
1045 3011 1360 3080 παρείληφε,
1412 3012 1504 3065 καὶ
1540 3011 1739 3073 ταύτας

202 3104 440 3175 ἐπλήρου
491 3104 590 3166 τὰς
644 3102 776 3171 πρὸς
829 3104 952 3164 τοὺς
997 3104 1331 3171 πατριάρχας
1392 3102 1734 3170 ἐπαγγελίας,

1819 608 1999 660 statuit
2038 606 2169 659 illud
2197 602 2358 658 Jacob
2386 606 2437 657 in
2475 615 2801 673 prwceptum,
2828 614 2876 659 et
2906 605 3073 659 Israel
3106 608 3158 659 in
3187 617 3343 662 testa-

1820 706 2043 749 mentum
2081 705 2349 757 telernum,
2394 694 2565 749 dicens
2604 710 2621 747 :
2656 695 2770 748 Tibi
2814 694 2945 747 dabo
2976 704 3164 748 terram
3202 696 3341 751 Cha-

1821 802 1978 848 naan,
2009 786 2298 853 funiculum
2330 783 2639 837 haereditatis
2669 795 2862 839 vestrcc.
2899 783 3028 838 Cum
3056 796 3220 838 essent
3249 804 3345 838 nu-

1820 893 1959 930 mero
1988 877 2143 938 brevi,
2183 876 2481 944 paucissimi
2503 884 2550 928 et
2575 876 2757 928 inculte
2783 876 2836 927 in
2873 891 2954 930 ea.
2980 871 3047 925 Et
3073 885 3342 941 pertrans-

1820 968 1989 1020 ierunt
2022 966 2083 1019 de
2113 975 2255 1034 gente
2282 966 2334 1018 in
2374 967 2588 1034 gentem,
2634 974 2681 1018 et
2709 964 2770 1016 de
2803 980 2954 1033 regno
2993 963 3058 1015 ad
3103 964 3345 1031 populum

1824 1058 2061 1111 alterum.
2095 1054 2214 1109 Non
2244 1054 2448 1124 reliquit
2479 1055 2732 1107 hominem
2768 1070 2946 1107 nocere
2978 1056 3072 1119 eis,
3110 1063 3157 1107 et
3187 1054 3347 1106 corri-'

1821 1146 1930 1213 puit
1957 1161 2052 1213 pro
2085 1148 2158 1199 eis
2212 1162 2370 1214 reges.
2415 1144 2592 1198 Nolite
2630 1152 2831 1213 tangere
2867 1144 3083 1197 christos
3114 1161 3270 1206 meos,
3301 1152 3350 1195 et

1824 1238 1877 1289 in
1906 1236 2159 1303 prophetis
2182 1236 2305 1288 meis
2340 1234 2495 1289 nolite
2530 1236 2825 1304 malignari.
2865 1233 2919 1287 Si
2949 1243 3195 1287 accurate
3232 1249 3350 1302 per-

1824 1328 2026 1394 pendas
2063 1325 2205 1393 quod
2258 1324 2387 1378 illud
2419 1324 2633 1379 verbum
2664 1324 2838 1386 fuerit,
2875 1324 3017 1393 quod
3057 1324 3347 1386 mandavit,

1827 1414 1881 1467 in
1932 1415 2129 1469 multas
2157 1414 2526 1483 generationes
2557 1414 2854 1483 pervadens
2891 1432 2903 1466 :
2936 1428 3042 1466 non
3072 1413 3212 1466 enim
3247 1428 3349 1465 nu-

1826 1519 2030 1558 merum
2084 1518 2365 1568 annorum,
2413 1504 2505 1558 sed
2552 1513 2863 1573 perpetuum
2906 1503 3209 1558 subindicat
3256 1518 3351 1554 nn-

1827 1611 2005 1650 merus
2036 1595 2364 1664 bujusmodi,
2396 1602 2455 1648 ut
2480 1611 2529 1647 v.
2556 1609 2606 1664 g.
2650 1595 2845 1662 septies
2867 1632 2881 1654 ,
2925 1590 3127 1646 Sterilis
3164 1593 3354 1660 peperit

1828 1694 2014 1750 septem
2036 1683 2103 1747 ⁸³,
2129 1685 2181 1737 id
2219 1690 2300 1738 est
2329 1683 2559 1747 multos;
2586 1692 2659 1744 et,
2696 1682 2891 1749 Septies
2920 1680 3067 1733 cadet
3080 1679 3256 1746 justus
3306 1687 3355 1733 et

1830 1783 2057 1843 resurget
2083 1773 2156 1839 ⁶²;
2186 1773 2285 1827 hac
2311 1774 2514 1826 ratione
2540 1772 2666 1825 illud
2698 1772 2923 1824 Abrahae
2974 1769 3175 1823 dictum
3204 1782 3351 1821 com-

1830 1863 2025 1929 peries,
2057 1860 2122 1913 Et
2148 1860 2569 1914 benedicenturin
2604 1869 2649 1913 te
2686 1876 2857 1913 onmes
2900 1869 3067 1928 gentes
3108 1866 3257 1910 terra:
3289 1856 3353 1907 “.

1830 1950 1915 2014 Ει,
1947 1950 2317 2003 Benediccntur
2352 1952 2402 2003 in
2434 1951 2620 2003 semine
2668 1956 2753 2001 tuo
2781 1964 2950 2001 omnes
2981 1946 3140 1999 tribus
3186 1954 3353 1998 teme.

1832 2038 1900 2091 Et
1925 2038 2271 2105 multiplicans
2301 2036 2651 2105 multiplicabo
2682 2052 2849 2091 semen
2881 2044 3021 2087 tuum
3055 2033 3119 2086 ⁸⁸.
3151 2032 3355 2085 Similia

1832 2128 1957 2182 item
1989 2126 2171 2181 lsaaco
2202 2125 2465 2195 promissa
2509 2125 2748 2193 reperias
2782 2120 3129 2191 jurejurando
3161 2118 3356 2173 confir-

1831 2227 1992 2280 mata,
2020 2225 2126 2270 tam
2158 2216 2222 2270 de
2251 2224 2413 2277 terra,
2436 2230 2593 2282 quam
2625 2214 2689 2268 de
2726 2198 3162 2279 multiplicatione
3197 2208 3358 2262 semi-

1833 2308 1938 2362 nis.
1971 2305 2084 2359 Hoc
2110 2320 2271 2375 porro
2314 2312 2433 2374 post
2472 2304 2728 2373 plurimas
2775 2300 3142 2372 generationes
3172 2298 3357 2366 imple-

1832 2405 1947 2450 tum
1966 2396 2119 2450 estin
2143 2395 2369 2449 adventu
2381 2394 2581 2448 Christi
2596 2409 2657 2447 ex
2670 2393 2872 2447 semine
2888 2391 3112 2444 Abrahae
3124 2388 3355 2443 oriundi.

1834 2486 1897 2538 Et
1917 2486 1981 2539 ad
2020 2486 2120 2538 hoc
2141 2499 2307 2553 usque
2343 2492 2552 2553 tempus
2575 2483 2716 2552 viget
2736 2474 2798 2536 ἐι
2831 2486 3103 2550 permanet
3129 2477 3358 2547 promis-

1834 2575 1933 2636 sio,
1968 2574 2137 2627 donec
2177 2571 2451 2641 plenitudo
2492 2574 2725 2641 gentium
2764 2572 3004 2638 ingressa
3051 2567 3227 2620 fuerit.
3262 2564 3359 2617 Hie.

1836 2664 2013 2732 itaque
2039 2663 2347 2717 diuturnum
2377 2669 2493 2732 post
2541 2676 2733 2722 aevum,
2791 2668 2842 2714 et
2876 2668 2993 2728 post
3036 2659 3230 2709 multas
3261 2672 3325 2709 ex
3346 2684 3358 2693 ο

1835 2759 1984 2805 actas
2012 2751 2401 2820 generationes,
2433 2765 2556 2804 nam
2589 2750 2676 2804 hic
2701 2748 2946 2802 millenas
2985 2762 3081 2815 pro
3116 2743 3359 2814 plurimis

1834 2841 2057 2910 accepit,
2104 2841 2221 2896 illas
2272 2841 2588 2909 patriarcbis
2640 2839 2792 2895 datas
2838 2838 3219 2909 promissiones
3267 2849 3361 2904 per

1836 2926 2162 2983 Salvatorem
2193 2935 2434 2981 nostrum
2462 2925 2663 2992 Jesum,
2695 2941 2756 2979 ac
2792 2942 2885 2995 per
2916 2926 3033 2994 ejus
3061 2923 3359 2976 doctrinam

1835 3015 2088 3083 implevit,
2120 3014 2368 3069 omnibus
2406 3015 2651 3084 gentibus
2688 3014 2913 3067 Abrahae
2957 3011 3360 3081 promissionem

1835 3104 2161 3171 impertiens.

200 3193 289 3247 διὰ
321 3194 415 3246 τοῦ
447 3192 698 3260 Σωτῆρος
733 3192 885 3261 ἡμῶν
936 3191 1103 3261 Ἰησοῦ
1144 3193 1236 3243 καὶ
1283 3191 1370 3245 διὰ
1421 3193 1516 3261 τῆς
1566 3192 1725 3245 αὐτοῦ
1775 3193 2110 3255 διδασκαλίας
2152 3193 2282 3245 πᾶσι
2321 3193 2431 3253 τοῖς
2463 3190 2633 3242 ἔθνεσι
2664 3189 2759 3258 τὴν
2797 3188 2887 3241 τοῦ
2937 3188 3177 3259 Ἀϐραὰμ
3217 3187 3361 3240 εὐλο-

200 3281 326 3351 γίαν
350 3281 557 3349 δεδωρη
566 3279 739 3348 μένος.

274 3399 386 3454 Καὶ
412 3397 665 3450 ἐκάλεσε
693 3392 865 3461 λιμὸν
886 3392 982 3445 ἐπὶ
1012 3391 1123 3460 τὴν
1145 3391 1278 3460 γῆν,
1311 3391 1429 3445 πᾶν
1455 3391 1736 3459 στήριγμα

1904 3384 2066 3440 Vens.
2104 3385 2187 3439 l6.
2224 3383 2291 3436 Et
2327 3383 2521 3438 vocavit
2553 3382 2741 3450 famem
2781 3396 2932 3449 super
2962 3393 3173 3450 terram,
3215 3401 3362 3442 omne

202 3492 386 3559 ἄρτου
419 3485 796 3551 συνέτριψεν.
835 3482 921 3534 Ἐν
955 3481 1155 3543 τούτοις
1188 3483 1215 3532 ὀ
1241 3481 1391 3549 λόγος
1416 3481 1508 3533 καὶ
1540 3480 1661 3534 ἄλλο
1688 3498 1738 3532 τι

202 3579 425 3650 λεληθὸς
465 3578 592 3637 τοὺς
635 3572 854 3634 πολλοὺς
880 3572 1129 3626 διδάσκει.
1166 3571 1272 3641 Τὴν
1314 3570 1416 3641 γὰρ
1454 3570 1625 3623 αἰτίαν
1647 3569 1738 3621 τοῦ

203 3669 471 3740 κληθῆναι
503 3664 658 3731 δίκην
683 3661 917 3730 ἐμψύχου
947 3660 1079 3723 ζὼου
1106 3660 1193 3711 τὸν
1215 3658 1368 3727 λιμὸν
1391 3659 1480 3710 ἐπὶ
1496 3658 1591 3727 τὴν
1617 3659 1739 3727 γῆν,

202 3758 344 3824 λέγω
367 3756 432 3823 δὴ
463 3752 563 3820 τὴν
585 3747 926 3817 ἐνεργητικὴν
954 3745 1172 3814 δύναμιν
1200 3743 1291 3797 τοῦ
1321 3743 1496 3812 λιμοῦ,
1533 3742 1738 3796 καὶτοῦ

204 3843 558 3914 συντριϐῆναι
601 3839 706 3889 πᾶν
747 3837 1016 3907 στήριγμα
1057 3833 1239 3903 ἄρτου,
1270 3834 1605 3904 παρίστησιν,
1657 3832 1741 3884 ἵνα

202 3934 299 3986 καὶ
329 3930 510 3999 φανιεῖ
547 3942 648 3978 που
681 3924 836 3993 ἄρτος
868 3923 939 3992 μὴ
974 3920 1207 3991 στηρίζοι
1238 3922 1361 3983 τοὺς
1397 3919 1740 3989 ἐμπιπλαμέ-

201 4039 326 4083 νους
361 4020 419 4085 ἐξ
470 4013 656 4078 αὑτοῦ,
688 4014 828 4066 κατὰ
862 4012 941 4075 τὸ,
980 4014 1177 4079 Ἀρτος
1208 4009 1458 4077 στηρίξει
1498 4008 1742 4075 καρδίαν

200 4109 540 4177 ἀνθρώπου.
568 4102 733 4155 Τοῦτο
768 4102 872 4172 γάρ
903 4103 1043 4153 ἐστιν
1071 4101 1098 4153 ὃ
1130 4100 1354 4169 μάλιστα
1380 4098 1654 4167 συμϐαίνει
1684 4098 1740 4148 ἐν

199 4204 312 4263 τοῖς
343 4199 396 4249 λι
405 4199 545 4267 μοῖς,
578 4195 695 4247 κατ’
727 4192 889 4263 ὀργὴν
913 4191 1042 4244 Θεοῦ
1066 4191 1393 4259 γιγνόμενον,
1418 4189 1475 4241 τὸ
1499 4188 1590 4240 καὶ
1619 4189 1742 4250 τοὺς

198 4290 484 4345 ἐσθίοντας
515 4282 588 4351 μὴ
617 4280 971 4350 στηρίζεσθαι.

282 4372 661 4428 Ἀπέστειλεν
705 4368 1033 4435 ἔμπροσθεν
1074 4367 1267 4419 αὐτῶν
1307 4367 1625 4434 ἄνθρωπον,
1658 4370 1743 4432 εἰς

191 4466 428 4519 δοῦλον
468 4458 691 4525 ἐπράθη
729 4458 951 4524 Ἰωσήφ.
986 4459 1415 4510 Ἐταπείνωσαν
1449 4458 1515 4509 ὲν
1542 4457 1742 4523 πέδαις

194 4559 345 4623 τοὺς
379 4554 577 4617 πόδας
607 4552 805 4615 αὐτοῦ,
840 4552 1085 4619 σίδηρον
1115 4553 1354 4621 διῆλθεν
1390 4555 1428 4620 ἡ
1454 4553 1619 4622 ψυχὴ
1647 4555 1743 4606 αὐ-

194 4648 328 4712 τοῦ,
371 4644 553 4715 μέχρι
597 4642 701 4695 τοῦ
744 4641 936 4695 ἐλθεῖν
972 4645 1076 4696 τὸν
1103 4646 1283 4713 λόγον
1315 4644 1514 4698 αὐτοῦ.
1564 4644 1743 4696 Πάντα

192 4735 372 4788 ταῦτα
422 4728 684 4798 ὑπέμεινε
725 4729 882 4799 μέχρι
924 4728 1014 4779 τοῦ
1058 4728 1224 4781 ἐλθεῖν
1259 4729 1348 4780 τὸν
1376 4728 1527 4796 λόγον
1560 4729 1740 4794 αὑτοῦ,

191 4825 253 4877 ὃν
299 4822 398 4875 ἐπὶ
438 4820 555 4879 τοῖς
594 4818 851 4886 ὁράμασιν
897 4815 1013 4868 ἰδὼν
1038 4817 1213 4880 ἐξεῖπε
1255 4817 1332 4885 τῷ
1368 4818 1550 4869 ἐαυτοῦ
1582 4820 1744 4889 πατρὶ

193 4914 291 4967 καὶ
325 4913 445 4971 τοῖς
474 4907 717 4974 ἀδελφοῖς
750 4908 937 4976 φήσας,
963 4908 1255 4976 ἑωρακέναι
1284 4906 1440 4958 αὐτὸν
1462 4907 1743 4976 δράγματα

192 5003 290 5055 καὶ
334 5000 469 5060 τοὺς
517 4995 771 5063 ἀδελφοὺς
803 4997 996 5065 ὁμοίως
1037 4997 1404 5063 ἀναλέγοντας,
1448 4995 1630 5049 ἔπειτα
1675 4998 1743 5053 τὰ

192 5091 426 5143 ἐκείνων
458 5086 523 5137 τὸ
550 5084 734 5137 ἐαυτοῦ
772 5085 1252 5156 προσκεκυνηκέναι
1281 5083 1519 5152 δράγμαο
1548 5085 1744 5153 ὁμοίως

190 5180 252 5233 δὲ
278 5179 373 5231 τὸν
397 5177 574 5247 ἥλιον,
602 5176 691 5226 καὶ
718 5174 814 5245 τὴν
847 5173 1088 5245 σελήνην,
1118 5175 1208 5227 καὶ
1231 5175 1352 5235 τοὺς
1374 5173 1559 5227 ἕνδεκα
1590 5176 1743 5227 ἀστέ-

196 5284 299 5340 ρας
329 5265 658 5336 προσκυνεῖν
686 5262 847 5332 αύτῷ.
876 5264 1057 5331 Μέχρι
1087 5262 1189 5315 τοῦ
1213 5260 1406 5313 ἐλθεῖν
1433 5261 1538 5314 τὸν
1563 5264 1743 5332 λόγον

192 5356 411 5411 αὐτοῦ.
468 5352 541 5406 Τὸ
584 5354 785 5421 λόγιον
814 5354 1027 5420 Κυρίου
1057 5352 1357 5417 ἐπύρωσεν
1397 5352 1595 5404 αὐτόν.
1647 5353 1739 5413 Τὸ,

193 5446 421 5512 Λόγιον
444 5441 665 5506 Κυρίου
695 5440 997 5508 ἐπύρωσεν
1026 5440 1220 5501 αὐτὸν,
1248 5439 1426 5506 ὅμοιον
1460 5438 1559 5508 τῷ,
1596 5442 1740 5509 Οὐχί

271 5619 315 5647 υ
364 5616 380 5666 l
422 5616 555 5679 Reg.
592 5628 658 5671 ιι.
695 5615 743 5667 5.

206 5688 253 5718 ⁵⁸
294 5686 433 5740 Gen.
476 5697 578 5744 XL,
614 5682 666 5736 8.

845 5618 884 5648 δ’
920 5613 1074 5671 Prov.
1137 5626 1292 5674 xxiv,
1344 5610 1422 5663 l6.

1588 5613 1722 5675 Gen.
1788 5629 1891 5678 xu,
1942 5613 1991 5667 5.

1838 3483 2216 3549 ﬁrmamentum
2231 3480 2379 3546 panis
2396 3477 2652 3530 contrivit.
2671 3474 2729 3529 ln
2748 3475 2832 3530 his
2854 3490 3027 3531 sermo
3040 3477 3181 3531 aliud
3203 3481 3360 3548 quid-

1840 3572 1998 3640 piam,
2020 3569 2201 3623 multis
2225 3568 2514 3630 occultum,
2532 3566 2736 3620 edocet.
2765 3564 2991 3620 Causam
3016 3567 3154 3620 enim
3176 3584 3274 3622 cur
3292 3570 3365 3623 l‘a-

1837 3661 2180 3723 mem,instar
2211 3657 2456 3712 animalis
2488 3656 3067 3725 cujusdam,vocaverit
3094 3668 3364 3726 superlc'r-

1838 3766 1972 3813 ram,
2003 3750 2054 3803 id
2086 3758 2167 3803 est
2198 3749 2446 3801 virtutem
2471 3746 2627 3799 famis
2654 3732 2991 3811 ell‘ectricem,
3019 3754 3071 3801 et
3093 3762 3187 3801 cur
3208 3763 3364 3803 omne

1838 3841 2225 3893 ﬁrmamentum
2270 3838 2423 3907 panis
2471 3837 2813 3899 contriverit,
2849 3835 2935 3889 hic
2995 3836 3260 3901 declarat,
3306 3844 3364 3891 ut

1838 3928 2119 3999 patefaciat
2148 3942 2253 3997 quo
2278 3929 2333 3981 in
2365 3942 2491 3981 casu
2529 3925 2678 3995 panis
2710 3940 2817 3978 non
2841 3925 3011 3977 ﬁrmet
3042 3940 3134 3979 eos
3154 3926 3240 3994 qui
3274 3926 3364 3980 illo

1838 4018 2127 4086 replentur,
2154 4016 2447 4072 secundum
2488 4013 2638 4077 illud,
2673 4012 2833 4066 Panis
2867 4029 2955 4066 cor
2996 4014 3214 4067 hominis
3242 4030 3365 4067 con-

1838 4102 2015 4175 ﬁrmat
2046 4107 2109 4157 °'.
2146 4105 2203 4160 ιιι
2242 4106 2383 4160 enim
2420 4104 2649 4158 maxime
2682 4110 2923 4172 tempore
2974 4102 3130 4158 famis
3166 4104 3361 4170 evenit,

1838 4212 1901 4253 ex
1932 4198 2008 4249 ira
2036 4196 2126 4250 Dei
2156 4196 2477 4257 immissum,
2502 4202 2559 4247 ut
2592 4193 2794 4247 scilicet
2819 4194 2910 4261 qui
2941 4182 3225 4246 comedunt
3256 4194 3363 4248 non

1839 4286 2239 4339 conﬁrmentur.

1906 4374 2070 4429 Vens.
2118 4373 2299 4427 17-22.
2330 4372 2475 4425 Misit
2500 4381 2617 4424 ante
2645 4387 2730 4424 eos
2764 4370 3038 4432 hominem,
3075 4372 3126 4422 in
3166 4387 3361 4423 servum

1838 4462 2170 4515 venumdatus
2190 4471 2265 4513 est
2285 4459 2492 4527 Ioseph.
2527 4457 2939 4510 Humiliaverunt
2962 4460 3014 4511 in
3040 4458 3361 4525 compedibus

1838 4548 1984 4615 pedes
1994 4549 2122 4616 ejus,
2139 4547 2330 4615 ferrum
2345 4544 2641 4610 pertransiit
2661 4543 2833 4595 anima
2849 4543 2980 4610 ejus,
3005 4542 3159 4595 donec
3177 4543 3361 4594 veniret

1842 4639 2043 4692 verbum
2058 4637 2187 4705 ejus.
2203 4634 2325 4688 Haec
2345 4633 2523 4687 omnia
2545 4632 2780 4701 pertulit,
2816 4632 2982 4687 donec
3008 4632 3213 4685 veniret
3240 4646 3361 4684 ver-

1840 4730 1964 4783 bum
1981 4728 2117 4796 ejus,
2133 4726 2273 4794 quod
2290 4738 2409 4777 cum
2437 4722 2493 4775 in
2520 4722 2816 4776 visionibus
2840 4719 3127 4788 accepisset
3149 4718 3287 4786 patri
3309 4723 3362 4769 et

1843 4816 2096 4870 fratribus
2112 4814 2223 4868 suis
2237 4810 2580 4873 renuntiavit,
2593 4808 2777 4863 dicens
2790 4807 2986 4862 vidisse
3000 4806 3231 4873 seipsum
3256 4802 3362 4856 ira-

1840 4913 2053 4971 tresque
2071 4915 2197 4955 suos
2216 4899 2513 4967 manipulos
2527 4898 2855 4967 colligentes,
2872 4910 2935 4949 ac
2952 4895 3162 4947 illorum
3173 4891 3362 4945 deinde
3396 4962 3399 4965 _

1844 4991 2139 5059 manipulos
2150 5003 2303 5043 suum
2324 4988 2653 5057 manipulum
2678 4985 2957 5048 adorasse;
2977 4982 3363 5049 similiterquo-

1843 5095 1945 5148 quc
1962 5078 2127 5133 solem
2147 5085 2200 5131 et
2214 5076 2393 5129 lunam
2409 5082 2566 5143 atque
2583 5073 2825 5128 undecim
2850 5072 3028 5127 stellas
3048 5070 3225 5140 ipsum
3237 5070 3364 5123 ado-

1843 5184 2009 5225 rasse.
2037 5166 2208 5219 Donec
2241 5166 2429 5218 veniret
2453 5164 2657 5217 verbum
2677 5162 2806 5230 ejus.
2836 5160 3114 5229 Eloquium
3150 5158 3363 5211 Domini

1844 5256 2180 5326 inﬂammavit
2211 5270 2345 5309 eum.
2393 5253 2552 5315 Illud,
2592 5250 2864 5323 Eloquium
2904 5249 3110 5304 Domini
3149 5250 3361 5316 inﬂam—

1846 5348 2000 5402 mavit
2044 5361 2181 5408 eum,
2212 5344 2386 5399 simile
2413 5354 2496 5399 est
2531 5345 2656 5400 huic
2688 5361 2701 5396 :
2734 5340 2919 5397 Nonne
2962 5356 3051 5410 per
3078 5339 3239 5394 Deum
3270 5341 3362 5395 de-

1844 5439 2061 5493 claratio
2102 5435 2309 5491 illorum
2337 5443 2414 5489 est
2442 5435 2530 5489 ἐἳ
2594 5432 2776 5502 Neque
2817 5434 2994 5497 enim,
3029 5430 3125 5495 ait,
3158 5432 3364 5486 somnia

2086 5610 2129 5642 “
2162 5606 2293 5664 Gen.
2353 5622 2499 5675 χιιι,
2562 5605 2645 5672 17,
2687 5604 2765 5659 18.
2841 5606 2884 5637 ⁸⁸
2923 5603 3063 5660 Psal.
3119 5603 3363 5671 (2111,15.
