3890 6426
250 383 401 441 i309

1279 380 1769 438 COMMENTARIA
1804 380 1869 435 IN
1907 379 2237 438 PSALMOS.

3266 384 3399 440 1310

238 496 336 548 τὸν
382 496 575 567 Ἰωσὴφ
615 495 821 566 πρῶτον
851 496 1113 565 συγχωρεῖ
1137 494 1430 559 δουλεῦσαι,
1471 496 1563 548 καὶ
1594 496 1772 557 πέδαις

1876 496 2075 561 evexit;
2108 495 2187 549 sic
2210 493 2376 547 etiam
2401 508 2546 547 nunc
2572 508 2694 549 ctua
2723 494 2883 549 vellet
2942 495 3191 564 populum
3222 500 3400 566 provi-

235 588 340 637 καὶ
372 586 567 656 σιδήρῳ
605 586 1017 655 ταπεινωθῆναι·
1044 584 1158 639 εἶτα
1187 584 1321 655 μετὰ
1359 584 1523 638 ταῦτα
1552 585 1775 654 δοκιμὴν

231 675 510 728 δεδωκότα
534 676 631 744 τῆς
652 676 849 739 οἰκείας
872 678 1081 746 ἀρετῆς,
1114 674 1338 745 προάγει
1357 675 1445 727 ἐπὶ
1476 674 1768 742 βασιλείαν·

229 762 388 817 οὕτω
415 766 507 817 καὶ
518 765 629 829 νῦν,
649 765 960 834 βουλόμενος
996 766 1092 834 τῆς
1119 763 1278 817 αὐτοῦ
1317 764 1611 829 ἐπισκοπῆς
1636 780 1771 815 κατ-

227 852 473 917 αξιῶσαι
507 856 596 907 τὸν
638 854 780 916 λαὸν,
831 855 1039 925 πρῶτον
1061 854 1217 907 αὑτὸν
1256 852 1617 922 πειρατηρίοις
1642 852 1775 903 ὲκδί-

224 940 426 1005 δωσιν,
480 944 543 995 ἶν’
590 941 809 1012 ὕστερον
853 942 1011 1011 λεχθῇ
1063 942 1150 993 τό·
1200 941 1307 993 Kal
1357 938 1679 1001 ἐστέναξαν
1721 942 1773 990 ol

223 1030 361 1081 υἱοὶ
419 1029 680 1096 Ἰσραὴλ,
725 1031 820 1082 καί
867 1029 1187 1095 ἐκέκραξαν
1228 1027 1374 1093 πρὸς
1416 1028 1627 1092 Κύριον
1670 1024 1789 1077 τὸν·

227 1115 397 1169 Θεὸν
425 1116 636 1180 αὐτῶν,
676 1118 771 1170 καὶ
815 1117 989 1182 ἀνέϐη
1031 1118 1069 1183 ἡ
1095 1115 1215 1181 ,βοὴ
1262 1112 1454 1167 αὐτῶν
1492 1112 1637 1179 πρὸς
1669 1111 1774 1165 τὸν

227 1202 398 1256 Θεὸν
425 1205 540 1257 ἀπὸ
565 1205 679 1257 τῶν
708 1205 908 1272 ἔργων.
936 1204 1043 1256 Καὶ
1071 1200 1423 1267 εισήκουσεν
1443 1202 1474 1253 ό
1500 1198 1639 1262 Θεὸς
1669 1197 1776 1250 τὸν

224 1294 578 1361 στεναγμὸν
597 1293 816 1347 αὐτῶνθ
860 1293 954 1345 καί
978 1291 1240 1359 ἐμνήσθη
1264 1294 1296 1343 ό
1335 1290 1477 1352 Θεὸς
1507 1286 1614 1354 τῆς
1648 1286 1771 1339 δια-

224 1380 437 1448 θήκης
479 1383 659 1436 αὐτοῦ
695 1380 801 1448 τῆς
845 1382 989 1448 πρὸς
1023 1380 1261 1447 Ἀϐραὰμ
1306 1378 1403 1431 καὶ
1446 1378 1636 1431 Ἰσαὰκ
1675 1376 1771 1429 καὶ

237 1469 468 1525 Ἰακώϐ.
508 1471 615 1527 Kal
640 1470 869 1523 ἐπεῖδεν
896 1472 929 1522 ό
965 1469 1104 1532 Θεὸς
1148 1467 1287 1532 τοὺς
1314 1466 1481 1531 υἱοὺς
1520 1464 1769 1531 Ἰσραὴλ,

222 1560 339 1611 καὶ
365 1560 630 1628 ἐγνώσθη
667 1559 882 1623 αὐτοῖς.
918 1558 1131 1627 Ἐπειδὴ
1159 1557 1215 1610 δὲ
1246 1558 1477 1628 εἴρηται,
1505 1556 1585 1608 ὅτι
1608 1553 1773 1623 μετέ-

223 1652 468 1714 στρεψε
510 1647 622 1714 τὴν
651 1646 893 1712 καρδίαν
935 1645 1144 1709 αὐτῶν,
1188 1646 1423 1715 δηλονότι
1470 1643 1573 1695 τῶν
1612 1644 1773 1710 Δίγυ-

223 1738 432 1800 πτίων,
470 1737 571 1789 τοῦ
589 1735 841 1803 μισῆσαι
870 1735 975 1788 τὸν
1000 1736 1150 1789 λαὸν
1174 1734 1372 1797 αὐτοῦ,
1400 1735 1560 1803 ἐρεῖς,
1594 1733 1673 1785 ὅτι
1696 1731 1771 1783 δι-

1877 585 2056 638 (lentia
2079 598 2176 638 sua
2199 583 2430 651 dignari,
2463 584 2641 652 ipsum
2678 585 2850 653 primo
2879 587 3263 643 tentationibus
3295 597 3403 641 tra-

1879 673 2035 737 didit,
2061 680 2120 726 ut
2154 673 2493 742 postmodum
2526 672 2794 728 diceretur
2836 674 2966 727 illud
3002 691 3015 726 :
3048 674 3113 727 Et
3147 677 3402 745 ingemue-

1877 769 1997 813 runt
2034 762 2133 828 ﬁlii
2177 760 2366 825 Israel,
2423 769 2473 814 et
2521 762 2936 815 exclamaverunt
2992 761 3059 814 ad
3125 762 3400 816 Dominum

1877 848 2040 901 Deum
2069 865 2240 914 suum,
2270 858 2319 901 et
2350 850 2579 902 ascendit
2605 848 2803 901 clamor
2822 865 2997 903 eorum
3035 848 3103 901 ad
3147 849 3305 902 Deum
3334 850 3399 903 ab

1876 936 2109 1003 operibus
2148 954 2165 991 :
2191 948 2235 990 et
2264 937 2526 990 exaudivit
2572 936 2706 990 Deus
2735 939 2976 1006 gemitum
3003 954 3197 997 eorum.
3242 947 3290 989 et
3322 953 3399 989 re-

1876 1027 2118 1079 cordatus
2154 1038 2230 1080 est
2280 1028 2419 1080 Deus
2454 1029 2743 1080 testamenti
2796 1028 2879 1079 sui
2920 1026 2987 1077 ad
3042 1026 3305 1079 Abraham
3348 1038 3398 1080 et

1877 1112 2033 1168 Isaac
2072 1123 2122 1168 et
2163 1112 2348 1170 Iacob.
2382 1113 2449 1167 Et
2507 1114 2723 1180 respexit
2775 1113 2910 1165 Deus
2947 1111 3084 1179 ﬁlios
3135 1110 3324 1172 Israel.
3349 1120 3398 1164 et

1875 1201 2109 1268 cognitus
2136 1208 2212 1253 est
2235 1200 2343 1253 illis
2366 1200 2427 1253 ⁸³.
2450 1200 2585 1265 Quia
2622 1214 2751 1253 vero
2792 1199 2992 1253 dictum
3024 1206 3126 1263 est,
3152 1199 3399 1251 convertit

1876 1302 1967 1339 cor
1988 1302 2190 1350 eorum,
2237 1288 2441 1341 scilicet
2470 1287 2873 1357 Egyptiorum;
2929 1302 2985 1340 ut
3016 1286 3214 1340 odirent
3240 1302 3398 1354 popu-

1877 1376 1983 1428 lum
2010 1377 2120 1445 ejus
2146 1392 2164 1439 ,'
2192 1377 2340 1432 dicas
2370 1377 2533 1432 Deum
2567 1377 2669 1432 hoc
2690 1378 2814 1445 jure
2842 1378 3051 1431 fecisse.
3094 1376 3227 1442 Quia
3256 1376 3399 1429 enim

1875 1466 1931 1519 in
1965 1466 2132 1519 multa
2156 1466 2389 1532 licentia,
2440 1467 2682 1520 libertate
2723 1475 2775 1520 et
2812 1467 3015 1520 honore
3047 1466 3186 1537 apud
3237 1464 3401 1535 Assy-

1875 1557 2013 1625 ptios
2045 1555 2277 1619 fuerant,
2306 1556 2363 1609 in
2402 1556 2721 1611 oblivionem
2779 1555 2870 1610 Dei
2914 1556 3072 1625 patrii
3120 1556 3204 1609 sui
3240 1570 3400 1609 vene-

1874 1653 2021 1711 runt,
2040 1658 2103 1699 ac
2128 1660 2246 1700 sese
2275 1646 2444 1700 cultui
2477 1645 2849 1714 Egyptiorum
2897 1643 3157 1698 idolorum
3186 1644 3401 1698 dedide-

1874 1744 2018 1788 runt.
2046 1736 2415 1799 Quamobrem
2427 1736 2549 1803 jure
2574 1733 2851 1804 Egyptios
2883 1735 3139 1789 adversus
3170 1734 3289 1789 illos
3311 1748 3403 1788 ex-

224 1822 412 1883 καίως
444 1822 671 1891 ἔπραξεν
701 1822 729 1873 ό
765 1822 913 1885 Θεός.
956 1823 1165 1892 Ἐπειδὴ
1195 1823 1320 1893 γὰρ,
1349 1825 1407 1876 ὲν
1434 1823 1595 1891 πολλῇ
1626 1840 1772 1890 γεγο-

1876 1824 2074 1887 citavit,
2100 1823 2225 1891 quia
2268 1824 2369 1877 sibi
2419 1823 2550 1892 ipsis
2579 1818 2801 1879 ﬁdentes
2831 1824 2997 1877 Deum
3024 1824 3399 1893 neglexerant;

224 1910 389 1972 νότες
420 1911 597 1963 ἀνέσει
630 1911 721 1964 καὶ
767 1910 1039 1981 ἐλευθερίᾳ
1080 1912 1170 1965 καὶ
1200 1913 1327 1980 τιμῇ
1361 1910 1508 1981 παρὰ
1547 1913 1655 1973 τοῖς
1682 1914 1775 1964 Αί-

224 1998 505 2064 γυπτίοις,
541 2002 618 2062 είς
648 1998 812 2069 λήθην
836 1994 992 2067 ἦλθον
1013 1998 1106 2050 τοῦ
1134 1999 1379 2070 πατρῴου
1403 2000 1556 2063 Θεοῦ,
1580 2000 1767 2064 ἑξέδωο

224 2103 332 2141 καν
367 2088 425 2139 δὲ
451 2089 671 2151 ἑαυτοὺς
695 2091 809 2150 ταῖς
834 2087 939 2139 τῶν
970 2089 1269 2154 Αίγυπτίων
1290 2087 1763 2159 είδωλολατρείαις·

222 2172 317 2227 διὰ
372 2173 529 2227 τοῦτο
577 2176 793 2239 δικαίως
844 2176 1024 2238 αὐτοῖς
1079 2176 1404 2245 ὲπανέστησε
1455 2178 1577 2239 τοὺς
1607 2179 1767 2245 Λίγυ-

1873 1920 1931 1965 ut
1959 1913 2027 1966 ab
2073 1912 2139 1967 iis
2185 1913 2386 1976 amicti,
2430 1914 2763 1976 ediscerent,
2813 1929 2982 1982 neque
3036 1914 3190 1983 ipsis,
3233 1929 3405 1983 neque

1871 2002 2160 2055 umltorum
2189 2002 2468 2055 numinum
2510 2003 2881 2071 superstitioni
2912 2004 3217 2057 haerendum
3244 2019 3397 2070 esse;

1869 2099 2028 2159 atque
2078 2092 2145 2145 ad
2200 2091 2375 2146 Deum'
2426 2101 2635 2159 patrum
2694 2107 2914 2147 suorum
2959 2107 3077 2147 sese
3127 2100 3403 2146 converte-

1866 2186 1986 2233 rent

225 2264 447 2327 πτίυυς,
506 2264 687 2333 ἐπειδὴ
735 2264 1043 2327 πεποιθότες
1089 2266 1293 2327 ἑαυτοῖς
1343 2265 1792 2335 κατωλιγώρησαν
1852 2267 1943 2319 τοῦ
2003 2267 2157 2331 Θεοῦ,
2202 2269 2346 2332 ὅπως
2394 2268 2657 2331 ensem;
2699 2270 2787 2321 ὑπ’
2835 2269 3008 2322 αὐτῶν
3055 2268 3259 2339 μάθωσι
3305 2269 3401 2338 μὲν

226 2353 303 2422 μὴ
344 2353 628 2421 προσέχειν
660 2353 900 2415 ἐκείνοις,
929 2352 1059 2423 μηδὲ
1094 2355 1159 2422 τῇ
1194 2352 1432 2421 πολυθέῳ
1495 2353 1668 2407 αὐτῶν
1703 2354 2099 2427 δεισιδαιμονίᾳ,
2136 2356 2496 2427 ἐπιστρέψωσι
2534 2356 2590 2408 δὲ
2630 2357 2723 2409 ἐπὶ
2778 2357 2867 2409 τὸν
2916 2357 3045 2409 Θεὸν
3097 2357 3203 2411 τῶν
3250 2356 3400 2411 πατέ-

223 2457 341 2511 ρων
374 2442 569 2495 αὐτῶν.

296 2557 417 2613 Kal
446 2556 732 2625 ἐξήγαγεν
755 2555 970 2623 αὐτοὺς
1006 2557 1075 2610 ἐν
1108 2558 1361 2625 ἀργυρίῳ
1398 2557 1495 2611 καὶ
1518 2558 1763 2627 χρυσίῳ,

221 2646 329 2702 καὶ
360 2647 474 2697 οὐκ
500 2640 577 2712 ἦν
595 2643 663 2695 ἐν
688 2643 815 2707 ταῖς
845 2643 1059 2711 φυλαῖς
1077 2644 1268 2698 αὐτῶν
1294 2648 1326 2699 ὸ
1352 2644 1633 2698 ἀσθενῶν.
1657 2648 1771 2700 Εὐ·

224 2733 472 2805 φράνθη
497 2734 789 2800 Αιγυπτος
819 2733 886 2785 ἐν
918 2733 1101 2799 ἐξόδῳ
1121 2733 1333 2799 αὐτῶν,
1374 2735 1460 2787 ὅτι
1484 2735 1773 2789 ἐπέπεσεν

222 2828 259 2878 ὁ
296 2822 494 2892 φόϐος
520 2820 709 2874 αὐτῶν
732 2820 821 2873 ἐπ’
847 2822 1080 2887 αὐτούς.
1119 2822 1175 2875 '0
1194 2822 1322 2885 Θεὸς
1356 2824 1672 2895 προστάττει
1700 2824 1774 2893 τῷ

219 2912 346 2982 λαῷ
382 2911 470 2964 διὰ
491 2909 761 2973 Μωῦσὲως
789 2910 1069 2962 σκυλεῦσαι
1092 2911 1212 2973 τοὺς
1226 2912 1540 2978 Αἰγυπτίους
1550 2912 1623 2974 ὡς
1643 2929 1777 2966 νενι-

219 2999 526 3071 κημένους,
575 2997 668 3049 καὶ
696 2998 880 3066 μισθὸν
912 2999 1038 3068 παρ’
1065 2998 1241 3051 αὐτῶν
1261 3000 1643 3069 εἰσπράξασθαι
1678 3002 1777 3070 τῆς

226 3087 636 3160 μακροχρονίου
681 3085 935 3149 δουλείας,
976 3082 1043 3156 ἧς
1082 3087 1271 3148 αὐτοὺς
1305 3088 1771 3143 κατεδουλώσαντο.

217 3180 346 3234 Καὶ
384 3178 493 3229 οὐκ
522 3171 601 3243 ἦν
643 3176 768 3240 ταῖς
809 3176 1023 3242 φυλαῖς
1066 3177 1261 3229 αὐτῶν
1302 3178 1334 3230 ό
1364 3178 1651 3233 ἀσθενῶν.
1703 3178 1775 3233 Τὶ

218 3270 344 3339 γὰρ
389 3264 566 3335 πολλῷ
604 3264 1021 3333 παραδοξότερον
1069 3264 1222 3319 τοῦτο
1265 3260 1353 3335 ἦν,
1390 3268 1471 3320 ὅτι
1504 3267 1639 3336 μετὰ
1686 3269 1775 3322 τὸν

220 3358 421 3418 πόνον,
463 3352 598 3423 μετά
613 3352 709 3423 τὴν
738 3351 1025 3415 πλινθείαν,
1058 3352 1190 3422 μετά
1205 3352 1299 3423 τὴν
1321 3354 1578 3424 τοσαύτην
1596 3355 1776 3409 ταλαι-

222 3440 448 3512 πωρίαν
470 3439 562 3492 καὶ
588 3440 685 3503 τὰς
710 3439 988 3508 μάστιγας,
1017 3440 1133 3495 οὐδὲ
1157 3439 1236 3503 εἷς
1262 3436 1329 3511 ἦν
1355 3442 1383 3494 ό
1410 3442 1667 3505 ἀσθενῶν,
1684 3444 1775 3497 καὶ

222 3531 399 3585 τοῦτο
423 3527 683 3581 τοσούτων
714 3528 932 3597 πληγῶν
973 3530 1030 3581 ὲν
1054 3530 1314 3599 Αίγύπτῳ
1338 3531 1770 3601 κατενεχθεισῶν.

223 3620 413 3674 Τοῦτο
441 3618 534 3671 καὶ
560 3618 657 3688 τῆς
697 3618 905 3687 φύσεως
933 3620 1097 3690 αὐτῆς
1138 3620 1233 3691 τὴν
1279 3621 1587 3675 ἀκολουθίαν
1615 3624 1776 3693 ὑπερ-

136 3766 141 3771 ,
224 3709 475 3765 ἑὸαινεν.

300 3793 623 3849 Διεπέτασε
648 3794 905 3863 νεφέλην
922 3798 1007 3861 είς
1032 3797 1265 3866 σκεπην
1289 3799 1508 3866 αυτοῖς,
1539 3800 1633 3854 καί
1655 3800 1772 3868 πῦρ

224 3887 342 3940 τοῦ
378 3884 624 3952 φωτίσαι
646 3885 845 3951 αὐτοῖς
874 3886 985 3954 τὴν
1004 3888 1208 3941 νύκτα.
1243 3889 1470 3944 Διελθὼν
1495 3891 1591 3953 τὰς
1637 3891 1774 3945 κατὰ

224 3975 341 4029 τῶν
373 3972 674 4040 Αἰγυπτίων
704 3975 983 4043 μάστιγας,
1018 3977 1317 4041 ἀκολούθως
1344 3979 1649 4049 μεταϐαίνει
1682 3980 1773 4033 ἐπὶ

224 4064 337 4123 τὰς
367 4061 660 4130 γενομένας
689 4062 765 4132 τῷ
798 4064 1007 4135 Ἰσραὴλ
1037 4067 1372 4137 εὐεργεσίας*
1396 4069 1526 4139 όμοῦ
1555 4070 1650 4140 μὲν
1682 4071 1773 4123 καὶ

225 4153 387 4222 ἡμᾶς
422 4150 738 4220 προτρέπων
765 4153 979 4220 φεύγειν
1005 4155 1093 4208 τὸν
1128 4156 1413 4219 Αίγύπτιον
1439 4159 1651 4225 τρόπον,
1699 4162 1773 4225 ὡς

225 4238 301 4294 ἂν
338 4236 415 4305 μὴ
434 4238 544 4297 τοῖς
572 4237 703 4299 τσοις
732 4240 1139 4311 αιιειεριπέσωμεν⁸
1169 4243 1415 4313 εὔχεσθαι
1441 4247 1497 4300 δὲ
1525 4243 1657 4301 εἶναι
1678 4249 1773 4319 τῆς

1933 2556 2097 2613 Vnus.
2130 2558 2217 2621 37,
2247 2558 2334 2614 38.
2356 2556 2423 2609 Et
2446 2555 2655 2610 deduxit
2677 2572 2762 2610 eos
2783 2573 2896 2610 cum
2926 2567 3135 2627 argento
3164 2566 3211 2612 et
3236 2575 3333 2613 aur
3348 2576 3399 2625 o,

1868 2658 1916 2702 et
1947 2664 2048 2700 non
2076 2656 2189 2700 erat
2238 2647 2290 2699 in
2339 2646 2572 2699 tribubus
2600 2662 2775 2699 eorum
2805 2647 3062 2714 inﬁrmus.
3097 2647 3300 2701 La'tata
3327 2658 3403 2704 est

1871 2737 2130 2806 Egyptus
2159 2737 2214 2789 in
2261 2737 2573 2805 profectione
2602 2753 2799 2800 eorum,
2827 2738 2949 2807 quia
2994 2738 3223 2791 incubuit
3250 2741 3404 2793 timor

1874 2842 2049 2879 eorum
2076 2841 2227 2894 super
2254 2842 2359 2880 eos.
2392 2825 2532 2879 Deus
2553 2841 2646 2894 per
2668 2824 2899 2895 Moysem
2918 2827 3112 2895 populo
3138 2828 3400 2897 praecipit,

1880 2923 1939 2968 ut
1970 2915 2250 2986 Egyptios
2268 2923 2523 2983 tanquam
2555 2917 2726 2968 victos
2760 2916 3007 2982 spolient,
3042 2930 3104 2969 ac
3137 2916 3405 2971 diuturnze
3516 2930 3521 2935 '

1879 3003 2019 3072 apud
2050 3004 2170 3056 illos
2196 3003 2490 3063 servitutis,
2523 3017 2628 3069 qua
2675 3003 2798 3055 illos
2836 3011 3233 3071 oppresserant,
3269 3020 3405 3074 pra:-

1875 3093 2037 3144 mium
2066 3098 2335 3159 expetant.
2367 3090 2431 3143 Et
2461 3107 2561 3143 non
2587 3100 2699 3143 erat
2730 3092 2783 3144 in
2845 3091 3075 3144 tribubus
3115 3109 3289 3145 eorum
3319 3095 3402 3147 iu-

1873 3176 2075 3245 ﬁrmus.
2092 3174 2352 3243 Quodque
2369 3174 2535 3228 multo
2561 3174 2858 3228 mirabilius
2886 3183 3021 3238 erat,
3050 3187 3171 3243 post
3193 3183 3401 3229 tantum

1872 3266 2133 3325 laborem.
2162 3272 2285 3333 post
2324 3265 2551 3319 laterum
2578 3264 2897 3325 coctionem,
2919 3270 3040 3331 post
3068 3270 3267 3317 tantam
3301 3266 3397 3317 mi-

1870 3353 2064 3408 seriam
2097 3362 2150 3407 et
2199 3360 2278 3407 tot
2330 3352 2580 3414 verbera,
2623 3366 2690 3404 ne
2727 3366 2868 3404 unus
2900 3350 3112 3419 quidem
3156 3350 3401 3407 inﬁrmus

1870 3447 2014 3504 erat,
2033 3438 2191 3508 idque
2219 3440 2381 3493 tantis
2406 3439 2575 3508 plagis
2604 3436 2835 3511 Ευριο
2853 3438 3033 3493 illatis.
3074 3435 3187 3491 Hoc
3220 3440 3401 3507 utique

1870 3534 2075 3581 natura:
2103 3526 2343 3581 ordinem
2376 3524 2726 3580 transcendit.

1939 3799 2102 3854 Vens.
2136 3799 2223 3854 59.
2278 3796 2541 3865 Expandit
2571 3794 2756 3849 nubem
2801 3796 2853 3848 in
2901 3794 3266 3861 protectionem
3307 3810 3395 3848 eo-

1871 3906 2008 3953 rum,
2039 3898 2088 3943 et
2114 3890 2300 3959 ignem,
2332 3896 2389 3940 ut
2411 3886 2597 3939 luceret
2626 3886 2698 3938 eis
2728 3900 2818 3952 per
2844 3895 3063 3939 noctem.
3098 3882 3399 3939 Recensitis

1872 3976 2245 4047 Egyptiorum
2276 3976 2468 4045 plagis,
2499 3981 2888 4042 consequenter
2918 3973 3113 4028 transit
3138 3973 3205 4027 ad
3238 3976 3399 4030 bene-

1870 4064 1991 4119 ﬁcia
2019 4064 2200 4119 lsraeli
2227 4065 2419 4119 collata
2458 4062 2652 4118 :simul
2688 4078 2788 4117 nos
2810 4061 3103 4117 admonens
3136 4073 3195 4115 ut
3220 4064 3398 4134 Egy-

1870 4155 2077 4223 ptiacos
2108 4169 2285 4208 mores
2317 4153 2603 4223 fugiamus,
2638 4166 2705 4206 ne
2756 4152 2811 4205 in
2857 4152 3004 4220 paria
3059 4151 3395 4218 incidamus;

1872 4255 2255 4310 precemurque
2306 4248 2366 4293 ut
2411 4240 2465 4292 in
2512 4238 2756 4308 portione
2789 4237 2882 4291 Dei
2928 4238 3282 4302 ascribamur,
3309 4242 3397 4295 cui

228 4324 458 4413 μερίδος
478 4322 574 4413 Δτοξι
598 4324 751 4413 Θεοῦ,
826 4331 1045 4397 παρεῖχε
1070 4330 1164 4392 τὰς
1183 4332 1241 4397 ἐξ
1267 4334 1427 4387 αὐτοῦ
1447 4337 1770 4406 εὐεργεσίας

1876 4331 2127 4387 beneﬁcia
2170 4346 2268 4387 sua
2315 4328 2610 4399 impertiit:
2661 4328 2893 4397 itemque
2949 4343 3397 4396 commemorans,

226 4409 379 4481 ὁμοῦ
408 4408 500 4460 καὶ
532 4402 603 4461 ὧν
626 4410 925 4480 ἠξιώθησαν
954 4417 1261 4483 παραδόξων
1283 4420 1413 4473 Θεοῦ
1451 4426 1497 4475 οί
1616 4442 1768 4495 περι-

226 4498 416 4567 τομῆς
445 4498 805 4565 μνημονεύων,
829 4501 907 4561 εἰς
940 4501 1153 4573 ἔλεγχον
1188 4508 1283 4576 μὲν
1307 4507 1398 4560 τοῦ
1432 4512 1607 4569 αὐτῶν
1628 4514 1770 4567 ἐκεί-

228 4601 351 4640 νων
404 4582 618 4651 τρόπου,
659 4585 954 4653 ἀπολογίαν
982 4589 1038 4642 δὲ
1086 4591 1185 4661 τῆς
1229 4594 1365 4662 μετὰ
1398 4597 1567 4653 ταῦτα
1596 4599 1770 4654 αὐτῶν

230 4676 529 4745 ἀποϐολῆς.

322 4768 565 4837 ’ῌτησε,
586 4766 681 4821 καὶ
706 4764 1311 4838 ἧλθενόρτυτομήτρα,
1345 4774 1440 4826 καί
1464 4776 1653 4843 ἀρτων
1676 4781 1773 4832 οὐ·

222 4854 427 4926 ρανοῦ
450 4853 779 4920 ἐνέπλησεν
808 4856 1038 4921 αὐτούς.
1082 4857 1387 4925 Ἀνέρῤηξε
1416 4862 1656 4931 πέτραν,
1678 4867 1774 4920 καὶ

232 4946 547 5014 ἐρρύησαν
592 4943 791 5007 ὕδατα,
821 4945 1224 5014 ἐπορεύθησαν
1256 4948 1324 4998 ἐν
1358 4949 1636 5020 ἀνύδροις
1670 4968 1776 5007 πο-

234 5033 445 5101 ταμοί·
481 5031 567 5083 ὅτι
592 5031 856 5100 ἐμνήσθη
896 5034 998 5088 τοῦ
1020 5036 1199 5103 λόγου
1229 5035 1335 5087 τοῦ
1369 5038 1544 5104 ἁγίου
1573 5043 1774 5107 αὐτοῦ,

232 5120 351 5175 τοῦ
377 5120 522 5186 πρὸς
554 5119 788 5187 Ἀϐραὰμ
801 5120 902 5174 τὸν
915 5121 1333 5175 δοῦλοναύτοῦ.
1366 5126 1479 5179 Καὶ
1500 5129 1529 5179 ὁ
1545 5130 1778 5199 Μωῦσῆς

232 5209 297 5261 δὲ
341 5210 397 5260 ὲν
439 5207 825 5276 Δευτερονομίῳ
868 5209 997 5277 πρὸς
1026 5207 1210 5269 αὐτούς
1242 5225 1399 5277 φησι·
1438 5214 1547 5279 Μὴ
1583 5218 1772 5285 ετπῃς.

234 5296 349 5354 Διὰ
370 5295 477 5359 τὰς
515 5293 888 5360 δικαιοσύνας
923 5313 1036 5363 μου
1073 5295 1321 5363 ἐξήγαγέ
1340 5316 1413 5366 με
1451 5302 1680 5368 Κύριος
1709 5306 1776 5358 ἐκ

237 5380 358 5449 γῆς
377 5382 687 5448 Αἰγύπτου,
708 5382 859 5434 ἀλλὰ
882 5382 972 5433 διὰ
992 5382 1087 5434 τὸν
1113 5381 1293 5446 ὅρκον
1314 5384 1382 5437 ὃν
1409 5387 1627 5455 ὤμοσε
1662 5394 1775 5444 Κύ..

222 5487 368 5539 ριος
411 5469 532 5534 τοῖς
564 5469 845 5536 πατράσιν
885 5470 1047 5536 ὑμῶν.
1085 5470 1186 5524 Καὶ
1225 5472 1423 5545 γνώσῃ
1462 5477 1768 5545 σήμερον,

324 5620 369 5653 ⁸⁸
403 5618 565 5674 Exod.
605 5634 641 5691 It
660 5656 673 5682 ,
705 5618 928 5693 23--25,⁸

1873 4422 2087 4491 quantis
2133 4420 2226 4473 Dei
2271 4418 2605 4472 mirabilibus
2659 4418 2907 4487 dignatus
2958 4418 3029 4473 sit
3078 4419 3304 4487 populus
3333 4435 3395 4474 ex

1873 4513 2392 4577 circumcisione;ut
2412 4523 2598 4564 eorum
2645 4524 2823 4565 mores
2862 4516 3138 4579 coarguat,
3168 4510 3397 4578 justam-

1873 4620 1976 4675 que
2000 4600 2312 4672 abjectionis
2338 4612 2521 4654 eorum
2548 4612 2764 4653 causam
2802 4604 3209 4652 commonstret.

1937 4772 2097 4827 Vens.
2129 4769 2309 4825 40-45.
2343 4767 2524 4831 Petiit,
2552 4776 2600 4821 et
2643 4770 2778 4821 venit
2808 4769 3068 4834 coturnix,
3098 4777 3145 4821 et
3176 4767 3396 4835 panibus

1868 4861 2200 4929 omlireplevit
2228 4875 2333 4912 eos.
2366 4857 2575 4924 Dirupit
2593 4867 2819 4925 petram,
2863 4866 2912 4911 et
2940 4859 3201 4925 [luxerunt
3228 4873 3393 4926 aqua,

1869 4958 2145 5006 manarunt
2165 4951 2221 5003 in
2249 4949 2513 5016 inaquosis
2536 4948 2774 5013 ﬂumina.
2801 4947 3055 5013 Quoniam
3088 4962 3279 4998 memor
3299 4946 3398 5013 fuit

1871 5040 2007 5095 uerbi
2068 5038 2237 5091 sancti
2281 5037 2381 5099 sui,
2416 5036 2549 5104 quod
2580 5036 2759 5089 habuit
2799 5035 2866 5087 ad
2893 5034 3156 5087 Abraham
3196 5051 3394 5088 servum

1876 5143 2043 5184 suum.
2068 5126 2159 5181 Sic
2182 5125 2309 5179 item
2351 5122 2559 5193 Moyses
2597 5124 2718 5178 illos
2746 5123 2800 5176 in
2830 5122 3240 5176 Deuteronomio
3266 5124 3397 5177 allo-

1875 5217 2056 5287 quitur
2080 5233 2093 5267 :
2120 5213 2201 5266 Ne
2226 5212 2370 5264 dicas
2402 5228 2420 5265 :
2448 5212 2666 5281 Propter
2693 5213 2927 5281 Justitias
2954 5227 3094 5263 meas
3121 5210 3298 5264 eduxit
3319 5229 3398 5266 me

1878 5305 2125 5358 Dominus
2169 5302 2229 5353 de
2259 5310 2397 5352 terra
2419 5299 2653 5368 ngypti,
2680 5300 2767 5353 sed
2776 5307 2985 5367 propter
3021 5297 3397 5363 jusjurandum

1871 5392 2002 5463 quod
2022 5391 2218 5458 juravit
2245 5389 2495 5442 Dominus
2523 5389 2757 5457 patribus
2802 5386 3000 5441 vestris.
3044 5384 3112 5436 Et
3132 5402 3399 5453 cognosces

1872 5482 2016 5538 hodie
2039 5482 2159 5550 quia
2198 5496 2297 5535 non
2325 5490 2527 5547 propter
2546 5480 2780 5548 justitias
2822 5487 2939 5528 tuas
2979 5474 3229 5527 Dominus
3265 5473 3402 5529 Deus
