3890 6430
244 380 377 434 1518

1324 377 1815 441 COMMENTARIA
1860 388 1925 441 IN
1962 382 2298 444 PSALMOS.

3262 392 3400 449 ιειι

239 489 381 551 λείας
411 488 875 561 ἐλευθερωθέντες,
917 492 1013 547 οὐκ
1046 492 1302 561 ἔγνωσαν,
1334 498 1415 550 ὅτι
1463 499 1523 551 οὐ
1560 499 1647 553 διὰ
1672 500 1756 563 τὰς

1868 504 2008 573 quod
2044 519 2151 557 non
2171 501 2395 571 justitiie
2416 510 2527 557 sua:
2554 516 2739 567 causa,
2771 512 2942 575 neque
2968 505 3111 575 quod
3163 506 3267 574 ipsi
3306 506 3400 563 Dei

237 579 408 630 αὐτῶν
435 579 793 643 δικαιοσύνας,
813 580 931 634 οὔτε
958 584 1114 636 διὰτὸ
1142 583 1276 637 εἶναι
1312 590 1610 659 ἐπισκοπῆς
1633 588 1764 641 Θεοῦ

235 667 429 731 ἀξίους,
477 669 563 721 διὰ
606 670 660 723 δὲ
700 672 758 723 τὸ
786 672 984 741 πλῆθος
1015 674 1104 726 τοῦ
1136 675 1315 738 ἐλέους
1363 678 1525 730 αὑτοῦ
1567 679 1765 731 τούτων

232 759 575 827 τετυχήκασι.

301 848 365 897 Ol
404 848 647 913 πατέρες
686 850 847 917 ἡμῶν
881 849 948 902 ἐν
978 852 1243 919 Αἰγύπτῳ
1284 855 1353 905 οὐ
1398 852 1667 919 συνῆκαν
1697 853 1766 906 τὰ

227 931 521 998 θαυμάσιά
544 950 680 999 σου,
705 939 809 989 οὐκ
838 936 1221 1004 ἐμνήσθησαν
1246 940 1348 992 τοῦ
1372 941 1635 1007 πλήθους
1664 941 1764 993 τοῦ

223 1021 429 1086 ἐλέους
459 1036 591 1075 σου.
634 1026 741 1077 Kal
785 1026 1223 1092 παρεπίκραναν
1260 1028 1675 1093 ἀναϐαίνοντες
1697 1029 1766 1081 ἐν

223 1110 297 1176 τῇ
342 1112 580 1178 Ἐρυθρᾷ
640 1115 933 1183 θαλάσσῃ.
995 1115 1174 1168 Ταῦτα
1225 1118 1323 1187 μὲν
1367 1120 1396 1169 6
1440 1119 1543 1188 πρὸ
1577 1118 1762 1170 τούτου

222 1199 457 1270 διείληφε
492 1203 726 1273 ψαλμὸς,
766 1206 1084 1275 ἐπετέμνετο
1119 1208 1171 1258 δὲ
1207 1207 1363 1270 αὐτὸς
1398 1209 1488 1260 καὶ
1534 1209 1629 1271 τὰς
1674 1210 1763 1261 ἐπὶ

222 1291 320 1360 τῆς
352 1294 553 1361 ἐρήμου
580 1294 1043 1364 παραδοξοποιίας,
1080 1298 1238 1365 μηδὲν
1267 1299 1641 1367 κατηγορήσας
1670 1300 1761 1352 τοῦ

222 1380 369 1432 λαοῦ.
414 1383 469 1433 '0
514 1382 570 1434 δὲ
626 1383 809 1452 παρὼν
868 1386 1297 1453 ἐπαναλαμϐάνει
1354 1387 1448 1453 τὴν
1496 1388 1760 1457 διήγησιν,

222 1471 314 1522 καὶ
374 1472 551 1534 πάσας
615 1472 704 1525 τοῦ
768 1473 895 1525 λαοῦ
960 1475 1057 1536 τὰς
1127 1476 1434 1539 δυσσεϐείας
1499 1478 1760 1541 διέξεισιν.

226 1560 379 1613 Ἔστι
406 1561 461 1612 δέ
495 1563 587 1614 καὶ
622 1565 649 1614 ό
692 1564 797 1624 ni;
829 1562 979 1629 λόγος
1002 1562 1094 1615 τοῦ
1148 1565 1409 1619 Ἰουδαίων
1441 1567 1567 1619 λαοῦ
1598 1585 1763 1638 κατησ-

1869 594 2201 662 providentia
2244 592 2391 660 digni
2444 599 2663 656 essent,
2720 594 2811 647 sed
2860 595 2929 647 ob
2984 596 3403 666 magnitudinem

1868 681 2249 735 misericordia:
2280 679 2470 749 ipsius,
2510 680 2621 734 hinc
2648 682 2924 735 consecuti
2948 683 3076 737 sint.

1935 851 2097 905 Vens.
2127 851 2180 913 7,
2203 851 2254 904 8.
2285 848 2470 903 Patres
2500 851 2664 903 nostri
2692 852 2746 904 in
2774 850 3000 920 Egypto
3022 868 3123 905 non
3144 851 3402 909 intellexe-

1868 951 1987 993 runt
2016 941 2280 993 mirabilia
2317 950 2425 1004 tua,
2472 957 2573 994 non
2611 941 2819 1008 fuerunt
2871 958 3117 995 memores
3163 942 3402 995 multituc

1866 1028 2002 1081 dinis
2033 1029 2402 1081 misericordia:
2443 1039 2563 1081 tuaz.
2602 1028 2665 1081 Et
2698 1031 3029 1083 irritaverant
3073 1032 3401 1085 ascendentes

1866 1114 1920 1167 in
1946 1131 2086 1167 mare
2110 1114 2355 1169 Rubrum.
2392 1114 2511 1168 Haec
2534 1116 2744 1183 quidem
2796 1117 3106 1185 praecedens
3159 1119 3401 1186 psalmus

1864 1206 2155 1267 enarravit,
2189 1205 2452 1258 mirabilia
2486 1220 2613 1258 vero
2646 1206 2699 1257 in
2748 1205 2960 1260 deserto
3003 1216 3214 1275 patrata
3250 1223 3402 1262 com-

1868 1294 2059 1361 pendio
2085 1295 2287 1357 retulit,
2322 1295 2631 1362 nullamque
2681 1295 2733 1347 in
2789 1297 3041 1364 pepulum
3100 1299 3399 1351 accusatio-

1866 1398 1987 1435 nem
2030 1383 2281 1437 instituit.
2319 1382 2415 1436 Hic
2460 1398 2587 1437 vero
2615 1385 2855 1452 psalmus
2884 1387 3105 1439 resumit
3134 1388 3400 1440 narratio-

1864 1488 2007 1534 nem,
2064 1486 2357 1541 omnesque
2414 1474 2594 1541 pepuli
2642 1474 2939 1539 impietates
2990 1485 3393 1530 commemorat.

1864 1558 2139 1628 Totusque
2176 1574 2354 1613 sermo
2372 1558 2607 1613 Iudaicae
2629 1562 2804 1629 gentis
2848 1562 3123 1615 accusatio
3172 1571 3273 1618 est.
3327 1562 3396 1617 Et

220 1649 457 1718 γορικός.
515 1651 618 1703 Καὶ
663 1652 1099 1719 παρεπίκραναν
1129 1655 1545 1721 ἀναϐαίνοντες
1585 1657 1653 1708 ἑν
1687 1654 1756 1724 τῇ

1862 1649 2195 1702 irritaverant
2219 1647 2547 1701 ascendentes
2570 1649 2625 1700 in
2651 1665 2793 1702 mare
2820 1648 3046 1703 Rubrum
3068 1651 3144 1716 "°;
3178 1666 3299 1706 cum
3327 1653 3396 1705 ad

233 1738 473 1803 Ἐρυθρᾷ
495 1739 783 1808 θαλάσσῃ.
803 1742 1189 1811 Προσελθόντες
1218 1747 1419 1815 Μωῦσῇ
1446 1747 1536 1797 καὶ
1565 1748 1756 1816 φήσαν-

1864 1735 2100 1805 Moysem
2141 1737 2459 1790 accedentes
2489 1737 2731 1797 dicerent
2759 1754 2772 1788 :
2806 1737 3017 1792 Utinam
3044 1742 3235 1793 mortui
3260 1758 3397 1796 essc-

217 1842 327 1888 τες,
349 1828 601 1893 Ὄφελον
614 1830 728 1897 μὲν
741 1830 1108 1899 ἀπεθάνομεν
1122 1834 1188 1885 ὲν
1207 1832 1283 1901 γῇ
1301 1836 1587 1902 Αἰγύπτῳ,
1601 1836 1637 1902 ἢ
1654 1836 1752 1888 ἐπὶ

1862 1839 1969 1875 mus
2004 1824 2060 1875 in
2090 1822 2337 1892 zEgypto,
2363 1834 2455 1876 aut
2482 1826 2536 1877 in
2567 1829 2662 1879 hac
2690 1827 3002 1880 solitudine!
3025 1837 3079 1883 et
3111 1847 3124 1883 :
3157 1831 3238 1882 An
3271 1832 3398 1899 quia

218 1914 326 1981 τῆς
343 1915 563 1984 ἐρήμου
575 1920 809 1985 ταύτης·
834 1921 945 1983 καὶ,
964 1921 1126 1988 Παρὰ
1148 1924 1211 1974 τὸ
1228 1923 1311 1989 μὴ
1325 1924 1471 1975 εἷναι
1492 1924 1756 1994 μνήματα

1862 1910 2098 1978 sepulcra
2132 1928 2233 1965 non
2264 1920 2412 1965 erant
2445 1914 2499 1965 in
2524 1912 2750 1983 zEgypto
2794 1917 3019 1970 eduxisti
3053 1936 3166 1982 nos,
3211 1930 3269 1973 ut
3314 1923 3398 1975 iit-

216 2003 285 2055 ἑν
309 2007 604 2074 Αἰγύπτῳ,
653 2007 937 2076 ἐξήγαγες
987 2009 1162 2077 ἡμᾶς,
1209 2012 1534 2064 θανατῶσαι
1575 2014 1644 2065 ἐν
1689 2013 1756 2083 τῇ

1862 2001 2116 2067 terﬁceres
2148 2001 2204 2052 in
2240 2001 2563 2056 solitudine?
2594 2003 2731 2067 Quid
2773 2004 2867 2057 hoc
2898 2006 3066 2073 fecisti
3096 2009 3241 2061 nobis
3267 2010 3395 2063 edu-

216 2092 409 2160 ἐρήμῳ
426 2110 445 2157 ;
480 2096 541 2146 Τί
568 2095 742 2148 τοῦτο
772 2097 1058 2163 ἐποίησας
1088 2099 1229 2167 ἡμῖν
1253 2100 1551 2170 ἐξαγαγὼν
1576 2102 1645 2166 ἐξ
1667 2106 1763 2156 Al-

215 2184 475 2252 γύπτους
505 2186 587 2238 Οὺ
612 2186 783 2239 τοῦτο
806 2183 881 2256 ἦν
904 2188 968 2241 τό
983 2188 1142 2257 ῥῆμα
1168 2190 1199 2243 ὃ
1221 2191 1598 2261 ἐλαλήσαμεν
1616 2194 1762 2261 πρὸς

213 2274 284 2325 σὲ
309 2273 377 2325 ὲν
396 2275 674 2342 Αἰγύπτῳ
706 2275 1002 2344 λέγοντες·
1033 2278 1220 2345 Πάρες
1250 2277 1421 2347 ἡμᾶς,
1450 2280 1604 2346 ὅπως
1634 2282 1763 2335 δου-

210 2361 520 2429 λεύσωμεν
567 2362 693 2427 τοῖς
738 2366 1107 2432 Αίγυπτίοις;
1135 2367 1427 2433 Κρεῗσσον
1460 2368 1569 2437 γὰρ
1605 2369 1761 2437 ἡμᾶς

210 2449 519 2504 δουλεύειν
568 2452 694 2516 τοῖς
742 2456 1094 2522 Αἰγυπτίοις,
1136 2456 1173 2522 ἢ
1214 2458 1529 2511 ἀποθανεῖν
1572 2459 1640 2511 ἐν
1686 2459 1760 2529 τῇ

209 2538 403 2608 ἐρήμῳ
439 2543 647 2607 ταύτῃ.
683 2543 787 2594 Καὶ
816 2545 934 2595 ὅσον
973 2546 1069 2614 μὲν
1108 2548 1190 2598 ἐπ’
1229 2548 1408 2608 αὐτοῖς
1447 2548 1638 2617 πικρὸν
1664 2550 1761 2601 αὐ·-

209 2634 320 2685 τοῖς
343 2632 461 2683 ἀντὶ
485 2631 724 2702 χρηστοῦ
752 2632 840 2684 τὸν
864 2634 992 2686 Θεὸν
1019 2638 1427 2704 κατεστήσαντο.
1475 2638 1530 2689 '0
1553 2638 1609 2690 δὲ
1634 2639 1761 2704 ἀγα-

211 2722 297 2782 θὸς
353 2721 484 2783 Θεὸς
544 2721 784 2773 πλουτῶν
831 2722 962 2793 ἐλέῳ
1015 2726 1107 2777 καὶ⁹
1155 2726 1541 2796 φιλανθρωπίᾳ,
1600 2727 1759 2781 πάλιν

209 2809 425 2868 ἔσωζεν
456 2808 680 2873 αὐτοὺς
710 2809 914 2862 ἕνεκεν
948 2812 1051 2865 τοῦ
1099 2814 1381 2881 ὀνόματος
1414 2815 1615 2878 αὑτοῦ,
1650 2814 1757 2868 τοῦ

209 2899 491 2965 γνωρίσαι
522 2897 637 2963 τὴν
666 2897 1027 2952 δυναστείαν
1058 2902 1262 2954 αὐτοῦ’
1304 2904 1451 2965 ὅπως
1481 2902 1553 2973 μὴ
1586 2903 1753 2957 εἴπω-

210 3002 293 3039 σιν
331 2990 380 3039 οί
413 2988 652 3049 ἀσεϐεῖς,
686 2988 804 3040 Ποῦ
826 2990 994 3041 ἐστιν
1019 2990 1048 3040 6
1079 2990 1220 3055 Θεὸς
1247 2991 1469 3054 αὐτῶν;
1492 2993 1578 3045 διὰ
1604 2992 1758 3046 τοῦτο

209 3080 468 3147 παρεῖχεν
495 3078 676 3138 αὐτοῖς
704 3077 797 3128 καὶ
823 3078 941 3129 τότε
974 3080 1070 3147 τὴν
1102 3082 1386 3149 σωτηρίαν,
1427 3082 1757 3152 πανταχόθεν

1861 2104 1976 2143 cens
2008 2105 2071 2143 ea:
2106 2089 2373 2159 ngypto?
2402 2090 2586 2145 Nonne
2617 2092 2698 2144 hic
2743 2102 2857 2145 erat
2898 2111 3084 2157 sermo,
3113 2113 3260 2165 quem
3312 2101 3393 2152 lo-

1858 2180 1966 2231 cuti
2005 2194 2182 2232 sumus
2220 2180 2288 2233 ad
2330 2189 2374 2233 te
2405 2180 2461 2233 in
2502 2179 2729 2250 IE'gypto
2753 2182 2975 2237 dicentes
3004 2200 3024 2237 :
3058 2183 3271 2239 Dimitte
3298 2203 3392 2241 nos

1857 2276 1915 2319 ut
1948 2268 2229 2321 serviamus
2262 2268 2564 2338 {Egyptiisl
2595 2271 2784 2326 Melius
2809 2283 2886 2326 est
2933 2275 3068 2327 enim
3090 2292 3182 2329 nos
3205 2278 3394 2333 servin

1858 2355 2141 2427 ngyptiis,
2171 2375 2326 2427 quam
2358 2361 2490 2413 mori
2512 2362 2566 2415 in
2610 2362 2888 2417 solitudine
2912 2363 3083 2419 hac".
3111 2364 3196 2427 Et,
3219 2381 3391 2436 quan.

1857 2454 1967 2499 tum
1992 2449 2045 2501 in
2069 2449 2200 2518 ipsis
2226 2450 2439 2518 quidem
2475 2452 2637 2506 situm
2668 2460 2805 2517 erat,
2841 2452 3007 2508 Deum
3049 2454 3152 2510 sibi
3183 2470 3247 2510 ex
3276 2459 3389 2512 cle-

1858 2546 2033 2592 mente
2068 2539 2319 2593 acerbum
2354 2541 2673 2595 elliciebant.
2706 2542 2774 2594 At
2815 2544 2989 2597 bonus
3017 2542 3179 2610 Deus,
3227 2545 3392 2600 mise-

1857 2627 2087 2680 ricordia
2133 2636 2186 2683 et
2226 2630 2638 2684 mansuetudine
2685 2629 2875 2694 dives,
2931 2646 3121 2687 rursus
3171 2633 3391 2687 saluauit

1855 2733 1941 2771 eos
1981 2726 2188 2785 propter
2228 2734 2413 2772 nomen
2447 2735 2632 2782 suum,
2672 2728 2729 2773 ut
2770 2728 2947 2774 notam
2986 2721 3176 2790 faceret
3211 2734 3391 2791 potent--

1856 2807 1983 2859 tiam
2034 2822 2216 2869 suam;
2254 2822 2322 2860 ne
2366 2807 2519 2876 impii
2566 2808 2849 2863 dicerent:
2885 2808 2983 2863 Ubi
3028 2820 3105 2864 est
3142 2810 3279 2865 Deus
3303 2829 3392 2867 eo-

1853 2897 2059 2948 rum"?
2087 2895 2210 2951 Ideo
2250 2896 2384 2965 ipsis
2422 2898 2646 2952 salutem
2706 2906 2836 2953 tunc
2895 2900 3154 2969 impertiit
3185 2921 3199 2956 :
3230 2904 3392 2957 undi-

1855 2999 1960 3052 que
1982 2984 2101 3037 illos
2131 2984 2197 3038 ad
2223 2987 2448 3039 salutem
2483 2986 2827 3053 compellens.
2860 2988 2937 3040 Illi
2963 2996 3139 3042 autem
3171 2990 3295 3043 victi
3322 2991 3390 3044 ad

1855 3074 2125 3127 modicum
2178 3083 2387 3141 tempus
2429 3076 2607 3128 verbis
2661 3076 2779 3142 ejus
2827 3076 3193 3143 crediderunt,
3240 3091 3390 3146 post-

206 3168 405 3227 αὖτοὺς
452 3165 785 3216 συνελαύνων
828 3167 917 3217 ἐπὶ
967 3167 1052 3237 τὴν
1085 3169 1354 3237 σωτηρίαν
1385 3170 1577 3224 αὐτῶν.
1614 3173 1672 3223 Ol
1698 3171 1754 3224 δέ

1862 3178 2011 3233 quam
2043 3177 2190 3215 mare
2208 3161 2445 3216 Rubrum
2473 3162 2813 3215 transierant.
2936 3212 2943 3217 .

205 3255 521 3325 νικηθέντες
560 3254 693 3323 πρὸς
740 3256 836 3322 μὲν
874 3254 1047 3322 ὀλίγον
1080 3256 1398 3310 ἐπίστευσαν
1437 3262 1545 3322 τοῖς
1579 3259 1756 3327 λόγοις
1786 3252 1968 3314 αὑτοῦ,
1993 3251 2285 3313 διελθόντες
2302 3252 2400 3320 τὴν
2443 3251 2702 3321 Ἐρυθρὰν
2732 3251 3019 3306 θάλασσαν.

274 3345 385 3398 Καὶ
433 3343 753 3409 ἐπετίμησε
795 3342 863 3410 τῇ
906 3344 1141 3411 Ἐρυθρᾷ
1188 3347 1494 3414 θαλάσσῃ,
1538 3350 1632 3401 καὶ
1668 3348 1755 3411 ἐξ·

204 3434 460 3501 ηράνθη,
504 3432 601 3483 καὶ
644 3431 953 3501 ὡδήγησεν
983 3436 1198 3500 αὐτοὺς
1226 3437 1292 3488 ὲν
1312 3438 1554 3504 ἀϐύσσῳ
1584 3440 1661 3503 ὡς
1688 3439 1755 3491 ὲν

200 3524 420 3591 ἐρήμῳ.
480 3522 539 3573 '0
585 3522 905 3591 ἐπιτιμήσας
952 3525 1017 3593 τῇ
1076 3525 1305 3595 Ἐρυθρᾷ
1344 3526 1582 3598 θαλάσσῃ
1621 3529 1751 3579 πᾶσι

200 3615 335 3675 Θεὸς
368 3612 798 3681 ἀνωμολόγηται.
838 3614 899 3665 Ei
934 3612 1023 3666 οὖν
1057 3615 1150 3666 καὶ
1194 3616 1396 3684 Ἰησοῦς
1427 3617 1752 3689 κλονουμένῃ

198 3705 487 3758 ἐπιτάσσει
522 3704 589 3771 τῇ
620 3702 877 3772 θαλάσσῃ,
904 3706 1035 3756 πᾶσι
1057 3702 1185 3766 Θεὸς
1213 3706 1637 3777 ἀνωμολόγηται,
1667 3708 1752 3759 ἵνα

198 3796 264 3847 ἐκ
305 3792 603 3865 τρικυμίας
640 3792 674 3860 ἢ
711 3792 970 3856 κλύδωνος
998 3794 1199 3863 γαλήνη
1243 3795 1478 3866 γένηται.
1520 3796 1647 3860 Θεὸς
1679 3797 1752 3851 ὣν

197 3886 362 3948 αὐτὸς
405 3886 434 3936 6
464 3886 793 3953 ἐπιτιμήσας
830 3887 892 3953 τῇ
934 3885 1164 3956 Ἐρυθρᾷ
1189 3886 1424 3958 θαλάσσῃ
1452 3887 1543 3939 καὶ
1571 3887 1754 3958 ξηραί-

196 3993 303 4027 νων
334 3973 529 4044 αὐτὴν,
560 3973 633 4035 ὡς
664 3973 990 4042 διοδεύσιμον
1022 3975 1188 4044 αὐτὴν
1216 3976 1478 4042 γενέσθαι,
1517 3978 1613 4046 τὴν
1651 3977 1754 4029 πά-

195 4065 284 4116 λαι
312 4063 590 4117 θάλασσαν
618 4063 708 4114 καὶ
736 4063 964 4117 ἄϐυσσον
987 4063 1075 4115 διὰ
1100 4065 1159 4116 τὸ
1183 4064 1293 4116 τῶν
1319 4065 1518 4117 ὑδάτων
1552 4067 1750 4136 πλῆθος

194 4154 342 4206 οὕτω
367 4152 727 4222 καλουμένην.

264 4243 379 4297 Καὶ
417 4242 615 4294 ἔσωσε
657 4242 872 4307 αὐτοὺς
921 4244 987 4294 ἐκ
1035 4244 1226 4310 χειρός
1264 4243 1600 4310 μισοῦντος,
1653 4243 1750 4296 καὶ

192 4331 583 4399 ὲλυτρώσατο
603 4330 817 4395 αὐτοὺς
845 4332 910 4384 ἐκ
936 4334 1127 4399 χειρὸς
1154 4330 1384 4399 ἐχθροῦ.
1424 4331 1749 4401 Ἐκάλυψεν

1925 3340 2085 3395 Vens.
2105 3341 2156 3394 9.
2177 3340 2245 3393 Et
2268 3341 2519 3408 increpuit
2542 3357 2684 3394 mare
2710 3340 2962 3406 Rubrum,
2992 3353 3042 3398 et
3068 3347 3387 3404 exsiccatum

1850 3443 1947 3498 est,
1978 3442 2025 3485 et
2051 3432 2263 3485 deduxit
2287 3448 2372 3485 eos
2390 3435 2444 3484 in
2493 3431 2680 3501 abysso
2734 3438 2870 3487 sicut
2920 3435 2975 3488 in
3025 3436 3244 3492 deserto.
3280 3438 3387 3505 Qui

1851 3522 2117 3588 increpuit
2144 3535 2288 3573 mare
2322 3518 2584 3583 Rubrum,
2622 3521 2688 3574 ab
2721 3522 2971 3578 omnibus
3002 3523 3142 3579 Deus
3170 3526 3384 3583 habitus

1850 3619 1903 3665 et
1925 3612 2223 3665 declaratus
2274 3619 2376 3665 est.
2414 3609 2547 3663 Cum
2605 3627 2734 3681 ergo
2779 3612 2937 3669 Jesus
2994 3616 3193 3686 agitato
3247 3618 3385 3673 mari

1851 3699 2097 3767 imperat.
2140 3699 2276 3768 apud
2299 3713 2484 3754 omnes
2510 3699 2564 3752 in
2615 3700 2863 3756 confesso
2892 3702 2993 3757 fuit
3035 3705 3209 3774 ipsum
3260 3723 3385 3763 esse

1850 3786 2037 3851 Deum,
2071 3794 2129 3840 ut
2177 3804 2242 3842 ex
2281 3796 2595 3857 tempestate
2629 3798 2681 3842 et
2736 3792 2992 3859 procella,
3020 3794 3384 3862 tranquillitas

1848 3877 2153 3933 exsisteret.
2212 3877 2357 3932 Idem
2395 3878 2593 3947 quippe
2641 3878 2783 3933 Deus
2824 3889 2907 3935 est
2964 3884 3055 3951 qui
3088 3885 3384 3953 increpavit

1848 3982 1995 4022 mare
2026 3967 2268 4021 Rubrum
2291 3977 2343 4021 et
2366 3970 2657 4024 exsiccavit
2684 3970 2834 4031 illud,
2870 3970 2944 4023 ita
2972 3981 3031 4025 ut
3066 3977 3381 4042 pertransiri

1847 4068 2030 4126 posset
2060 4058 2133 4121 id,
2194 4059 2336 4125 quod
2380 4059 2507 4113 olim
2552 4059 2623 4113 ob
2665 4060 3061 4116 multitudinem
3123 4077 3381 4132 aquarum

1848 4161 1994 4200 mare
2020 4156 2072 4199 et
2094 4147 2320 4216 abyssus
2340 4147 2652 4202 vocabatur.

1919 4235 2075 4290 Vnus.
2112 4238 2199 4301 10,
2226 4238 2311 4292 li.
2344 4237 2415 4290 Et
2433 4238 2652 4291 saluauit
2680 4254 2765 4291 eos
2785 4237 2848 4293 de
2869 4254 3031 4294 manu
3064 4241 3304 4305 odientis,
3330 4254 3381 4298 et

1844 4329 2059 4381 redemit
2078 4344 2164 4381 eos
2188 4329 2251 4382 de
2276 4345 2432 4381 manu
2464 4329 2679 4381 inimici.
2709 4329 2922 4396 Operuit
2956 4349 3095 4402 aqua
3122 4334 3381 4390 tribulan-

189 4420 356 4486 ὕδωρ
390 4416 537 4479 τοὺς
580 4418 887 4483 θλίϐοντας
927 4419 1162 4483 αὐτοὺς,
1206 4415 1292 4483 εἷς
1322 4420 1387 4483 ἐξ
1414 4418 1607 4474 αὐτῶν
1637 4424 1747 4491 οὐχ

1862 4432 1918 4471 es
1944 4434 2052 4482 eos,
2078 4434 2210 4471 unus
2239 4433 2304 4471 ex
2334 4418 2406 4471 eis
2437 4434 2538 4471 non
2567 4420 2831 4472 remansit.
2856 4419 3070 4485 Quaerat
3089 4425 3378 4494 quispiam,

186 4508 555 4573 ὑπελείφθη.
595 4508 808 4577 Ζητήσῃ
840 4525 921 4569 τις
964 4508 1027 4560 ἂν
1057 4510 1178 4580 περὶ
1205 4509 1309 4561 τῶν
1335 4511 1629 4581 ἐπιμίκτων
1654 4513 1747 4565 Αἰ-

1862 4506 1911 4561 le
1933 4508 2254 4576 promiscuis
2304 4505 2573 4579 Egyptiis
2600 4508 2692 4577 qui
2738 4523 2886 4563 mare
2941 4514 3291 4576 transierunt,
3324 4520 3379 4567 et

188 4596 468 4667 γυπτίων,
497 4592 603 4645 τῶν
629 4594 935 4647 διελθόντων
964 4596 1058 4666 τὴν
1089 4596 1373 4659 θάλασσαν,
1421 4600 1510 4652 καὶ
1543 4602 1620 4663 είς
1648 4600 1747 4672 τὴν

1862 4612 1953 4652 ma
1981 4613 2103 4652 cum
2132 4599 2327 4668 populo
2365 4600 2419 4651 in
2463 4598 2677 4653 deserto
2730 4599 3106 4655 versabantur.
3143 4603 3241 4656 Cui
3289 4618 3377 4658 re-

190 4688 404 4756 ιιρημον
429 4682 546 4749 ἅμα
569 4681 645 4751 τῷ
670 4681 779 4751 λαῷ
803 4683 1119 4751 γενομένων.
1151 4684 1288 4754 Πρὸς
1311 4685 1367 4737 ὃν
1390 4688 1633 4757 ἐροῦμεν,
1662 4690 1742 4741 ὅτι

1862 4689 2252 4757 ῳοηάεὺίιιιυε,
2281 4703 2375 4742 eos
2417 4702 2524 4742 non
2581 4703 2645 4742 ex
2687 4703 2913 4742 numero
2963 4692 3378 4760 opprimentium

193 4775 271 4844 μὴ
299 4771 414 4825 τῶν
449 4769 734 4821 θλιϐόντων
768 4765 902 4838 ἦσαν
948 4772 1036 4821 τὸν
1081 4772 1308 4841 Ἰσραήλ.
1364 4775 1495 4844 Περὶ
1540 4778 1595 4828 δὲ
1639 4777 1744 4830 τῶν

1862 4779 2095 4832 lsraelem
2146 4777 2330 4832 fuisse.
2365 4777 2439 4832 De
2489 4778 2866 4832 tribulantibus
2941 4788 3119 4835 autem
3176 4781 3380 4834 dictum

189 4863 489 4916 θλιϐόντων
518 4859 697 4929 εἴρητο
719 4860 797 4922 τὸ,
828 4854 928 4923 Εἷς
953 4859 1019 4922 ἐξ
1045 4860 1239 4914 αὐτῶν
1267 4866 1375 4931 οὐχ
1398 4867 1741 4935 ὑπελείφθη.

1862 4876 1931 4922 ast
1959 4883 1971 4917 :
2009 4865 2153 4920 Unus
2178 4882 2240 4921 ea:
2266 4868 2339 4920 eis
2373 4884 2474 4921 non
2524 4868 2790 4922 remansit.
2855 4866 3210 4924 Promiscuus
3255 4886 3385 4924 vero

202 4957 262 5010 Ὀ
282 4957 342 5009 δὲ
373 4954 664 5022 ἐπίμικτος
692 4954 815 5015 λαὸς
843 4954 1130 5021 Αἰγύπτιος
1160 4956 1256 5024 μὲν
1280 4952 1367 5025 ἦν,
1400 4958 1662 5013 πιστεύων
1687 4960 1744 5012 δὲ

1862 4954 2096 5024 populus,
2120 4953 2403 5025 Egyptius
2429 4955 2645 5024 quidem
2696 4961 2832 5017 erat,
2860 4953 2962 5005 sed
3012 4968 3138 5007 cum
3187 4954 3388 5022 Moysi.

188 5051 311 5110 ταῖς
338 5043 622 5106 Μωῡσὲως
660 5047 875 5112 φωναῖς,
906 5046 1168 5113 σωτηρίας
1197 5046 1398 5115 ἔτυχεν.

1862 5044 2065 5099 vocibus
2088 5045 2349 5105 crederet,
2386 5046 2613 5098 salutem
2649 5048 2732 5094 est
2753 5048 3112 5094 consecutus.

264 5137 376 5190 Kal
406 5132 778 5186 ἐπίστευσαν
801 5133 879 5198 τῷ
905 5136 1060 5202 λόγῳ
1090 5135 1292 5194 αὐτοῦ,
1324 5136 1417 5187 καὶ
1444 5130 1602 5204 ᾖσαν
1632 5138 1746 5207 τὴν

188 5230 435 5281 αἷνεσιν
478 5223 680 5276 αὑτοῦ.
738 5224 1075 5291 Ἑτάχυναν,
1111 5225 1482 5277 “ὲπελάθοντο
1512 5225 1625 5277 τῶν
1651 5228 1749 5296 ἕρ·-

190 5334 308 5386 γων
353 5311 565 5374 αὑτοῦ,
609 5314 719 5380 οὐχ
767 5313 1084 5380 ὑπέμειναν
1119 5314 1231 5381 τὴν
1265 5312 1504 5378 ,βουλὴν
1536 5316 1740 5370 αὐτοῦ.

190 5408 297 5459 Σὺν
321 5404 401 5474 τῷ
428 5403 633 5472 Μωῦσῇ
659 5402 750 5455 καὶ
782 5402 985 5473 Ἀαρὼν
1012 5402 1106 5473 τὴν
1123 5403 1261 5473 ᾠδὴν
1288 5404 1384 5473 τὴν
1407 5404 1465 5455 ἐν
1488 5405 1550 5475 τῇ
1579 5404 1740 5475 ἐξόδῳ

191 5493 515 5564 παραυτίκα
531 5492 623 5543 καὶ
635 5492 965 5561 παραχρῆμα
988 5492 1281 5560 μεταϐαλλό
1287 5509 1432 5561 μενοι
1456 5493 1736 5561 ἐτάχυναν,

188 5583 525 5636 ἐπελάθοντο
552 5580 656 5634 τῶν
678 5581 847 5650 ἔργων
872 5581 1050 5632 αὑτοῦ.

1902 5131 2073 5187 Jl'taus.
2118 5133 2204 5197 12,
2232 5133 2316 5186 15.
2345 5131 2411 5185 Ει
2442 5130 2771 5186 crediderunt
2798 5128 2957 5180 verba
2980 5127 3118 5193 ejus,
3141 5136 3188 5180 et
3214 5137 3396 5179 canta-

1840 5232 2015 5278 verunt
2066 5222 2271 5275 laudem
2314 5222 2447 5289 ejus.
2471 5220 2621 5275 Cito-
2642 5217 2892 5283 fecerunt,
2926 5214 3089 5266 obliti
3128 5224 3245 5265 sunt
3284 5230 3399 5280 ope-

1840 5330 1955 5367 rum
1984 5312 2117 5380 ejus,
2174 5329 2276 5365 non
2319 5314 2689 5365 sustinuerunt
2746 5304 3038 5359 consilium
3094 5303 3229 5368 ejus.
3270 5300 3407 5355 Cum

1843 5403 2022 5472 Moyse
2065 5410 2118 5455 et
2145 5402 2319 5455 Aaron
2344 5404 2397 5456 in
2418 5403 2566 5457 exitu
2596 5396 2876 5450 canticum
2928 5389 3294 5451 cecinerunt;
3320 5389 3415 5442 sed

1842 5492 2236 5562 quamprimum
2260 5501 2315 5548 et
2362 5493 2547 5549 statim
2575 5485 2872 5549 immutati,
2913 5479 3093 5535 obliti
3134 5485 3262 5533 sunt
3296 5491 3427 5545 ope-

1842 5598 1957 5637 rum
1988 5582 2126 5650 ejus.

262 5700 310 5730 "
348 5695 517 5749 Num.
547 5710 654 5759 xw,
687 5694 737 5746 5.
811 5694 852 5723 '”
894 5692 1057 5748 Exod.
1094 5709 1199 5759 xlv,
1235 5694 1317 5759 ll,
1352 5695 1440 5751 Η.
1513 5695 1558 5727 τ’
1598 5695 1747 5750 Psal.

1862 5711 1914 5751 ιιι
1935 5736 1951 5764 ,
1986 5698 2071 5751 tu.
