3890 6448
279 452 398 507 1517

1296 435 1780 497 COMMENTARIA
1819 435 1886 493 IN
1920 432 2246 493 PSALMOS.

3247 430 3380 488 i318

337 563 432 616 Kal
458 559 813 630 παρώρτισαν
834 558 1014 613 αὐτὸν
1041 557 1134 609 ἐπὶ
1167 556 1376 618 ὕδατος
1408 553 1760 619 ἀντιλογίας,

1927 548 2090 602 Vens.
2125 546 2314 600 32-40.
2342 537 2407 596 Et
2443 542 2774 594 irritaverant
2806 556 2920 594 eum
2949 540 3015 593 ad
3053 550 3239 610 aQuam
3261 558 3384 594 con--

273 653 361 704 xal
386 651 624 717 ἐκακώθη
655 648 908 715 Μωῦσῆς
934 647 1005 698 δι’
1033 645 1266 707 αὐτοὺς,
1298 642 1384 694 ὅτι
1415 641 1762 708 παρεπίκρα-

269 756 372 792 ναν
406 739 466 790 τὸ
509 739 729 806 πνεῦμα
774 735 972 788 αὐτοῦ.
1022 732 1129 785 Kal
1169 732 1492 784 διέστειλεν
1534 730 1602 780 ἐν
1643 728 1764 791 τοῖς

270 831 516 898 χείλεσιν
557 827 752 887 αὑτοῦ,
801 828 907 878 οὐκ
951 821 1394 888 ἐξωλόθρευσαν
1435 822 1504 872 τὰ
1552 818 1690 882 ἔθνη
1725 818 1764 868 ᾶ

266 913 382 971 εἶπε
405 918 601 983 Κύριος
623 913 836 978 αὐτοῖς.
867 911 972 965 Kal
1001 911 1285 979 ἐμίγησαν
1305 910 1372 961 ἐν
1399 907 1520 972 τοῖς
1545 908 1761 971 ἔθνεσι,

264 1009 350 1060 καὶ
371 1006 574 1074 ἔμαθον
598 1006 669 1057 τὰ
686 1005 824 1072 ἔργα
846 1001 1056 1063 αὐτῶν,
1081 999 1176 1053 καὶ
1199 998 1624 1051 ἐϐουλεύσαντο
1645 995 1765 1057 τοῖς

260 1096 523 1164 γλυπτοῖς
549 1093 759 1156 αὐτῶν,
793 1092 888 1144 καὶ
912 1089 1154 1160 ἐγενήθη
1179 1087 1376 1150 αὐτοῖς
1401 1089 1485 1150 είς
1510 1085 1766 1136 σκάνδα-

257 1189 378 1238 λον.
411 1184 512 1237 Kal
534 1183 757 1236 ἔθυσαν
781 1182 918 1245 τοὺς
946 1180 1109 1243 υἱοὺς
1135 1177 1326 1231 αὐτῶν
1352 1175 1444 1228 καί
1474 1174 1576 1238 τὰς
1603 1176 1766 1239 θυγα-

257 1273 419 1340 τέρας
453 1271 642 1324 αὐτῶν
678 1270 798 1335 τοῖς
835 1263 1166 1336 δαιμονίοιςζ
1217 1265 1316 1320 Kal
1349 1261 1590 1330 ἐξέχεαν
1628 1256 1767 1328 αἷμα

255 1360 455 1420 ἀθῶον,
479 1355 615 1427 αἷμα
640 1357 780 1411 υἱῶν
807 1355 998 1409 αὐτῶν
1028 1355 1124 1408 καὶ
1159 1352 1500 1422 θυγατέρων,
1526 1343 1610 1401 ὧν
1631 1351 1760 1403 ἐθυ-

256 1465 369 1501 σαν
402 1448 517 1512 τοῖς
541 1446 820 1516 γλυπτοῖς
852 1441 1102 1497 Χαναάν.
1134 1443 1237 1495 Kal
1266 1441 1698 1508 ἐφονυκτονηθη
1727 1436 1764 1504 ἡ

253 1537 324 1604 γῆ
367 1537 432 1588 ἐν
461 1536 578 1601 τοῖς
609 1533 832 1603 αἵμασι,
881 1533 976 1585 καί
1021 1529 1258 1598 ἐμιάνθη
1310 1529 1377 1580 ἐν
1420 1527 1540 1591 τοῖς
1579 1526 1768 1594 ἔργοις

255 1623 461 1684 αὐτῶν,
490 1623 582 1675 καὶ
625 1621 988 1687 ἐπόρνευσαν
1021 1617 1118 1669 ἐπὶ
1158 1616 1278 1680 τοῖς
1317 1614 1770 1682 ἐπιτηδεύμασιν

253 1711 462 1764 αὐτῶν.
504 1711 607 1763 Kal
633 1708 882 1777 ὠργίσθη
912 1705 1069 1774 θυμῷ
1101 1706 1308 1773 Κύριος
1345 1706 1440 1757 ἐπὶ
1479 1703 1582 1756 τὸν
1620 1701 1770 1755 λαὸν

254 1800 450 1863 αὑτοῦ,
468 1801 558 1851 καὶ
575 1797 918 1860 ἐϐδελύξατο
941 1796 1052 1862 τὴν
1070 1795 1462 1862 κληρονομίαν
1483 1792 1681 1844 αὐτοῦ.
1703 1791 1765 1841 Ei

1863 641 2207 703 tradictionis,
2242 643 2290 689 et
2331 645 2540 690 vexatus
2574 643 2649 686 est
2686 631 2887 700 Moyses
2909 642 3110 699 propter
3128 648 3232 693 eos,
3264 631 3386 698 quia

1860 731 2287 785 exacerbaverunt
2328 726 2568 795 spiritum
2602 721 2835 793 ejus.|Et
2880 721 3120 772 distinxit
3155 722 3208 772 in
3235 721 3385 773 labiis

1861 827 1992 885 suis,
2016 839 2115 875 non
2136 817 2550 887 disperdiderunt
2582 822 2775 884 gentes,
2801 827 2930 881 quas
2964 810 3098 862 dixit
3135 809 3387 862 Dominus

1861 913 1990 968 illis.
2040 910 2107 963 Et
2138 910 2393 962 commisti
2438 914 2557 959 sunt
2602 905 2736 958 inter
2765 912 2957 972 gentes,
3004 911 3052 954 et
3100 901 3389 953 didicerunt

1863 1017 2012 1068 opera
2035 1014 2232 1061 eorum,
2265 1007 2312 1050 et
2349 997 2629 1048 servierunt
2659 990 2980 1059 sculptilibus
3015 1000 3210 1050 eorum,
3237 997 3284 1039 et
3305 988 3389 1052 [a-

1863 1103 1998 1144 ctum
2026 1101 2100 1143 est
2127 1088 2233 1141 illis
2272 1089 2324 1140 in
2354 1085 2678 1140 scandalum.
2714 1083 2777 1135 Et
2823 1081 3212 1134 immolaverunt
3251 1079 3390 1146 ﬁlios

1863 1198 1982 1234 suos
2024 1190 2071 1232 et
2101 1179 2238 1247 filias
2270 1190 2392 1229 suas
2433 1173 2724 1227 daemoniis.
2763 1170 2830 1223 Et
2868 1169 3156 1238 e/fuderunt
3183 1169 3394 1238 sangui-

1863 1285 1976 1324 nem
2003 1270 2338 1327 innocentem,
2370 1263 2668 1331 sanguinem
2686 1261 2913 1329 ﬁliorum
2944 1273 3153 1310 suorum
3181 1269 3227 1309 et
3251 1257 3392 1324 ﬁlia-

1865 1377 1979 1412 rum
2016 1370 2249 1415 suarum,
2292 1369 2421 1422 quas
2460 1349 2881 1418 sacriﬁcaverunt
2913 1345 3234 1413 sculptilibus
3255 1342 3393 1396 Cha-

1865 1465 2022 1502 naan.
2052 1443 2119 1498 Et
2157 1445 2346 1512 infecta
2375 1453 2448 1495 est
2482 1451 2619 1494 terra
2649 1440 2700 1491 in
2742 1437 3096 1506 sanguinibus,
3138 1443 3185 1487 et
3220 1443 3395 1485 conta—
3439 1427 3451 1446 ‘

1865 1540 2063 1590 minata
2106 1536 2260 1595 est.in
2307 1531 2540 1600 operibus
2584 1545 2784 1592 eorum,
2828 1536 2876 1579 et
2921 1527 3164 1595 fornicati
3192 1533 3309 1577 sunt
3339 1525 3393 1576 in

1867 1621 2309 1680 adiuventionibus
2346 1623 2474 1674 suis.
2505 1619 2571 1672 Et
2607 1621 2774 1671 iratus
2807 1625 2881 1670 est
2922 1617 3095 1684 furore
3139 1613 3392 1667 Dominus

1865 1717 1920 1769 in
1968 1717 2208 1783 populum
2257 1726 2425 1773 suum,
2475 1722 2521 1764 et
2565 1707 2895 1760 abominatus
2939 1715 3014 1759 est
3044 1704 3393 1758 Itwreditatcm

1867 1822 2036 1860 suam.
2071 1804 2128 1858 Si
2159 1808 2372 1872 propter
2399 1802 2510 1855 haec
2543 1800 2720 1854 omnia
2754 1796 3092 1851 abominatus
3120 1802 3201 1848 est
3227 1794 3396 1847 haere-

251 1887 336 1940 διὰ
352 1887 519 1938 ταῦτα
547 1885 718 1937 πάντα
751 1881 1056 1944 ἐδδελύξατο
1078 1881 1170 1951 τὴν
1203 1879 1551 1950 κληρονομίαν
1582 1875 1763 1939 αὑτοῦ,

1873 1896 2079 1948 ditatem
2110 1908 2280 1956 suam,
2316 1907 2412 1944 cur
2443 1905 2604 1958 supra
2646 1889 2844 1942 dictum
2877 1890 2980 1950 est,
3005 1885 3084 1937 Ad
3124 1883 3394 1937 videndum

253 1977 366 2038 πῶς
396 1972 644 2044 ἀνωτέρω
667 1973 892 2043 εἴρηται·
927 1972 1032 2024 Τοῦ
1058 1971 1201 2024 ιδεῒν
1229 1971 1296 2022 ἐν
1323 1969 1393 2036 τῇ
1418 1971 1770 2037 χρηστότητι

249 2065 364 2118 τῶν
402 2063 693 2118 ἐκλεκτῶν
733 2080 866 2128 σου,
914 2063 1018 2115 τοῦ
1060 2060 1452 2128 εὐφρανθῆναι
1486 2059 1552 2111 ἐν
1581 2057 1653 2124 τῇ
1678 2059 1772 2110 εὑ·-

251 2157 516 2223 φροσύνη
554 2155 658 2207 τοῦ
697 2155 906 2217 ἔθνους
937 2169 1069 2212 σου,
1108 2151 1211 2204 τοῦ
1246 2149 1600 2202 ἐπαινεῖσθαι
1627 2146 1774 2216 μετὰ

248 2247 354 2312 τῆς
385 2245 779 2312 κληρονομίας
806 2260 918 2295 σου
941 2258 958 2304 ;
994 2241 1149 2293 Ἀλλὰ
1174 2242 1274 2310 ὅρα
1301 2243 1347 2292 εί
1374 2240 1446 2309 μὴ
1475 2239 1656 2306 σαφῶς
1683 2238 1774 2290 καὶ

247 2336 344 2404 τὴν
389 2333 760 2402 βδελυχθεῖσαν
807 2330 1155 2400 κληρονομίαν
1201 2329 1292 2381 τοῦ
1346 2329 1600 2397 προτέρου
1648 2325 1773 2378 λαοῦ

246 2423 583 2494 παρέστησεν
630 2424 658 2472 ὁ
695 2421 865 2488 λόγος,
905 2421 997 2472 καὶ
1035 2419 1160 2488 περὶ
1199 2418 1386 2487 ἐτέρας
1425 2414 1776 2485 κληρονομίας

246 2511 507 2575 θεσπίζει,
537 2510 614 2573 ὡς
645 2511 736 2562 καὶ
763 2512 887 2580 περὶ
916 2511 1096 2580 ἐτέρου
1128 2509 1253 2563 λαοῦ
1287 2509 1399 2578 μεθ’
1428 2502 1500 2561 ὧν
1532 2506 1776 2576 εὔχεσθαι

246 2601 713 2673 καταριθμηθῆναι
734 2600 982 2652 διδάσκει.

313 2694 422 2746 Kal
456 2689 794 2757 παρέδωκεν
820 2688 1033 2751 αὐτοὺς
1061 2686 1145 2752 είς
1181 2685 1376 2755 χεῖρας
1408 2683 1647 2752 ἐχθρῶν,
1681 2683 1777 2734 καὶ
1843 2709 1848 2714 ι

244 2781 605 2848 ἐκυρίευσαν
635 2776 827 2830 αὐτῶν
854 2779 905 2828 οὶ
929 2775 1241 2843 μισοῦντες
1275 2776 1507 2839 αὐτούς.
1557 2774 1627 2825 Οὐ
1672 2789 1778 2825 πα-

249 2871 500 2940 ραδίδωσι
527 2867 584 2920 δὲ
613 2866 812 2936 Κύριος
832 2865 919 2917 τὸν
947 2865 1068 2916 λαὸν
1097 2864 1276 2926 αὑτοῦ,
1299 2863 1392 2916 ἐὰν
1425 2859 1498 2932 μὴ
1525 2862 1779 2932 πρότερον

245 2958 564 3028 βδελύξηται
593 2955 767 3007 αὐτόν’
804 2949 1137 3022 βδελύσσεται
1163 2951 1216 3006 δέ
1241 2952 1396 3005 αὐτὸν
1424 2951 1508 3004 διὰ
1537 2950 1632 3012 τὰς
1654 2965 1782 3018 προ-

240 3047 575 3118 λελεγμένας
605 3042 843 3113 πράξεις.
889 3043 1129 3095 Ἐπειδὰν
1166 3043 1220 3094 δὲ
1257 3045 1285 3094 ὀ
1317 3041 1510 3110 Κύριος
1540 3038 1778 3108 παραδῷ,

1868 1984 1920 2036 in
1943 1983 2168 2036 bonitate
2188 1982 2460 2034 electorum
2490 1989 2716 2040 tuorum,
2749 1977 2814 2029 ad
2838 1975 3115 2029 lwtandum
3143 1975 3192 2025 in
3212 1973 3396 2025 la'titia

1867 2074 2030 2142 gentis
2063 2082 2184 2133 ιιιω,
2202 2079 2258 2121 ut
2290 2067 2514 2121 lauderis
2544 2085 2658 2120 cum
2687 2065 2988 2119 hazreditate
3016 2065 3143 2117 tua?
3169 2063 3236 2114 At
3273 2077 3394 2130 per-

1871 2165 2040 2233 pende
2081 2177 2206 2214 num
2245 2168 2424 2229 aperte
2469 2175 2643 2213 sermo
2684 2156 3040 2210 abominatam
3082 2153 3272 2222 prioris
3300 2165 3394 2219 po-

1871 2255 1982 2322 puli
2029 2253 2389 2306 liaereditatem
2429 2249 2678 2307 declaret,
2727 2261 2788 2299 ac
2820 2246 2886 2300 de
2939 2245 3041 2298 alia
3087 2243 3394 2297 haereditate

1872 2343 2219 2406 vaticinatur;
2251 2349 2309 2394 ut
2340 2347 2394 2394 et
2429 2339 2494 2392 de
2530 2339 2635 2390 alio
2667 2337 2862 2406 populo
2890 2337 3107 2405 quicum
3137 2345 3394 2387 annume-

1873 2431 1980 2484 rari
2008 2430 2299 2500 optandum
2326 2443 2446 2484 esse
2469 2427 2642 2482 docet.

1943 2684 2106 2741 Vsus.
2130 2683 2310 2739 "-45.
2339 2684 2404 2737 Et
2433 2683 2648 2738 tradidit
2667 2701 2753 2738 eos
2773 2685 2826 2738 in
2847 2700 3029 2738 manus
3050 2682 3393 2748 inimicorum,

1876 2788 1924 2831 et
1953 2777 2205 2831 dominati
2227 2784 2345 2828 sunt
2373 2791 2548 2827 eorum
2591 2775 2677 2842 qui
2706 2773 2918 2827 oderunt
2944 2790 3051 2827 eos.
3091 2773 3206 2826 Non
3237 2774 3399 2827 tradit

1877 2866 2136 2921 Dominus
2184 2864 2437 2932 pupulum
2486 2877 2665 2926 suum,
2712 2863 2815 2916 nisi
2870 2864 3019 2932 prius
3069 2863 3400 2915 abominetur

1878 2958 2054 3026 ipsum
2102 2975 2116 3009 :
2163 2956 2336 3023 ipsum
2387 2964 2561 3006 autem
2615 2954 2951 3006 abominatur
3003 2953 3070 3007 ob
3111 2959 3399 3006 memorata

1879 3056 2060 3110 opera.
2090 3040 2224 3094 Cum
2268 3045 2444 3092 autem
2489 3039 2601 3103 ipse
2641 3036 2896 3092 Dominus
2939 3039 3236 3102 tradiderit,
3279 3041 3402 3108 quis

240 3136 326 3198 τίς
360 3135 422 3187 οὐ
453 3131 674 3185 δύναται
705 3128 811 3181 τῶν
847 3129 1005 3182 αὐτοῦ
1038 3127 1365 3197 κυριεύσειν;
1397 3127 1506 3178 Kal
1531 3127 1776 3193 ἐθλιψαν

1881 3146 1988 3184 non
2043 3129 2214 3197 possit
2248 3128 2456 3195 populis
2486 3127 2550 3179 ad
2591 3127 2764 3195 ipsum
2811 3123 3198 3195 pertinentibus
3231 3128 3401 3182 domi-

237 3195 469 3289 αυτ-οὺς
494 3225 550 3276 ol
579 3220 771 3289 ἐχθροὶ
799 3215 1009 3281 αὐτῶν,
1047 3195 1141 3272 καί
1170 3217 1639 3284 ἐταπεινώθησαν
1668 3215 1776 3267 ὑπὸ

1881 3220 2038 3274 nari?
2070 3219 2137 3272 Et
2171 3218 2541 3271 tribulaverunt
2585 3233 2667 3269 eos
2699 3215 2893 3270 inimici
2931 3234 3128 3280 eorum,
3155 3227 3202 3271 et
3233 3219 3405 3271 Immi-

238 3318 351 3380 τὰς
383 3312 595 3382 χεῖρας
628 3308 835 3361 αὐτῶνθ
877 3302 1188 3369 πλεονάκις
1227 3305 1508 3372 ἐρρύσατο
1548 3303 1781 3366 αὐτούς.

234 3403 422 3460 Αὐτοὶ
455 3400 528 3453 δὲ
571 3396 1006 3464 παρεπίκραναν
1039 3393 1218 3446 αὐτὸν
1255 3393 1322 3444 ὲν
1348 3392 1420 3460 τῇ
1454 3391 1652 3459 βουλῇ
1680 3392 1785 3443 αὑ-

236 3495 384 3558 τῶν,
421 3489 526 3544 καὶ
557 3484 1026 3550 ἐταπεινώθησαν
1056 3483 1122 3534 ἐν
1142 3482 1268 3546 ταῖς
1288 3482 1552 3549 ἀνομίαις
1574 3479 1784 3534 αὐτῶν.

233 3586 416 3646 Αὐτὸς
460 3581 587 3650 μὲν,
622 3577 799 3646 φησὶν,
835 3572 1072 3644 ἐρρύετο,
1110 3571 1336 3642 χρηστὸς
1377 3569 1450 3623 ὣν
1485 3573 1660 3632 αὐτοῖς
1697 3570 1788 3622 καὶ

233 3675 452 3742 γλυκὺς
489 3666 798 3736 γενόμενος·
828 3664 876 3716 οἱ
906 3663 960 3714 δὲ
991 3661 1413 3731 παρεπίκραναν,
1449 3661 1636 3730 πικρὸν
1667 3660 1790 3711 ἐαυ-

230 3766 352 3825 τοῖς
396 3758 688 3816 ποιοῦντες
731 3752 905 3806 αὐτόν·
947 3753 1036 3803 καὶ
1077 3751 1232 3803 πάλιν
1274 3746 1428 3812 αὐτὸς
1473 3748 1668 3810 ἔσωζεν
1707 3743 1792 3799 οἷα

234 3854 455 3920 σωτήρο
495 3847 548 3898 οἱ
588 3845 644 3896 δὲ
685 3841 1006 3905 ἀπώλλυντο,
1051 3841 1226 3910 ἔργοις
1268 3839 1532 3901 ἀπωλείας
1574 3841 1792 3901 ἑαυτοὺς

231 3937 686 4012 περιπείροντες·
719 3931 810 3984 καὶ
847 3930 997 3982 τοῦτο
1041 3930 1317 3992 πλεονάκις
1348 3929 1568 3997 ἐγίνετο,
1601 3929 1702 3991 ἓως
1733 3920 1792 3982 οὗ

228 4031 398 4084 αὐτοὶ
423 4023 661 4084 ἑαυτοὺς
687 4020 1045 4073 ἐταπείνωσαν
1073 4023 1128 4074 ἐν
1153 4022 1267 4082 ταῖς
1295 4020 1469 4072 αὐτῶν
1494 4019 1753 4089 ἀνομίαις.

302 4118 426 4172 Kal
469 4111 603 4167 εἶδε
627 4113 834 4177 Κύριος
858 4111 924 4162 ἐν
947 4109 1023 4174 τῷ
1053 4111 1348 4164 θλίϐεσθαι
1369 4107 1599 4172 αὐτοὺς,
1625 4110 1691 4161 ἐν
1717 4109 1794 4173 τῷ

225 4207 433 4262 αὑτὸν
459 4199 817 4256 εἰσακοῦσαι
847 4198 952 4266 τῆς
975 4199 1228 4267 δεήσεως
1256 4198 1464 4252 αὐτῶν.
1496 4198 1601 4250 Καὶ
1621 4197 1793 4266 ἐμνή-

226 4302 359 4364 σθη
390 4293 514 4360 τῆς
545 4290 827 4355 διαθήκης
854 4289 1054 4350 αὑτοῦ,
1088 4289 1182 4340 καὶ
1211 4283 1533 4356 μετεϐλήθη
1558 4288 1701 4339 κατὰ
1731 4303 1776 4337 τι

1896 4285 1994 4353 fuit
2024 4287 2311 4337 testamenti
2345 4286 2447 4348 sui,
2476 4295 2524 4338 et
2555 4285 2788 4352 paenituit
2821 4301 2934 4337 eum
2967 4289 3244 4341 secundum
3283 4291 3417 4343 ntul-

223 4386 492 4452 πλῆθος
517 4379 633 4431 τοῦ
658 4377 860 4441 ἐλέους
885 4377 1084 4430 αὑτοῦ.
1114 4377 1219 4429 Kal
1249 4377 1462 4429 ἔδωκεν
1481 4376 1695 4440 αὐτοὺς
1713 4377 1776 4441 είς

1899 4374 2167 4427 titudinem
2197 4375 2561 4426 misericordia
2597 4389 2722 4426 suat.
2754 4371 2820 4425 El
2859 4374 2994 4428 dedit
3021 4393 3106 4430 eos
3145 4379 3196 4431 in
3223 4380 3420 4432 miseri-

224 4467 608 4538 οὶκτιρμοὺς
655 4465 923 4516 ἐναντίον
971 4464 1201 4516 πάντων
1252 4463 1366 4517 τῶν
1412 4467 1776 4534 αίχμαλωτευ

1873 4463 2099 4524 ,εοτάίαε
2143 4462 2196 4514 in
2230 4472 2495 4528 conspectu
2537 4463 2764 4514 omnium
2795 4465 2882 4530 qui
2913 4477 3145 4532 ceperant
3171 4484 3276 4522 eos.
3307 4467 3420 4522 Hoc

220 4561 497 4615 σάντων
528 4551 770 4614 αὐτούς.
808 4551 914 4602 Καὶ
941 4551 1093 4602 τοῦτο
1115 4551 1423 4620 ἐπληροῦτο,
1447 4551 1531 4603 ὅτε
1559 4552 1776 4604 ἐνέϐαλε·

1901 4552 2237 4620 implebatur,
2267 4549 2476 4620 quando
2523 4550 2740 4602 immisit
2788 4551 2934 4606 Deus
2962 4555 3016 4606 in
3062 4569 3156 4608 cor
3181 4555 3304 4626 Cyri
3335 4573 3420 4611 re-

222 4655 254 4703 ὁ
279 4647 431 4708 Θεὸς
458 4644 550 4703 είς
572 4640 670 4708 τὴν
692 4640 911 4710 καρδίαν
932 4639 1109 4709 Κύρου
1137 4639 1225 4692 τοῦ
1251 4641 1522 4710 βασιλέως,
1549 4643 1640 4695 καὶ
1670 4659 1776 4711 μετε

1901 4640 2003 4707 gis,
2032 4648 2084 4692 et
2116 4646 2297 4708 postea
2327 4637 2469 4689 Darii
2499 4644 2552 4690 et
2589 4639 2922 4703 Artaxerxis,
2965 4648 3022 4694 ut
3049 4656 3170 4695 cum
3197 4642 3420 4698 Judaica

219 4739 419 4791 ταῦτα
467 4727 709 4797 Δαρείου
750 4729 840 4804 καὶ
880 4728 1222 4798 Ἀρταξέρξου
1250 4729 1629 4798 φιλανθρώπως
1668 4730 1776 4799 χρή·

1901 4736 2056 4796 gente
2082 4727 2302 4794 benigne
2326 4733 2560 4792 agerent,
2589 4724 2884 4780 secundum
2920 4744 2981 4782 ea
3009 4745 3125 4797 quae
3157 4731 3210 4783 in
3239 4729 3422 4785 Esdrze

221 4825 451 4882 σασθαι
479 4817 572 4886 τῷ
617 4815 874 4869 Ἰουδαίων
899 4815 1055 4878 ἔθνει,
1079 4817 1213 4868 κατὰ
1237 4817 1301 4868 τὰ
1327 4820 1382 4868 ἐν
1409 4821 1473 4886 τῇ
1505 4819 1683 4886 Γραφῇ
1711 4820 1776 4869 τοέ

1903 4817 2176 4884 Scriptura
2201 4816 2462 4868 feruntur.
2487 4813 2626 4878 Quin
2651 4816 2810 4868 etiam
2853 4833 2995 4872 nunc
3043 4818 3284 4873 Romano
3329 4820 3423 4873 im-

223 4914 464 4982 Ἐσδρα
500 4923 576 4975 φε
588 4906 802 4974 ρόμενα.
843 4905 996 4957 Ἀλλὰ
1019 4906 1109 4958 καὶ
1134 4907 1299 4958 εἰσέτι
1323 4904 1415 4957 νῦν
1444 4907 1507 4974 τῇ
1531 4907 1668 4975 ἀρχῇ
1698 4907 1776 4958 τῶη

1901 4907 2049 4978 porio
2091 4912 2337 4974 parentes
2377 4905 2835 4969 miserationibus,
2883 4907 2992 4961 Deo
3030 4917 3278 4973 auctore,
3327 4910 3424 4964 do-

234 4999 568 5072 Ῥωμαίων
605 4993 933 5056 δουλεύοντες
960 4996 1015 5046 ἐν
1041 4996 1331 5063 οίκτιρμοῖς
1357 4994 1687 5061 τυγχάνουσι,
1711 4996 1776 5045 τοί

1905 5003 2097 5048 nuntur
2126 5009 2139 5042 :
2175 5009 2279 5046 non
2313 4993 2450 5061 quod
2475 4993 2620 5062 digni
2659 4993 2799 5057 sint;
2830 4995 2923 5048 sed
2953 4995 3021 5048 ob
3047 4996 3424 5050 misericordia:

216 5091 375 5146 Θεοῦ
404 5085 594 5142 τοῦτο
627 5084 803 5146 αὐτοῖς
839 5083 1216 5154 δεδωρημένου·
1257 5084 1350 5151 οὐχ
1383 5084 1461 5135 ὅτι
1485 5079 1619 5152 ἦσαν
1647 5083 1776 5146 ἄξιοι

1905 5085 2020 5150 eius
2049 5082 2482 5150 magnitudinem.
2504 5083 2570 5135 Et
2585 5084 2816 5151 paznituit
2838 5099 2956 5136 eum
2989 5084 3264 5138 secundum
3291 5091 3425 5140 mul-

219 5182 378 5237 ἀλλὰ
409 5177 600 5232 πάλιν
627 5175 710 5228 διὰ
731 5175 790 5228 τὸ
816 5175 1010 5244 πλῆθος
1032 5173 1124 5226 τοῦ
1151 5173 1344 5236 ἐλέους.
1366 5173 1470 5226 Kal
1484 5171 1776 5240 μετεϐλήθτ

1909 5172 2176 5226 titudiuem
2237 5171 2602 5226 misericordia:
2650 5189 2777 5226 suae.
2830 5172 3202 5230 Paenitentiam
3249 5185 3426 5232 autem

217 5269 396 5326 κατὰ
445 5265 524 5320 τὸ
571 5263 801 5331 πλῆθος
829 5263 933 5317 τοῦ
966 5265 1170 5328 ἐλέους
1214 5262 1412 5317 αὐτοῦ.
1448 5261 1776 5330 Μεταμέλεια

1907 5269 2060 5316 vocat
2095 5262 2456 5331 castigationis
2496 5263 2870 5317 cessationem.
2903 5264 3044 5320 Deus
3088 5266 3283 5336 quippe
3309 5283 3427 5336 pte-

219 5360 287 5413 δὲ
325 5355 512 5410 κα.λεῖ
547 5350 654 5418 τῆς
683 5351 923 5414 παιδείας
951 5352 1046 5420 τὴν
1074 5350 1294 5403 παῦλαν.
1333 5349 1390 5400 Ὃ
1421 5349 1526 5418 γὰρ
1559 5348 1682 5410 Θεὸς
1713 5349 1776 5418 τῆ

1908 5349 2142 5405 nitentia:
2170 5350 2413 5404 aﬂ‘ectum
2449 5349 2644 5406 habere
2668 5350 2851 5420 nequit
2885 5371 2899 5406 :
2932 5371 3105 5424 neque
3134 5355 3292 5410 modo
3321 5358 3430 5422 his,

223 5438 646 5519 μεταμελείας
673 5439 769 5491 οὐκ
788 5439 896 5508 ἔχει
922 5440 982 5492 τὸ
1000 5440 1184 5502 πάθος,
1206 5437 1323 5490 οὐδὲ
1350 5436 1440 5489 νῦν
1467 5437 1560 5506 μὲν
1584 5435 1776 5500 τούτοις

1909 5442 2067 5496 modo
2085 5440 2415 5514 illis.placita
2444 5440 2586 5506 edit;
2619 5440 2710 5494 sed
2733 5441 3006 5508 sapienter
3041 5445 3217 5498 omnia
3244 5447 3428 5501 mode-

219 5536 334 5590 νῦν
373 5534 443 5586 δὲ
477 5528 722 5591 ἐκείνοις
748 5530 1051 5600 ἀρέσκεται,
1082 5528 1210 5581 ἀλλὰ
1240 5526 1412 5593 σοφῶς
1443 5528 1644 5581 ἅπαντα
1677 5543 1776 5597 πρυ

1912 5545 2056 5592 rans,
2094 5537 2146 5585 et
2175 5528 2547 5600 castigationes
2591 5529 2814 5594 inducit,
2864 5540 2922 5585 et
2966 5534 3298 5590 clementiam
3345 5549 3434 5591 cn-

218 5620 511 5677 τανεύων
541 5657 558 5684 ,
615 5618 706 5670 καὶ
752 5618 989 5680 παιδείας
1037 5617 1223 5684 ἐπάγει
1274 5615 1364 5668 καὶ
1419 5615 1812 5686 φιλανθρωπίας
1914 5621 2075 5675 bibet.

221 5709 467 5779 ὀρέγει.

1886 3310 2001 3363 liati
2031 3317 2149 3364 sunt
2198 3308 2290 3361 sub
2333 3306 2568 3360 manibus
2615 3320 2789 3358 eorum
2812 3321 2830 3358 :
2853 3323 2988 3374 sirpe
3036 3307 3268 3360 liberavit
3295 3324 3401 3363 eos.

1885 3396 1996 3468 Ipsi
2024 3409 2190 3453 autem
2222 3397 2648 3453 exacerbaverunt
2681 3411 2794 3448 eum
2824 3397 2877 3448 in
2927 3394 3142 3450 consilio
3181 3412 3274 3449 suo
3302 3413 3320 3451 :
3355 3406 3406 3451 et

1884 3488 2140 3541 humiliati
2167 3498 2284 3541 sunt
2316 3482 2368 3538 in
2389 3483 2746 3555 iniquitatibus
2774 3479 2910 3538 suis?
2930 3481 3046 3553 Ipse
3074 3485 3286 3553 quidem
3307 3487 3404 3549 ait,

1885 3579 2057 3632 bonus
2082 3593 2202 3630 cum
2241 3582 2381 3631 esset
2417 3589 2478 3628 ac
2505 3574 2858 3642 mitigaretur,
2894 3574 3148 3628 liberabat
3179 3589 3301 3642 eos;
3330 3575 3406 3628 illi

1885 3683 2011 3722 vero
2035 3666 2486 3721 exacerbaverunt
2511 3678 2652 3728 cum,
2676 3663 2924 3716 acerbum
2962 3663 3062 3718 sibi
3087 3666 3410 3720 constituen-

1887 3765 2010 3810 tes:
2042 3771 2104 3809 ac
2142 3769 2332 3808 rursus
2358 3754 2465 3816 ille,
2497 3761 2680 3820 utpote
2719 3761 2980 3821 servator,
3024 3756 3242 3810 eruebat
3282 3771 3408 3824 eos,

1889 3841 1964 3896 illi
1985 3855 2112 3894 vero
2141 3839 2402 3909 peribunt,
2427 3838 2570 3892 exitii
2597 3839 2848 3907 operibus
2865 3856 2983 3896 sese
3005 3843 3407 3899 confodientes'.

1890 3931 2050 3999 idque
2087 3945 2221 3994 saepe
2248 3928 2444 3982 factum
2471 3937 2572 3994 est,
2595 3929 2764 3984 donec
2796 3945 2853 3984 se
2874 3931 2972 4000 ipsi
2996 3931 3412 4004 bumiliayerunt

1889 4020 1945 4074 in
1983 4019 2353 4087 iniquitatibus
2381 4019 2512 4072 suis.

1960 4107 2122 4161 Vens.
2156 4107 2338 4160 44-46.
2382 4107 2449 4159 Et
2487 4107 2614 4161 vidit
2655 4105 2904 4161 Dominus
2942 4125 3057 4162 cum
3106 4111 3416 4165 tribularen-

1895 4205 1998 4257 tur,
2043 4211 2156 4248 cum
2199 4195 2398 4248 audiret
2439 4197 2841 4263 deprecationem
2883 4214 3080 4251 eorum.
3118 4198 3187 4250 Et
3223 4217 3417 4253 memor
