3890 6414
300 385 422 439 ίῦἒί

1379 376 1870 435 COMMENTAth
1898 364 1972 435 is
2008 375 2341 437 PSALMOS.

3313 387 3446 443 I593

295 496 602 564 συνάγεσθαι
639 497 693 550 δὲ
733 497 824 549 ἐπὶ
852 496 947 567 τῆν
988 496 1240 549 Ἰουδαίαν
1285 495 1405 566 γῆν.
1446 493 1678 547 Τοιαῦτα
1715 494 1786 563 γὰ

1890 549 1893 556 _
1920 494 2230 563 captivitate
2261 494 2585 565 Babylonica
2615 496 2770 551 annis
2800 512 2965 568 prope
2994 498 3158 561 mille,
3190 499 3321 553 nihil
3359 501 3451 551 hn-

294 588 447 639 είσέτι
485 586 573 639 καὶ
611 587 701 639 νῦν
741 587 923 650 παῖδες
962 585 1221 639 Ἰουδαίων
1259 584 1630 651 φαντάζονται.
1676 584 1811 636 Ἀλλ’

291 676 403 728 ἐπεὶ
439 676 509 745 μὴ
536 676 700 729 ταῦτα
725 677 851 747 περὶ
877 676 1069 738 αὐτοὺς
1096 678 1207 737 τοῖς
1245 674 1421 745 ἔργοις
1447 674 1636 744 ὁρᾶται
1650 690 1813 742 χεγε-

291 765 503 835 νημένα,
656 783 753 818 που
788 764 973 835 χιλίοις
1002 765 1163 832 ἐγγὺς
1193 765 1332 817 ἔτεσι
1358 766 1454 834 τῆς
1480 764 1586 817 ἀπὸ
1613 765 1711 835 τῆς
1733 766 1812 827 είς

1912 586 2149 655 jusmodi
2182 587 2231 639 in
2262 587 2473 639 illorum
2497 586 2720 657 gratiam
2753 599 3026 657 peractum
3058 592 3159 656 sit;
3195 597 3362 646 restat
3392 602 3449 643 ut

1904 680 2093 731 rerum
2137 677 2352 730 eventui
2401 676 2514 731 haec
2543 679 2704 731 verba
2749 679 3249 743 accommodemus,
3292 688 3347 733 et
3384 681 3449 733 ad

1906 766 2149 835 gentium
2184 766 2517 843 vocationem
2542 767 2873 836 prephetiam
2911 767 3242 822 reducamus.

287 859 561 912 Βαϐυλῶνα
586 858 947 930 αἰχμαλωσίας
973 860 1146 912 αὐτῶν
1174 858 1390 929 μηδενὸς
1414 858 1645 911 τοιούτου
1674 859 1798 927 περὶ
1822 858 2011 920 αὐτοὺς
2036 858 2377 929 πραχθέντοςο
2420 859 2534 928 ῶρα
2565 861 2629 929 τῇ
2689 858 2794 912 τῶν
2850 858 3178 929 πραγμάτων
3237 859 3449 911 ἐκϐάσει

285 950 402 1012 τοὺς
445 950 628 1017 λόγους
668 950 1035 1020 ἐφαρμόττειν,
1079 949 1170 1002 καὶ
1214 949 1304 1001 ἐπὶ
1346 948 1442 1018 τὴν
1482 948 1590 1001 τῶν
1632 948 1797 1000 ἐθνῶν
1832 947 2017 1017 κλῆσιν
2054 948 2269 1016 ἀνάγειν
2302 948 2398 1018 τὴν
2429 948 2770 1019 προφητείαν.

359 1067 805 1135 Ἐπλανηξθησαν
833 1068 901 1121 ἑν
929 1067 1004 1135 τῇ
1033 1067 1225 1135 ἐρήμῳ
1260 1066 1354 1120 καί
1391 1066 1637 1132 ἀνύδρῳ,
1668 1064 1809 1119 ὀδόν

279 1160 503 1223 πόλεως
534 1160 973 1226 κατοικητηριου
1002 1161 1113 1226 οὐχ
1143 1155 1340 1226 εὗρον·
1377 1156 1689 1221 πεινῶντες
1712 1156 1806 1208 καὶ

276 1246 580 1315 διψῶντες,
626 1250 662 1315 ἡ
712 1248 879 1316 ’Ψυχὴ
918 1247 1112 1301 αὐτῶν
1152 1248 1220 1300 ἑν
1267 1247 1465 1312 αὐτοῖς
1509 1246 1801 1309 ἐξέλιπεν.

286 1337 468 1407 Ἡμεῖς
491 1338 586 1407 μὲν
609 1340 658 1390 οί
680 1330 783 1407 πρὸ
820 1339 914 1407 τῆς
934 1336 1027 1390 τοῦ
1061 1338 1303 1407 Σωτῆρος
1328 1336 1479 1405 ἡμῶν
1505 1334 1804 1397 θεοσεϐείας

274 1430 363 1481 καὶ
388 1431 442 1481 ἐν
463 1427 710 1498 ἀκάρπῳ,
735 1428 942 1497 ἀνύδρῳ
969 1444 1026 1478 τε
1047 1428 1138 1480 καὶ
1158 1427 1331 1495 ἀγόνῳ
1357 1426 1465 1495 ζωῇ
1492 1425 1667 1477 πάλαι
1686 1424 1809 1493 πρόι

273 1533 423 1586 τερον
454 1516 871 1586 πεπλανημένοι,
910 1516 995 1567 ὅτε
1027 1510 1164 1583 ἦμεν
1195 1514 1316 1584 ἔθνη
1355 1514 1539 1580 ἄλογα,
1576 1512 1708 1582 πρὸς
1739 1512 1804 1564 τά

269 1607 459 1660 εἴδωλα
493 1607 560 1659 τὰ
593 1608 775 1674 ἄφωνα
814 1606 1162 1675 ἀπαγόμενοι,
1194 1608 1240 1658 οἱ
1271 1605 1531 1675 μηδέποτε
1565 1603 1678 1655 ὁδὸν
1708 1603 1805 1655 πό-

270 1693 403 1755 λεως
427 1693 834 1761 κατοικητηρίου
858 1692 1121 1761 εὑρόντες
1147 1693 1230 1745 ὅτε
1256 1687 1392 1760 ἦμεν
1422 1688 1683 1760 ἀλλότριοι
1711 1688 1806 1757 τῆς

268 1782 537 1843 πολιτείας
561 1781 651 1833 τοῦ
699 1782 928 1852 Ἰσραὴλ,
960 1782 1145 1833 ἐλπίδα
1173 1782 1245 1851 μὴ
1275 1781 1505 1849 ἔχοντες,
1539 1781 1632 1831 καὶ
1658 1778 1802 1831 ἄθεοι
1837 1764 1874 1817 Β

263 1871 321 1921 ἐν
350 1870 427 1939 τῷ
458 1870 661 1939 κόσμῳδ
713 1872 761 1922 οί
812 1870 1166 1940 μεμισημένοι
1209 1870 1394 1931 πάλαι,
1433 1871 1488 1921 ἐν
1533 1869 1673 1940 λιμῴ
1711 1871 1803 1923 καὶ

260 1958 399 2028 δίψει
424 1959 519 2029 τὴν
545 1959 717 2031 ψυχὴν
742 1961 1098 2023 ἐκλείποντες,
1122 1959 1207 2011 διὰ
1237 1960 1296 2011 τὸ
1322 1958 1641 2029 ἐστερῆσθαι
1669 1958 1803 2027 λογιο

257 2048 360 2119 κῆς
400 2050 492 2101 καὶ
529 2049 848 2119 ἐπουρανίου
890 2051 1089 2119 τροφῆς
1123 2047 1282 2102 ποτοῦ
1320 2066 1377 2101 τε
1416 2051 1799 2119 πνευματικοῦ,

254 2136 391 2189 κατὰ
423 2138 504 2189 τό·
547 2137 954 2201 Ἐξαποστελῶ
989 2141 1061 2191 οὺ
1090 2138 1264 2206 λιμόν
1291 2138 1488 2206 ἄρτου,
1532 2140 1671 2193 οὐδὲ
1715 2141 1805 2192 δί-

249 2230 374 2294 ψαν
406 2227 642 2292 ῦὸατος,
674 2228 837 2281 ἀλλὰ
864 2227 1037 2294 λιμὸν
1068 2228 1172 2280 τοῦ
1202 2228 1452 2281 ἀκοῦσαι
1481 2232 1663 2298 λόγον
1684 2232 1798 2283 Κυ-

247 2316 395 2381 ρίου.
425 2315 537 2367 Kal
569 2315 1051 2380 σαλευθήσονται
1090 2315 1273 2368 ὕδατα
1306 2317 1419 2369 ἀπὸ
1451 2316 1557 2383 τῆς
1581 2317 1799 2370 θαλάσ-

244 2422 363 2471 σης
389 2406 500 2471 ἕως
533 2406 641 2473 τῆς
676 2405 1009 2473 θαλάσσης,
1038 2406 1134 2458 καὶ
1169 2407 1285 2460 ἀπὸ
1308 2404 1497 2473 βορῤἆ
1517 2407 1624 2471 ἕως
1657 2408 1797 2459 ἀνα-

138 2546 141 2547 ,
244 2494 458 2557 τολῶν,
484 2494 977 2563 περιδραμοῦνται
1006 2493 1310 2561 ζητοῦντες
1337 2496 1442 2547 τὸν
1472 2496 1653 2564 λόγον
1680 2499 1796 2548 Κυ-

240 2585 392 2652 ρίου,
446 2585 541 2637 καὶ
576 2587 646 2638 οὐ
678 2584 764 2651 μὴ
812 2584 1053 2650 εὔρωσι⁶
1106 2584 1184 2637 διὸ
1228 2585 1320 2637 καὶ
1367 2586 1422 2637 ἐν
1463 2585 1651 2654 ἐρήμῳ
1691 2585 1795 2637 τῶν

243 2672 451 2742 ἀρετῶν
486 2672 637 2734 ὄντες
668 2671 1040 2741 ἐπλανώμεθα,
1074 2673 1303 2742 ποδηγδν
1330 2674 1417 2724 καὶ
1448 2672 1686 2741 ἡγεμόνα
1720 2672 1794 2743 μὴ

237 2760 474 2830 ἔχοντες,
497 2754 542 2827 ᾧ
564 2760 815 2829 ἑπόμενοι
846 2761 1017 2831 εὑρεῖν
1039 2756 1210 2813 οἷοίτε
1237 2754 1373 2830 ἦμεν
1399 2762 1531 2830 μετὰ
1562 2762 1657 2832 τὴν
1680 2762 1794 2815 ὁδὸν

238 2845 393 2900 πόλιν
426 2843 485 2900 εὖ
520 2846 942 2917 διατεταγμένην
984 2847 1109 2919 ἱερῷ
1150 2848 1317 2918 νόμῳ,
1363 2850 1419 2903 ἐν
1527 2853 1793 2903 κατοικεῖν

237 2937 551 3008 ἠδυνάμεθα
601 2937 677 3007 μὴ
728 2937 1155 3009 ἀναχωροῦντες·
1193 2939 1324 3009 αὕτη
1353 2940 1410 2992 δέ
1451 2941 1594 2994 ἐστιν
1628 2942 1793 3013 ἀρετὴ

235 3030 332 3082 καὶ
361 3028 499 3082 Θεοῦ
528 3028 711 3095 σοφία.
746 3030 851 3082 Kal
879 3028 1203 3095 ἐκέκραξαν
1226 3029 1371 3095 πρὸς
1396 3030 1611 3096 Κύριον
1631 3030 1699 3081 ἐν
1714 3030 1792 3094 τῷ
1817 3071 1858 3129 C

232 3118 545 3170 θλίϐεσθαι
569 3115 807 3180 αὐτοὺς,
837 3118 932 3168 καὶ
955 3116 1022 3167 ἐκ
1050 3115 1164 3167 τῶν
1188 3115 1460 3185 ἀναγκῶν
1482 3117 1677 3170 αὐτῶν
1700 3118 1793 3185 sp.

225 3206 462 3272 ῥύσατο
497 3203 739 3267 αὐτούς.
777 3203 894 3255 Τῶν
939 3203 1104 3255 ἐθνῶν
1148 3202 1394 3255 ἁπάντων
1432 3203 1789 3274 πλανωμένων

228 3295 291 3346 ἐν
312 3296 384 3363 γῇ
413 3294 613 3364 ἐρήμῳ
636 3292 728 3343 καὶ
755 3291 982 3363 ἀνύδρῳ,
1011 3293 1219 3363 καὶτῆς
1237 3293 1411 3362 ψυχῆς
1433 3293 1607 3345 αὐτῶν
1629 3294 1791 3346 ἐκλει-

225 3384 444 3450 πούσης
467 3381 530 3445 ἐξ
556 3381 816 3450 ἀτροφίας
841 3381 1116 3452 σωτηρίων
1143 3382 1329 3449 λόγων,
1354 3383 1518 3435 ἐϐόων
1546 3383 1679 3453 πρὸς
1701 3385 1788 3436 τὸν

225 3474 363 3527 Θεὸν
395 3469 753 3531 ίκετεύοντες,
786 3469 956 3522 κοινὸν
1001 3471 1168 3538 ἅπασι
1197 3471 1645 3542 καταπεμφθῆναι
1679 3474 1789 3526 Σω-

219 3566 389 3634 τῆρα.
416 3561 532 3615 Kal
557 3559 885 3626 ἐκέκραξιιν
911 3559 1056 3627 πρὸς
1079 3561 1372 3627 Κύριονὲν
1393 3560 1471 3626 τῷ
1491 3565 1787 3618 θλίϐεσθαι

221 3652 474 3715 αὐτούς.
501 3649 654 3709 Τοὺς
679 3649 1173 3719 ἐγκεχειρισμένους
1201 3651 1393 3714 αὐτοὺς
1419 3653 1787 3724 ὑπερπάσχον-

215 3754 313 3802 τες
341 3741 442 3791 καὶ
474 3737 909 3807 ὑπεραλγοῦντες
937 3738 1111 3792 αὐτῶν
1140 3741 1230 3792 καὶ
1254 3742 1525 3810 διψώντων
1566 3744 1657 3796 καὶ
1687 3746 1785 3813 τὴν

216 3827 403 3898 ψυχὴν
427 3827 533 3897 ἤδη
555 3827 626 3878 δι’
650 3827 907 3895 ἀτροφίαν
933 3830 1302 3899 ἐκλειπόντων,
1330 3831 1494 3884 ἐϐόων
1515 3833 1664 3885 αὐτοὶ
1691 3836 1783 3887 καὶ

214 3918 460 3988 ἔκραζον
514 3915 657 3985 πρὸς
701 3915 919 3985 Κύριον,
966 3918 1104 3989 ύπέρ
1146 3919 1252 3972 τῶν
1300 3922 1509 3973 οίκείων
1559 3922 1782 3986 ἕκαστος

212 4011 651 4082 πρεσϐεύοντες.

287 4102 401 4157 Καὶ
426 4099 750 4169 ὡδήγησεν
769 4102 984 4167 αὐτοὺς
1010 4105 1094 4169 εἱς
1121 4103 1263 4157 ὀδόν
1285 4104 1532 4170 εὐθεῖαν,
1561 4104 1664 4159 τοῦ
1686 4120 1782 4159 που

203 4191 515 4263 ρευθῆναι
556 4192 643 4253 εὶς
686 4192 864 4243 πόλιν
899 4194 1361 4260 κατοικητηρίου.
1407 4194 1780 4262 Ἐξομολογηο

202 4283 569 4337 σάσθωσαν
603 4277 681 4341 τῷ
716 4282 905 4346 Κιιρίῳ
931 4282 1000 4333 τὰ
1028 4282 1165 4346 ἑιιέη
1194 4284 1395 4345 αὑτοῦ,
1430 4286 1523 4337 καὶ
1552 4285 1617 4337 τὰ
1642 4287 1779 4338 θαυ-

198 4372 403 4443 μάσια
433 4367 633 4421 αὐτοῦ
658 4368 776 4432 τοῖς
802 4369 947 4433 υἱοῖς
971 4370 1084 4421 τῶν
1104 4370 1434 4437 ἀνθρώπων.
1468 4376 1528 4425 Ol
1560 4374 1654 4444 μὲν
1670 4375 1775 4444 γὰρ

196 4457 612 4527 ἐπλανήθησαν
638 4457 693 4505 ἐν
715 4458 781 4524 γῇ
808 4458 993 4525 ἐρήμῳ
1020 4458 1111 4508 καὶ
1138 4454 1362 4528 ἀνύδρῳ,
1386 4460 1539 4514 τοῦτο
1562 4460 1772 4530 πρῶτον

194 4550 432 4617 νόσημα
463 4542 819 4612 νενοσηκότες
846 4544 904 4595 τὸ
927 4545 1023 4614 τῆς
1050 4546 1271 4616 πλάνηςο
1307 4550 1396 4601 καὶ
1422 4550 1649 4620 δευτέρῳ
1675 4566 1771 4601 κα·-

194 4639 284 4709 κῷ
322 4633 733 4705 περιπεσόντες
771 4632 886 4685 ὁδὸν
920 4635 1121 4698 πόλεως
1161 4640 1568 4710 κατοικητηρίου
1600 4639 1773 4691 αὐτῶν

192 4734 298 4799 οὐκ
351 4721 549 4796 εὖρονσ
607 4722 699 4775 xa‘t
748 4725 925 4793 τρίτον
973 4725 1028 4777 δὲ
1061 4726 1251 4788 αὐτοὺς
1287 4730 1536 4798 περιέσχε
1586 4731 1770 4791 κακὸν,

191 4820 450 4887 ἐπείπερ
478 4810 629 4885 ἦσαν
656 4816 937 4877 πεινῶντες
961 4818 1049 4869 καὶ
1080 4817 1351 4885 διψῶντες,
1379 4814 1453 4883 ῶς
1481 4823 1576 4891 τὴν
1600 4823 1772 4894 ψυχὴν

191 4908 389 4961 αὐτῶν
431 4902 717 4957 ἐκλείπειν
752 4907 806 4956 ἐν
846 4906 1040 4967 αὐτοῖς.
1080 4906 1137 4957 '0
1161 4902 1215 4958 δέ
1248 4909 1616 4979 φιλάνθρωπος
1642 4914 1771 4977 Θεὸς

189 5002 288 5053 καὶ
327 4996 558 5066 ἀγαθὸς
586 4995 772 5065 Σωτὴρ
808 4995 1016 5065 πρῶτον
1047 4996 1141 5066 μὲν
1164 4994 1437 5070 ὡδήγησεν
1466 5002 1654 5065 αὐτοὺς
1694 5008 1770 5067 εἰς

188 5090 315 5143 eam
342 5088 603 5141 εὐθεῖαν*
635 5085 819 5137 ἔπειτα
850 5087 1044 5153 ἔδειξεν
1070 5091 1246 5151 αὐτοῖς
1274 5091 1386 5153 πῶς
1408 5093 1510 5163 χρὴ
1543 5093 1769 5162 βαδίζειν

188 5184 296 5251 τὴν
331 5179 627 5249 φέρουσαν
665 5179 742 5238 εἰς
769 5176 862 5247 τὴν
894 5176 1041 5229 πόλιν
1081 5180 1170 5231 τοῦ
1202 5180 1628 5253 κατοικητηρίου.
1666 5188 1769 5239 Καὶ

187 5272 277 5333 τίς
302 5272 375 5324 ἂν
404 5268 500 5338 εἴη
542 5266 576 5335 ἡ
611 5268 785 5318 εὐθεῖα
815 5268 927 5331 ὁδὸς
955 5264 987 5339 ἢ
1016 5270 1043 5320 ό
1076 5269 1331 5341 σωτήριος
1374 5271 1525 5339 λόγος
1553 5274 1581 5325 ὁ
1609 5275 1770 5343 εὐαγ-

189 5358 447 5428 γελικδςς
487 5357 520 5407 ὁ
562 5355 713 5423 μόνος
750 5354 893 5425 ἡμᾶς
922 5358 1064 5424 ἄγων
1094 5359 1173 5420 εις
1204 5358 1300 5429 τὴν
1341 5360 1653 5429 ἐπουράνιον
1685 5366 1771 5416 πά.

187 5456 293 5502 λιν·
332 5452 397 5500 ἐν
431 5440 470 5520 ᾖ
504 5446 782 5515 γενόμενοι
817 5447 876 5498 τὸ
909 5450 1316 5518 κατοικητήριον
1354 5450 1505 5519 ἡμῶν
1548 5452 1768 5523 εὑρήσο-

391 5534 1087 5601 Ἐξομολογησάσθωσαν
1146 5537 1222 5601 τῷ
1275 5538 1462 5604 Κυρίῳ
1516 5539 1583 5591 τὰ
1627 5541 1767 5597 ea»

186 5555 330 5608 grav;

263 5719 310 5746 ’⁸
361 5712 551 5765 Amns
586 5725 711 5769 vni.
752 5710 806 5761 II
834 5748 849 5769 ,
892 5712 973 5763 I‘:.’.

514 5804 783 5863 ΡΑτιιοι..
822 5804 935 5862 Gn.
976 5805 1201 5864 XXIII.

1980 1064 2141 1119 Vens.
2177 1065 2228 1120 5.
2270 1065 2586 1119 Erraverunt
2616 1066 2668 1118 in
2699 1065 2979 1119 solitudine
3014 1075 3064 1118 et
3092 1066 3143 1119 in
3173 1066 3442 1134 inaquoso,

1910 1156 2043 1208 viam
2077 1156 2298 1209 civitatis
2335 1155 2622 1208 habitaculi
2666 1170 2768 1207 non
2809 1155 3105 1207 invenerunt
3127 1168 3145 1205 :
3168 1154 3443 1207 esurientes

1906 1253 1955 1296 et
1990 1245 2241 1306 sitientes,
2277 1246 2453 1298 anima
2481 1261 2659 1298 eorum
2684 1247 2739 1298 in
2768 1246 2894 1313 ipsis
2928 1244 3133 1312 defecit.
3158 1241 3266 1298 Nos
3294 1243 3441 1299 scili-

1907 1344 1992 1388 cet
2027 1335 2115 1403 qui
2151 1342 2273 1387 ante
2298 1334 2533 1387 divinum
2581 1332 2881 1388 Servatoris
2910 1333 3080 1387 nostri
3124 1333 3345 1394 cultum,
3389 1332 3441 1384 in

1903 1424 2010 1476 vita
2056 1422 2392 1491 infrugifera,
2431 1423 2693 1491 inaquosa
2735 1424 3010 1493 sterilique
3054 1424 3182 1477 olim
3224 1423 3439 1477 erraba-

1902 1528 2042 1577 mus,
2075 1528 2196 1566 cum
2227 1521 2412 1584 gentes
2444 1514 2844 1570 irrationabiles
2885 1530 3148 1581 essemus,
3176 1524 3337 1582 atque
3374 1511 3438 1564 ad

1902 1609 2046 1655 muta
2076 1601 2215 1655 idola
2245 1602 2634 1657 abduceremur
2659 1624 2672 1658 :
2699 1605 2788 1674 qui
2818 1614 3094 1673 nunquam
3131 1602 3275 1656 viam
3308 1600 3443 1654 civi—

1902 1693 2027 1745 tatis
2060 1692 2348 1745 habitaculi
2392 1692 2786 1757 inveneramus,
2822 1710 2941 1748 cum
2969 1692 3124 1748 alieni
3147 1704 3438 1748 essemusa

1901 1780 2117 1834 civitate
2158 1778 2392 1843 Israelis,
2428 1797 2549 1835 cum
2591 1783 2793 1836 nullam
2836 1798 2983 1853 spem
3027 1782 3346 1836 haberemus
3386 1788 3440 1833 et

1900 1866 2042 1919 athei
2065 1867 2119 1919 in
2153 1868 2353 1920 mundo
2376 1883 2657 1923 essemus:
2684 1871 2775 1939 qui
2810 1871 2935 1924 olim
2960 1870 3083 1924 odio
3115 1882 3353 1931 eramus,
3383 1869 3439 1922 in

1899 1952 2038 2007 fame
2069 1960 2124 2007 et
2157 1954 2243 2007 siti
2272 1955 2450 2007 animo
2478 1955 2808 2021 deﬁcientes,
2846 1957 2987 2027 quod
3035 1956 3338 2011 rationabili
3385 1967 3439 2011 et

1897 2042 2101 2097 cmlesti
2128 2043 2249 2097 cibo
2277 2046 2649 2115 spiritualique
2682 2056 2808 2117 potu
2836 2048 3027 2118 privati
3055 2062 3318 2112 essemus,
3348 2062 3437 2102 se-

1901 2133 2135 2186 cundum
2164 2133 2289 2187 illud
2321 2152 2333 2187 :
2364 2133 2611 2189 Emittam
2645 2154 2746 2191 non
2774 2138 2961 2206 fantem
2990 2137 3161 2204 panis,
3190 2152 3347 2206 neque
3366 2136 3439 2189 si—
3500 2168 3505 2171 ‹

1897 2223 1988 2275 tim
2019 2241 2197 2293 aquae;
2239 2225 2327 2278 sed
2368 2226 2557 2294 famem
2593 2228 2836 2282 audiendi
2868 2228 3069 2282 verbum
3104 2226 3332 2281 Domini.
3368 2226 3437 2280 Et

1895 2317 2346 2369 commovebuntur
2385 2334 2533 2387 aqua:
2559 2337 2591 2372 a
2624 2320 2758 2372 mari
2803 2336 2960 2391 usque
2991 2318 3059 2372 ad
3086 2335 3247 2383 mare,
3290 2328 3338 2372 et
3369 2320 3434 2371 ab

1894 2406 2131 2473 aquilone
2168 2424 2326 2477 usque
2363 2407 2431 2461 ad
2471 2410 2713 2463 orientem
2753 2425 2771 2463 :
2815 2411 3104 2464 circuibunt
3152 2420 3435 2482 quaerentes

1894 2493 2098 2547 verbum
2160 2495 2415 2560 Domini,
2463 2507 2512 2550 et
2560 2514 2661 2550 non
2723 2498 2974 2552 invenient
2998 2498 3319 2567 "aidclrco
3377 2499 3433 2552 in

1892 2582 2105 2638 deserto
2128 2587 2383 2640 virtutum
2419 2587 2744 2643 exsistentes
2781 2589 3117 2653 errabamus,
3148 2589 3337 2645 ducem
3370 2604 3433 2643 ac

1892 2676 2188 2745 principem
2228 2693 2336 2732 non
2382 2679 2546 2741 nacti,
2577 2694 2735 2748 quem
2767 2688 3053 2749 sequentes
3083 2680 3310 2736 decursa
3348 2680 3431 2734 ria

1891 2765 2126 2833 reperire
2146 2782 2425 2839 possemus
2449 2769 2714 2822 civitatem
2742 2785 2894 2823 sacra
2911 2771 3024 2840 lege
3044 2771 3145 2825 rite
3164 2773 3432 2827 constitu-

1890 2859 2018 2915 tam,
2042 2853 2094 2906 in
2113 2869 2213 2923 qua
2233 2854 2469 2910 habitare
2492 2871 2787 2924 possemus.
2810 2874 3082 2929 nunquam
3106 2860 3227 2915 inde
3256 2876 3429 2916 reces-

1890 2945 2000 2998 suri
2018 2964 2029 2998 :
2050 2945 2161 3000 haec
2182 2953 2357 2999 autem
2378 2956 2458 3001 est
2476 2948 2642 3002 virtus
2656 2958 2704 3002 et
2724 2946 2809 3002 Dei
2829 2949 3348 3019 sapientia—Vsus.
3375 2950 3427 3006 6.

1894 3030 1960 3083 Et
1988 3033 2344 3084 clamarerunt
2382 3032 2449 3084 ad
2482 3033 2757 3085 Dominum
2793 3051 2908 3086 cum
2940 3036 3336 3102 tribularentur,
3379 3048 3429 3092 et

1892 3122 2280 3173 necessitatibus
2314 3137 2491 3174 eorum
2520 3124 2705 3189 eripuit
2730 3140 2834 3176 eos.
2863 3122 3060 3179 Gentes
3092 3141 3278 3180 omnes
3306 3141 3426 3180 cum

1889 3209 1943 3262 in
1982 3209 2194 3265 deserto
2222 3219 2275 3264 et
2324 3212 2584 3279 inaquoso
2628 3221 2890 3276 errarent,
2925 3221 3084 3284 atque
3119 3215 3294 3268 anima
3337 3231 3424 3271 ea-

1889 3314 2006 3352 rum
2062 3315 2127 3353 ex
2174 3302 2397 3370 penuria
2445 3302 2758 3356 salutarium
2805 3304 3089 3359 verborum
3152 3296 3423 3369 deﬁceret,

1887 3386 2188 3442 clamabant
2231 3389 2295 3443 ad
2345 3387 2511 3443 Deum
2565 3392 2960 3459 supplicantes,
3009 3404 3071 3449 ut
3123 3395 3421 3452 communis

1887 3476 2137 3532 omnibus
2181 3478 2436 3533 SerVator
2476 3480 2819 3536 mitteretur:
2854 3482 2918 3536 Et
2970 3484 3319 3539 clamauerunt
3353 3487 3421 3539 ad

1890 3565 2162 3621 Dominum
2189 3585 2301 3621 cum
2339 3570 2733 3624 tribularentur.
2774 3571 3012 3643 Captivis
3048 3576 3419 3642 condolentes.

1883 3670 1946 3710 ac
1975 3671 2099 3725 erga
2139 3658 2386 3713 sitientes
2416 3669 2469 3713 et
2513 3675 2620 3730 pra:
2650 3660 2754 3715 cibi
2810 3664 3034 3731 penuria
3083 3665 3261 3719 animo
3289 3666 3417 3722 deli-

1884 3744 2086 3799 cientes
2115 3746 2483 3800 misericordia
2507 3748 2659 3815 moti,
2690 3749 2995 3805 clamabant
3026 3753 3125 3821 ipsi
3152 3763 3206 3808 et
3228 3754 3417 3809 vocife.

1883 3834 2139 3887 rabantur
2159 3834 2223 3888 ad
2246 3834 2549 3901 Dominum,
2574 3853 2671 3907 pro
2695 3840 2808 3893 suis
2829 3840 3024 3910 singuli
3048 3842 3416 3912 deprecantes.

1952 4087 2111 4141 Vens.
2141 4089 2190 4150 7,
2224 4089 2275 4142 8.
2320 4089 2385 4141 Et
2404 4090 2614 4144 deduxit
2635 4108 2719 4145 eos
2743 4094 2794 4145 in
2814 4095 2948 4147 viam
2970 4108 3179 4165 rectam,
3202 4112 3258 4154 ut
3281 4104 3414 4159 irent

1878 4174 1929 4226 in
1958 4176 2210 4229 civitatem
2245 4178 2600 4231 habitationis.
2626 4177 2985 4248 Con/iteantur
3014 4185 3231 4242 Domino
3262 4192 3413 4246 mise-

1878 4264 2118 4318 ricordia:
2156 4267 2289 4335 ejus,
2320 4276 2367 4320 et
2397 4268 2657 4321 mirabilia
2694 4268 2806 4337 ejus
2847 4272 2974 4339 ﬁliis
3018 4275 3300 4332 hominum.
3334 4279 3410 4333 Illi

1877 4356 2139 4424 siquidem
2172 4366 2488 4411 erraverunt
2523 4358 2575 4411 in
2621 4367 2762 4413 terra
2793 4360 3006 4416 deserta
3041 4376 3093 4418 et
3130 4367 3409 4437 inaquosa,

1877 4447 1976 4499 hac
2006 4449 2174 4516 prima
2210 4449 2544 4517 aegritudine,
2578 4451 2779 4504 erroris
2814 4456 3039 4515 scilicet,
3085 4456 3407 4518 laborantes.

1875 4535 2008 4589 I’linc
2035 4538 2085 4589 in
2116 4538 2407 4591 secundum
2439 4540 2634 4592 malum
2658 4539 2882 4610 delapsi,
2908 4545 3045 4599 viam
3077 4550 3330 4613 rivutatis,
3357 4553 3407 4605 in
3443 4552 3457 4604 ι

1872 4643 1974 4695 qua
2009 4628 2330 4689 habitarent,
2365 4643 2470 4681 non
2517 4630 2837 4685 invenerunt
2870 4652 2883 4687 :
2913 4649 2975 4688 ac
3005 4640 3221 4691 tertium
3264 4642 3406 4711 ipsos

1872 4718 2071 4769 malum
2107 4718 2319 4779 invasit,
2354 4718 2481 4786 quia
2515 4719 2824 4776 esuriebant
2852 4730 2905 4777 et
2938 4724 3210 4791 sitiebant,
3256 4730 3327 4783 ita
3353 4741 3405 4785 ut

1870 4808 2045 4858 anima
2094 4822 2277 4860 eorum
2325 4807 2377 4859 in
2425 4807 2557 4875 ipsis
2605 4809 2875 4866 deﬁceret.
2918 4813 3185 4884 Benignus
3233 4812 3426 4877 autem

1872 4896 2011 4950 Deus
2044 4911 2106 4949 ac
2149 4898 2321 4950 bonus
2352 4896 2619 4961 Salvator,
2645 4900 2819 4967 primo
2841 4904 3053 4972 quidem
3077 4907 3295 4963 deduxit
3316 4928 3403 4969 eos

1870 4986 1921 5038 in
1964 4987 2101 5038 viam
2148 4995 2383 5051 rectam;
2433 4988 2625 5043 deinde
2666 4989 2850 5044 docuit
2896 5009 2989 5048 eos
3018 5011 3124 5065 quo
3158 5010 3315 5066 pacto
3355 5003 3402 5056 in

1870 5082 1951 5133 via
1990 5078 2055 5131 ad
2085 5078 2355 5132 civitatem
2408 5080 2697 5134 habitaculi
2742 5081 2993 5148 ducente,
3033 5089 3399 5155 graderentur.

1868 5170 2047 5238 Ecqua
2089 5183 2218 5222 vero
2253 5169 2341 5221 illa
2393 5179 2539 5224 recta
2583 5170 2669 5221 via
2729 5170 2929 5236 fuerit,
2988 5175 3090 5228 nisi
3154 5180 3398 5236 salutaris

1868 5275 2043 5317 sermo
2072 5260 2435 5329 evangelicus,
2467 5261 2558 5330 qui
2590 5259 2736 5313 solus
2783 5278 2882 5317 nos
2912 5264 2977 5316 ad
3007 5269 3277 5322 cmlcstem
3315 5272 3398 5326 du-

1867 5353 1941 5405 cit
1966 5350 2270 5415 civitatem;
2323 5351 2373 5404 in
2404 5368 2507 5420 qua
2543 5350 2850 5416 constituti,
2893 5356 3254 5412 habitaculum
3308 5378 3397 5416 no-

1866 5451 2034 5497 strum
2061 5443 2434 5510 reperiemus?
2464 5441 2832 5508 Couﬁteantur
2862 5443 3083 5500 Domino
3119 5450 3399 5504 misericor-

1866 5534 1967 5586 dia:
1994 5534 2125 5600 ejus.
2168 5540 2217 5585 et
2258 5532 2522 5585 mirabilia
2553 5531 2666 5600 ejus
2708 5532 2841 5599 [iliis
2889 5535 3191 5591 hominum:
3224 5544 3400 5609 praedi-

3043 5811 3114 5871 ta
