3890 6416
275 362 296 411 1
307 359 407 412 59.5

1329 342 1824 405 COMMENTARIA
1862 347 1927 400 IN
1966 340 2305 401 PSALMOS.

3306 350 3439 406 1526

177 515 188 537 Ι
270 465 448 533 ψυχῶν
480 461 736 533 σωτήριον
779 461 998 533 τροφὴν,
1040 461 1258 522 είκότως
1289 453 1611 518 ἀποσταλεὶς
1637 459 1666 510 ὁ
1702 459 1793 511 τοῦ

1901 458 2184 513 salutarem
2207 458 2405 509 escam
2438 457 2835 522 aversabantur,
2877 459 3064 515 merito
3091 461 3288 517 missus
3319 465 3438 516 uni-

268 552 398 606 θεοῦ
425 553 709 622 μονογενὴς
737 552 863 614 Υἱὸς
892 552 1047 622 μέχρι
1077 550 1183 603 τῶν
1223 549 1316 601 τοῦ
1353 548 1580 602 θανάτου
1619 549 1800 601 πυλῶν

268 643 484 712 ἔφθασε,
515 642 812 713 σαρκωθεὶς
840 640 932 695 καὶ
959 640 1392 712 ὲνανθρωπήσας,
1437 640 1594 709 χεῖρα
1635 656 1802 709 σωτη-

269 731 385 802 ρίας
406 731 596 801 ὀρέξας
628 731 722 784 καὶ
752 733 861 793 τοῖς
902 731 1058 800 μέχρι
1099 729 1281 782 τούτου
1329 728 1797 791 καταπεπτωκόσι,

266 823 357 876 καὶ
393 811 527 892 πρὸς
567 822 726 875 αὑτὸν
757 820 1104 889 ἀναδοήσασι.
1153 818 1262 870 Kal
1301 815 1626 884 ἐκέκραξαν
1653 818 1801 884 πρὸς

263 915 477 980 Κύριον
498 914 566 965 ἐν
587 912 665 976 τῷ
689 913 990 965 θλίϐεσθαι
1013 907 1248 974 αὐτοὺς,
1286 909 1382 961 καί
1403 909 1470 960 ἐκ
1499 908 1614 960 τῶν
1634 909 1802 976 ἀναγ-

261 1001 382 1054 κῶν
409 997 603 1053 αὐτῶν
625 1000 858 1054 ἔσωσεν
881 1000 1117 1064 αὐτούς.
1155 996 1478 1051 Ἀπέστειλε
1501 997 1604 1049 τὸν
1621 998 1802 1065 λόγον

259 1091 463 1152 αὐτοῦ,
491 1090 585 1142 καί
621 1089 827 1143 ἰάσατο
849 1089 1095 1153 αὐτοὺς,
1146 1087 1241 1140 καὶ
1266 1088 1552 1154 ἐρῤύσατο
1585 1087 1802 1150 αὐτοὺς

259 1187 328 1238 ἐκ
350 1184 470 1238 τῶν
503 1175 833 1252 διαφθορῶν
850 1182 1062 1236 αὐτῶν.
1120 1177 1802 1248 Ἐξομολογησάσθωσαν

259 1274 338 1339 τῷ
363 1263 552 1340 Κυρίῳ
581 1273 652 1326 τὰ
681 1266 819 1338 ὲλέη
844 1272 1045 1334 αὐτοῦ,
1079 1271 1175 1324 καὶ
1206 1273 1276 1325 τὰ
1301 1269 1593 1336 θαυμάσια
1620 1267 1804 1320 αὑτοῦ

259 1363 383 1429 τοῖς
406 1363 556 1428 υἱοῖς
594 1363 710 1414 τῶν
746 1361 1082 1429 ἀνθρώπων.
1126 1361 1233 1414 Καὶ
1264 1360 1618 1415 θυσάτωσαν
1644 1357 1802 1422 αὑτῷ

257 1452 480 1504 θυσίαν
512 1451 830 1514 αἰνέσεως.
878 1451 970 1502 καὶ
1007 1449 1514 1518 ἐξαγγειλάτωσαν
1549 1449 1622 1501 τὰ
1664 1448 1803 1514 ἔργα

256 1539 443 1592 αὑτοῦ
471 1541 542 1592 ὲν
569 1540 939 1608 ἀγαλλιάσει,
988 1542 1042 1592 οἱ
1085 1539 1535 1603 καταϐαίνοντες
1577 1540 1661 1602 εὶς
1706 1536 1802 1590 0d-

255 1634 504 1684 λασσαν
527 1631 597 1683 ἐν
620 1631 878 1694 πλοίοις,
903 1628 1213 1694 ποιοῦντεζ·
1241 1628 1602 1697 ἐργασίανέν
1625 1626 1802 1680 ὕδασι

256 1718 530 1783 πολλοῖς.
584 1717 974 1786 Μνημονεύσας
1009 1719 1037 1770 ὁ
1087 1717 1240 1785 λόγος
1286 1717 1383 1784 τῆς
1428 1715 1659 1783 ἀφίξεως
1709 1715 1801 1768 τοῦ

251 1804 542 1874 Λυτρωτοῠ
601 1804 695 1856 καὶ
747 1804 1024 1873 Σωτῆρος,
1081 1804 1149 1856 δι’
1199 1796 1260 1856 οὗ
1313 1804 1381 1856 τὰ
1434 1803 1800 1872 προλεγόμενα

254 1892 432 1946 πάντα
469 1891 845 1963 κατώρθωται,
900 1894 1024 1963 ἑξῆς
1075 1893 1329 1946 συνάπτει
1382 1893 1478 1962 τὴν
1523 1894 1648 1962 περὶ
1695 1892 1800 1946 τῶν
1839 1939 1849 1945 .

249 1981 564 2034 ἀποστόλων
614 1981 778 2034 αὐτοῦ
822 1981 1171 2051 προφητείαν.
1232 1981 1394 2034 Αὐτοὶ
1432 1981 1538 2051 γὰρ
1579 1977 1716 2051 ἦσαν
1747 1983 1799 2034 οἱ

249 2071 665 2133 καταϐαίνοντες
701 2073 779 2134 εἰς
805 2072 1073 2124 θάλασσαν
1120 2074 1176 2123 ὲν
1224 2072 1443 2135 πλοίοις,
1487 2072 1665 2140 ῥητῶς
1709 2073 1800 2126 καὶ

246 2161 388 2214 κατά
420 2161 565 2226 λέξιν
585 2179 600 2191 ο
636 2161 828 2232 ὥσπερ
855 2153 946 2214 οὖν
976 2163 1008 2231 ἡ
1059 2161 1175 2214 θεία
1202 2162 1388 2232 Γραφὴ
1426 2161 1531 2214 τῶν
1560 2163 1800 2228 Εὑαγγε-

245 2251 376 2303 λίων
411 2253 704 2322 μαρτυρεῖ.
747 2249 1044 2319 Τοιγαροῦν
1075 2250 1180 2302 τῶι
1221 2250 1528 2304 ἀποστόλων
1572 2249 1797 2304 καὶτῶν

245 2343 362 2412 ἅμα
383 2341 566 2404 αὐτοῖς
593 2343 627 2411 ἡ
656 2339 907 2410 παροῦσα
931 2340 1229 2410 προφητεία
1243 2341 1341 2408 τὴν
1365 2342 1578 2410 μνήμην
1600 2339 1799 2410 σφόδρα

243 2427 554 2496 ἀκολούθως
587 2431 797 2501 συνῆψε
835 2433 898 2501 τῇ
930 2431 1033 2493 ξτοῦ
1077 2429 1209 2482 θεοῦ
1258 2430 1427 2496 Λόγου
1466 2431 1544 2493 εἰς
1589 2427 1796 2499 ἀνθρώ-

1898 550 2109 619 genitus
2134 545 2222 601 Dei
2248 537 2448 604 Filius,
2468 557 2630 602 carne
2644 556 2694 604 et
2714 550 2937 603 humana
2958 557 3145 605 natura
3171 561 3435 621 suscepta,

1897 634 1964 688 ad
1992 641 2177 704 portas
2217 642 2397 698 usque
2418 635 2604 689 mortis
2635 635 2924 704 profectus,
2957 637 3042 699 iis.
3086 637 3177 707 qui
3202 653 3440 708 eousque

1897 723 2276 777 deciderantet
2304 719 2372 773 ad
2401 719 2573 789 ipsum
2597 725 2974 788 clamaverunt,
3003 727 3192 782 salutis
3220 742 3442 783 manum

1899 815 2154 882 porrexit.
2189 814 2256 866 Et
2297 812 2648 868 clamauerunt
2693 816 2760 869 ad
2797 816 3073 870 Dominum
3110 835 3226 872 cum
3277 819 3441 873 tribu-

1901 904 2168 966 larentur,
2203 913 2250 957 et
2293 903 2358 956 de
2397 905 2782 959 necessitatibus
2825 922 3000 960 eorum
3051 907 3283 962 liberauit
3329 925 3437 964 eos.

1900 993 2049 1047 Misit
2089 993 2306 1047 Verbum
2340 1010 2492 1047 suum
2523 1003 2573 1048 et
2599 997 2804 1048 sanavit
2832 1012 2938 1058 eos,
2968 1005 3016 1050 et
3050 998 3234 1064 eripuit
3265 1014 3350 1051 eos
3377 998 3441 1052 ds

1899 1083 2282 1138 interitionibus
2319 1101 2517 1140 eorum.
2565 1085 2928 1152 Conﬁteantur
2969 1086 3189 1140 Domino
3236 1088 3440 1142 miseri-

1899 1174 2092 1228 cordia
2111 1174 2248 1241 ejus,
2277 1183 2326 1228 et
2360 1174 2622 1228 mirabilia
2643 1176 2753 1243 ejus
2779 1177 2904 1244 filiis
2940 1176 3223 1232 hominum.
3262 1176 3329 1230 Et
3351 1194 3441 1231 sa—

1901 1266 2132 1333 criﬁcent
2164 1267 2212 1318 ei
2254 1266 2572 1334 sacriﬁcium
2601 1266 2796 1329 laudis,
2841 1278 2891 1319 et
2937 1269 3240 1322 annuntient
3284 1285 3440 1338 opera

1900 1353 2012 1422 ejus
2046 1355 2101 1406 in
2123 1354 2490 1417 exsultatione,
2509 1355 2596 1423 qui
2624 1353 2936 1407 descendunt
2960 1371 3101 1407 mare
3122 1357 3174 1408 in
3201 1356 3436 1420 navibus,

1901 1443 2150 1510 facientes
2189 1445 2535 1510 operationem
2561 1444 2614 1496 in
2647 1444 2796 1512 aquis
2819 1445 3016 1497 mutis.
3049 1444 3180 1498 Cum
3213 1444 3442 1500 Redem-

1901 1530 2072 1599 ptoris
2103 1537 2157 1586 et
2187 1530 2489 1585 Servatoris
2511 1530 2797 1585 adventum
2825 1542 3316 1594 commemorasset.
3345 1549 3440 1603 per

1902 1635 2060 1688 quem
2088 1619 2341 1690 praedicta
2371 1621 2550 1674 omnia
2581 1620 2722 1675 edita
2745 1621 2956 1676 fuerant
2986 1641 3001 1676 :
3033 1621 3226 1678 deinde
3253 1624 3442 1692 adjicit

1903 1711 1970 1764 de
2004 1711 2261 1779 apostolis
2315 1710 2485 1779 ipsius
2521 1711 2854 1766 vaticinium.
2889 1713 2992 1782 Ipsi
3016 1729 3244 1782 namque
3285 1726 3442 1768 erant

1904 1801 1993 1869 qui
2026 1799 2423 1856 descendebant
2457 1815 2606 1856 mare
2633 1802 2688 1855 in
2713 1803 2960 1867 navibus,
2983 1805 3142 1874 idque
3157 1821 3279 1861 vere
3295 1815 3349 1861 et
3374 1808 3440 1860 ad

1905 1891 2160 1952 litteram,
2185 1891 2630 1959 quemadmodum
2661 1892 2838 1946 divina
2863 1893 3272 1964 Evangeliorum
3291 1895 3440 1951 Scri-

1902 1991 2058 2052 ptura
2087 1984 2429 2038 testificatur.
2469 1985 2849 2054 Apostolorum
2879 1988 3056 2058 itaque
3092 1989 3440 2060 ipsorumque

1903 2073 2157 2125 comitum
2200 2073 2524 2127 mentionem
2582 2073 2869 2130 admodum
2928 2089 3288 2149 congruenter
3326 2081 3441 2137 haec

1903 2159 2177 2231 Scriptura
2208 2162 2302 2217 Dei
2325 2162 2484 2218 Verbi
2507 2164 2572 2218 ad
2594 2166 2837 2222 homines
2856 2167 3106 2222 adventui
3139 2171 3437 2240 subiunxit.

1899 2252 1968 2305 At
2006 2252 2146 2306 enim
2182 2254 2290 2309 illis
2322 2254 2454 2324 ipsis
2494 2270 2628 2310 nova
2665 2255 2796 2311 Novi
2837 2257 3164 2314 Testamenti
3187 2263 3440 2331 mysteria

1901 2357 2156 2414 peragere
2184 2347 2436 2414 praecepit
2461 2346 2648 2402 dicens
2675 2366 2687 2401 :
2717 2348 2784 2400 Et
2805 2350 3097 2418 sacriﬁcent
3121 2352 3439 2420 sacriﬁcium

1901 2433 2161 2499 laudis,et
2185 2437 2488 2489 annuntient
2517 2452 2672 2505 opera
2704 2439 2818 2506 ejus
2847 2440 2899 2492 in
2932 2440 3299 2499 exsultatione.

243 2527 378 2583 πους
411 2521 712 2590 παρουσίᾳ.
763 2521 951 2584 Αὑτοίς
1003 2520 1284 2591 τοιγαροῦν
1321 2520 1526 2582 τούτοις
1557 2519 1649 2572 καὶ
1679 2518 1748 2571 τὰ
1773 2520 1866 2573 νέα
1919 2525 2185 2594 μυστήρια
2239 2525 2337 2594 τῆς
2365 2525 2564 2596 Καινῆς
2607 2526 2874 2597 Διαθήκης
2911 2529 3164 2598 πράττειν
3211 2544 3442 2598 παρεκε-

241 2610 448 2676 λεύετο,
485 2613 694 2680 λέγων’
741 2611 848 2664 Kal
904 2611 1258 2665 θυσάτωσαν
1278 2612 1494 2666 θυσίαν
1513 2609 1808 2674 αἰνέσεως,
1835 2612 1932 2665 καὶ
1975 2614 2482 2684 ὲξατγειλάτωσαν
2512 2619 2582 2672 τὰ
2613 2619 2754 2685 liora
2807 2619 2987 2671 αὐτοῦ
3036 2619 3105 2671 ἐν
3154 2617 3436 2673 ἀναλλιὰ-

241 2716 360 2758 σοι.

308 2810 481 2876 Elaea,
515 2813 612 2867 καὶ
640 2813 792 2881 ἔστη
819 2813 1049 2882 πνεῦμα
1075 2811 1425 2881 καταιτίδος,
1461 2810 1555 2864 καὶ
1593 2810 1796 2879 ὑψώθη

243 2904 316 2958 τὰ
351 2906 588 2972 κύματα
627 2903 838 2969 αὐτῆς.
883 2903 1320 2956 Ἀναὸαίνουσιν
1354 2902 1462 2966 ἕως
1493 2900 1610 2954 τῶν
1632 2904 1802 2970 οὐρα-

238 2993 489 3079 νῶνᾼκαὶ
511 2995 977 3047 καταϐαίνουσιν
988 2993 1096 3057 ἕως
1118 2991 1235 3045 τῶν
1253 2993 1550 3055 ἀϐύσσων,
1579 2993 1616 3058 ἠ
1633 2991 1798 3059 ψυχὴ
1826 3023 1868 3079 C

241 3077 446 3139 αὐτῶν
485 3082 559 3137 ἐν
605 3083 811 3148 κακοῖς
840 3083 1100 3148 ἐτήκετο.
1154 3082 1613 3150 Ἐταράχηησαν,
1662 3083 1800 3136 ἐσα-

238 3176 562 3241 λεύθησαν
584 3171 667 3236 ὡς
693 3174 725 3224 ό
751 3173 1002 3240 μεθύων,
1028 3172 1123 3224 καὶ
1156 3170 1321 3225 πᾶσα
1348 3173 1384 3238 ἡ
1407 3171 1587 3238 σοφία
1608 3169 1802 3223 αὐτῶν

238 3267 572 3332 κατεπόθη.
630 3264 741 3318 Kal
790 3264 1116 3332 ἐκέκραξαν
1165 3264 1312 3331 πρὸς
1355 3265 1569 3331 Κύριον
1609 3264 1678 3316 ἐν
1722 3265 1802 3329 τῷ

237 3356 560 3410 θλίϐεσθαι
578 3352 816 3418 αὐτοὺς,
836 3354 932 3406 καὶ
954 3352 1020 3406 ἐκ
1043 3353 1158 3405 τῶν
1173 3349 1443 3421 ἀναγκῶν
1475 3353 1670 3407 αὐτῶν
1707 3353 1804 3417 ἐξ-

240 3443 476 3513 ήγαγεν
519 3442 762 3506 αὐτούς.
795 3442 904 3494 Kal
941 3441 1194 3505 ἐπάταξε
1245 3441 1316 3508 τῇ
1348 3443 1653 3510 καταιγίδι,
1705 3443 1802 3495 καὶ

235 3531 392 3598 ἔστη
429 3531 519 3595 εἰς
545 3525 762 3596 αὔραν,
799 3528 895 3581 καὶ
921 3529 1216 3598 ἐσίγησαν
1240 3530 1310 3581 τὰ
1341 3530 1569 3597 κύματα
1595 3527 1799 3596 αὐτῆς.

239 3618 435 3674 Ταῦτα
494 3618 852 3691 προφητικῶς
901 3619 1254 3690 Θεσπιζόμενα
1291 3615 1583 3689 ἐπληροῦτο
1631 3619 1803 3688 ῥητῶς

237 3713 336 3767 καὶ
376 3709 522 3780 πρὸς
578 3708 723 3771 λέξιν
759 3725 772 3738 ·
823 3709 929 3762 τῶν
973 3709 1078 3780 γὰρ
1131 3709 1380 3780 μαθητῶν
1422 3709 1512 3761 τοῦ
1560 3709 1804 3778 Σωτῆρος

236 3803 400 3874 ἡμῶν
449 3800 801 3871 ἐμπλεόντων
836 3801 930 3853 σὺν
965 3793 1128 3869 αὐτῷ,
1167 3798 1431 3866 σεισμὸς,
1465 3799 1644 3868 φησὶν,
1684 3798 1808 3867 ἐγέ-

231 3910 375 3946 νετο
405 3891 608 3961 μέγας
632 3889 702 3942 ἐν
727 3884 800 3956 τῇ
820 3889 1118 3956 θαλάσσῃ,
1162 3887 1315 3942 ὥστε
1350 3888 1411 3940 τύ
1446 3888 1657 3941 πλοῖον
1702 3903 1804 3939 κα-

228 3984 586 4037 λύπτεσθαι
613 3978 730 4033 ὑπὸ
767 3976 883 4030 τῶν
907 3977 1198 4048 κυμάτων.
1237 3978 1296 4031 Οἱ
1324 3977 1379 4030 δὲ
1414 3976 1805 4048 προσπεσόντες

229 4069 389 4126 εἷπον
423 4069 615 4138 αὐτῷ·
653 4069 846 4135 Κύριε,
884 4061 1088 4120 σῶσον
1108 4065 1280 4136 ἡμᾶς,
1321 4067 1718 4134 ἀπολλύμεθα.
1747 4065 1804 4118 Ὀ

227 4160 287 4214 δὲ
320 4161 467 4231 πρὸς
501 4157 707 4218 αὐτοὺς
766 4159 976 4227 φήσας·
1033 4157 1092 4211 Τί
1126 4156 1310 4210 δειλοί
1355 4157 1510 4221 ἐστε,
1555 4159 1807 4211 ὀλιγόπι-

224 4266 406 4312 στοι;
458 4246 795 4312 ἐπετίμησε
837 4245 958 4310 τοῖς
983 4244 1215 4314 ἀνέμοις
1247 4245 1341 4298 καὶ
1389 4245 1466 4313 τῇ
1503 4244 1802 4312 θαλάσσῃ,

1975 2811 2140 2867 Vens.
2199 2813 2384 2869 25-40.
2457 2815 2607 2869 Dixit
2661 2825 2709 2870 et
2747 2817 2888 2870 stetit
2925 2817 3138 2884 spiritus
3179 2821 3439 2886 procellae,

1903 2911 1951 2955 et
1981 2902 2202 2956 exaltati
2248 2913 2369 2956 sunt
2418 2905 2606 2972 ﬂuctus
2635 2907 2766 2974 ejus.
2822 2906 3114 2960 Ascendunt
3165 2923 3324 2977 usque
3375 2910 3443 2962 ad

1905 2989 2056 3044 ctelos
2095 3000 2145 3043 et
2172 2990 2483 3044 descendunt
2511 3010 2670 3062 usque
2699 2993 2767 3046 ad
2796 2992 3029 3063 abyssos,
3065 2996 3238 3048 anima
3264 3012 3444 3050 eorum

1900 3081 1953 3133 in
1980 3080 2133 3132 malis
2163 3079 2470 3134 tabescebat.
2501 3081 2720 3134 Turbati
2743 3067 2884 3148 sunt:
2907 3085 3150 3136 commoti
3166 3094 3286 3137 sunt
3309 3086 3446 3139 sicut

1897 3169 2090 3233 ebrius,
2120 3177 2168 3223 et
2198 3171 2364 3223 omnis
2413 3171 2670 3238 sapientia
2718 3186 2895 3224 eorum
2935 3173 3180 3226 devorata
3223 3186 3319 3226 est.
3378 3173 3444 3226 Et

1899 3259 2250 3312 clamauerunt
2298 3259 2365 3312 ad
2404 3259 2682 3313 Dominum
2714 3276 2830 3313 cum
2870 3261 3266 3324 tribularentur,
3296 3271 3346 3316 et
3381 3263 3444 3316 de

1900 3349 2290 3403 necessitatibus
2331 3365 2507 3403 eorum
2558 3349 2742 3402 eduxit
2787 3367 2892 3403 eos.
2930 3349 2997 3403 Et
3042 3350 3443 3422 percussit'pro-

1902 3438 2105 3501 cellam,
2131 3449 2180 3492 et
2211 3439 2352 3492 stetit
2383 3441 2435 3492 in
2463 3455 2669 3503 auram,
2699 3449 2746 3493 et
2786 3441 3041 3494 siluerunt
3084 3442 3272 3509 ﬂuctus
3304 3442 3439 3510 ejus.

1905 3527 2029 3581 Haec
2061 3529 2371 3597 prophetice
2413 3528 2766 3598 prmnuntiata
2797 3529 2972 3598 reipsa
3027 3537 3080 3584 et
3112 3529 3174 3584 ad
3209 3530 3440 3584 litteram

1903 3618 2116 3686 impleta
2142 3627 2284 3672 sunt.
2317 3617 2448 3671 Nam
2489 3634 2608 3672 cum
2648 3619 2895 3688 discipuli
2947 3619 3239 3674 Salvatoris
3271 3621 3438 3674 nostri

1903 3722 2024 3761 cum
2055 3708 2174 3778 ipso
2202 3708 2537 3777 navigarent,
2572 3718 2763 3770 motus,
2793 3709 2986 3779 inquit,
3026 3727 3241 3779 magnus
3268 3711 3440 3779 factus

1881 3805 1979 3862 ,εει
1997 3797 2052 3849 in
2075 3798 2226 3863 mari,
2248 3799 2322 3850 ita
2353 3808 2410 3850 ut
2430 3798 2669 3851 navicula
2696 3800 2977 3865 operiretur
2993 3799 3238 3867 ﬂuctibus
3259 3801 3323 3857 ’⁸.
3365 3799 3442 3853 Illi

1903 3901 2030 3940 vero
2059 3886 2469 3955 procumbentes
2498 3887 2744 3940 dicebant
2766 3887 2813 3940 ei
2855 3900 2870 3940 :
2903 3887 3138 3950 Domine,
3163 3888 3308 3941 salva
3324 3904 3438 3948 nos,

1903 3976 2149 4044 perimus.
2183 3976 2273 4029 Ille
2297 3989 2424 4030 vero
2456 3991 2576 4030 cum
2610 3974 2836 4030 dixisset
2877 3993 2890 4028 :
2933 3975 3070 4041 Quid
3100 3978 3269 4029 timidi
3289 3977 3440 4038 estis,

1906 4066 2120 4118 modica:
2155 4065 2612 4135 ﬁdei?increpavit
2645 4075 2816 4119 ventos
2846 4074 2893 4118 et
2916 4081 3077 4126 mare,
3110 4075 3158 4118 et
3191 4066 3332 4133 facta
3362 4077 3441 4120 est

1907 4153 2260 4221 tranquillitas
2289 4170 2477 4222 magna
2495 4155 2559 4208 ".
2584 4153 2650 4205 Et
2671 4153 2908 4206 lwtentur
2939 4154 3060 4222 quia
3088 4153 3361 4211 siluerunt.
3393 4164 3442 4208 et

1905 4244 2118 4298 deduxit
2149 4260 2233 4296 eos
2266 4242 2318 4295 in
2342 4255 2545 4310 portum
2589 4243 2866 4296 voluntatis
2911 4260 3038 4298 sum.
3081 4243 3442 4313 Conﬁteantur

224 4343 328 4394 καὶ
359 4338 615 4407 ἐγένετο
637 4334 866 4401 γαλήνη
887 4333 1133 4402 μεγάλη.
1161 4334 1268 4386 Kal
1283 4334 1798 4402 εὐφρανθήτωσαν.

1911 4336 2126 4388 Domino
2172 4335 2544 4389 misericordia:
2587 4335 2733 4403 ejus.
2777 4345 2824 4388 et
2863 4337 3128 4389 mirabilia
3159 4337 3269 4405 ejus
3310 4339 3441 4406 ﬁliis

221 4431 319 4483 ὅτι
359 4427 726 4500 ἡσύχασαν,
767 4422 865 4475 καὶ
898 4422 1205 4490 ὡδήγησεν
1245 4423 1461 4488 αὐτοὺς
1486 4428 1571 4490 εις
1591 4425 1802 4495 λιμένα

219 4518 581 4586 θελήματος
607 4512 814 4566 αὐτοῦ.
863 4512 1539 4582 Ἐξομολοτνησάσθωσαν
1564 4512 1644 4581 τῷ
1688 4520 1800 4570 κυ-

213 4609 333 4677 ρίῳ
359 4605 436 4658 τὰ
465 4600 623 4666 ἐλέη
647 4600 853 4661 αὑτοῦ,
887 4601 983 4653 καὶ
1020 4601 1090 4654 τὰ
1129 4601 1422 4670 θαυμάσια
1466 4606 1647 4659 αὑτοῦ
1678 4605 1800 4669 τοῖς

215 4699 382 4762 υίοῒς
433 4691 564 4747 τῶν
612 4689 950 4758 ἀνθρώπων.
1014 4689 1450 4759 ’Υψωσάτωσαν
1501 4697 1684 4749 αὑτὸν
1730 4699 1800 4748 ἐν

215 4785 545 4854 ἐκκλησίᾳ
584 4781 760 4844 λαοῦ,
811 4781 906 4834 καὶ
977 4780 1045 4833 ἐν
1089 4780 1338 4848 καθέδρᾳ
1381 4783 1798 4853 Ιπρεσϐυτέρων

214 4876 670 4934 αίνεσάτωσαν
687 4873 887 4925 αὐτόν.
930 4870 1308 4942 Ὀδηγηθέντες
1327 4874 1417 4924 ἐπὶ
1435 4874 1626 4943 λιμένα
1653 4876 1802 4946 Θελή-

219 4985 405 5042 ματος
433 4961 614 5019 αὑτοῦ
637 4978 650 4990 ·
686 4964 768 5029 ἐφ’
795 4958 875 5024 οἷς
898 4963 927 5012 ὁ
951 4962 1105 5029 λόγος
1147 4962 1453 5030 ἀναγκαίως
1482 4967 1799 5035 προστάττει

212 5060 496 5129 τέταρτον
527 5050 679 5104 οὕτω
715 5051 774 5103 τὺ
803 5050 1228 5120 ἐξομολογεῖσθαι
1252 5051 1328 5123 τῷ
1361 5055 1567 5124 Κυρίῳ,
1599 5056 1691 5107 καὶ
1732 5056 1800 5109 τὰ

214 5146 352 5215 ὲλέη
388 5138 570 5196 αὐτοῦ
613 5136 703 5190 διὰ
728 5137 987 5207 στόματος
1014 5138 1195 5208 φέρειν
1219 5156 1232 5169 ο
1266 5141 1545 5211 παρεγγυᾷ
1583 5143 1711 5194 πᾶσι
1739 5161 1798 5196 τε

211 5240 333 5301 τοῖς
362 5235 515 5294 υἱοῖς
546 5227 662 5280 τῶν
701 5227 996 5297 ἀνθρώπων
1037 5229 1390 5297 ἀπαγγέλλειν
1418 5230 1488 5282 τὰ
1526 5231 1798 5302 Θαυμάσια

212 5325 419 5381 αὐτοῦ.
455 5323 674 5373 Ἐθετο
711 5318 1007 5385 ποταμοὺς
1041 5320 1126 5382 είς
1173 5319 1488 5388 ἐρήμωσιν.
1535 5319 1631 5372 καὶ
1668 5323 1798 5386 ἐξόο

211 5418 372 5481 δους
434 5409 687 5466 ὑδάτων
735 5409 820 5473 είς
863 5406 1075 5474 δίψαν,
1133 5407 1248 5477 γῆν
1291 5412 1664 5478 καρποφόρον
1709 5417 1796 5480 εις

211 5508 432 5576 ἅλμην
463 5498 597 5556 ἀπὸ
644 5498 849 5560 κακίας
892 5496 1009 5549 τῶν
1050 5499 1480 5551 κατοικούντων
1507 5499 1576 5550 ἐν
1615 5502 1792 5570 αὐτῇ.

286 5662 336 5693 τι
384 5654 595 5711 Matth.
634 5618 758 5710 vin.
793 5648 880 5702 ει.
953 5649 995 5680 ττ
1037 5649 1163 5703 ibid.
1201 5650 1306 5713 εδ..
1333 5649 1422 5703 es.

1903 4424 2185 4481 hominum.
2237 4423 2482 4479 Exaltent
2535 4441 2651 4477 eum
2696 4426 2748 4477 in
2798 4426 3012 4479 ecclesia
3055 4427 3252 4496 plebis,
3287 4437 3336 4482 et
3385 4429 3438 4480 in

1901 4513 2147 4568 cathedra
2197 4514 2454 4567 seniorum
2495 4513 2703 4566 laudent
2755 4530 2890 4567 eum.
2943 4513 3166 4569 Deducti
3207 4525 3337 4570 sunt
3383 4518 3440 4571 in

1899 4613 2113 4675 portum
2146 4605 2434 4657 voluntatis
2461 4603 2578 4671 ejus
2606 4622 2618 4657 :
2652 4619 2756 4673 qua
2800 4605 2866 4658 de
2912 4619 3076 4659 causa
3131 4606 3215 4659 hic
3245 4616 3439 4675 quarto

1896 4696 2150 4766 jubentur
2178 4693 2403 4747 Domino
2435 4695 2678 4748 conﬁteri
2723 4703 2776 4749 et
2810 4695 3211 4751 misericordias
3240 4697 3358 4766 ejus
3385 4699 3439 4752 in

1896 4803 1989 4842 ore
2043 4787 2201 4841 ferre.
2249 4786 2496 4856 Pnecipit
2537 4788 2664 4840 item
2704 4787 2953 4840 omnibus
3013 4786 3322 4842 hominibus
3376 4796 3436 4842 ut

1897 4873 2216 4928 annuntient
2250 4873 2518 4926 mirabilia
2545 4874 2683 4942 ejus.
2715 4873 2898 4926 Posuit
2922 4875 3142 4942 ﬂumina
3170 4875 3222 4928 in
3259 4875 3436 4930 deser-

1898 4975 2023 5020 tum.
2050 4973 2099 5017 et
2120 4965 2287 5017 exitus
2311 4979 2563 5032 aquarum
2588 4966 2642 5018 in
2683 4964 2848 5024 sitim,
2881 4973 3074 5016 terram
3111 4964 3436 5031 fructiferam

1895 5057 1949 5109 in
1975 5054 2286 5123 salsuginem
2317 5071 2349 5106 a
2379 5053 2586 5106 malitia
2615 5054 3020 5107 inhabitantium
3047 5055 3097 5106 in
3139 5071 3220 5108 ea.
3249 5054 3435 5109 Posuit

1893 5145 2150 5199 desertum
2173 5145 2225 5197 in
2255 5153 2439 5214 stagna
2463 5161 2737 5213 aquarum,
2766 5153 2814 5197 et
2852 5153 3047 5197 terram
3072 5146 3180 5197 sine
3209 5161 3346 5213 aqua
3378 5146 3434 5198 in

1900 5235 2069 5288 exitus
2114 5249 2388 5300 aquarum.
2429 5232 2496 5285 Et
2543 5233 2779 5287 habitare
2822 5233 2941 5300 fecit
2978 5233 3089 5285 illic
3131 5233 3433 5294 esurientes.

1898 5334 1948 5380 et
1985 5325 2358 5378 constituerunt
2384 5323 2618 5378 civitates
2660 5323 3022 5378 habitationis.
3048 5321 3112 5374 Et
3155 5323 3438 5377 seminave—

1900 5423 2019 5468 runt
2051 5431 2204 5484 agros
2233 5423 2282 5468 et
2309 5413 2675 5482 plautaverunt
2719 5415 2913 5474 uineas,
2955 5422 3005 5466 ct
3046 5412 3274 5481 fecerunt
3326 5411 3440 5474 fru-

1899 5516 2034 5559 ctum
2080 5504 2454 5574 productionis.
2489 5501 2554 5555 Et
2601 5501 2858 5558 benedixit
2895 5503 2971 5556 eis
3017 5512 3064 5557 et
3105 5501 3442 5571 multiplicati
