3890 6432
265 409 402 467 1335

1319 402 1815 462 COMMEN'I‘ABIA
1848 407 1910 460 IN
1949 407 2278 464 PSALMOS.

3279 401 3440 469 iast'

265 522 364 590 μὲν
402 523 622 586 Ἀκύλας
653 525 825 591 φησιν,
867 523 988 577 Ἐπὶ
1025 515 1436 584 Φυλισταίους
1465 535 1787 584 στη⁸ετα¹Ρι··

1895 521 2081 583 editio,
2132 521 2271 589 apud
2319 523 2603 592 allopltylos
2652 522 2974 586 honorabor;
3041 525 3416 596 quinquagesi-

261 608 559 678 σθήσομαι
577 627 590 641 α
627 613 660 680 η
682 610 738 661 δὲ
761 611 969 679 πέμπτη
982 609 1210 664 ἔκδυσις·
1243 600 1370 655 Ἐπὶ
1387 606 1521 671 τοὺς
1535 606 1789 672 ἀλλοφύ-

258 697 410 760 λους
435 697 916 766 ἐπιμωθήσομαιο
947 699 973 749 6
997 696 1052 748 δὲ
1079 695 1150 747 νθ¹
1175 688 1408 760 ψαλμὺς,
1449 694 1598 762 Ἐμοὶ
1616 695 1792 746 dud-

259 788 443 848 φυλοι
477 785 870 854 ὑπετάγησαν.
923 783 1170 844 Γνώσεως
1214 779 1269 832 δὲ
1312 782 1444 835 Θεοῦ
1495 784 1585 835 καὶ
1616 782 1789 851 φιλίας

259 874 356 925 καὶ
397 877 662 944 ἑταιρείας
704 876 793 927 καὶ
843 875 1056 942 ἀγάπης
1100 873 1319 941 σημεῖον
1365 873 1422 924 τὸ
1465 872 1790 940 ὑποταγῆναι

259 963 411 1033 αὐτῷ
439 965 558 1026 τοὺς
597 963 758 1016 παλαι
799 963 1210 1023 ἀνυποτάκτους,
1235 959 1327 1012 καὶ
1364 959 1662 1028 ἀλλοτρίους
1696 957 1790 1027 μὲν

257 1052 356 1103 τοῦ
400 1053 555 1116 Θεοῦ,
588 1053 916 1123 ὑποχειρίους
946 1052 1001 1104 δὲ
1021 1050 1231 1121 δαίμοσι
1257 1053 1521 1120 πονηροῖς.

404 1162 511 1213 ΕΙΣ
529 1163 614 1214 ΤΟ
645 1161 1168 1226 ΤΕΛΟΣ,ΨΑΛΜΟΣ
1192 1161 1274 1228 Τῼ
1287 1160 1496 1215 ΔΑΥΙΔ.
1531 1157 1654 1214 PH'.

338 1250 396 1300 Ὀ
431 1250 589 1314 Θεὸς.
630 1249 742 1314 τὴν
785 1249 1014 1302 αῖνεσίν
1037 1266 1154 1316 μου
1191 1248 1276 1316 μὴ
1305 1245 1786 1315 παρασιωπήσῃς·

256 1338 350 1391 ὅτι
392 1343 582 1409 στόμα
625 1339 963 1408 ἁμαρτωλοῦ
991 1339 1086 1391 καὶ
1121 1339 1308 1408 στόμα
1347 1336 1549 1390 δολίου
1577 1337 1666 1388 ἐπ’
1689 1335 1792 1404 ἐμὲ

254 1427 533 1494 ἠνοίχθη.
587 1425 918 1492 Ἐλάλησαν
963 1424 1083 1477 κατ’
1142 1423 1283 1492 ἐμοῦ
1311 1421 1549 1490 γλώσσῃ
1601 1421 1788 1487 δολίᾳ,

255 1515 359 1566 καὶ
381 1517 580 1583 λόγοις
587 1515 804 1582 μίσους
818 1513 1166 1566 ἐκύκλωσάν
1184 1528 1280 1580 με,
1299 1511 1392 1563 καὶ
1415 1509 1794 1578 ἐπολέμησὰν

253 1621 327 1671 με
379 1603 618 1672 δωρεάν.
675 1601 917 1671 Συνήθως
941 1602 1032 1652 καὶ
1055 1602 1111 1653 ὲν
1130 1599 1298 1669 τούτῳ
1321 1600 1437 1655 ἀντὶ
1459 1599 1573 1661 τοῦ,
1613 1602 1696 1663 εις
1728 1604 1790 1652 τι)

251 1692 454 1756 τέλος,
508 1694 535 1746 6
586 1693 680 1761 μὲν
720 1690 962 1756 Ἀκύλας,
1007 1689 1086 1754 τῷ
1122 1687 1417 1753 νικοποιῷ,
1467 1687 1752 1744 ἐκδέδωκεν
1773 1703 1788 1715 ’

249 1785 278 1832 6
335 1783 396 1834 δὲ
440 1781 726 1850 Σύμμαχος
773 1781 1062 1833 ἐπινίκιον
1116 1778 1330 1848 εἴρηκε·
1390 1778 1664 1846 μονονουχὶ
1717 1776 1792 1828 δι-

249 1870 543 1932 δάσκοντος
575 1871 717 1939 ἡμᾶς
741 1869 832 1923 τοῦ
854 1870 1007 1936 ἁγίου
1029 1867 1353 1938 Πνεύματος,
1381 1868 1467 1923 ὅτι,
1487 1866 1657 1936 δὴηὲπὶ
1683 1868 1794 1926 τοῖς
1824 1851 1863 1902 Β

249 1960 541 2021 ἐπινικίοις
565 1959 655 2011 τοῦ
690 1958 931 2027 Σωτῆρος
967 1957 1138 2030 ἡμῶν,
1171 1955 1262 2008 καὶ
1297 1957 1404 2016 τοῖς
1429 1957 1568 2012 κατὰ
1587 1954 1677 2008 τοῦ
1703 1953 1795 2006 θα-

248 2051 415 2104 νάτου
467 2049 765 2119 τροπαίοις,
805 2049 894 2100 καὶ
926 2048 1022 2109 τὰς
1052 2046 1322 2114 παρούσας
1352 2045 1528 2112 φωνὰς
1565 2045 1794 2110 ἐγκατα-

247 2139 434 2205 λέγειν
464 2137 746 2206 προσήκει,
771 2137 827 2186 ὲν
859 2129 1326 2203 αἷςὸανθρώπινος
1341 2130 1502 2185 αὑτοῦ
1531 2129 1793 2199 παρίστα-

246 2243 340 2277 ται
370 2225 503 2294 βίος,
536 2224 627 2275 καὶ
660 2225 692 2291 ἡ
733 2221 971 2291 ὑπομονὴ
1006 2221 1109 2273 τῶν
1149 2219 1496 2290 παθημάτων.
1550 2220 1600 2271 '0
1632 2218 1791 2283 Θεὸς,

246 2316 370 2382 τὴν
395 2315 634 2366 αἷνεσίν
663 2331 780 2381 μου
810 2312 896 2380 μὴ
935 2309 1432 2380 παρασιωπήσῃςο
1477 2309 1565 2362 ὅτι
1606 2311 1795 2378 στόμα

245 2403 600 2474 ἀμαρτωλοῦ
652 2401 747 2454 καὶ
796 2403 986 2470 στόμα
1015 2401 1218 2453 δολίου
1262 2399 1352 2451 ἐπ’
1383 2397 1484 2466 ἐμὲ
1525 2398 1790 2466 ἠνοίχθη.

260 2493 606 2560 Ἐλάλησαν
654 2495 778 2546 κατ’
805 2492 947 2560 ἐμοῦ
973 2490 1213 2560 γλώσσῃ
1239 2489 1428 2555 δολίῃ,
1463 2488 1557 2541 καὶ
1594 2490 1795 2556 λόγοις

245 2582 469 2646 μίσους
505 2579 854 2633 ἐκύκλωσάν
883 2597 972 2647 με,
1020 2578 1114 2632 καὶ
1157 2577 1533 2646 ἐπολέμησάν
1574 2595 1648 2646 με
1687 2579 1794 2629 δω-

245 2669 419 2738 ρεάν.
473 2671 528 2722 '0
589 2669 776 2738 παρὼν
830 2669 1035 2738 ψαλμὸς
1083 2669 1400 2738 ἀναφέρεται
1448 2669 1526 2731 είς
1585 2667 1792 2738 πρόσω-

245 2776 354 2816 πον
403 2757 496 2810 τού
552 2757 804 2826 Χριστοῦ,
832 2757 897 2809 τὰ
936 2756 1078 2826 πά.οη
1130 2755 1391 2824 περιέχων
1440 2755 1795 2824 αύτοῦ.Μαρ-

247 2851 410 2919 τυρεί
454 2847 510 2898 δὲ
544 2847 620 2915 τῷ
646 2846 784 2914 λόγῳ
814 2847 847 2915 ἠ
874 2845 1059 2915 Γραφὴ
1087 2845 1194 2897 τῶν
1226 2844 1478 2914 Πράξεων
1529 2843 1632 2919 τῷν
1664 2843 1795 2896 ἀπο-

249 2915 480 2996 στολων,
532 2933 654 2986 ἔνθα
702 2935 729 2985 6
770 2933 988 3001 Πέτρος,
1027 2933 1122 3002 τῆς
1162 2931 1253 2985 τοῦ
1308 2931 1558 3002 προδότου
1598 2915 1795 2984 ’Ἰούδα

245 3021 578 3082 ἐκπτώσεως
631 3020 997 3089 μνημονεύσας
1031 3059 1046 3080 ,
1117 3019 1208 3070 καὶ
1249 3019 1572 3088 παραινέσας
1614 3018 1795 3088 ἓτερον

245 3114 366 3166 δεῖν
411 3109 814 3179 παραληφθῆναι
847 3110 922 3171 είς
978 3109 1068 3160 τὸν
1095 3107 1200 3160 τῶν
1237 3106 1301 3175 ιβ’
1344 3107 1644 3159 ἀποστόλων
1687 3108 1796 3177 ἀρι-

250 3201 415 3272 θμὸν,
469 3200 733 3268 μαρτυρίᾳ
785 3198 1040 3267 κέχρηται
1097 3199 1397 3266 προφητικῇ
1444 3196 1596 3266 ἐντῷ
1661 3215 1794 3267 προ-

248 3288 496 3357 κειμένῳ
535 3286 730 3356 ψαλμῷ
777 3286 1054 3360 φασκούσῃ
1077 3302 1098 3321 ο·
1118 3284 1428 3352 Γενηθήτω
1465 3287 1502 3351 ἡ
1551 3284 1798 3351 ἔπαυλις

247 3378 444 3434 αὑτοῦ
476 3377 707 3445 ἕρημος,
749 3377 846 3428 καὶ
867 3376 950 3444 μὴ
978 3377 1130 3429 ἔστω
1159 3379 1191 3429 ό
1228 3375 1508 3429 κατοικῶν
1528 3377 1596 3428 ἐν
1624 3377 1794 3443 αὐτῇ,

250 3469 356 3524 καὶ
407 3465 518 3532 τὴν
559 3465 892 3532 ἐπισκοπὴν
952 3465 1130 3519 αὐτοῦ
1179 3464 1344 3518 λάϐοι
1389 3465 1609 3532 ἔτερος·
1660 3465 1797 3518 ὥστε

250 3557 402 3612 κατὰ
430 3557 526 3624 τὴν
583 3556 793 3626 Πέτρου.
835 3553 1173 3607 διδασκαλίαν
1215 3555 1340 3622 περὶ
1379 3553 1472 3605 τοῦ
1511 3554 1676 3607 Ἰούδα
1704 3556 1798 3608 αύ-

249 3649 353 3718 τὴν
413 3643 612 3714 ταύτην
664 3643 906 3714 εἰρῆσθαι
927 3644 1021 3714 τὴν
1049 3643 1248 3712 φωνὴν,
1280 3645 1371 3696 καὶ
1404 3644 1498 3705 τὰς
1525 3643 1711 3707 λοιπὰς
1740 3645 1796 3696 ὲν

250 3737 333 3806 τῷ
358 3732 555 3804 ψαλμῷ
581 3733 898 3803 φερομένας.
942 3735 998 3786 ’0
1022 3734 1198 3786 τοίνυν
1223 3733 1406 3804 Σωτὴρ
1435 3732 1520 3788 διὰ
1540 3733 1644 3786 τῶν
1668 3750 1797 3805 προ-

251 3824 524 3894 κειμένων
551 3823 842 3893 ἀρχόμενος
872 3823 1238 3893 ἀνθρωπίνως,
1283 3822 1358 3884 ὼς
1394 3822 1672 3892 γενόμενος
1707 3823 1797 3879 ἇν-

253 3918 497 3987 θρωπος,
549 3912 731 3982 μείνας
758 3913 813 3964 δὲ
846 3912 994 3974 Θεὸς,
1033 3911 1166 3981 ὅπερ
1195 3907 1279 3981 ἦν,
1310 3910 1534 3964 ἱκετεύει
1558 3912 1646 3964 τὸν
1683 3913 1799 3971 eae;

255 4005 357 4060 τοῦ
390 4003 603 4073 Πατέρα
630 4002 703 4071 μὴ
742 4001 1072 4072 κατορθῶσαι
1099 4001 1220 4065 τοὺς
1259 4001 1691 4064 ἐπιβουλεύοντας
1729 4006 1798 4072 τῇ

231 4092 458 4149 ’ἑαυτοῦ
512 4093 731 4162 σπουδῇ.
783 4091 988 4161 Σπουδὴ
1024 4092 1080 4143 δὲ
1124 4089 1284 4144 αὐτοῦ
1331 4092 1476 4144 πᾶσα
1515 4087 1582 4162 ἦν
1611 4091 1796 4145 σϐέσαι

258 4179 364 4249 μὲν
393 4177 452 4240 ea
490 4176 782 4248 ἀνθρώπων
821 4179 997 4230 πᾶσαν
1035 4176 1482 4247 είδωλολατρείαν.
1513 4179 1709 4232 αίνεσιν
1741 4180 1796 4232 δὲ

255 4266 336 4336 τῷ
373 4265 544 4333 Πατρὶ
575 4265 1005 4334 καταστήσασθαι
1039 4267 1130 4319 ἐπὶ
1171 4266 1269 4334 τῆς
1296 4269 1395 4337 γῆς
1414 4283 1426 4296 ·
1456 4267 1484 4319 ὃ
1518 4268 1580 4338 δὴ
1605 4269 1661 4319 ὲν
1686 4269 1798 4320 έτέ-

259 4371 377 4428 pot;
422 4351 657 4404 διδάσκει
721 4351 918 4419 λέγων·
972 4353 1292 4422 Ἀπαγγελῶ
1341 4356 1405 4409 τὸ
1455 4357 1635 4426 ὄνομά
1682 4374 1796 4412 σου

1893 624 2011 662 mus
2061 625 2186 662 vero
2233 626 2408 664 nonus
2456 612 2693 681 psalmus
2727 611 2902 671 liabet,
2965 610 3094 664 Mihi
3124 614 3417 683 alienigena’

1892 698 2084 751 subditi
2116 710 2254 754 sunt.
2290 700 2497 755 Notitite
2525 717 2652 756 vero
2675 700 2762 754 Dei
2809 709 2862 754 et
2891 701 3138 756 amicitia:
3168 710 3220 755 et
3251 705 3418 757 socie-

1893 791 2018 844 tatis
2043 798 2096 844 et
2125 790 2428 845 dilectionis
2462 793 2669 860 signum
2698 799 2798 853 est,
2826 791 2923 858 ipsi
2955 791 3146 858 subjici
3185 807 3300 852 eos,
3326 793 3415 860 qui

1893 879 2016 931 olim
2074 879 2486 948 inobsequentes
2518 891 2571 935 et
2615 880 2720 936 Deo
2751 881 2908 935 alieni
2934 888 3105 944 erant,
3137 882 3419 950 pravisque

1893 967 2222 1022 datnionibus
2248 967 2467 1022 subditi.

1891 1161 1920 1230 9
1984 1163 2031 1214 1.
2066 1160 2128 1214 ΙΝ
2159 1159 2706 1222 ιηΝΕιιιεΑιΜυε
2735 1158 2856 1212 IPSI
2891 1157 3108 1212 DAVID.
3141 1157 3316 1212 CVIII.

1964 1249 2125 1304 Vens.
2155 1250 2208 1315 2,
2238 1251 2290 1303 5.
2327 1249 2482 1311 Deus,
2509 1249 2714 1302 laudem
2742 1266 2907 1302 meant
2941 1266 3000 1300 ne
3031 1247 3274 1307 tacueris,
3299 1247 3418 1315 quia

1894 1355 1948 1389 os
1976 1339 2256 1404 peccatoris
2287 1346 2334 1390 et
2371 1354 2426 1390 os
2457 1337 2626 1390 dolosi
2658 1353 2807 1403 super
2835 1353 2911 1389 me
2942 1347 3170 1403 apertum
3194 1346 3287 1387 est.
3319 1333 3421 1384 Lo-

1893 1430 1996 1478 culi
2024 1436 2139 1478 sunt
2173 1427 2441 1480 adversum
2475 1442 2552 1479 me
2586 1427 2761 1496 lingua
2796 1427 2997 1488 dolosa,
3025 1434 3071 1478 et
3103 1423 3418 1478 sermonibus

1895 1515 2000 1566 odii
2034 1515 2473 1568 circumdederunt
2503 1532 2600 1578 me,
2622 1525 2668 1568 et
2694 1523 3100 1585 oppugnaverunt
3131 1531 3208 1566 me
3234 1514 3414 1582 gratis.

1895 1603 1952 1656 In
1989 1605 2088 1658 hoc
2115 1604 2238 1658 item
2262 1605 2328 1658 de
2353 1619 2503 1658 more
2528 1619 2623 1674 pro
2655 1605 2764 1667 illo,
2795 1605 2846 1657 in
2882 1605 3055 1672 ﬁnem,
3088 1603 3280 1673 Aquila
3302 1642 3316 1661 ,
3345 1605 3419 1653 vi-

1894 1698 2070 1748 ctoria:
2110 1695 2328 1756 auctori,
2366 1694 2717 1764 Symmachus
2744 1709 2890 1756 vero,
2926 1693 3250 1761 triumphale,
3301 1691 3418 1745 edi-

1895 1785 1992 1837 dit.
2021 1786 2219 1852 Spiritu
2277 1796 2460 1838 sancto
2514 1792 2720 1838 tantum
2777 1800 2885 1838 non
2940 1784 3168 1838 docente
3205 1797 3324 1845 nos,
3366 1783 3420 1834 in

1893 1872 2300 1940 triumphalibus
2327 1870 2620 1926 Saluatoris
2652 1871 2823 1926 nostri
2843 1878 2896 1926 et
2913 1871 3126 1940 trepzeis
3162 1869 3228 1924 de
3256 1853 3422 1922 morte

1893 1961 2079 2031 partis,
2127 1962 2224 2014 bas
2272 1975 2430 2015 voces
2480 1960 2718 2029 proferre
2756 1961 2968 2024 debere,
3001 1961 3054 2015 in
3096 1961 3292 2031 quibus
3325 1960 3420 2014 hu-

1893 2068 2048 2106 mana
2078 2053 2195 2120 ejus
2217 2053 2324 2105 vita
2345 2059 2398 2106 et
2429 2052 2711 2106 tolerantia
2735 2053 3068 2107 cruciatuum
3095 2051 3419 2105 declaratur.

1891 2139 2050 2204 Deus,
2076 2137 2280 2190 laudem
2326 2153 2492 2190 meam
2521 2153 2580 2190 ne
2625 2139 2845 2190 tacueris
2870 2180 2883 2199 ,
2917 2136 3039 2204 quia
3061 2151 3116 2187 os
3141 2132 3420 2202 peccatoris

1891 2236 1939 2280 et
1967 2243 2023 2280 os
2055 2225 2223 2280 dolosi
2246 2242 2400 2291 super
2431 2243 2508 2279 me
2539 2236 2770 2294 apertum
2814 2235 2912 2279 est.
2963 2224 3144 2277 Locuti
3189 2233 3306 2276 sunt
3330 2221 3419 2274 ad-

1891 2331 2089 2370 uersum
2111 2332 2190 2369 me
2221 2315 2398 2384 lingua
2421 2315 2626 2379 dolosa,
2653 2326 2700 2368 et
2723 2315 3042 2369 sermonibus
3063 2313 3169 2366 odii
3198 2313 3420 2364 circum-

1891 2406 2140 2460 dederunt
2181 2420 2278 2469 me,
2311 2417 2359 2458 et
2409 2414 2820 2474 oppugnaverunt
2852 2420 2930 2456 me
2957 2402 3140 2472 gratis.
3181 2399 3423 2453 Praesens

1890 2498 2086 2566 quippe
2115 2496 2355 2566 psalmus
2373 2494 2601 2548 refertur
2622 2493 2687 2546 ad
2709 2507 2989 2562 personam
3008 2488 3227 2551 Christi,
3243 2495 3421 2556 utpote

1891 2586 1982 2655 qui
2036 2586 2316 2655 passiones
2361 2584 2493 2651 ejus.
2537 2583 2940 2655 complectatur,
2995 2587 3054 2632 ut
3109 2576 3421 2632 testiﬁcatur

1890 2677 2115 2729 Aetuum
2136 2674 2498 2744 apostolorum
2516 2673 2812 2740 Scriptura,
2833 2671 2922 2724 ubi
2947 2672 3133 2724 Petrus
3157 2682 3276 2721 cum
3305 2681 3420 2735 pro-

1891 2763 2239 2819 ditorisJuda:
2256 2767 2460 2834 lapsum
2483 2768 2850 2824 memorasset,
2877 2775 2940 2813 ac
2955 2759 3248 2813 monuisset
3263 2755 3423 2810 alium

1893 2855 1958 2908 ad
2003 2853 2281 2908 duodecim
2336 2855 2697 2923 apostolorum
2746 2845 3424 2918 numerum-complendtuu

1892 2947 2164 3017 σθαι-θεειτί
2185 2953 2453 3014 oportere,
2487 2945 2792 3000 testimonio
2822 2958 2953 2998 usus
2983 2949 3066 2997 est
3094 2941 3422 3010 prophetico,

1894 3042 1953 3086 ιιι
1990 3036 2044 3088 in
2081 3035 2326 3103 praesenti
2365 3034 2574 3102 psalmo
2597 3034 2858 3087 habetur:
2892 3031 3014 3084 Fiat
3039 3031 3292 3084 habitatio
3312 3029 3422 3096 ejus

1893 3125 2117 3186 deserta,
2153 3133 2202 3178 et
2233 3141 2336 3177 non
2360 3125 2429 3177 sit
2464 3123 2553 3190 qui
2593 3122 2841 3175 inhabitet
2882 3122 2934 3172 in
2963 3137 3046 3182 ea,
3085 3129 3131 3172 et
3165 3119 3420 3185 episcopa-

1896 3225 2005 3269 tum
2045 3213 2156 3278 eius
2209 3214 2430 3281 accipiat
2474 3212 2605 3264 alter
2621 3211 2699 3274 ³⁸ς
2731 3211 2803 3262 ita
2849 3218 2905 3262 ut
2945 3207 3238 3262 secundum
3282 3203 3420 3258 Petri

1893 3303 2189 3357 doctrinam
2219 3301 2333 3354 haec
2363 3316 2464 3353 vox
2493 3299 2559 3353 de
2586 3297 2720 3351 Juda
2746 3296 2947 3365 prolata
2972 3295 3063 3357 sit,
3091 3305 3150 3348 ut
3177 3302 3229 3349 et
3267 3300 3407 3347 caete-

1896 3409 1968 3448 ra;
1988 3393 2040 3446 in
2068 3393 2169 3446 hoc
2196 3393 2400 3462 psalmo
2429 3405 2714 3458 expressae.
2740 3375 2984 3441 Salvator
3009 3386 3168 3454 igitur
3199 3383 3266 3436 ab
3294 3382 3420 3436 alla-

1895 3483 1966 3537 tis
1985 3482 2207 3536 vocibus
2223 3479 2459 3533 humano
2482 3493 2630 3532 more
2649 3492 2830 3537 orsus,
2849 3483 3031 3544 utpote
3049 3474 3207 3526 homo
3227 3469 3422 3532 lactus,

1895 3587 2116 3626 manens
2165 3579 2341 3624 tamen
2376 3568 2518 3622 Deus
2550 3575 2620 3620 ut.
2650 3575 2785 3629 erat,
2823 3564 3040 3618 Patrem.
3058 3563 3319 3618 obsecrat.
3358 3576 3428 3614 ne-

1896 3661 2240 3716 insidiatores
2269 3659 2496 3714 consilio
2523 3673 2624 3712 suo
2647 3656 2914 3720 oiliciant;
2940 3653 3231 3710 consilium
3245 3661 3420 3704 autem

1894 3751 2012 3819 ejus
2065 3757 2233 3802 totum
2283 3757 2424 3810 erat,
2475 3754 2532 3802 ut
2586 3763 2653 3800 ex
2711 3746 3021 3800 hominibus
3066 3742 3420 3797 idololatrian:

1893 3854 2104 3893 onmem
2151 3839 2535 3907 exstingueret,
2557 3837 2704 3889 Patri
2756 3851 2883 3890 vero
2937 3835 3144 3890 laudent
3186 3834 3240 3887 in
3282 3840 3446 3887 terra

1894 3928 2242 3982 constitueret
2283 3946 2297 3980 :
2332 3927 2476 3996 quod
2531 3928 2654 3982 item
2705 3928 2827 3983 alibi
2881 3927 3036 3981 docet
3079 3925 3164 3978 his
3199 3922 3440 3977 verbis.:.-.

1898 4015 2142 4070 Narrabo
2174 4033 2357 4070 nomen
2403 4029 2548 4072 tuum
2577 4017 2828 4086 fratribus
2873 4017 3020 4078 meis,
3047 4016 3097 4067 in
3129 4013 3294 4066 medio
3326 4011 3421 4063 Ec-

1895 4108 2062 4162 clesia!
2104 4107 2329 4162 laudabo
2375 4110 2498 4162 te".
2533 4108 2633 4172 Qui
2663 4116 2838 4161 autem
2874 4107 2993 4160 vita:
3041 4104 3158 4172 ejus
3201 4101 3423 4156 insidias

1895 4196 2173 4266 parabant,
2228 4211 2438 4258 summo
2485 4195 2663 4250 studio
2713 4179 3026 4264 satagebant
3071 4199 3129 4244 ut
3171 4191 3282 4244 lucc
3309 4189 3421 4258 ipsa

1897 4287 2012 4338 laus
2039 4286 2254 4340 silentio
2290 4301 2511 4356 prorsus
2542 4287 2857 4340 mitteretur.
2893 4283 3088 4338 Verum
3119 4291 3197 4344 tu,
3228 4280 3423 4350 inquit,

1895 4375 2071 4438 Pater,
2099 4391 2164 4429 ne
2193 4377 2338 4430 sinas
2375 4376 2580 4430 laudem
2627 4376 2803 4430 taceri.
2825 4391 3016 4437 meam,
3041 4388 3159 4443 quin
3186 4374 3239 4426 in
3269 4373 3422 4426 hono-

255 4443 387 4504 τοῖς
417 4439 692 4506 ἀδελφοῖς
718 4457 849 4505 μου,
881 4442 947 4492 ἐν
971 4441 1135 4508 μέσῳ
1172 4444 1521 4510 Ἐκκλησίας
1551 4447 1794 4515 ὑμνήσω

1895 4480 2002 4518 rem
2038 4473 2092 4518 et
2124 4466 2343 4534 gloriam
2386 4475 2528 4518 tuam
2554 4466 2924 4519 concinnatur.
2953 4439 3089 4527 Quia
3119 4480 3174 4516 os
3196 4472 3424 4530 peceato-

252 4545 356 4584 σε.
385 4531 446 4581 Οί
467 4528 522 4579 δὲ
551 4529 626 4589 εἰς
647 4527 864 4581 θάνατον
891 4530 1035 4599 αὐτῷ
1059 4530 1486 4596 ἐπιϐουλεύοντες
1512 4538 1798 4606 κατασιγά-

257 4638 357 4674 σαι
383 4617 579 4686 ταύτην
601 4619 765 4688 αὐτὴν
782 4618 876 4688 τὴν
897 4620 1094 4674 αἵνεσιν
1110 4621 1202 4677 καὶ
1215 4625 1622 4694 κατασιωπῆσαι
1645 4643 1798 4680 σπου-

253 4713 360 4784 δὴν
387 4709 680 4764 ἐποιοῦντο.
722 4708 877 4760 Ἀλλά
926 4711 1011 4773 σὺ,
1036 4711 1216 4779 φησιν,
1260 4706 1304 4761 ὦ
1341 4713 1537 4786 Πάτερ,
1566 4714 1639 4786 μὴ
1669 4733 1795 4784 συγ-

255 4803 514 4874 χωρήσῃς
535 4798 972 4867 ἁποσιωπηοῆναι
987 4800 1082 4866 τὴν
1108 4797 1307 4850 αἴνεσίν
1333 4816 1454 4868 μου,
1477 4802 1572 4872 τὴν
1603 4805 1681 4865 εἰς
1699 4805 1795 4874 τὴν

255 4889 363 4959 σὴν
413 4886 572 4955 τιμὴν
623 4886 713 4938 καὶ
755 4886 906 4949 δόξαν
949 4885 1410 4954 σπουδαζομένην,
1446 4893 1570 4942 Ὅτι
1606 4895 1798 4961 στόμα

254 4971 607 5054 ἀμαρτωλοῦ
665 4971 760 5024 καὶ
800 4974 988 5042 στόμα
1024 4971 1222 5025 δολίου
1251 4971 1346 5023 ἐπ’
1378 4976 1482 5044 ἐμὲ
1525 4979 1788 5046 ἠνοίχθη.

1896 4553 1968 4606 ris
2004 4563 2053 4605 et
2097 4570 2154 4605 os
2202 4553 2368 4605 dolosi
2421 4569 2573 4620 super
2594 4569 2673 4607 me
2699 4563 2931 4621 apertum
2979 4560 3074 4603 est.
3124 4549 3196 4602 Os
3251 4558 3428 4601 autem

1893 4643 2188 4709 peccatoris
2231 4651 2283 4696 et
2335 4657 2396 4696 os
2425 4642 2598 4695 dolosi
2637 4643 2974 4711 potissimum
3008 4648 3125 4692 erat
3161 4655 3223 4692 os
3249 4637 3432 4691 Phari-

1892 4745 2117 4782 s:eorum
2155 4738 2208 4783 et
2255 4729 2586 4792 Scribarum,
2621 4732 2711 4799 qui
2755 4746 2876 4784 CIIIII
2932 4726 3204 4795 hypocrisi
3257 4726 3430 4792 ipsum

1899 4811 2204 4880 Magistrum
2249 4823 2302 4866 et
2353 4812 2522 4867 ltabbi
2575 4815 2866 4876 vocabant;
2918 4809 3217 4879 praesertim
3253 4818 3430 4859 autem

1895 4899 2062 4963 Judae,
2095 4902 2183 4968 qui
2240 4899 2571 4957 Salvatorem
2627 4911 2682 4956 et
2720 4902 3000 4959 Dominum
3055 4911 3216 4950 suum
3248 4895 3436 4950 osculo

1896 4986 2148 5053 prodidit.

256 5066 443 5134 Στόμα
489 5063 546 5116 δὲ
586 5065 898 5133 ἁμαρτωλοῦ
927 5065 1017 5118 καὶ
1043 5077 1206 5133 στομα
1237 5063 1415 5118 δολίου
1447 5069 1672 5137 μάλιστα
1699 5073 1794 5141 μὲν
1826 5079 1913 5131 καὶ
1936 5081 2039 5135 πᾶν
2064 5082 2122 5132 τὸ
2144 5081 2246 5132 τῶν
2267 5084 2564 5153 Φαρισαίων
2603 5086 2693 5137 καὶ
2729 5074 3105 5152 Γραμματέων
3157 5071 3440 5138 ἐτύγχανε.

256 5157 370 5209 τῶν
410 5155 526 5226 μεθ’
573 5157 900 5226 ὑποκρίσεως
969 5155 1123 5210 αὐτὸν
1163 5155 1488 5212 Διδάσκαλον
1531 5165 1623 5214 καὶ
1667 5167 1851 5226 ’Βαὸδὶ
1903 5173 2330 5236 ἀποκαλούντων,
2387 5177 2668 5246 ἐξαιρέτως
2721 5175 2776 5226 δὲ
2822 5171 2918 5226 τοῦ
2983 5163 3153 5222 Ἰούδα
3176 5201 3192 5229 ,
3249 5161 3308 5229 ὃς
3360 5179 3449 5217 τον

257 5249 456 5308 ἑαυτοῦ
481 5249 701 5318 Σωτῆρα
728 5251 816 5303 καὶ
844 5250 1036 5319 Κύριον
1071 5247 1325 5316 φιλήματι
1357 5254 1659 5321 προεδίδου.

351 5369 682 5435 Ἐλάλησαν
715 5368 834 5420 κατ’
858 5365 995 5434 ἐμοῦ
1021 5361 1246 5431 γλώσσῃ
1289 5366 1511 5434 δολία,
1564 5373 1662 5424 καὶ
1707 5378 1799 5428 λό-

260 5473 389 5523 γοις
412 5458 628 5524 μίσους
653 5453 982 5509 ἐκύκλωσάν
1019 5467 1109 5517 με,
1151 5455 1235 5506 καί
1279 5457 1696 5527 ἐπολέμησάν
1723 5485 1798 5532 με

258 5547 500 5612 δωρεάν.
548 5545 685 5599 Ἀντί
714 5545 811 5597 τοῦ
853 5538 1075 5609 ἀγαπᾷν
1110 5559 1177 5608 με
1214 5545 1643 5604 ὼλὸιέϐαλλόν
1689 5572 1763 5621 με
1783 5574 1796 5588 -

340 5696 381 5724 υ
419 5697 533 5749 Act.
569 5710 603 5758 ι,
638 5695 716 5747 20.
787 5693 824 5723 “
856 5688 984 5743 I’s:d.
1028 5706 1140 5754 xxi.
1169 5697 1248 5753 25.

1971 5378 2127 5432 Vastis.
2162 5379 2214 5431 ιι.
2249 5378 2579 5434 ιοειιιίιειιιιι
2607 5380 2881 5433 adversum
2921 5387 3004 5424 me
3037 5370 3223 5434 lingua
3255 5365 3462 5429 dolosa,

1901 5477 1947 5521 et
1978 5467 2291 5521 sermonibus
2331 5468 2438 5521 odii
2485 5452 2938 5521 circumdederunt
2981 5474 3078 5518 me,
3109 5461 3158 5505 et
3195 5466 3470 5519 oppugna-

1904 5567 2078 5612 verunt
2106 5574 2182 5612 me
2214 5561 2397 5628 gratis.
2431 5558 2537 5610 Pro
2566 5574 2623 5612 eo
2653 5567 2705 5609 ut
2738 5571 2818 5609 me
2866 5549 3183 5616 diligerent,
3231 5535 3477 5589 ἀείωίιε·
