3970 6410
1137 554 1790 654 TRADITIO
1929 550 2732 652 CATHOLICA.

1431 755 1814 813 S/ECULUM
1881 753 1938 807 ι’.
2003 754 2263 810 ANNUS
2321 751 2441 808 420

1815 945 2075 970 *0.—

1517 1140 2382 1272 ELENCHUS

256 1359 776 1436 AUCTOBUM
828 1359 941 1432 ET
987 1356 1378 1430 OPEBUM
1437 1356 1590 1438 QUI
1644 1355 1732 1428 IN
1785 1353 1976 1428 HAO
2029 1352 2246 1426 TOMI
2303 1353 2535 1428 XXIII
2586 1353 2890 1428 PARTE
2949 1356 2969 1427 I
3024 1355 3647 1432 COTINENTUB.

895 1807 958 1869 S.
992 1803 1361 1868 EUSEBIUS
1395 1801 1906 1878 HIERONYMUS,
1954 1801 2500 1867 STBIDONENSIS
2537 1801 3009 1867 PRESBYTER.

254 1917 569 1980 VALLARSII
610 1914 934 1976 Pnazrmo.
3255 1913 3366 1977 col.
3615 1913 3655 1975 9

333 2024 597 2087 Senum.
1085 2101 1087 2105 ι

256 2130 385 2193 Vita
415 2129 477 2192 8.
509 2128 676 2193 Pauli
702 2127 876 2208 primi
901 2124 1182 2190 eremitm.
3584 2128 3656 2192 Π

257 2237 391 2298 Vita
415 2237 480 2300 8.
513 2233 846 2298 Hilarionis.
3580 2232 3658 2296 99

260 2344 394 2405 Vita
420 2341 634 2406 Malcbi
662 2339 952 2405 monachi.
3580 2341 3661 2402 55

259 2450 502 2532 Regula:
528 2450 590 2512 S.
624 2447 922 2510 Pachomii
949 2444 1283 2510 Translatio
1319 2444 1542 2506 Latina.
3583 2449 3662 2510 65

262 2560 536 2622 Instituta
567 2558 629 2619 S.
662 2555 990 2620 Pachomii.

3073 2549 3076 2551 λ
3583 2557 3654 2618 81

262 2667 556 2746 Praecepta
582 2669 642 2726 et
662 2661 878 2743 judicia
906 2661 968 2723 8.
1002 2662 1318 2725 Pachomii.
3585 2669 3665 2730 35
3733 2649 3750 2660 ’

263 2773 560 2852 Praecepta
588 2786 656 2833 ac
686 2771 849 2850 leges
877 2768 938 2830 S.
973 2767 1288 2832 Pachomii.
3585 2773 3661 2834 87

263 2880 482 2943 Monita
510 2878 572 2940 8.
607 2876 924 2941 Pachomii.
3583 2880 3663 2943 89

268 2987 382 3049 PP.
417 2984 712 3048 Pachomii
743 2991 802 3048 et
830 2981 1121 3046 Theodori
1150 2981 1426 3060 Epistolaa
1456 2985 1512 3043 et
1543 2978 1719 3044 verba
1749 2981 2013 3060 mystica.
3581 2990 3654 3051 9,1

271 3091 462 3156 Verba
489 3091 829 3171 prophetica
857 3091 918 3154 S.
953 3088 1268 3152 Pachomii.
3556 3095 3672 3157 102

270 3200 530 3282 Epistola
560 3197 852 3262 Theodori
882 3198 955 3261 ad
987 3199 1339 3262 monasteria
1371 3199 1445 3264 de
1474 3201 1720 3266 Pascha.
3559 3204 3674 3266 101

271 3307 682 3386 lnterpretatio
710 3305 842 3368 libri
875 3303 1103 3384 Didymi
1135 3305 1209 3369 de
1238 3305 1458 3384 Spiritu
1487 3315 1692 3373 sancto
1724 3307 1796 3371 ad
1832 3307 2264 3372 Paulinianum.
3563 3310 3674 3370 107

275 3415 556 3494 Dialogus
583 3420 782 3476 contra
815 3413 1234 3476 Luciferianos.
3565 3417 3680 3480 163

277 3521 453 3590 Liber
479 3521 554 3585 de
582 3526 863 3604 perpetua
890 3517 1232 3600 virginitate
1258 3521 1326 3582 Β.
1361 3521 1579 3584 Mariae.
3569 3525 3682 3587 193

276 3630 584 3694 Adversus
610 3628 982 3692 Iovinianum
1014 3627 1148 3690 libri
1175 3625 1314 3693 duo.
3563 3632 3674 3696 991

277 3737 455 3801 Liber
483 3742 686 3800 contra
717 3734 1121 3814 Vigilantium.
2332 3779 2346 3791 ,
3563 3739 3681 3804 353

280 3845 458 3909 Liber
485 3850 688 3908 contra
714 3843 880 3906 Joan.
913 3842 1534 3925 Hierosolymitanum.
3561 3849 3675 3910 371

280 3950 569 4032 Apologia
598 3949 883 4014 adversus
911 3948 1091 4030 libros
1123 3949 1340 4014 Ruﬁni.
3203 3996 3210 4003 -
3561 3954 3681 4016 415

286 4058 568 4139 Dialogus
589 4055 878 4121 adversus
905 4057 1274 4138 Pelagianos.
3560 4061 3677 4124 5l7

286 4165 460 4230 Liber
486 4163 560 4229 de
587 4162 731 4229 viris
757 4161 1110 4228 illustribus.
3563 4171 3674 4236 631

441 4269 769 4333 APPENDIX.

284 4377 372 4463 De
408 4375 545 4441 vitis
571 4375 994 4457 apostolorum.
3565 4387 3676 4450 761

288 4483 552 4568 Epistola
577 4481 652 4548 ad
679 4482 1051 4549 Desiderium
1077 4482 1152 4549 de
1177 4481 1484 4550 duodecim
1514 4483 1877 4552 doctoribus.
2473 4485 2477 4490 ’
3564 4495 3684 4560 763
