3970 6346
1403 644 2496 804 ΡΡιλἘΡΑΤῙΟ.

311 1221 691 1301 Quanquam
751 1223 1029 1302 praefixas
1106 1224 1369 1304 singulis
1450 1225 1714 1306 hujusce
1791 1229 1946 1289 tomi
2029 1228 2286 1288 secundi
2341 1228 2517 1290 libris
2581 1227 3013 1290 admonitiones
3094 1227 3402 1307 praefandi
3457 1243 3646 1287 onere

231 1319 502 1380 maxima
531 1339 630 1381 me
668 1339 746 1382 ex
786 1327 965 1401 parte
1023 1322 1256 1397 levent,
1315 1325 1608 1402 quaedam
1668 1325 2082 1387 nihilominus
2139 1345 2272 1387 esse
2331 1327 2534 1399 video,
2602 1327 2679 1388 de
2737 1327 2970 1406 quibus
3029 1326 3326 1387 lectorem
3383 1324 3448 1384 in
3504 1324 3644 1403 ipso

232 1419 438 1479 statim
470 1419 646 1479 aditu
711 1418 1154 1500 prmmonitum
1214 1422 1403 1483 fuisse
1460 1442 1586 1483 non
1644 1423 1878 1503 pigeat.
1937 1427 2025 1484 Ac
2074 1425 2349 1503 primum
2408 1425 2681 1486 instituti
2737 1426 2856 1485 mei
2911 1425 3072 1485 ratio
3128 1423 3452 1484 reddenda
3524 1427 3640 1496 est,

232 1515 396 1595 quod
477 1516 844 1596 Hieronymi
921 1517 1247 1599 Opuscula,
1307 1538 1704 1600 quaecunque
1786 1521 1912 1581 huc
1992 1522 2141 1583 illuc
2196 1523 2748 1601 dispertiebantur,
2810 1529 2872 1583 et
2918 1523 3046 1584 sive
3100 1521 3163 1580 in
3215 1520 3640 1600 Epistolarum

231 1613 385 1675 serie
438 1615 809 1693 peregrinas
864 1617 1044 1678 sedes
1116 1617 1500 1691 incolebant,
1563 1619 1692 1680 sive
1749 1619 2014 1680 aliorum
2075 1625 2406 1680 auctorum
2467 1619 3323 1699 scriptionibusintermista,
3358 1619 3638 1679 nondum

229 1711 340 1786 illi,
395 1711 575 1790 cujus
629 1718 844 1791 partes
872 1719 1040 1785 sunt,
1073 1715 1565 1794 Hieronymiano
1594 1717 1845 1795 corpori
1903 1723 2319 1788 accesserant,
2352 1717 2443 1777 ita
2498 1717 2559 1776 in
2622 1735 2818 1777 unum
2876 1717 3173 1778 volumen
3231 1716 3636 1795 conjecerim,

228 1815 295 1870 ut
321 1809 444 1870 iste
472 1809 670 1870 ferme
727 1829 926 1873 novus
978 1811 1297 1892 justmque
1330 1813 1512 1874 molis
1542 1820 1752 1875 tomus
1783 1819 2170 1892 exsurgeret.
2237 1817 2366 1892 Ego
2424 1833 2574 1875 vero
2631 1815 2820 1887 istud,
2858 1823 2925 1875 ut
2979 1834 3134 1876 meae
3193 1815 3460 1876 editioni
3491 1832 3638 1892 pre-

226 1907 380 1969 tium
436 1907 833 1969 conciliarem
893 1927 967 1970 ac
1021 1910 1418 1989 dignitatem,
1478 1929 1621 1971 cum
1683 1911 1903 1990 primis
1971 1912 2276 1991 proposui
2334 1912 2512 1987 mihi,
2595 1917 2662 1972 ut
2733 1911 2985 1990 singula
3042 1931 3233 1990 quam
3293 1911 3640 1972 rectissimo

226 2011 518 2085 poterant
589 2005 811 2067 ordine
893 2007 1330 2085 digererentur
1360 2028 1377 2084 ;
1441 2009 1687 2089 hocque
1744 2009 2134 2088 praecipuum
2196 2009 2572 2082 existimavi,
2631 2009 2711 2069 ad
2797 2011 2968 2089 quod
3043 2009 3504 2089 respiciendum
3561 2009 3640 2070 iis

225 2105 325 2178 sit,
360 2103 470 2183 qui
525 2105 877 2166 studiorum
936 2125 1193 2167 suorum
1253 2125 1328 2167 ex
1387 2108 1762 2168 Sanctorum
1822 2109 2082 2168 Patrum
2142 2107 2413 2169 lectione
2469 2108 2586 2168 sibi
2643 2109 2936 2187 praesidia
2966 2113 3290 2188 expetunt.
3326 2109 3530 2178 Quare
3587 2107 3640 2168 si

225 2204 365 2264 illas
421 2203 948 2276 elucubrationes,
1011 2223 1279 2284 quarum
1339 2224 1454 2266 nec
1512 2205 1732 2266 dictati
1787 2205 2119 2284 prolixitas
2175 2211 2376 2279 tanta,
2413 2211 2482 2266 ut
2530 2225 2811 2267 seorsum
2864 2207 3174 2268 recenseri
3231 2210 3489 2285 queant,
3522 2223 3639 2266 nec

225 2318 298 2362 ea
345 2305 439 2362 est
493 2301 850 2380 scriptionis
905 2301 1150 2363 indoles
1209 2322 1282 2364 ac
1341 2309 1593 2376 natura,
1653 2309 1844 2382 atque
1900 2303 1964 2364 in
2023 2303 2149 2364 illis
2201 2304 2546 2365 disserendi
2604 2305 2852 2377 modus,
2914 2310 2984 2364 ut
3049 2305 3189 2365 aliis
3243 2303 3472 2364 diversi
3529 2321 3634 2364 ar-

224 2399 505 2478 gumenti
561 2405 751 2479 atque
806 2400 1041 2479 ingenii
1097 2401 1273 2462 libris
1331 2402 1656 2481 patiantur
1714 2402 2100 2481 permisceri,
2159 2403 2223 2462 in
2300 2421 2494 2462 unum
2584 2403 2881 2464 collectas
2935 2402 3162 2463 nativis
3215 2401 3412 2462 veluti
3467 2400 3635 2461 sedi-

221 2497 336 2560 bus
394 2497 767 2578 postliminii
821 2497 965 2577 jure
1021 2499 1457 2573 restituissem,
1519 2519 1683 2561 nova
1752 2519 1962 2560 rerum
2050 2505 2239 2579 atque
2322 2500 2559 2560 ordinis
2647 2501 3004 2562 accessione
3093 2499 3435 2560 maximam
3505 2497 3632 2558 illis

222 2600 656 2674 comparatum
718 2595 795 2656 iri
850 2596 1102 2657 laudem
1161 2616 1236 2658 ac
1293 2597 1499 2658 lucem
1557 2615 1695 2658 sum
1753 2597 2116 2658 arbitratus.
2180 2597 2430 2659 Scilicet
2487 2597 2859 2672 editionum,
2895 2618 3035 2678 qua:
3093 2598 3398 2658 hactenus
3440 2597 3630 2657 ador-

223 2698 384 2753 natm
428 2699 597 2765 sunt,
631 2711 900 2773 quaeque
951 2694 1248 2774 Epistolis
1301 2695 1547 2756 libellos
1604 2696 1758 2757 istos
1818 2695 2121 2756 continuo
2185 2695 2468 2770 miscent,
2528 2696 2629 2756 vix
2691 2702 2822 2756 erat
2899 2696 3158 2758 ferenda
3216 2694 3628 2775 perturbatio.

220 2791 538 2863 Erasmus,
572 2809 844 2871 eumque
898 2799 1151 2854 secutus
1209 2793 1547 2865 Victorius,
1611 2794 1841 2872 quibus
1898 2794 2307 2854 materiarum
2347 2795 2503 2855 ordo
2561 2795 2735 2855 cordi
2795 2801 2949 2868 erat,
2986 2793 3325 2854 nonnullos
3353 2792 3417 2852 in
3474 2792 3636 2854 alte-

219 2898 288 2940 ra
330 2880 569 2971 classe.
596 2881 726 2942 sive
785 2887 981 2954 tomo,
1015 2889 1269 2962 arrepta
1321 2883 1664 2944 identidem
1723 2902 1798 2943 ex
1855 2882 2150 2962 Epistolis
2181 2883 2514 2944 occasione
2572 2884 2902 2951 collocant,
2937 2884 3109 2963 quod
3165 2879 3472 2971 ἐλεγκτικά
3534 2888 3632 2944 καὶ

217 2965 610 3059 ἀπολογετικά
663 2972 1075 3044 continerent,
1135 2973 1264 3033 sive
1325 2990 1467 3051 quas
1551 2972 1869 3052 pertinent
1938 2973 2018 3032 ad
2080 2971 2356 3032 diversas
2414 2972 2706 3045 haereses,
2755 2979 2816 3032 et
2875 2965 3326 3034 maledicorum
3385 2971 3631 3032 calum-

218 3061 404 3121 nias:
465 3061 621 3121 alios
679 3059 758 3120 ad
816 3061 1042 3138 prioris
1099 3060 1256 3121 tomi
1286 3061 1526 3122 calcem
1590 3066 1939 3134 recensent,
1982 3061 2119 3140 ipso
2179 3060 2495 3121 interdum
2555 3061 2879 3140 proposito
2938 3068 3000 3122 et
3057 3061 3412 3138 argumenti
3446 3059 3630 3120 dissi-

218 3157 570 3218 militudine
626 3157 997 3219 reluctante.
1033 3161 1321 3239 Nuperus
1358 3177 1506 3219 vero
1569 3158 1784 3220 Editor
1843 3158 2308 3231 Benedictinus,
2368 3177 2555 3238 quem
2633 3159 2754 3218 sibi
2833 3158 3260 3236 Epistolarum
3341 3157 3630 3217 ordinem

219 3255 736 3332 chronologicum
792 3261 1234 3336 proposuerat,
1293 3256 1525 3336 passim
1585 3255 1972 3317 immanibus
2021 3255 2102 3316 ad
2169 3255 2304 3316 haec
2349 3255 2720 3334 excipienda
2759 3255 2994 3334 scripta
3042 3254 3320 3316 hiatibus
3350 3254 3628 3315 interru-

218 3354 355 3434 pit:
417 3354 483 3414 in
509 3354 584 3414 iis
641 3360 853 3415 autem
911 3354 1268 3433 digerendis
1324 3355 1562 3416 nullam
1595 3361 1978 3434 temporum,
2013 3354 2094 3414 ad
2142 3372 2284 3432 quae
2343 3354 2798 3427 referebantur,
2863 3354 3172 3414 rationem
3222 3353 3464 3428 habuit,
3520 3351 3629 3413 sed

216 3452 482 3513 fortasse
538 3470 749 3512 rerum
785 3469 798 3526 ;
834 3452 1000 3512 unde
1056 3452 1293 3513 factum
1353 3458 1466 3528 est,
1529 3458 1598 3512 ut
1647 3452 1796 3513 dum
1855 3451 2105 3531 utrique
2165 3452 2406 3513 semita:
2466 3452 2653 3513 simul
2708 3452 3040 3524 insisteret,
3073 3451 3153 3512 ab
3183 3460 3452 3532 utraque
3508 3469 3629 3511 saa-

217 3550 360 3630 pius
417 3549 792 3621 aberrarret,
829 3549 1328 3629 perturbatoque
1385 3550 1792 3612 materiarum
1838 3569 1964 3611 una
2019 3555 2209 3629 atque
2265 3551 2569 3630 temporis
2626 3550 2867 3623 ordine,
2930 3549 3231 3611 lectorem
3308 3536 3625 3610 transver-

215 3666 354 3708 sum
415 3653 685 3727 raperet.
720 3649 921 3709 Erunt
969 3655 1368 3726 argumento,
1433 3668 1511 3708 ne
1560 3648 1624 3708 in
1683 3649 1803 3710 hac
1859 3666 1976 3726 ego
2033 3667 2294 3710 censura
2349 3648 2586 3709 diutius
2642 3666 2879 3725 verser,
2913 3666 3071 3728 quas
3117 3647 3404 3708 obtinent
3451 3645 3628 3706 sedes

212 3745 276 3806 in
335 3764 414 3807 ea
467 3745 830 3807 recensione
887 3746 1014 3807 duo
1071 3751 1316 3808 tantum
1365 3746 1528 3820 libri,
1581 3763 1854 3827 quorum
1919 3765 2080 3807 unus
2142 3745 2316 3826 (Vita
2503 3747 2678 3808 Pauli
2735 3747 3054 3825 Eremitaa)
3113 3751 3298 3806 mtate
3352 3743 3630 3822 reliquas

213 3861 434 3906 omnes
490 3845 553 3905 S.
613 3843 897 3906 Doctoris
953 3844 1459 3906 elucubrationes
1512 3850 1816 3924 superat:
1878 3843 2040 3905 alter
2094 3843 2422 3924 (Dialogus
2479 3849 2703 3905 contra
2750 3842 3145 3922 PelagianOs)
3202 3841 3444 3902 caeteris
3504 3841 3630 3900 fer-

215 3959 315 4004 me
371 3941 665 4004 omnibus
719 3942 1031 4022 posterior
1081 3947 1196 4004 est.
1231 3942 1343 4005 Ille
1386 3947 1599 4004 autem
1661 3941 1956 4022 Epistolis
2014 3941 2096 4002 ad
2153 3941 2516 4004 Marcellam
2570 3948 2631 4002 et
2706 3941 2967 4003 Paulam
3027 3939 3274 4019 scriptis
3330 3936 3634 3999 decennio

214 4047 360 4121 post
418 4040 732 4114 subditur,
762 4041 903 4120 ipsa
944 4046 1463 4120 argumentorum
1525 4042 1684 4103 serie
1742 4043 2022 4102 immane
2083 4045 2389 4118 quantum
2452 4039 2788 4101 abludente
2825 4058 2837 4100 :
2875 4038 2978 4100 hic
3027 4057 3174 4100 vero
3232 4037 3338 4118 qui
3384 4038 3464 4098 ad
3521 4055 3634 4097 an-

215 4156 372 4200 num
431 4139 702 4218 pertinet
756 4138 1452 4219 quadringentesimum
1511 4140 1825 4201 decimum
1875 4138 2192 4219 quintum,
2227 4139 2524 4218 Epistolis
2581 4139 2719 4199 aliis
2776 4137 3167 4218 praeponitur
3198 4138 3278 4197 ab
3310 4155 3477 4197 anno
3510 4141 3634 4196 tre-

228 4237 574 4298 centesimo
631 4237 1013 4316 octogesimo
1071 4243 1246 4298 sexto
1303 4238 1596 4300 exaratis.
1631 4240 1869 4318 Nempe
1925 4239 2014 4299 ita
2071 4243 2506 4316 comparatum
2567 4243 2661 4297 est
2717 4255 2754 4297 a
2797 4243 3046 4310 natura,
3080 4241 3149 4297 ut
3204 4235 3379 4295 nulla
3407 4234 3488 4294 sit
3517 4232 3638 4293 dis-

217 4334 519 4395 similium
577 4334 840 4396 societas
889 4353 1121 4410 rerum,
1183 4353 1340 4414 quas
1398 4336 1449 4396 si
1507 4337 1586 4397 ad
1643 4354 1834 4396 unam
1897 4336 2135 4415 pariter
2184 4336 2398 4396 referri
2457 4335 2678 4396 seriem
2727 4337 2990 4414 ingratis
3049 4333 3411 4413 compellas,
3467 4331 3637 4410 ejus-

220 4433 393 4493 modi
450 4451 671 4495 cavere
725 4434 1263 4513 perturbationem
1323 4434 1494 4495 haud
1555 4434 1774 4515 possis.
1861 4435 1924 4496 Si
2013 4434 2092 4494 ad
2151 4453 2340 4513 quem
2399 4433 2715 4514 Epistolas
2771 4433 3055 4513 exegeris
3125 4439 3482 4512 temporum
3541 4448 3638 4491 or-

218 4529 455 4605 dinem,
489 4531 822 4592 Tractatus
879 4549 1004 4592 una
1059 4531 1299 4610 exigas,
1359 4532 1628 4593 deformi
1691 4529 2064 4610 trajectione
2120 4531 2512 4612 peccandum
2575 4533 2676 4604 sit,
2738 4537 2928 4611 atque
2985 4531 3170 4592 unius
3245 4547 3452 4590 causae
3511 4545 3637 4588 mo-

218 4634 526 4688 numenta
566 4627 690 4689 huc
719 4629 996 4708 illucque
1052 4629 1517 4710 discerpenda;
1581 4631 1631 4690 si
1691 4631 2097 4691 materiarum
2152 4631 2331 4691 malis
2387 4630 2667 4709 vestigiis
2709 4630 3044 4704 inhaerere,
3093 4627 3518 4705 chronologim
3543 4642 3638 4684 re-

220 4726 427 4804 gulas,
462 4744 603 4805 quae
659 4727 1084 4806 Epitsolarum
1143 4733 1235 4788 est
1292 4727 1756 4807 propemodum
1819 4728 2056 4802 anima,
2090 4735 2447 4807 pervertere
2503 4747 2750 4789 necesse
2809 4728 3068 4788 habeas.
3134 4729 3347 4805 Neque
3407 4742 3480 4784 eo
3536 4721 3637 4782 in-

221 4822 418 4898 ﬁcias,
481 4824 602 4884 tria
657 4842 791 4885 esse
825 4831 934 4887 aut
967 4832 1242 4906 quatuor
1299 4827 1626 4904 opuscula,
1660 4826 1890 4906 quibus
1920 4826 2179 4888 totidem
2214 4826 2511 4905 Epistolas
2553 4826 2752 4886 lucem
2787 4826 3083 4886 ati'errent
3113 4821 3468 4902 argumenti
3500 4837 3641 4900 pro-

223 4920 558 4984 ximitate:
609 4922 804 4984 satius
835 4923 974 4986 dico
1007 4941 1162 4994 esse,
1215 4923 1513 4984 lectorem
1575 4923 1652 4985 de
1707 4924 1830 4986 illis
1890 4924 2254 4996 admonere,
2305 4941 2498 5003 quam
2557 4923 2685 4984 suis
2745 4923 2996 4983 sedibus
3044 4941 3155 5003 per
3205 4921 3327 4980 vim
3390 4917 3642 4978 avulsas

226 5017 292 5078 in
351 5017 628 5080 alienum
683 5020 886 5082 solum
944 5021 1307 5095 transferre,
1367 5026 1430 5081 et
1481 5020 1644 5082 lucis
1731 5021 2095 5082 mutuandm
2175 5021 2460 5095 obtentu,
2526 5040 2718 5082 morae
2799 5029 2862 5081 et
2912 5020 3366 5099 impedimento
3425 5016 3642 5094 legen-

227 5115 402 5177 tibus
453 5135 610 5179 esse.
668 5119 761 5180 Ad
820 5120 988 5180 hunc
1043 5125 1213 5181 certe
1263 5119 1522 5181 modum
1567 5125 1630 5181 et
1688 5118 2111 5180 accuratiores
2168 5119 2434 5181 aliorum
2495 5126 2776 5181 veterum
2825 5121 3082 5180 Patrum
3130 5117 3437 5178 editiones
3467 5114 3646 5176 ador-

229 5219 396 5275 natae
451 5219 621 5288 sunt,
669 5215 734 5276 in
791 5216 1021 5296 quibus
1075 5217 1166 5277 ita
1212 5234 1363 5276 suus
1419 5217 1646 5296 cuique
1703 5217 2119 5297 scriptionum
2180 5217 2397 5295 generi
2456 5217 2632 5278 locus
2689 5217 3012 5288 tribuitur,
3075 5221 3143 5275 ut
3216 5231 3420 5294 neque
3476 5211 3642 5291 cpis-

157 5291 445 5400 E‘tolaris
499 5331 705 5375 sermo
764 5313 991 5394 planus
1045 5313 1589 5376 dissertationibus
1665 5321 1728 5377 et
1785 5315 1984 5388 libris,
2044 5334 2248 5395 neque
2319 5316 2381 5376 in
2436 5316 2916 5377 Commentariis
2975 5321 3035 5375 et
3103 5313 3415 5385 llomiliis,
3476 5317 3539 5372 et
3594 5310 3646 5371 si

145 5406 357 5502 ἕψω
410 5417 560 5472 sunt
615 5411 740 5473 alia
800 5414 1155 5493 disparibus
1213 5413 1510 5492 auspiciis
1558 5419 1708 5475 nata
1768 5414 2289 5494 permisceantur.
2343 5414 2522 5484 Quod
2607 5421 2674 5474 ut
2731 5433 2847 5492 ego
2937 5413 3180 5474 meliori
3241 5411 3450 5472 adhuc
3501 5409 3646 5488 jure

147 5511 184 5552 τι
227 5505 287 5568 in
351 5508 736 5589 Hieronymo
794 5511 1160 5573 exornando
1207 5516 1597 5590 praestarem,
1661 5512 1805 5573 duas
1836 5517 2146 5592 praeterea
2199 5527 2405 5571 causae
2475 5509 2891 5590 impulerunt.
2953 5511 3187 5584 Altera,
3266 5507 3436 5588 quod
3485 5525 3645 5567 non-

147 5596 408 5704 Enulla
466 5605 606 5689 ejus
661 5608 988 5690 opuscula,
1049 5626 1192 5691 quae
1236 5607 1337 5670 vel
1394 5608 1458 5672 in
1518 5609 1659 5678 aliis
1704 5610 1894 5676 tomis
1950 5608 2374 5692 vagabantur,
2443 5614 2514 5674 ut
2573 5607 2826 5693 Didymi
2880 5609 3040 5673 liber
3085 5609 3162 5671 de
3219 5606 3457 5690 Spiritu
3510 5622 3649 5692 sant

151 5713 192 5818 Ξ
547 5741 820 5812 ιιιηοι.
862 5743 1088 5815 χχιιι.
3131 5749 3169 5834 ι

147 5929 222 6007 I'
1647 5921 2179 6034 1:232:22
