3970 6460
390 382 421 444 1
1825 380 2266 447 PREFATIO.
3668 383 3739 450 η

344 567 447 623 cto
503 579 581 623 ex
636 564 851 625 Graeco
907 562 1127 625 Latine
1186 560 1489 637 redditus,
1544 562 1642 624 vel
1698 562 1980 624 nondum
2037 560 2541 642 Hieronymianis
2590 566 2981 623 accesserant
3027 580 3042 635 ;
3088 561 3294 643 qualis
3348 569 3443 625 est
3506 566 3571 626 S.
3634 566 3740 626 Pa-

344 658 579 722 chomii
622 660 843 740 regula
879 660 1032 722 item
1054 661 1272 723 Latine
1328 679 1628 722 conversa
1674 679 1751 723 ex
1807 662 2048 733 Graeco,
2096 664 2165 721 ut
2220 676 2389 720 nunc
2434 658 2561 719 alia
2618 666 3010 738 praeteream,
3046 660 3172 721 huc
3218 660 3481 722 adscisci
3531 679 3735 741 Operae

344 768 616 847 pretium
674 773 828 840 erat,
862 787 936 830 ex
999 786 1199 849 eaque
1255 769 1631 847 scriptorum
1680 767 2036 829 accessione
2091 765 2380 827 collectio
2436 765 2500 825 in
2558 766 2890 845 peculiaris
2960 766 3115 827 tomi
3173 768 3402 829 molem
3462 786 3739 832 accreve-

342 871 463 928 rat.
496 865 733 939 Altera,
794 864 965 945 quod
1015 884 1141 928 uno
1191 872 1452 945 excepto
1508 865 1669 926 libro
1727 866 1805 925 de
1864 864 2291 943 Scriptoribus
2351 863 2819 936 Ecclesiasticis,
2852 864 3238 943 reliquorum
3293 866 3577 927 omnium
3626 868 3739 929 far-

346 962 630 1043 raginem
671 963 821 1024 satis
863 968 1122 1025 venuste
1181 982 1305 1025 non
1365 963 1445 1024 ad
1501 981 1711 1023 rerum
1773 962 1986 1035 modo,
2031 962 2140 1023 sed
2196 961 2278 1023 ad
2335 967 2687 1040 temporum
2730 980 2981 1041 quoque
3036 962 3323 1023 ordinem
3372 963 3655 1043 digerere
3678 965 3739 1027 in

347 1067 647 1142 promptu
701 1065 859 1123 erat.
894 1061 1199 1124 Nimirum
1262 1062 1548 1122 universa
1604 1060 1825 1123 isthmc
1868 1060 2173 1139 opuscula
2228 1060 2291 1119 in
2351 1060 2507 1120 duas
2565 1058 2761 1120 veluti
2815 1058 3042 1121 classes
3094 1060 3460 1122 tribuuntur
3518 1070 3738 1144 suapte

347 1165 623 1221 natura:
675 1159 774 1220 vel
833 1159 998 1219 enim
1050 1160 1314 1221 Ascetica
1368 1165 1537 1231 sunt,
1594 1164 1656 1219 et
1711 1159 1787 1220 de
1847 1158 2300 1219 monachorum
2359 1157 2515 1218 Vitis
2552 1175 2625 1217 ac
2658 1157 2910 1235 [tegulis
2940 1162 3233 1231 tractant,
3266 1159 3386 1231 vel,
3422 1179 3562 1240 qua:
3604 1180 3733 1223 ma-

340 1256 547 1337 jorem
604 1262 847 1336 partem
905 1256 1210 1329 obtinent,
1243 1256 1562 1330 Polemica,
1600 1262 1667 1317 ut
1712 1255 2116 1334 vulgarijam
2168 1255 2421 1316 nomine
2478 1254 2764 1329 audiunt,
2788 1260 2851 1315 et
2908 1262 3130 1317 contra
3186 1256 3501 1318 variarum
3545 1259 3734 1322 haere-

347 1373 500 1419 seon
549 1355 903 1417 conditores
957 1354 1335 1416 scribuntur.
1371 1356 1499 1416 Hac
1556 1355 1971 1416 materiarum
1993 1352 2330 1433 partitione
2387 1353 2748 1425 constituta,
2782 1352 2899 1413 sibi
2930 1352 3180 1431 singula
3235 1359 3362 1414 tam
3421 1361 3568 1435 apte
3625 1377 3735 1437 per

345 1471 523 1516 suam
555 1470 824 1533 quaeque
854 1456 1105 1513 aetatem
1137 1453 1495 1527 succedent,
1533 1458 1603 1514 ut
1632 1470 1818 1532 quem
1852 1451 2167 1513 nascendo
2197 1451 2419 1512 sortita
2433 1456 2579 1511 sunt
2608 1450 2839 1524 locum,
2875 1449 2939 1512 in
2969 1451 3107 1530 ipsa
3134 1452 3493 1515 recensione
3526 1474 3737 1536 perpe«

347 1554 458 1611 tuo
488 1554 765 1611 teneant.

426 1648 493 1710 Si
545 1667 580 1709 e
619 1648 947 1711 ‘sententia
1004 1648 1389 1719 successerit,
1422 1648 1578 1709 bene
1638 1648 1906 1728 positam
1950 1665 2207 1727 cperam
2266 1647 2531 1708 studiosi
2586 1652 2808 1727 sponte
2861 1647 3273 1709 affirmabunt
3302 1667 3318 1723 ;
3347 1649 3484 1728 jam
3516 1669 3642 1731 quo
3676 1652 3740 1715 id

341 1751 528 1827 pacto
583 1748 975 1826 perfecerim,
1011 1747 1229 1828 paucis
1283 1746 1512 1808 indico.
1548 1746 1827 1808 Priorem
1886 1745 2093 1806 locum
2151 1746 2429 1806 Asceticis
2460 1745 2635 1806 libris
2672 1745 2839 1822 dedi,
2870 1751 3007 1807 tum
3036 1746 3118 1807 ob
3155 1749 3514 1825 argumenti
3544 1768 3737 1830 press-

343 1844 609 1907 tantiam
665 1862 738 1907 ac
795 1842 1187 1923 dignitatem,
1225 1850 1356 1905 tum
1413 1862 1488 1905 ea
1541 1843 1730 1905 etiam
1775 1844 1852 1904 de
1910 1862 2123 1917 causa,
2179 1844 2352 1923 quod
2399 1861 2437 1903 a
2489 1845 2553 1903 S.
2613 1842 2801 1905 Pauli
2858 1843 3045 1922 primi
3101 1844 3380 1906 eremitze
3452 1847 3584 1908 Vita
3640 1848 3738 1909 in-

344 1941 674 2020 choentur,
732 1960 874 2021 quae
930 1942 1204 2023 reliquas
1260 1960 1477 2003 omnes
1525 1942 2045 2021 Hieronymianas
2104 1941 2631 2016 elucubrationes,
2694 1942 2829 2022 ipso
2888 1947 3145 2003 auctore
3202 1947 3380 2015 teste,
3441 1947 3744 2024 temporis

347 2039 650 2117 suffragio
707 2039 1065 2101 antevertit.
1131 2039 1614 2117 Subsequuntur
1668 2038 1897 2100 Malchi
1974 2048 2031 2099 et
2111 2036 2451 2099 Hilarionis
2507 2039 2648 2099 duas
2721 2039 2910 2111 aliae;
2968 2046 3102 2101 tum
3148 2039 3218 2100 S.
3279 2040 3598 2104 Pachumii
3644 2062 3738 2106 re-

347 2135 516 2217 gula,
549 2136 810 2217 ejusque
838 2134 1127 2218 Epzstolae
1184 2144 1247 2197 et
1306 2135 1494 2196 Verba
1548 2137 1819 2217 mystica,
1880 2154 2023 2216 quae
2080 2138 2143 2199 S.
2195 2139 2426 2197 Doctor
2479 2136 2698 2198 Latine
2752 2136 2985 2197 refudit
3024 2155 3102 2197 ex
3161 2140 3377 2199 Graeca
3441 2139 3744 2221 interpre-

348 2235 608 2311 tatione,
672 2253 839 2296 nunc
894 2234 1169 2314 primum
1226 2234 1363 2312 ejus
1419 2252 1681 2312 operum
1729 2234 2098 2295 Collectioni
2156 2235 2482 2303 accedunt,
2543 2240 2605 2295 et
2660 2234 2934 2314 priorem
2993 2234 3155 2296 hanc
3184 2242 3427 2315 partem
3460 2238 3740 2317 explent.

347 2334 558 2395 Unum
600 2331 805 2393 habeo
864 2331 1031 2411 quod
1090 2330 1297 2391 adhuc
1347 2329 1424 2390 de
1460 2330 1584 2391 illis
1640 2348 2086 2409 praemoneam,
2151 2332 2580 2410 aanigmaticas
2638 2350 2864 2412 nempe
2922 2332 3220 2411 loquendi
3278 2334 3603 2411 formulas,
3640 2337 3753 2406 ubi

348 2429 577 2492 classes
635 2429 1087 2491 monachorum
1145 2428 1555 2506 designantur
1609 2446 1722 2507 per
1803 2428 2043 2490 litteras
2082 2430 2280 2490 Graeci
2325 2430 2671 2509 alphabeti,
2732 2448 3004 2510 quaeque
3060 2431 3323 2509 mystica
3379 2433 3572 2495 verba
3644 2436 3736 2498 in-

347 2527 750 2601 scribuntur;
811 2546 850 2588 a
899 2526 1225 2589 Kircherio
1271 2527 1335 2587 in
1372 2526 1702 2587 Prodromi
1759 2532 1821 2586 et
1871 2528 2078 2588 Lexici
2133 2528 2311 2607 Copti
2367 2528 2806 2607 supplemento
2855 2528 3164 2590 curiosius
3210 2530 3535 2610 explicari,
3562 2536 3736 2613 quod

350 2624 488 2705 ejus
555 2625 1092 2705 interpretationis
1143 2625 1336 2685 homo
1419 2623 1686 2703 cupidus
1769 2626 2083 2686 consulat.
2144 2625 2386 2687 Exinde
2462 2626 2721 2687 alterius
2801 2626 3048 2704 generis
3116 2626 3351 2706 scripta
3397 2628 3736 2715 incipiunt,

350 2744 494 2809 quea
544 2729 764 2786 contra
818 2723 1147 2785 haereticos
1221 2721 1350 2783 sive
1408 2720 1851 2783 haereticorum
1918 2728 2220 2802 patronos
2275 2723 2503 2785 acriori
2555 2724 2718 2803 style
2770 2729 3135 2798 exarantur,
3193 2730 3257 2785 et
3313 2733 3554 2804 quanta
3608 2730 3738 2791 fue-

348 2825 435 2887 rit
487 2824 563 2885 in
606 2822 744 2903 ipso
804 2827 1026 2883 contra
1080 2820 1229 2882 fidei
1283 2819 1495 2881 hostes
1550 2820 1893 2882 certamine
1959 2822 2023 2882 S.
2082 2821 2367 2882 Doctoris
2422 2820 2637 2895 virtus,
2696 2839 2838 2900 qua:
2904 2821 3073 2882 intra
3130 2820 3376 2883 cellulas
3460 2826 3733 2903 parietes

349 2928 596 2989 tantum
664 2920 949 2983 docendo
1003 2918 1320 2992 excelluit,
1380 2918 1879 2981 luculentissimo
1944 2919 2234 2999 exemplo
2291 2924 2460 2979 sunt.
2519 2918 2762 2980 Primus
2814 2919 3089 2980 occurrit
3150 2918 3401 3002 Dytlimz'
3465 2923 3624 2984 liber
3652 2923 3735 2986 de

348 3020 587 3105 Spiritu
642 3025 858 3080 sancto
915 3017 994 3077 ab
1044 3017 1180 3097 ipso
1236 3016 1455 3078 Latine
1503 3016 1851 3098 explicatus
1911 3034 1944 3076 e
2012 3018 2248 3090 Graeco,
2297 3023 2488 3096 atque
2556 3015 2661 3075 ille
2731 3016 2986 3096 quidem
3053 3016 3391 3096 singularis
3471 3039 3596 3083 una
3677 3028 3744 3083 et

351 3120 654 3184 continua
707 3114 889 3189 serie,
951 3132 1077 3174 non
1124 3119 1196 3174 ut
1247 3113 1553 3176 hactenus
1631 3114 1996 3177 obtinuerat
2060 3114 2259 3175 stulta
2309 3114 2586 3193 quadam
2653 3122 2962 3205 περιεργὶᾳ
3044 3114 3107 3174 in
3167 3121 3292 3175 tres
3347 3115 3746 3182 distributus.

348 3218 657 3284 Scribitur
711 3221 917 3275 contra
972 3211 1397 3273 nonnullorum
1454 3221 1773 3274 commenta
1858 3212 2018 3272 circa
2103 3210 2405 3293 Spiritum
2452 3221 2738 3285 sanctum,
2787 3230 2919 3293 qua:
2970 3231 3155 3294 neque
3264 3215 3325 3274 in
3408 3215 3749 3297 Scripturis

352 3318 526 3392 lecta,
585 3331 771 3395 neque
824 3331 861 3374 a
913 3329 1211 3392 quoquam
1279 3311 1796 3373 ecclesiasticarum
1881 3318 2138 3370 veterum
2216 3310 2460 3389 fuerant
2540 3319 2827 3389 usurpata
2873 3328 2887 3379 ;
2948 3317 3137 3391 atque
3194 3313 3359 3375 'uanc
3434 3334 3559 3376 non
3650 3318 3757 3378 Di-

352 3415 545 3496 dymo
601 3410 856 3493 quidem
904 3408 1239 3482 scribendi,
1300 3410 1407 3470 sed
1463 3410 1843 3487 Hieronymo
1901 3425 2153 3468 causam
2204 3408 2511 3469 exstitisse
2570 3407 3048 3488 interpretandi,
3109 3410 3276 3471 docti
3328 3412 3586 3491 quidam
3624 3414 3749 3477 viri

353 3516 712 3579 autumant.
771 3506 1068 3587 Sequitur
1124 3506 1503 3569 Luciferiani
1553 3514 1616 3570 et
1672 3505 2024 3567 Orthodoxi
2084 3506 2424 3578 Altercatio,
2477 3524 2618 3586 quas
2666 3513 2727 3567 et
2782 3506 3091 3585 superiori
3150 3507 3311 3570 libro
3367 3509 3445 3570 de
3496 3517 3750 3592 tempo-

352 3631 494 3678 rum
553 3605 851 3672 amussim
904 3604 1192 3685 praaponi
1257 3605 1582 3680 debuerat,
1643 3605 1761 3666 nisi
1822 3610 1972 3664 tunc
2026 3603 2137 3664 illa
2212 3605 2409 3682 magis
2464 3604 2773 3666 arrisisset
2830 3604 3010 3675 ratio,
3088 3623 3228 3684 quae
3282 3606 3362 3667 ab
3442 3610 3745 3690 auctoris,

352 3729 546 3796 quam
601 3724 743 3790 quae
796 3723 873 3766 ex
925 3702 1284 3784 interpretis
1332 3710 1517 3765 aetate
1566 3703 1840 3763 ducitur.
1887 3703 2062 3762 Hanc
2118 3702 2442 3782 excipiunt
2496 3702 2655 3764 liber
2708 3711 2912 3765 contra
2959 3702 3305 3763 Helvidium
3356 3705 3434 3767 de
3490 3707 3748 3786 virgini-

352 3818 480 3875 tate
533 3806 745 3873 Mariae
818 3805 1171 3883 perpetua:
1249 3807 1311 3861 et
1364 3801 1490 3862 duo
1536 3810 1747 3861 contra
1803 3800 2206 3872 Jovinianum,
2269 3819 2393 3880 quo
2474 3800 2551 3862 de
2623 3802 2880 3864 homine
2945 3821 3089 3864 cum
3168 3802 3366 3865 multa
3441 3807 3751 3885 praefatus

349 3908 599 3981 fuerim,
658 3922 854 3966 unum
914 3899 1035 3961 hoc
1090 3904 1398 3979 praeterea
1448 3900 1728 3980 suppetit
1786 3899 2269 3960 annotandum:
2324 3899 2526 3977 legem
2576 3906 2800 3961 contra
2876 3918 3021 3962 eum
3073 3901 3267 3962 latam
3344 3903 3621 3965 Honorio
3676 3921 3749 3968 ιι

351 4013 417 4072 et
466 4001 821 4068 Theodosio
878 4018 915 4059 v
965 4000 1015 4059 A
1071 3998 1144 4058 A.
1206 4015 1393 4071 coss.,
1440 3996 1570 4059 sive
1628 4016 1793 4057 anno
1840 3997 1982 4073 412,
2041 4015 2183 4077 quae
2239 4002 2302 4058 et
2348 3997 2412 4058 in
2471 3997 2973 4077 Hieronymianis
3028 3999 3273 4078 aliquot
3326 4018 3474 4060 mss.
3529 4001 3596 4062 in
3624 4002 3759 4064 cal-

260 4172 267 4179 ,
352 4123 422 4168 ce
479 4102 616 4189 ejus
661 4098 868 4179 operis
927 4094 1267 4168 invenitur,
1311 4099 1374 4155 et
1428 4094 1490 4155 in
1541 4095 1981 4156 Theodosiano
2036 4095 2176 4155 cod.
2229 4094 2396 4156 titul.
2455 4097 2513 4157 5.
2567 4094 2639 4155 de
2682 4095 3014 4172 Hareticis,
3074 4096 3198 4176 leg.
3260 4098 3363 4171 53,
3425 4117 3465 4160 a
3523 4098 3602 4159 cl.
3637 4101 3761 4163 Go-

350 4200 644 4266 thofredo
699 4199 1081 4267 recensetur,
1130 4192 1481 4273 suspicatus
1525 4211 1664 4253 sum
1719 4199 1833 4254 aut
1889 4193 2352 4273 supposititiam
2394 4212 2547 4269 esse,
2585 4199 2695 4255 aut
2750 4193 2921 4274 quod
2950 4194 3354 4256 verisimilius
3393 4193 3751 4263 etiamnuln

351 4306 532 4384 puto,
574 4297 640 4359 in
697 4292 976 4354 haeretici
1030 4296 1252 4351 contra
1310 4308 1499 4369 quem
1568 4291 1909 4370 irrogatur,
1978 4292 2233 4352 nomine
2291 4293 2723 4373 depravatam,
2798 4290 2955 4353 falso
2999 4292 3406 4355 Jovinianum
3481 4296 3755 4375 praefer-

351 4421 442 4464 re.
495 4391 897 4474 Argumentis
942 4390 1030 4451 ibi
1083 4408 1159 4450 ex
1215 4389 1596 4468 Hieronymo
1664 4389 1978 4463 adductis,
2055 4390 2483 4452 testimonium
2551 4390 2746 4452 hocce
2800 4389 3070 4450 alterum
3147 4390 3308 4452 adde
3367 4410 3445 4453 ex
3500 4397 3753 4458 Genna-

349 4500 478 4575 dio,
536 4513 675 4575 cap.
738 4494 814 4551 75
871 4489 936 4550 in
1005 4487 1231 4561 Paulo,
1291 4487 1395 4547 ubi
1449 4486 1759 4549 Joviniani
1809 4487 2076 4549 havretici
2112 4489 2419 4563 meminit,
2471 4487 2843 4570 voluptatum
2899 4504 2970 4547 ac
3046 4486 3314 4547 libidinis
3390 4489 3755 4571 praedicata-

347 4598 456 4667 ris,
516 4596 619 4657 cui
655 4594 714 4653 in
773 4597 1001 4651 tantum
1049 4585 1399 4648 continentis
1457 4585 1589 4645 vitae
1637 4594 1695 4646 et
1738 4596 1905 4648 castae
1964 4588 2253 4648 institutio
2297 4587 2598 4648 contraria
2652 4586 2793 4666 fuit,
2854 4593 2922 4645 ut
2947 4620 2954 4628 -
2975 4585 3130 4646 inter
3206 4586 3543 4650 luxuriosas
3608 4610 3762 4673 epu-

348 4696 435 4760 las
479 4695 745 4759 animam
790 4693 1106 4750 eructaret.
1165 4685 1257 4745 Ex
1312 4684 1432 4745 hoc
1476 4701 1726 4745 rursum
1785 4685 2121 4761 constabit,
2183 4684 2549 4746 beexeticum
2608 4702 2733 4743 non
2790 4683 2853 4743 in
2912 4683 3241 4745 Dalmatiae
3314 4686 3519 4747 insula
3576 4690 3755 4750 exsi-

346 4795 445 4856 liis
501 4793 695 4864 clara,
755 4793 825 4849 ut
870 4790 993 4847 Lex
1042 4783 1250 4862 jubet,
1306 4782 1650 4861 plumbatis
1706 4801 1935 4843 cae~um
1992 4801 2410 4844 eerumnosam
2467 4781 2661 4842 vitam
2720 4782 3006 4850 traxisse.
3079 4785 3185 4843 sed
3244 4785 3593 4847 confertam
3642 4806 3760 4849 vo-

344 4892 656 4962 luptatum
730 4884 1009 4947 omnium
1069 4881 1369 4944 varietate
1430 4881 1648 4940 mediis
1694 4881 1757 4939 in
1813 4880 2056 4941 deliciis
2105 4882 2379 4956 animam
2458 4880 2809 4940 evomuisse
2868 4898 3010 4940 cum
3097 4881 3379 4960 crapula.
3437 4884 3578 4945 Jam
3643 4903 3762 4946 ve-

346 5009 417 5051 ro
473 4987 818 5050 succedunt
880 4993 1085 5043 contra
1152 4978 1541 5059 Vigilantiam
1599 4979 1848 5039 libellus
1912 4998 2023 5058 pro
2082 4980 2454 5039 Sanctorum
2513 4980 2686 5041 cultu
2748 4998 2820 5039 ac
2852 4979 3154 5057 reliquiis,
3212 4985 3402 5058 atque
3450 4982 3610 5043 alius
3654 4983 3762 5044 fu-

345 5086 496 5149 siori
543 5086 786 5147 calamo
853 5085 1146 5142 exaratus
1210 5089 1418 5139 contra
1470 5078 1763 5138 Joannem
1828 5075 2458 5155 Hierosolymitanum,
2520 5076 2913 5153 Origenianm
2963 5077 3251 5137 factionis
3321 5079 3751 5165 primipilum,

342 5187 547 5263 Atque
604 5183 771 5243 hunc
838 5197 1091 5260 quoque
1143 5176 1374 5236 librum
1431 5175 1523 5235 illi
1595 5175 1890 5253 praeferre
1968 5174 2256 5235 videatur
2326 5175 2546 5247 astatis,
2603 5193 2794 5253 quam
2865 5180 3114 5253 egomet
3182 5193 3419 5247 assero,
3508 5200 3756 5260 praero-

343 5283 604 5361 gativa;
666 5280 770 5341 sed
817 5277 1068 5358 quando
1127 5278 1332 5334 varias
1393 5274 1509 5334 hac
1560 5274 1634 5333 de
1696 5293 1759 5333 re
1828 5272 2168 5332 sententias
2229 5273 2435 5333 ferunt
2490 5273 2739 5344 eruditi,
2800 5274 2931 5349 ipse
2990 5281 3200 5333 autem
3262 5274 3420 5336 liber
3488 5298 3601 5340 nec
3660 5284 3754 5347 ad

343 5382 533 5441 finem
590 5397 787 5458 usque
845 5377 1184 5456 perductus
1231 5374 1311 5433 ab
1369 5378 1625 5432 auctore
1678 5378 1793 5444 est,
1858 5370 1975 5430 nisi
2038 5370 2234 5430 multo
2294 5377 2430 5451 post
2486 5371 2563 5430 ad
2618 5371 2790 5448 vulgi
2841 5390 3063 5428 manus
3119 5372 3390 5447 devenit,
3421 5382 3492 5436 ut
3549 5380 3750 5443 etiam
3862 5442 3871 5449 ,

346 5478 639 5540 Ruﬁnum
696 5481 1084 5557 quaerentem
1144 5473 1207 5533 in
1266 5470 1472 5549 scirpo
1514 5470 1748 5529 nodum
1799 5469 2099 5542 latuerit;
2162 5470 2222 5527 in
2280 5488 2469 5548 quam
2504 5468 2769 5547 quisque
2827 5468 3007 5528 malit
3036 5469 3398 5547 Opinionem
3433 5478 3752 5539 concede~
3836 5480 3845 5485 ’

345 5592 434 5649 re,
486 5576 795 5654 integrum
872 5573 993 5633 hoc
1049 5572 1185 5649 ipso
1234 5568 1455 5629 ordine
1508 5568 1835 5627 reservavi.
1900 5567 2218 5628 Subnecto
2292 5566 2735 5647 Apologeticos
2793 5570 2916 5625 tres
2968 5575 3180 5628 contra
3229 5567 3535 5650 Ruﬁnum,
3599 5577 3755 5657 qui-

341 5630 845 5758 bus—ipsiusmet
872 5630 1324 5754 “aquileiensis
1380 5665 1731 5750 presbyteri
1779 5666 1858 5730 ad
1927 5667 2313 5733 Anastasium
2347 5630 2619 5751 -papvam
2695 5664 3091 5749 Apologiam,
3159 5630 3350 5747 atque
3419 5630 3765 5754 hujusj—ad
3792 5630 3839 5734 ..

3784 5960 3793 5965 “
3824 5962 3899 6031 ἔ
