3970 6440
231 426 290 494 l3
1218 437 1294 501 ΙΝ
1341 431 1805 514 SEQUENTES
1851 430 2082 505 Vl'I‘AS
2126 432 2590 507 ADMONITIO.
3537 445 3612 507 14

227 566 484 629 Joannem
543 563 1155 653 Hierosolymitanum
1191 573 1268 634 de
1340 576 1564 637 Ruﬁno
1621 577 1955 656 epistolam
2031 579 2396 658 subjungo:
2453 600 2594 660 quae
2668 580 2792 642 duo
2849 576 3332 660 praeclarissima
3392 599 3612 640 monu-

230 671 436 739 menta,
492 670 740 730 tametsi
787 671 1292 752 Hieronymianis
1345 675 1770 754 intelligendis
1829 678 2204 750 necessaria,
2266 678 2342 737 iis
2388 684 2576 740 antea
2606 698 2733 740 non
2797 679 3312 741 accensebantur.
3374 679 3604 740 Subse-

225 770 480 844 quuntur
538 767 999 830 lnvectivarum
1052 770 1263 831 Ruﬁni
1316 781 1525 834 contra
1568 773 2002 855 Hieronymum
2077 775 2245 847 libri,
2332 776 2409 836 de
2489 796 2758 855 quorum
2842 797 3109 840 numero
3167 783 3612 858 przeconcepta

225 861 522 923 doctorum
583 863 912 926 hominum
962 867 1198 946 opinio,
1263 888 1372 929 seu
1439 870 1645 931 verius
1730 871 2164 946 hallucinatio,
2197 872 2300 934 hic
2357 873 2590 935 denum
2680 880 2774 936 est
2803 877 3223 938 sustollenda.
3259 880 3609 956 Receptum

224 959 370 1020 enim
423 966 516 1022 est
570 962 784 1040 vulgo,
846 968 992 1039 tres,
1051 984 1177 1026 non
1255 967 1416 1028 duos
1465 973 1710 1030 tantum
1769 971 1878 1049 qui
1945 976 2269 1050 superant,
2355 973 2619 1051 scriptos
2679 974 2760 1034 ab
2817 975 2926 1034 illo
3005 974 3220 1048 fuisse,
3271 993 3304 1035 e
3379 975 3610 1054 quibus

224 1058 418 1120 tertius
475 1064 834 1140 temporum
893 1061 1125 1141 injuria
1176 1065 1588 1127 interciderit.
1650 1071 1888 1148 Nempe
1947 1069 2209 1130 totidem
2269 1069 2445 1130 libris
2501 1072 2841 1151 respondet
2898 1073 3361 1151 Hieronymus:
3424 1078 3610 1134 testa-

220 1160 422 1236 turque
477 1157 612 1236 ipse
670 1159 785 1219 sub
840 1160 1089 1222 initium
1149 1162 1525 1243 Apolegetici
1575 1185 1747 1225 num.
1811 1170 1848 1226 2
1903 1185 2054 1227 sane
2113 1168 2464 1228 luculenter
2520 1169 2596 1228 de
2629 1171 2992 1232 adversario
3044 1189 3151 1233 suo
3193 1190 3342 1233 TRES
3400 1182 3608 1233 contra

218 1271 267 1312 se
316 1253 496 1315 libros
553 1266 851 1318 venustate
889 1259 1091 1340 Attica
1142 1263 1412 1321 texuisse.
1461 1263 1555 1322 Ita
1609 1263 1864 1342 quidem
1924 1265 2269 1343 praeferunt
2315 1285 2544 1326 excusa
2599 1269 3011 1347 exemplaria,
3072 1289 3109 1329 a
3183 1270 3414 1349 quibus
3469 1270 3605 1330 abs-

215 1370 322 1430 que
360 1372 505 1414 mss.
569 1355 873 1434 suﬁ'ragio
937 1375 1015 1418 ne
1099 1358 1296 1419 latum
1373 1360 1629 1439 quidem
1692 1381 1968 1440 unguem
2027 1363 2448 1424 discessimus.
2500 1365 2727 1424 Verum
2790 1372 2900 1426 aut
2952 1365 3096 1426 duos
3167 1367 3604 1446 reponendum

213 1448 308 1522 ibi,
361 1459 467 1512 aut
528 1471 860 1514 numerum
912 1455 1164 1535 penitus
1211 1459 1703 1538 expungendum
1763 1459 2084 1537 arbitror;
2148 1467 2315 1522 certe
2373 1481 2499 1521 non
2541 1462 2752 1540 plures
2809 1481 2998 1541 quam
3051 1465 3207 1524 duos
3275 1465 3354 1524 ab
3404 1465 3602 1544 Aqui-

212 1545 408 1609 leiensi
470 1551 839 1631 presbytero
897 1561 1190 1616 exaratos
1251 1557 1586 1630 contendo,
1647 1557 1937 1619 Palmare
1980 1566 2423 1637 argumentum
2484 1561 2646 1620 duco
2683 1578 2758 1621 ex
2819 1562 3107 1640 Epilogo,
3141 1581 3266 1640 quo
3322 1563 3456 1641 ipse
3497 1583 3603 1625 au-

212 1650 331 1705 ctor
380 1653 441 1708 et
487 1668 679 1709 suum
742 1670 900 1730 opus
959 1653 1297 1728 concludit,
1362 1661 1424 1716 et
1473 1675 1586 1735 per
1627 1656 1878 1734 singula
1935 1658 2142 1736 capita
2195 1666 2453 1716 recenset
2531 1659 2592 1716 in
2641 1657 2758 1736 ﬁne
2813 1677 2902 1730 ea,
2966 1678 3095 1738 qua:
3167 1662 3419 1740 Sparsim
3486 1681 3601 1740 pro

209 1761 303 1804 sua
343 1749 704 1827 purgatione
760 1749 1187 1830 responderat;
1222 1771 1408 1830 quem
1457 1754 1726 1814 lustrare
1775 1755 1973 1815 oculis
2028 1755 2180 1815 satis
2233 1755 2310 1815 sit
2354 1755 2432 1814 ad
2470 1755 2660 1814 ﬁnem
2710 1757 3073 1835 posterioris
3129 1757 3272 1817 libri
3329 1763 3594 1820 num.“

206 1853 260 1906 et
289 1865 488 1926 seqq.,
549 1854 619 1907 ut
671 1847 834 1908 nihil
892 1849 1165 1929 amplius
1220 1851 1489 1924 dubites,
1554 1852 1748 1913 totius
1797 1852 2008 1931 operis
2050 1852 2512 1913 lnvectivarum
2573 1871 2710 1915 eam
2769 1873 2902 1916 esse
2955 1859 3600 1930 summam,nullum-

202 1963 310 2024 que
360 1946 518 2007 adeo
574 1945 807 2006 librum
857 1953 1165 2026 praterea
1210 1967 1343 2009 esse
1397 1950 1698 2028 potuisse,

2030 1950 2276 2028 integra
2333 1951 2548 2030 capita
2577 1951 2659 2010 ad
2685 1941 3196 2035 ἀνακεφαλαίωσιν
3241 1959 3368 2000 non
3416 1959 3597 2000 revo-

205 2043 364 2102 carit.
398 2043 603 2104 Series
634 2062 888 2123 quoque
926 2045 1446 2124 Hieronymianae
1489 2046 2249 2126 velitationis,pra>sertim
2282 2066 2428 2108 vero
2450 2052 2808 2126 postremae,
2842 2062 3031 2121 quam
3090 2040 3360 2119 acceptis
3392 2039 3602 2100 Ruﬁni

199 2137 357 2200 libris
407 2141 711 2220 reposuit,
773 2160 899 2202 non
961 2142 1076 2202 nisi
1111 2143 1270 2203 duos
1326 2143 1467 2203 illos
1525 2129 1859 2205 confutatzl
1911 2146 2164 2206 tertium
2220 2165 2408 2224 quem
2441 2146 2791 2215 somniant,
2858 2142 3116 2205 omnino
3164 2143 3436 2219 ignorat.
3488 2140 3602 2199 De-

198 2235 370 2316 nique
419 2239 581 2300 duos
637 2240 1079 2302 tantummodo
1141 2241 1502 2303 Gennadius
1562 2242 1738 2303 novit
1793 2261 1931 2323 cap.
1978 2247 2076 2317 l7,
2157 2244 2338 2322 cujus
2399 2243 2824 2304 testimonium
2902 2240 3022 2300 hac
3078 2240 3142 2299 in
3209 2257 3276 2300 re
3334 2255 3598 2298 summa

211 2331 360 2395 duco
419 2336 843 2410 auctoritatis,
909 2340 1074 2417 quod
1127 2341 1284 2399 nulli
1336 2340 1537 2417 magis
1595 2341 1804 2400 Ruﬁni
1865 2341 2068 2418 gloria
2129 2343 2298 2402 cordi
2345 2341 2559 2414 fuerit,
2619 2346 2730 2402 aut
2797 2337 3267 2399 lucubrationes
3315 2352 3601 2416 perspec-

202 2435 293 2492 ta}.
374 2433 797 2506 Obtrectatori,
847 2435 1076 2513 inquit,
1125 2436 1537 2517 opusculorum
1607 2457 1848 2498 suorum
1888 2439 2148 2518 {scilicet
2205 2439 2611 2519 Hieronymo)
2659 2435 2960 2518 respondit
3006 2433 3314 2514 (Ruﬁnus)
3370 2449 3597 2494 DUOBUS

195 2529 603 2607 voluminibus,
651 2550 906 2613 arguens
973 2544 1027 2594 et
1078 2536 1446 2612 convincens,
1490 2555 1548 2596 se
1591 2535 1706 2597 Dei
1749 2536 1988 2605 intuitu,
2037 2545 2093 2596 et
2133 2537 2197 2597 Ε
2200 2537 2417 2597 cclesiac
2459 2537 2739 2604 utilitate,
2789 2534 3126 2596 auxiliante
3186 2532 3463 2604 Domino,
3511 2532 3597 2590 in-

187 2629 411 2704 genium
456 2633 737 2712 agitasse,
785 2631 954 2692 illum
1013 2651 1151 2694 vero
1207 2634 1602 2695 aemulationis
1673 2634 1912 2695 stimulo
1986 2637 2294 2696 incitatum
2369 2641 2449 2697 ad
2521 2633 2947 2716 obloquendum
3031 2633 3248 2713 stylum
3335 2632 3596 2692 vertisse.

187 2725 297 2786 Sed
351 2727 488 2790 haec
550 2729 774 2804 obiter,
833 2739 895 2792 et
948 2731 1012 2791 in
1068 2731 1195 2792 mei
1251 2751 1506 2812 quoque
1561 2733 1832 2811 gratiam
1910 2734 2079 2794 dicta
2161 2734 2306 2805 sint,
2369 2733 2476 2812 qui
2534 2752 2609 2794 ex
2658 2735 3102 2812 praeconcepta
3159 2728 3469 2790 sententia
3531 2727 3594 2788 in

186 2823 621 2889 Admonitione
687 2832 812 2888 tres
888 2828 1108 2891 videor
1167 2830 1638 2892 adnumerasse.
1699 2835 1824 2892 Hos
1880 2849 2045 2910 pone
2102 2838 2453 2911 sequuntur
2511 2831 2919 2908 Dialogorum
2978 2836 3187 2888 contra
3234 2826 3596 2906 Pelagianos

187 2924 298 2982 tres
352 2923 525 2998 libri,
586 2924 714 2985 sive
773 2931 841 2986 ut
886 2944 1032 2986 mss.
1096 2927 1384 2988 nonnulli
1442 2929 1810 3008 praeferunt,
1866 2939 2088 3010 partes,
2149 2929 2379 3008 quibus
2424 2928 2644 2988 isthaac
2673 2927 3133 2988 Polemicarum
3179 2925 3593 3004 scriptionum

186 3020 361 3082 series
417 3022 662 3083 ﬁnitur.
711 3025 906 3084 Porro
965 3023 1196 3085 librum
1255 3025 1324 3087 de
1399 3025 1812 3107 Scriptoribus
1862 3027 2261 3087 ecclesiasticis
2337 3027 2591 3087 demum
2661 3030 2955 3097 annecto,
3015 3041 3203 3102 quem
3263 3022 3463 3082 serius
3517 3039 3594 3082 ea

189 3118 579 3195 potissimum
637 3120 714 3181 de
773 3137 961 3182 causa
1017 3123 1253 3199 distuli,
1310 3123 1481 3203 quod
1537 3125 1618 3184 ad
1677 3129 1966 3186 neutram
2026 3125 2286 3185 classem
2345 3124 2678 3184 commode
2766 3121 2985 3183 referri
3070 3140 3146 3182 ex
3232 3123 3592 3197 argumenti

185 3221 400 3279 natura
457 3225 698 3299 posset.
757 3220 851 3280 Ad
907 3218 1046 3280 haec
1102 3239 1244 3281 cum
1301 3220 1565 3282 Genadii
1614 3221 1972 3299 catalogum
2033 3222 2323 3282 Virorum
2383 3221 2756 3293 lllustrium,
2816 3237 2964 3299 quos
3015 3217 3092 3277 B.
3153 3216 3593 3297 Hieronymum

179 3331 402 3393 sequens
456 3326 900 3392 commemorat,
972 3319 1357 3398 subjungere
1415 3337 1668 3381 necesse
1725 3325 1888 3382 esset
1945 3320 2024 3380 ad
2082 3319 2507 3399 antiquiorum
2565 3318 2916 3378 editionum
2978 3323 3039 3376 et
3095 3333 3242 3375 mss.
3302 3314 3590 3375 codicum

181 3414 520 3494 exemplar,
581 3434 659 3476 ne
716 3414 920 3476 alieno
975 3417 1209 3496 scripto
1267 3417 1458 3478 series
1513 3417 2147 3496 Hieronymianorum
2179 3418 2508 3478 invenuste
2539 3417 3042 3497 interciperetur,
3107 3432 3412 3494 perquam
3481 3413 3589 3474 ille

183 3515 498 3582 commode
562 3514 641 3574 ad
700 3514 888 3574 ﬁnem
947 3515 1102 3576 tomi
1159 3515 1391 3576 dilatus
1446 3520 1562 3588 est,
1622 3514 1724 3574 hic
1779 3515 2159 3596 Appendicis
2214 3517 2354 3577 loco
2412 3515 2808 3595 subjunctus.
2872 3517 3182 3576 Caeterum
3243 3530 3322 3572 ne
3378 3531 3456 3572 ex
3513 3530 3588 3573 eo

179 3628 352 3690 quem
410 3613 662 3674 obtinet
691 3612 853 3686 loco,
916 3613 1227 3674 recentior
1287 3614 1448 3676 forte
1532 3619 1884 3694 putaretur,
1948 3614 2024 3675 de
2110 3613 2247 3693 ejus
2317 3620 2502 3675 aetate
2587 3631 2974 3693 praemoneo,
3032 3617 3094 3672 et
3157 3610 3588 3690 superioribus

180 3725 418 3790 quoque
477 3710 746 3790 singulis
799 3709 976 3771 libris
1032 3711 1318 3772 eamdem
1375 3712 1440 3772 in
1472 3711 1732 3792 propria
1761 3712 2068 3792 cujusque
2097 3713 2341 3794 epocha
2368 3711 2831 3790 investiganda,
2864 3710 3129 3790 alilsque
3162 3708 3588 3788 prmnotandis

177 3806 351 3869 rebus
406 3808 736 3890 impendo.

248 3906 587 3987 Reliquum
619 3925 828 3968 unum-
855 3912 971 3982 est,
1005 3915 1076 3969 ut
1129 3908 1312 3988 cujus
1368 3910 1457 3970 rei
1514 3909 1718 3988 gratia
1775 3910 1946 3972 hunc
1985 3929 2101 3989 ego
2155 3910 2434 3971 laborem
2487 3929 2625 3970 sum
2699 3926 3053 3987 aggressus,
3128 3905 3316 3965 hosce
3375 3903 3591 3964 Hiero-

178 4004 337 4081 nymi
396 4007 570 4067 fetus
626 4011 939 4067 nocturna
980 4005 1336 4087 diurnaque
1395 4025 1584 4069 manu
1646 4027 1874 4070 verses.
1939 4009 2092 4069 Cum
2179 4008 2346 4070 enim
2387 4008 2512 4068 sint
2592 4025 2741 4068 sane
2818 4005 3032 4066 omnia
3115 4021 3258 4083 quas
3317 4002 3395 4063 ab
3479 4001 3591 4063 illo

177 4099 601 4166 Ecclesiarum
659 4105 958 4184 Magistro
1017 4105 1281 4184 posteris
1347 4105 1567 4168 relicta
1639 4112 1786 4168 sunt
1825 4107 2179 4168 litterarum
2253 4110 2664 4166 monumenta
2752 4103 2930 4164 utilia
3014 4119 3157 4162 cum
3214 4100 3435 4182 primis
3495 4105 3591 4161 at-

177 4217 290 4278 que
345 4202 654 4278 illustria,
705 4201 862 4264 mihi
946 4202 1199 4282 quidem
1272 4204 1474 4265 multo
1531 4205 2076 4285 praestantissima,
2139 4205 2462 4283 multoque
2545 4202 2867 4264 uberrima
2935 4200 3156 4262 isthaec
3224 4199 3592 4261 existiman-

179 4301 298 4377 tur,
344 4319 496 4380 quae
553 4301 716 4362 alter
763 4301 866 4362 hic
923 4307 1136 4364 tomus
1194 4303 1660 4383 complectitur,
1721 4303 1901 4383 cujus
1931 4310 2142 4384 partes
2192 4321 2411 4364 omnes
2467 4301 2779 4381 ejusmodi
2834 4305 3002 4373 sunt,
3053 4304 3128 4360 ut
3183 4298 3282 4359 vel
3344 4298 3424 4358 ad
3465 4316 3597 4360 rec-

175 4400 248 4457 ta:
305 4399 457 4463 ﬁdei
509 4401 874 4482 depositum
934 4402 1416 4464 custodiendum
1466 4409 1689 4464 contra
1772 4403 2215 4464 haereticorum
2275 4406 2588 4463 venenata
2637 4400 2965 4479 dogmata,
3028 4399 3194 4459 vires
3251 4403 3445 4476 atque
3499 4415 3593 4459 ar-

174 4510 270 4557 ma
328 4499 776 4580 suppeditent,
834 4499 933 4561 vel
993 4500 1075 4561 ad
1132 4506 1371 4562 rectam
1429 4500 1682 4562 vivendi
1736 4501 2044 4563 rationem
2077 4500 2394 4580 sapienter
2423 4499 2874 4561 instituendam
2922 4496 3201 4558 maximo
3254 4496 3590 4574 adjumen-

177 4597 235 4655 to
285 4597 461 4659 sint:
527 4599 806 4678 denique
855 4599 1173 4678 generosis
1231 4617 1304 4660 ac
1360 4599 1520 4662 bene
1573 4600 1734 4661 natis
1774 4599 2043 4678 ingeniis
2099 4597 2469 4659 eruditionis
2527 4615 2599 4658 ac
2653 4595 2926 4658 scientias
2985 4594 3326 4675 plurimum
3387 4594 3590 4655 confe-

173 4700 323 4757 rant.

181 4856 3578 4886 Ἣ*

1375 4972 1448 5028 ΙΝ
1491 4971 1908 5039 SEQUENTES
1948 4971 2134 5027 ΤΗΕὸ
2172 4969 2386 5026 VITAS

877 5126 1280 5242 PAULI,
1353 5123 2094 5220 HILARIONIS
2163 5122 2319 5217 ET
2387 5119 2903 5234 MALCHI,

1647 5305 2110 5369 ADMONITIO.

238 5524 446 5617 Trium
482 5558 745 5616 maxime
778 5557 1098 5632 insignium
1146 5555 1594 5628 monachorum,
1625 5553 1811 5626 Pauli,
1873 5554 2206 5622 Hilarionis,
2265 5560 2322 5610 et
2368 5554 2602 5622 Malchi,
2633 5554 2795 5613 Vitas
2823 5554 3013 5612 tribus
3045 5551 3204 5612 hisce
3230 5551 3443 5611 libellis
3473 5553 3602 5612 Ilie-

180 5666 457 5725 ronymus
491 5655 738 5707 narrat:
773 5649 872 5722 qui
903 5647 1147 5706 totidem
1179 5644 1464 5721 epistolis,
1497 5663 1646 5720 quas
1670 5646 1729 5703 in
1751 5646 1930 5719 priori
1952 5650 2111 5704 tomo
2135 5646 2260 5702 suis
2290 5644 2433 5702 locis
2463 5645 2828 5713 exhibemus,
2860 5646 3040 5703 trium
3068 5644 3398 5701 sanctitatis
3427 5643 3599 5700 laude

179 5740 592 5815 prementium
627 5738 1000 5816 feminarum,
1034 5735 1307 5810 Fabiolae,
1338 5733 1554 5810 Paulis,
1586 5751 1651 5796 eo
1682 5735 1990 5810 Marcellas,
2021 5736 2266 5796 virtutes
2297 5735 2371 5797 ad
2399 5735 2666 5798 Vitarum
2696 5752 2876 5814 prope
2907 5735 3096 5797 instar
3122 5733 3452 5795 celebravit.
3483 5733 3598 5810 Nec
