3970 6482
365 401 437 464 15
1611 409 1676 468 8.
1725 408 2032 472 EUSEBII
2076 411 2525 474 HIERONYMI
3688 413 3756 475 l6

358 532 484 591 alie
514 537 792 607 prmterea
815 538 974 603 sunt,
1009 551 1156 608 quas
1187 537 1242 593 S.
1303 536 1513 593 Doctor
1568 539 1947 608 elucubravit,
1981 543 2098 597 Vita
2152 547 2465 600 sanctorum
2523 546 2795 611 Patrum;
2825 545 3061 601 tametsi
3092 543 3260 616 longe
3293 540 3512 616 plures,
3544 558 3753 616 easque

359 623 857 697 praesertim,quas
887 625 1225 681 Heribertus
1258 625 1604 684 Rosweidus
1627 631 1914 684 recensuit
1937 632 2193 687 secundo
2225 631 2393 698 libro,
2426 632 2509 686 illi
2543 633 2887 704 adjudicent
2917 634 3141 705 antiqui
3175 633 3487 705 scriptores
3517 632 3757 704 aliquot,

359 727 610 784 quorum
631 713 968 769 testimonia
998 715 1286 786 sequioris
1316 716 1416 770 aevi
1465 718 1713 772 eruditis
1762 719 2187 791 imposuerunt.
2245 721 2536 787 Gelasius,
2593 739 2694 777 seu
2749 723 3022 794 quisquis
3079 721 3175 777 ille
3235 726 3324 777 est
3367 726 3536 776 vetus
3563 725 3756 777 auctor

355 801 568 857 Decreti
593 801 661 858 de
687 801 1018 858 authenticis
1047 803 1224 870 libris,
1267 820 1392 876 cap.
1428 805 1480 870 4,
1520 807 1683 875 Vitas,
1716 807 1928 878 inquit,
1961 811 2191 864 Patrum
2247 811 2432 874 Pauli,
2489 812 2737 876 Antonii,
2796 811 3122 880 Hilarionis,
3178 818 3228 866 et
3281 811 3526 864 omnium
3556 811 3760 865 Eremi-

358 892 563 960 tarum,
595 907 730 962 quas
755 894 940 948 tamen
983 893 1067 947 vir
1095 893 1155 947 Β.
1189 892 1554 965 Hieronymus
1583 895 1886 967 descripsit,
1917 914 2042 952 cum
2098 901 2251 954 omni
2306 899 2508 955 honore
2563 903 2916 971 suscipimus.
2957 900 3170 956 Verum
3204 899 3440 954 Antonii
3471 898 3664 954 Vitam
3689 915 3721 954 a

354 979 678 1036 Athanasio
704 979 896 1036 Graece
917 980 1290 1052 descriptam,
1323 982 1394 1036 ab
1440 983 1683 1055 Evagrio
1713 986 2072 1042 Antiocheno
2105 988 2308 1042 Latine
2331 989 2514 1043 fuisse
2537 990 2848 1056 redditam,
2883 992 3246 1060 compertum
3281 992 3388 1044 est.
3422 988 3608 1043 Tanto
3637 991 3762 1060 post

357 1066 671 1124 Gratianus
691 1068 911 1125 Decret.
947 1087 1004 1142 p.
1038 1087 1097 1136 η,
1135 1087 1294 1125 caus.
1327 1073 1413 1138 27,
1452 1072 1534 1139 Ut,
1566 1071 1778 1143 inquit,
1830 1078 1994 1143 re/ert
2041 1076 2102 1129 Β.
2164 1077 2544 1148 Hieronymus,
2579 1080 2847 1134 Macarius
2875 1079 3189 1150 praecipuus
3218 1081 3368 1131 inter
3394 1075 3600 1132 Christi
3626 1078 3759 1132 Ere-

356 1157 544 1225 mitas,
576 1156 838 1213 celebrato
868 1160 1188 1229 nuptiarum
1217 1161 1458 1215 ronvivio
1487 1177 1611 1214 cum
1645 1178 1857 1232 vespere
1885 1163 2192 1219 thalamum
2220 1173 2357 1220 esset
2415 1169 2780 1236 ingressurus,
2833 1182 2904 1222 ea:
2954 1165 3094 1222 Urbe
3149 1164 3449 1236 egrediens,
3493 1169 3760 1220 transma-

359 1246 491 1300 rina
514 1248 695 1317 petiit,
726 1250 778 1302 et
806 1249 976 1302 eremi
1002 1247 1354 1302 solitudinem
1380 1249 1492 1303 sibi
1520 1251 1698 1321 elegit.
1753 1251 1880 1305 Hinc
1939 1268 2070 1307 vero
2129 1253 2372 1307 minime
2418 1253 2683 1309 omnium
2739 1253 3144 1325 Hieronymus,
3204 1253 3303 1308 sed
3345 1252 3609 1325 germani
3640 1253 3764 1323 ejus

362 1334 504 1389 Vitae
561 1340 824 1392 auctores
889 1335 1261 1408 Theophilus,
1331 1337 1571 1410 Sergius
1627 1343 1680 1394 et
1739 1339 2000 1412 Hyginus
2057 1341 2315 1396 tradunt.
2352 1346 2635 1398 Praetereo
2669 1359 2793 1414 qua:
2824 1359 2893 1397 ex
2923 1342 3316 1414 supposititiis
3349 1341 3763 1413 scriptionibus

361 1421 830 1496 Hieronymianis
859 1426 1234 1497 proferuntur
1279 1428 1571 1497 ejusmodi
1620 1428 1979 1494 testimonia,
2037 1433 2093 1484 et
2123 1445 2248 1501 qua:
2285 1430 2551 1486 nonnulli
2599 1448 2666 1486 ex
2697 1431 3026 1486 Cassiodori
3068 1429 3319 1485 Divinar.
3352 1431 3604 1486 Lection.
3639 1445 3765 1502 cap.

360 1511 450 1580 32,
485 1516 542 1568 et
574 1529 641 1567 ex
670 1513 932 1569 Cassiani
963 1514 1301 1569 Przsfatione
1331 1517 1402 1570 ad
1435 1515 1615 1572 libros
1648 1517 2087 1572 Institutionum
2121 1518 2300 1574 nimis
2332 1518 2628 1574 subtiliter
2684 1518 2987 1589 colligunt.
3047 1518 3197 1574 Sane
3254 1523 3569 1574 occurrunt
3604 1522 3766 1575 vetu-

361 1600 608 1657 stissimi
635 1619 778 1658 mss.
809 1602 964 1671 libri,
1000 1603 1101 1674 qui
1128 1619 1230 1673 pro
1261 1603 1422 1659 hisce
1451 1609 1506 1659 et
1535 1606 1829 1678 plerisque
1887 1605 2017 1661 aliis
2057 1607 2206 1662 Vitis
2264 1609 2641 1679 ﬁdejubeant.
2709 1610 2858 1663 Duos
2913 1608 3202 1678 ejusmodi
3261 1607 3570 1663 Vaticanos
3628 1607 3763 1664 olim

359 1689 593 1763 Regina:
615 1690 934 1746 Suecorum
966 1691 1079 1762 ipsi
1119 1690 1456 1760 evolvimus,
1489 1711 1518 1748 e
1549 1695 1920 1750 Coislinianis
1973 1694 2190 1750 multos
2227 1697 2419 1751 haberi
2452 1697 2618 1751 testis
2650 1701 2738 1752 est
2767 1696 2838 1752 cl.
2874 1696 3366 1752 Montfauconius.
3400 1695 3632 1751 Mentiri
3662 1713 3766 1752 au-

357 1782 478 1834 tem
507 1777 639 1834 illos
668 1778 754 1834 vel
787 1779 893 1834 hoc
924 1795 1039 1834 uno
1072 1783 1228 1851 patet
1259 1780 1493 1849 indicio,
1531 1783 1685 1854 quod
1723 1784 1858 1838 Vitae
1919 1783 2026 1838 illa:
2059 1785 2203 1840 nihil
2237 1786 2307 1839 ab
2339 1785 2432 1851 iis,
2467 1803 2594 1857 quae
2626 1787 2735 1841 sub
2794 1785 3033 1841 Palladii
3077 1786 3312 1840 nomine
3343 1785 3766 1841 circumferun-

358 1872 478 1936 tur,
508 1868 748 1924 diversai
777 1868 914 1924 sint.
947 1867 1110 1923 Unus
1151 1867 1540 1936 Colbertinus,
1573 1877 1719 1927 teste
1771 1874 2009 1944 Cangio,
2043 1878 2177 1944 post
2233 1875 2570 1929 Lausiacam
2630 1874 2935 1930 historiam
2993 1874 3114 1929 haec
3171 1874 3404 1930 subdit:
3439 1883 3608 1946 Ἑτέρα
3637 1883 3765 1932 ἱστο-

361 1955 439 2021 ρία
500 1956 563 2012 εἰς
621 1959 733 2015 τοὺς
793 1957 919 2021 βίους
974 1960 1071 2004 τῶν
1133 1957 1280 2019 ἁγίων
1338 1961 1425 2018 τῆς
1485 1959 1726 2022 Αἰγύπτου
1809 1961 1994 2025 (suppl.
2074 1963 2318 2026 πατέρων)
2409 1965 2738 2027 συγ-γραφεῖσα
2815 1965 2948 2026 παρὰ
3026 1966 3318 2027 Ίερωνὺμου
3404 1965 3626 2028 μοναχοῦ
3689 1962 3774 2012 καὶ

358 2045 692 2111 πρεσϐυτέρου
721 2051 806 2096 τοῦ
838 2049 893 2098 ἐκ
919 2050 1192 2112 Δαλματιεις
1224 2061 1236 2100 ;
1269 2044 1394 2098 Alia
1457 2043 1693 2098 Historia
1757 2043 1821 2097 de
1889 2047 1926 2095 Ρ

2205 2048 2412 2098 etorum
2482 2045 2714 2099 Patrum
2789 2045 3010 2115 Αἰθίκρεί
3080 2046 3178 2099 abs
3237 2045 3568 2115 Hieronymo
3627 2045 3769 2100 Dal-

359 2131 510 2186 mata
535 2131 798 2185 monacho
825 2139 878 2186 et
903 2134 1214 2203 presbytero
1243 2135 1563 2204 conscripta.
1593 2133 1700 2187 Sed
1734 2131 1905 2186 verbo
1937 2136 2105 2186 tenus
2165 2131 2492 2186 Palladium
2547 2132 2605 2186 in
2640 2148 2707 2187 ea
2764 2131 3036 2199 describi,
3099 2149 3166 2186 ex
3213 2132 3338 2204 ipso
3369 2131 3570 2204 Cangii
3604 2132 3773 2188 testi-

363 2218 560 2274 monio
588 2219 887 2276 Fabricius
918 2227 1116 2289 notat;
1153 2240 1256 2278 nec
1286 2222 1532 2278 dubium
1559 2222 1808 2287 videtur,
1839 2220 2164 2275 Graeculum
2223 2220 2558 2292 quempiam
2623 2221 2956 2293 Hieronymi
3007 2238 3218 2276 nomen
3269 2221 3393 2276 ideo
3428 2221 3772 2290 mentitum,

363 2308 518 2378 quod
551 2308 610 2364 in
632 2308 734 2365 illa
760 2310 1106 2366 Collectione
1137 2317 1252 2368 tres
1284 2327 1515 2384 quoque
1543 2311 1664 2364 ista:
1690 2314 1745 2364 S.
1781 2309 1966 2364 Patris
1999 2326 2285 2380 germana:
2310 2309 2564 2364 historiae
2595 2309 2940 2364 habeantur.
2975 2309 3091 2364 Hoc
3145 2315 3199 2365 et
3231 2308 3457 2365 Gelasio
3503 2309 3767 2380 primum

357 2395 554 2452 fraudi
584 2397 758 2454 fuerit
782 2417 795 2465 ;
819 2415 952 2455 cum
985 2401 1141 2456 enim
1173 2403 1277 2456 abs
1309 2400 1639 2472 Hieronymi
1700 2399 1838 2463 fetu,
1873 2399 2031 2453 Pauli
2089 2398 2240 2464 Vita,
2299 2398 2571 2454 Collectio
2633 2397 2734 2452 illa
2781 2397 3012 2469 jamdiu
3063 2398 3202 2453 olim
3236 2397 3538 2468 inciperet,
3571 2399 3646 2453 ab
3679 2414 3780 2465 eo,

363 2501 539 2556 quem
561 2485 849 2544 liminaris
872 2489 1084 2562 pagina
1101 2490 1439 2561 praeferebat
1470 2492 1893 2553 auctore,totus
1923 2487 2070 2542 liber
2100 2487 2420 2559 inscriptus
2453 2491 2560 2542 est.
2595 2491 2873 2541 Caeterum
2922 2489 2982 2540 et
3032 2487 3102 2540 ad
3135 2485 3540 2541 declinandam
3574 2487 3777 2542 nomi-

361 2589 505 2628 num
537 2574 730 2630 Rutini
763 2591 828 2631 ac
858 2576 1098 2632 Palladii
1128 2577 1428 2644 invidiam,
1461 2581 1518 2632 et
1547 2576 1614 2630 ad
1642 2575 2013 2630 librariorum
2037 2576 2449 2648 compendium
2476 2575 2737 2630 fraudem
2764 2575 3061 2630 interdum
3089 2575 3420 2629 institutam
3446 2574 3629 2630 fuisse
3657 2591 3776 2632 non

370 2661 593 2719 dubito.

434 2748 576 2806 Tres
607 2751 805 2824 itaque
835 2752 962 2809 ista:
993 2754 1275 2810 duntaxat
1305 2772 1335 2810 e
1382 2756 1440 2811 S.
1493 2754 1752 2809 Doctoris
1805 2754 1989 2809 nostri
2018 2753 2243 2810 calamo
2273 2754 2540 2826 profectae
2572 2757 2731 2818 sunt,
2764 2769 2910 2824 quas
2967 2757 3024 2808 et
3079 2751 3291 2808 eximia
3327 2750 3619 2808 sermonis
3651 2751 3776 2809 ele-

365 2839 582 2911 gantia,
614 2844 672 2896 et
695 2843 953 2898 asceticts
983 2843 1111 2899 vitae
1141 2843 1590 2916 praeclarissima
1618 2843 1882 2914 exempla
1911 2843 2608 2898 commendant.Profecto
2634 2859 2702 2898 ex
2732 2839 3203 2914 Hieronymianis
3224 2840 3778 2898 elucubrationibns

365 2925 528 2983 nulla
557 2945 763 2986 recusa
791 2936 881 2988 est
909 2931 1143 3004 saepius,
1177 2932 1340 2988 nulla
1368 2931 1566 3004 plures
1599 2932 1815 2987 invenit
1844 2932 2116 2999 editores,
2177 2948 2242 2987 ac
2299 2932 2488 3001 magis
2518 2931 2803 2987 eruditos.
2853 2930 2990 2986 Duas
3052 2928 3272 3001 priores
3321 2935 3376 2984 et
3433 2928 3632 2985 Graece
3662 2929 3772 2986 ha-

363 3017 614 3088 bentur;
646 3019 764 3075 imo
797 3019 1039 3077 alteram
1069 3022 1305 3077 vixdum
1337 3023 1409 3078 ab
1439 3026 1675 3077 auctore
1705 3019 2023 3092 vulgatam,
2082 3019 2447 3091 Sophronias
2500 3019 2558 3073 in
2592 3019 2856 3074 Graecum
2913 3018 3120 3073 vertit:
3180 3016 3413 3072 tametsi
3445 3033 3576 3088 quas
3605 3035 3770 3074 nunc

364 3111 648 3178 superest,
703 3114 760 3165 et
814 3111 984 3182 cujus
1041 3111 1278 3167 initium
1333 3116 1458 3167 est:
1494 3120 1570 3167 ’Ev
1629 3118 1932 3181 Παλαισηηῃ

2211 3120 2319 3166 στὶν
2376 3118 2467 3165 οὐκ
2526 3117 2730 3165 ἔλαττον
2789 3116 2822 3175 ἣ
2876 3116 3021 3164 πέντε
3083 3118 3165 3163 καὶ
3220 3116 3593 3179 τεσσαράκοντα
3651 3133 3779 3165 στα-

362 3202 488 3263 δίους
514 3203 771 3270 ἀπέχουσα
800 3208 973 3270 Γάζης,
1007 3201 1265 3257 Simeoni
1308 3200 1714 3273 Metaphrastzn
1765 3199 1917 3254 docti

2207 3198 2309 3253 lint
2335 3198 2642 3254 ascribere.
2679 3197 2880 3253 Latine
2927 3201 3122 3253 autem
3175 3213 3292 3261 eas,
3327 3201 3534 3268 praeter
3561 3195 3775 3254 Hiero-

363 3285 775 3358 nymianorum
805 3305 1045 3360 operum
1078 3291 1349 3356 editores,
1383 3291 1590 3346 Surius
1620 3307 1687 3345 ac
1715 3288 2112 3360 Lipomannus
2135 3293 2437 3343 recensent
2462 3304 2473 3341 :
2509 3286 2808 3360 expoliunt
2830 3288 3018 3342 denuo
3037 3291 3209 3359 atque
3232 3285 3529 3342 illustrant
3549 3285 3781 3342 doctis-

363 3375 531 3430 simis
552 3377 1026 3434 annotationibus
1059 3381 1424 3448 Rosweidus,
1457 3379 1792 3446 Bollandus,
1828 3378 2044 3450 quique
2077 3394 2352 3449 magnum
2385 3376 2527 3431 illud
2562 3377 2858 3448 inceptum
2904 3379 3355 3448 persequuntur.
3385 3378 3597 3429 Parum
3632 3375 3777 3432 dili-

365 3464 571 3537 gentiae
602 3470 811 3521 nostrae
834 3468 1124 3540 reliquum
1160 3471 1338 3525 fuisse
1371 3469 1670 3535 videatur;
1707 3467 2091 3522 nihilominus
2124 3467 2276 3538 quod
2327 3471 2660 3522 nostrarum
2720 3465 2974 3538 partium
3009 3463 3136 3530 fuit,
3178 3481 3249 3519 ne
3279 3465 3494 3519 frustra
3525 3479 3777 3535 operam

364 3551 716 3624 locaremus,
749 3557 934 3612 sicubi
963 3559 1259 3615 emendari
1293 3558 1603 3628 ornarique
1635 3561 1948 3628 potuerunt
1979 3554 2238 3621 uberius,
2269 3555 2699 3610 contendimus.
2760 3555 2973 3609 Praesto
3034 3554 3271 3609 fuerunt
3313 3557 3569 3623 quatuor
3596 3552 3778 3609 Vati-

365 3642 496 3698 cani
527 3641 667 3699 olim
713 3645 946 3718 Reginae
994 3647 1312 3703 Suecorum
1343 3645 1569 3718 antiqui
1621 3663 1762 3701 mss.
1798 3645 2045 3710 codices,
2080 3645 2381 3715 prmnotati
2411 3643 2672 3698 numeris
2703 3644 2824 3708 432,
2857 3644 2986 3710 500,
3014 3644 3142 3708 589,
3168 3642 3295 3694 797.
3333 3639 3492 3695 Unus
3525 3656 3776 3712 quoque

363 3747 395 3789 e
423 3735 656 3805 nostris,
691 3753 838 3809 quos
883 3737 1150 3809 privatim
1187 3737 1344 3793 domi
1377 3751 1784 3792 asservamus:
1821 3751 1934 3788 non
1985 3733 2080 3788 ille
2138 3733 2374 3805 quidem
2433 3731 2835 3788 remotissimae
2893 3729 3331 3789 vetustatis,sed
3363 3728 3556 3799 probas
3588 3735 3779 3802 nota.

361 3827 718 3885 Laudandus
747 3845 879 3885 vero
927 3831 1016 3883 est
1063 3845 1178 3900 prae
1227 3825 1448 3882 caeteris
1481 3841 1634 3880 unus
1665 3821 2014 3894 amplissimi
2046 3820 2362 3875 Veronens.
2395 3819 2644 3891 Capituli
2685 3820 2784 3892 qui
2837 3835 3040 3874 omnes
3097 3818 3168 3872 ad
3202 3817 3353 3872 hanc
3383 3832 3571 3890 usque
3604 3817 3778 3875 diem

357 3917 622 3991 cognitos
653 3916 820 3974 facile
846 3916 1374 3989 superat.Scriptus
1405 3930 1613 3985 nempe
1635 3916 1722 3967 est
1745 3928 1896 3967 anno
1919 3910 2384 3982 quingentesimo
2416 3909 2640 3965 decimo
2672 3908 2922 3981 septimo
2951 3907 3021 3962 ab
3072 3905 3359 3975 Ursicino,
3391 3905 3586 3962 nescio
3619 3922 3776 3977 quo,

356 4007 768 4078 nostrmihujus
791 4005 1056 4062 Ecclesiae
1083 4005 1315 4070 lectore,
1351 4003 1504 4074 quod
1537 4003 1661 4073 ipse
1690 4001 1782 4056 his
1804 3999 1994 4055 verbis
2018 3999 2189 4071 paulo
2214 3999 2346 4054 licet
2367 3997 2590 4054 vitiosis
2621 3999 2693 4054 ob
2723 4013 2925 4053 eorum
2955 3999 3286 4068 temporum
3331 3993 3780 4067 pronuntiatio-

356 4110 490 4151 nem
523 4095 844 4167 proﬂtetur.
879 4095 1035 4150 PER.
1079 4091 1446 4150 SCRIBTUS.
1480 4090 1690 4146 CODlX
1721 4089 1856 4146 HEC
1887 4089 2020 4146 SUB
2053 4089 2169 4144 DIE
2202 4088 2366 4145 KAL.
2405 4087 2567 4144 AVG.
2598 4085 2906 4143 AGAPITO
2937 4083 3073 4140 VCC
3115 4083 3284 4140 INDI.
3317 4082 3588 4140 DECIMA
3621 4082 3780 4141 PER

354 4183 772 4240 URSICINUM.
808 4185 1004 4240 LECT.
1039 4183 1394 4239 ECCLESI/E
1424 4180 1869 4237 VERONENSIS
1904 4181 2001 4252 (a).

422 4279 804 4346 Annum,quo
833 4272 995 4328 Pauli
1025 4272 1157 4328 Vita
1186 4273 1403 4344 scripta
1451 4275 1559 4337 est,
1616 4272 1708 4325 vix
1738 4269 2128 4324 dubitandum
2183 4268 2414 4323 videtur
2471 4282 2600 4322 esse
2654 4265 2760 4320 374
2811 4267 2913 4320 aut
2968 4266 3330 4334 sequentem.
3373 4259 3480 4316 Per
3505 4259 3561 4315 id
3593 4267 3770 4321 certe

352 4364 636 4437 temporis
669 4365 740 4420 ad
773 4363 1176 4437 cognominem
1211 4363 1457 4418 Paulum
1490 4359 1970 4422 Concordiensem
2003 4359 2188 4414 missa
2244 4362 2333 4412 est
2391 4372 2525 4412 cum
2558 4353 2806 4427 Epist.in
2843 4356 3045 4407 nostra
3091 4349 3426 4406 recensione
3458 4349 3526 4404 40
3555 4349 3662 4422 (b).
3699 4353 3771 4409 In

352 4452 624 4526 Catalogo
651 4458 848 4509 autem
880 4452 1134 4525 primum
1170 4452 1321 4508 inter
1378 4448 1858 4522 Hieronymianas
1917 4446 2263 4518 scriptiones
2319 4462 2523 4501 omnes
2580 4443 2802 4498 obtinet
2857 4440 3072 4496 locum.
3122 4445 3272 4494 Duas
3303 4437 3565 4511 reliquas
3597 4455 3780 4500 anno

352 4541 707 4600 ascribimus
736 4543 860 4607 390,
891 4541 1094 4597 eodem
1127 4541 1284 4596 ducti
1316 4543 1679 4612 argumento,
1714 4537 1861 4593 serie
1893 4535 2132 4602 scilicet,
2191 4551 2308 4607 qua
2339 4535 2396 4589 in
2429 4532 2698 4604 Catalogo
2730 4533 3125 4597 recensentur,
3159 4532 3291 4602 post
3319 4528 3777 4599 interpretatio-

354 4649 486 4690 nem
515 4630 898 4689 Homiliarum
929 4630 1163 4704 Origen,
1195 4631 1252 4686 in
1286 4631 1524 4696 Lucam,
1559 4643 1734 4700 quam
1763 4625 2048 4699 superiori
2077 4626 2184 4680 389
2215 4624 2607 4696 assignamus.

421 4830 970 4916 (a)Hunc.omnium
998 4828 1478 4916 antiquissimum
1515 4825 2188 4916 praetentissimumque
2218 4822 2368 4916 Acod.
2410 4836 2551 4916 r‘ms:
2599 4819 2944 4916 1hpmo‘non
2994 4818 3091 4877 ille
3123 4814 3781 4916 qgidetpﬂiilit‘tfrat-us,

349 4891 516 4974 cuius
548 4902 774 4959 nomini
802 4919 994 4974 parco,
1029 4891 1276 4984 sibi-uni
1307 4891 1560 4984 sumpsit
1587 4900 1906 4984 cum‘edito
1937 4891 2667 4984 conferendum;'Contuljt
2715 4895 2907 4984 euntem
2954 4908 3094 4972 nec.
3121 4891 3303 4984 satis"
3321 4891 3573 4984 (Ξυτὶοὲρί
3629 4907 3784 4984 {meo

349 4961 1044 5047 ut'propositumtuerat,
1077 4991 1208 5028 cum
1248 4961 1632 5047 iBenﬁed‘ictina
1682 4971 1954 5047 editione,
1989 4969 2089 5047 sed
2131 4983 2269 5047 cum
2321 4965 2435 5021 alia
2485 4964 2736 5047 quadam
2769 4962 3096 5019 Coloniensi
3129 4975 3308 5047 quam
3336 4976 3458 5047 prae.
3479 4961 3787 5047 manibus

350 5029 616 5118 habebat.
640 5029 795 5118 Hinc
829 5029 1067 5112 factum,
1099 5050 1162 5099 ut
1187 5046 1332 5100 {also
1368 5029 2008 5118 identid_em_variantes
2039 5039 2312 5118 lectiones
2371 5029 2776 5118 exsci'ipserit,‘
2820 5050 3045 5117 nosque
3102 5029 3378 5118 credulos.
3409 5029 3462 5085 ei
3492 5029 3782 5118 nimium

346 5116 635 5189 habuerit.
670 5117 771 5172 Cui
805 5117 954 5173 malo
987 5101 1345 5189 in'praesenti
1378 5117 1555 5188 hujus
1585 5115 1766 5189 libelli
1799 5113 2051 5189 editione
2095 5109 2346 5189 singulis
2402 5101 2906 5189 q_uib_i_is_que'locis
2935 5101 3301 5189 occurrimus
3329 5106 3402 5189 et.
3419 5101 3783 5164 medemur.

415 5188 492 5262 (b)
525 5188 587 5244 In
617 5189 922 5258 Chronico,
955 5189 1027 5244 ad
1058 5173 1279 5244 annum
1311 5173 1641 5244 Constantii
1675 5188 1760 5253 19,
1794 5188 2047 5240 testatur
2074 5199 2136 5238 se
2164 5173 2376 5238 eiitum
2406 5173 2571 5235 Pauli
2601 5173 2814 5236 Thebaei
2855 5178 3003 5232 brevi
3033 5175 3217 5231 libello
3246 5173 3569 5247 explicasset.
