3970 6414
337 276 416 349 ιθ
1590 283 1657 351 s.
1702 278 2015 350 unseen
2056 274 2501 350 HIERONYMI
3655 265 3744 339 Io

338 414 560 475 omissa
585 417 731 489 erat,
764 426 943 491 quam
998 416 1182 476 fretus
1240 417 1495 493 ingenio.
1546 419 1844 485 Quomodo
1876 435 1979 475 au-
2007 421 2063 489 Α
2090 422 2376 484 excutere,
2407 413 2676 473 blandis‘
2704 416 2994 473 sertorum
3025 407 3275 469 nexibus
3322 402 3616 468 irretitum
3647 422 3739 465 re-

336 508 456 562 tem
486 505 547 562 in
579 508 772 564 media
798 512 965 564 aetate
992 508 1217 579 vixerit,
1261 513 1319 565 et
1348 526 1495 584 quas
1527 510 1749 565 Satante
1778 512 1981 580 pertu-

334 592 468 650 lerit
497 595 915 669 insidias,nulli
946 597 1254 655 hominum
1312 603 1673 672 compertum
1711 598 1978 653 habetur.

918 749 1179 806 INCIPIT
1215 749 1406 806 VITA.

410 866 464 918 2.
496 864 687 920 Decius
735 869 792 919 et
864 866 1183 921 Valerianus
1242 866 1678 920 Christianarum
1731 881 1981 936 perseCu-

340 956 504 1009 tores.
535 984 603 992 —
633 953 753 1008 Sub
785 954 955 1009 Decio
986 958 1041 1009 et
1096 953 1437 1009 Valeriano'
1490 954 1980 1025 persecutoribus,

341 1057 456 1113 quo
488 1045 750 1113 tempore
775 1042 1072 1098 Cornelius
1128 1044 1344 1111 Romae,
1395 1042 1715 1113 Cyprianus
1744 1042 1981 1098 Cartha-

341 1129 497 1201 gine,
531 1129 684 1184 felici
715 1146 917 1185 cruore
974 1130 1316 1202 martyrium
1348 1129 1734 1201 pertulerunt,
1766 1129 1985 1186 multas

342 1218 496 1289 apud
528 1223 843 1290 Egyptum
882 1223 938 1273 et
970 1218 1325 1274 Thebaidem
1354 1217 1638 1274 Ecclesiae
1668 1223 1987 1291 tempestas

338 1322 489 1362 saeva
524 1307 801 1379 populata
854 1312 960 1363 est.
1022 1307 1149 1361 Voti
1182 1312 1318 1362 tunc
1337 1306 1683 1362 Christianis
1713 1312 1855 1373 erat,
1881 1325 1983 1379 pro

339 1396 553 1466 [Veran.
587 1396 674 1467 eo]
731 1394 939 1450 Christi
990 1394 1223 1450 nomine
1255 1395 1449 1465 gladio
1509 1396 1727 1466 percuti
1768 1397 1979 1467 [Veran.

339 1484 603 1556 perpeti].
639 1488 850 1539 Verum
905 1483 1091 1539 hostis
1147 1484 1394 1539 callidus
1438 1485 1605 1539 tarda
1633 1484 1705 1539 ad
1738 1488 1985 1540 mortem

340 1572 628 1644 supplicia
673 1572 1025 1644 conquirens
1084 1572 1314 1627 animas
1366 1573 1637 1643 cupiebat
1687 1572 1985 1645 jugulare,

338 1676 458 1715 non
487 1676 751 1732 corpora.
783 1660 850 1714 Et
880 1664 943 1714 ut
1000 1660 1145 1731 ipse,
1202 1660 1301 1732 qui
1360 1661 1433 1714 ab
1478 1660 1603 1732 ipso
1635 1677 1846 1732 passus
1877 1667 1984 1729 est,

339 1748 661 1846 Cyprianus
688 1749 804 1856 ait:
839 1747 1365 1856 Volentibuspmari
1388 1749 1432 1816 ³,
1465 1766 1579 1805 non
1611 1750 1984 1821 permitteha-
2015 1791 2062 1856 B

339 1839 438 1891 tur
465 1836 671 1891 occidi.
704 1835 884 1907 Cujus
914 1840 980 1891 ut
1006 1836 1319 1892 crudelitas
1349 1837 1540 1893 notior
1569 1837 1691 1906 fiat,
1721 1838 1837 1893 duo
1856 1854 1975 1893 me-

343 1926 541 1982 moria:
564 1942 743 1981 causa
771 1925 1036 1998 exempla
1063 1925 1459 1996 subjicimus’.

413 2016 465 2069 3.
498 2016 611 2070 Duo
660 2018 929 2085 martyres
986 2016 1245 2085 insignes.
1335 2046 1374 2056 —
1417 2014 1888 2070 Perseverantem
1921 2014 1982 2069 in

343 2103 457 2159 fide
488 2107 827 2177 martyrem,
855 2108 911 2159 et
942 2103 1092 2159 inter
1136 2102 1365 2159 eculeos
1394 2103 1763 2175 laminasque
1804 2104 1987 2159 vieto-

343 2207 489 2259 rem,
526 2192 709 2263 jussit
763 2192 935 2247 melle
984 2192 1249 2265 perungi,
1303 2196 1361 2247 et
1403 2192 1513 2248 sub
1573 2192 1986 2248 ardentissimo

344 2281 486 2351 sole,
520 2280 778 2353 religatis
800 2280 1072 2337 manibus
1090 2285 1219 2353 post
1239 2286 1493 2353 tergum,
1527 2281 1793 2353 reponi‘,
1829 2281 1986 2337 scili-

345 2374 435 2426 cet
458 2374 525 2425 ut
555 2386 893 2425 muscarum
924 2369 1140 2425 aculeis
1171 2371 1419 2437 cederet,
1452 2371 1550 2442 qui
1600 2370 1818 2443 ignitae
1865 2388 1987 2427 sar-

342 2460 569 2530 tagines
600 2463 732 2514 ante
762 2462 1115 2530 superasset.
1150 2459 1343 2514 Alium
1392 2460 1638 2531 juvenili
1670 2465 1835 2515 aetate
1892 2460 1990 2515 ﬂo-

344 2552 590 2612 rentem,
627 2547 684 2602 in
718 2548 1144 2604 amzenissimos
1193 2547 1455 2603 hortulos
1480 2550 1751 2621 prazcepit
1779 2548 1991 2604 abduci

344 2636 451 2707 [AL
485 2634 742 2705 adduci].
774 2640 825 2691 4
858 2636 1054 2707 ibique
1083 2636 1237 2692 inter
1292 2636 1414 2691 lilia
1460 2638 1770 2693 candentia
1808 2642 1865 2693 et
1896 2655 1989 2692 ru-

346 2726 551 2781 bentes
584 2741 767 2791 rosas,
801 2741 935 2779 cum
994 2724 1107 2780 leni
1156 2726 1325 2795 juxta
1374 2743 1675 2782 murmure
1704 2743 1991 2798 aquarum

346 2818 603 2885 serperet
626 2813 803 2880 rivus,
839 2818 895 2868 et
916 2812 1075 2870 molli
1120 2814 1290 2870 sibilo
1323 2814 1594 2870 arborum
1620 2815 1758 2871 folia
1786 2820 1992 2872 ventus

347 2900 779 2973 praestringeret
827 2900 933 2974 [Αἰ.
986 2902 1340 2974 stringeret],
1383 2920 1559 2974 super
1588 2905 1992 2959 exstructum5

347 2990 567 3062 plumis
619 2991 837 3046 lectum
886 2991 1243 3063 resupinari,
1306 2997 1362 3047 et
1410 3009 1481 3048 ne
1524 3009 1585 3048 se
1632 2992 1768 3048 inde
1798 2998 1993 3066 posset

418 3134 433 3167 ¹
467 3130 702 3188 Titulus
730 3132 938 3187 Veron.
975 3149 1083 3187 ms.
1120 3138 1316 3189 nostra
1360 3135 1541 3190 abest.
1576 3135 1726 3190 Tum
1757 3134 1965 3191 vitiose

349 3207 417 3277 ut
453 3203 651 3259 nullus
683 3205 909 3270 dubito,
941 3205 1056 3259 duo
1102 3222 1277 3277 penes
1309 3206 1577 3261 Martian.
1613 3203 1859 3270 codices,
1892 3179 1989 3262 sub
2021 3175 2063 3242 C

352 3276 764 3349 Diocletianaet
792 3276 1115 3337 Valeriano,"
1141 3294 1242 3332 nec
1266 3278 1437 3333 rel'ert
1484 3278 1640 3349 quod
1673 3279 1992 3333 subnexam

350 3346 742 3402 adolescentis
799 3364 833 3400 a
889 3349 1186 3403 meretrice
1245 3349 1448 3403 tentati
1504 3346 1824 3403 historiam
1882 3351 1993 3404 sub

350 3416 705 3490 Diocletiano
753 3418 993 3490 minime
1023 3426 1327 3474 accuratus
1387 3424 1589 3474 auctor
1636 3419 1995 3490 Nicephorus

350 3493 547 3543 narret
575 3488 675 3543 lib.
718 3506 824 3561 vn.
860 3489 1124 3561 Moxiduo
1154 3492 1328 3545 verba
1355 3492 1507 3561 felici
1534 3507 1726 3561 cruore
1758 3488 1814 3545 in
1848 3493 1994 3546 duo-

350 3561 462 3616 bus
485 3576 518 3615 e
549 3559 763 3633 nostris
798 3576 938 3615 mss.
973 3559 1397 3617 desiderantur.
1426 3562 1630 3617 Veron.
1655 3560 1815 3633 aliiq.
1840 3564 1997 3633 felici

349 3647 541 3687 cruore
571 3632 819 3686 damnati
844 3635 985 3686 sunt.

421 3734 491 3743 —-
521 3702 629 3757 Sub
678 3704 856 3757 Decio.
915 3704 1052 3758 Mss.
1085 3703 1313 3758 codices
1345 3711 1521 3758 Aven.
1562 3707 1619 3758 et
1647 3702 1994 3768 Tolos.,~sub

348 3775 680 3829 Diocletiano
711 3779 783 3846 et
823 3775 1124 3829 Valeriano.
1178 3775 1339 3838 Quod
1404 3780 1705 3846 propterea
1748 3783 1991 3831 annota-

350 3862 505 3907 mus.
539 3846 674 3916 quia
730 3844 1038 3901 historiam
1088 3846 1322 3915 juvenis
1356 3844 1487 3900 mox
1514 3844 1848 3916 subjectum
1882 3848 1991 3902 sub

348 3917 708 3973 Diocletiano
740 3925 961 3986 gestam
987 3918 1161 3972 refert
1184 3916 1564 3988 Nicephorus,
1598 3916 1701 3972 lib.
1734 3935 1810 3972 vn
1845 3918 1991 3973 Hist.

348 3990 437 4044 13.
732 3990 1012 4044 Maurus.

415 4060 438 4092 ²
467 4058 874 4128 S.Cyprianus,
933 4059 1083 4130 epist
1138 4060 1227 4123 53,
1263 4060 1504 4113 maxime
1542 4074 1667 4113 cum
1722 4062 1992 4130 cupienti-

350 4130 446 4201 bus
474 4132 635 4193 mari,
667 4146 777 4184 non
805 4133 1261 4200 permitterentur
1288 4131 1562 4199 (legcum
1597 4130 1749 4184 Hier.
1785 4132 1993 4201 singu-

349 4200 457 4255 lari
488 4216 732 4254 numero
754 4202 1180 4271 permitteretur)
1213 4201 1404 4255 occidi.
1431 4201 1669 4266 Seneca,
1710 4201 1989 4257 Thebaid:

354 4295 375 4321 α
411 4271 684 4326 Occidere
714 4278 821 4335 est,
855 4278 1047 4326 vetare
1081 4273 1409 4341 cupientem
1443 4273 1611 4328 mori.
1653 4295 1678 4320 η

418 4344 440 4376 ³
472 4348 655 4396 Antea
707 4348 838 4423 erat
877 4343 1223 4423 subiecimus,
1302 4344 1766 4423 repugnantibus
1845 4361 1987 4399 mss.

348 4414 599 4495 duorum
629 4431 735 4485 ope
767 4414 942 4495 etiam
1003 4416 1058 4495 in
1114 4414 1382 4495 sequenti
1439 4430 1795 4495 vepsu,_cun1
1839 4421 1993 4471 esset

347 4487 783 4568 Perseverantem
816 4487 984 4556 igitur
1014 4488 1069 4540 in
1102 4486 1226 4568 ﬁde,
1255 4486 1616 4568 cto.,"voc'em
1650 4488 1840 4555 igitur,
1874 4504 1991 4559 qua

2089 507 2298 581 linqui.
2331 507 2452 572 Quo
2501 522 2657 572 cum,
2716 502 3125 561 recedentibus
3183 499 3429 569 cunctis,
3461 496 3741 554 meretrix

2090 596 2355 668 speciosa
2381 594 2655 663 venisset,
2705 593 2880 666 coepit
2928 591 3191 648 delicatis
3250 589 3537 661 stringere
3593 584 3743 642 colla

2092 686 2197 757 [AL
2232 684 2467 755 collum]
2501 682 2929 755 complexibus:
2989 684 3066 746 et,
3105 678 3262 750 quod
3310 677 3474 733 dictu
3507 689 3741 748 quoque

2095 773 2285 828 scelus
2314 778 2424 839 est,
2456 772 2730 827 manibus
2788 774 3095 827 attrectare
3126 768 3233 841 [Αι.
3265 763 3611 837 obtrectare]
3660 763 3744 818 vi-

2094 861 2260 917 rilia:
2293 865 2358 916 ut
2387 877 2623 933 corpore
2654 861 2712 915 in
2745 859 3050 915 libidinem
3102 855 3410 922 concitato,
3443 870 3509 908 se
3536 851 3746 907 victrix

2092 949 2390 1021 impudica
2418 948 2983 1021 superjaceret.0uid
3015 950 3212 1019 ageret
3241 944 3431 1000 milies
3461 940 3672 997 Christi
3694 940 3741 1007 ’⁷,

2091 1044 2149 1094 et
2180 1056 2294 1111 quo
2320 1056 2382 1094 se
2410 1042 2675 1104 verteret,
2709 1037 3025 1093 nesciebat.
3086 1036 3269 1100 Quem
3298 1035 3590 1089 tormenta
3623 1045 3745 1085 non

2092 1126 2368 1193 vicerant,
2419 1127 2733 1199 superabat
2787 1125 3072 1197 voluptas.
3104 1123 3362 1179 Tandem
3393 1119 3623 1176 caelitus
3650 1118 3745 1173 in-

2096 1216 2372 1288 spiratus,
2400 1216 2699 1287 praecisam
2733 1214 3065 1270 mordicus8
3095 1213 3360 1285 linguam
3390 1210 3449 1265 in
3472 1206 3747 1265 osculan-

2096 1306 2171 1361 tis
2201 1323 2263 1362 se
2293 1307 2499 1361 faciem
2520 1306 2783 1377 exspuit;
2816 1322 2883 1361 ac
2913 1305 2996 1360 sic
3026 1303 3290 1359 libidinis
3333 1317 3575 1358 sensum
3607 1314 3745 1355 suc-

2096 1395 2308 1450 cedens
2337 1394 2554 1450 doloris
2588 1393 2927 1465 magnitudo
2958 1392 3257 1465 superavit
3297 1391 3404 1463 [Αἰ.
3440 1386 3749 1460 occupavit

2097 1487 2148 1539 et
2176 1483 2495 1555 praeripuit.
2528 1488 2629 1540 Ms.
2671 1484 2858 1538 Veron.
2895 1480 3179 1554 calcavit].

2168 1574 2219 1627 4.
2246 1573 2411 1627 Pauli
2438 1572 2582 1627 dates
2610 1576 2660 1627 et
2690 1572 2951 1628 eruditio.
2979 1603 3047 1610 —
3080 1570 3188 1625 Per
3236 1569 3389 1625 idem
3428 1583 3564 1640 ergo
3593 1571 3743 1621 tem-

2097 1678 2207 1734 pus
2238 1677 2352 1732 quo
2382 1659 2521 1715 talia
2550 1661 2902 1733 gerebantur
2932 1660 3086 1731 apud
3117 1658 3448 1714 inferiorem
3492 1654 3745 1712 Thebai-

2096 1750 2256 1817 dam,
2285 1765 2419 1805 cum
2450 1766 2646 1805 sorore
2694 1751 2822 1821 jam
2878 1748 3001 1804 viro
3033 1747 3269 1813 tradita,
3331 1749 3467 1819 post
3497 1747 3747 1800 mortem

2094 1840 2201 1911 [Αἱ.
2235 1838 2790 1909 morteJambrorum
2817 1841 3129 1910 parentum
3152 1837 3209 1891 in
3233 1834 3571 1891 hereditate
3591 1830 3749 1887 lacu-

2092 1926 2250 1998 pleti,
2284 1927 2500 1983 Paulus
2548 1926 2786 1983 relictus
2816 1931 2906 1982 est
2959 1941 3250 1982 annorum
3279 1923 3513 1979 circiter
3537 1920 3744 1978 sexde-

2093 2014 2207 2071 cim
2229 2017 2269 2083 ο,
2302 2015 2512 2072 litteris
2568 2020 2689 2071 tam
2741 2014 2954 2071 Graecis
3007 2031 3186 2087 quam
3237 2010 3594 2086 Egyptiacis
3646 2025 3750 2082 ap-

2094 2104 2280 2177 prime
2304 2105 2426 2175 [ms.
2465 2106 2581 2160 Ver.
2611 2103 2879 2175 adplene]
2902 2103 3188 2169 eruditus,
3213 2099 3505 2157 mansueti
3536 2097 3746 2165 animi,

2092 2192 2278 2249 Deum
2294 2193 2461 2249 valde
2491 2209 2719 2249 amans.
2758 2196 2824 2248 Et
2868 2208 3004 2249 cum
3037 2190 3461 2265 persecutionis
3492 2184 3751 2261 procella

2093 2281 2415 2349 detonaret,
2448 2280 2509 2337 in
2535 2280 2735 2336 villam
2760 2282 2802 2316 ¹⁰
2845 2281 3218 2337 remotiorem
3279 2283 3337 2335 et
3374 2276 3747 2334 secretiorem

2095 2369 2353 2426 secessit.
2410 2368 2627 2425 Verum
2677 2370 2820 2441 quid
2879 2373 3114 2441 pectora
3156 2367 3419 2423 humana
3449 2381 3563 2420 non
3593 2364 3752 2436 cogit

2098 2460 2221 2531 [ms.
2261 2460 2375 2514 Ver.
2409 2459 2586 2531 cogis]
2652 2458 2789 2513 Auri
2834 2474 2993 2513 sacra
3040 2458 3216 2527 fames
3261 2453 3491 2527 (Virgil.
3536 2453 3756 2509 Eneid.

2097 2548 2160 2618 ιι)
2180 2548 2208 2601 ?
2238 2547 2456 2602 sororis
2480 2548 2726 2603 maritus
2757 2546 2930 2619 coepit
2983 2546 3228 2619 prodere
3256 2543 3421 2611 velle,
3460 2558 3635 2615 quem
3665 2557 3756 2598 ce.

2099 2635 2220 2692 lare
2251 2636 2548 2691 debuerat.
2583 2636 2706 2691 Non
2740 2634 2907 2690 illum
2940 2634 3137 2691 uxoris
3168 2633 3460 2706 lacrymie,
3494 2635 3560 2687 ut
3589 2648 3756 2688 asso-

2098 2723 2261 2790 let“,
2321 2741 2436 2780 non
2496 2724 2835 2780 communio
2892 2723 3224 2797 sanguinis,
3285 2738 3400 2778 non
3483 2724 3761 2792 spectans

2099 2818 2310 2870 cuncta
2364 2831 2433 2869 ex
2482 2812 2597 2868 alto
2656 2817 2827 2878 Deus,
2882 2812 2955 2868 ab
3002 2811 3221 2868 scelere
3278 2809 3569 2866 revocavit
3624 2810 3758 2880 [ms.

2103 2904 2220 2958 Ver.
2255 2902 2711 2973 revocaverunt].
2773 2902 2985 2957 Aderat
3022 2902 3086 2966 1’,
3151 2900 3432 2966 instabat,
3505 2896 3761 2954 crudeli-

2098 2995 2216 3048 tate
2247 2992 2415 3064 quasi
2448 2991 2662 3063 pietate
2701 2991 2997 3046 utebatur.

2100 3133 2390 3204 superabat
2447 3133 2764 3187 abominata
2795 3132 3060 3204 voluptas.
3111 3128 3201 3185 ΑΙ.
3255 3138 3536 3201 superaret
3565 3129 3757 3204 volup-

2099 3200 2265 3276 ptas:
2297 3210 2352 3259 et
2383 3204 2491 3259 hoc
2534 3204 2765 3259 rectius.
2828 3200 3171 3276 Rectissime
3219 3200 3413 3257 autem
3471 3217 3607 3257 mox
3634 3200 3756 3257 duo

2104 3274 2279 3332 verba
2306 3277 2520 3331 caelitus
2543 3277 2845 3346 inspiratus
2876 3291 2984 3330 ms.
3021 3274 3545 3346 Veronens.itacet.

2174 3348 2195 3419 ἕ
2228 3347 2502 3419 Impressi
2552 3345 2758 3419 marsu,
2793 3352 2895 3419 aut
2935 3346 3224 3401 morsibus.
3258 3345 3371 3400 Sed
3400 3360 3578 3419 quam
3610 3359 3757 3413 pra:-

2104 3415 2360 3475 tulimus
2385 3418 2751 3484 Veronensis,
2811 3417 3177 3488 aliorumque
3232 3433 3374 3471 mss.
3418 3415 3755 3488 lectionem,

2146 3489 2979 3567 robat_s_imilis_.Hieronymi
3038 3486 3203 3567 locus
3260 3488 3431 3567 epist.
3490 3490 3580 3553 88,
3632 3486 3759 3567 sive

2102 3507 2314 3616 pronai.
2368 3507 2581 3545 simius
2642 3507 2979 3561 meronymi
3038 3507 3203 3544 locus
3260 3507 3431 3567 epist.
3490 3507 3580 3553 oo,
3632 3507 3755 3541 sive

2152 3560 2404 3633 heaphili
2436 3560 2742 3633 Synodica,
2795 3578 2851 3615 n.
2883 3578 2901 3615 1
2942 3577 2954 3615 :
3015 3581 3043 3609 «
3077 3559 3239 3616 Unus
3279 3559 3493 3630 linguae
3523 3561 3755 3630 partem

2105 3632 2402 3687 mordicus
2433 3632 2776 3688 amputavit.
2812 3653 2839 3681 ››
2979 3681 2989 3688 ,

2174 3703 2307 3757 “Ita
2338 3709 2469 3773 post
2526 3697 2927 3758 Martianaeum
2992 3718 3136 3756 mss.
3195 3716 3419 3767 omnes,
3476 3697 3757 3773 aquibus

2103 3769 2384 3829 vetustior
2427 3791 2602 3838 unus,
2664 3775 2761 3845 qui
2824 3790 3000 3845 penes
3050 3790 3142 3827 me
3188 3776 3296 3837 est,
3340 3769 3628 3845 superiori
3659 3769 3757 3845 sui

2104 3791 2384 3829 vetustior
2427 3791 2602 3838 unus,
2708 3792 2761 3829 ui
2824 3791 3000 3845 penes
3050 3791 3142 3827 me
3188 3791 3296 3837 est,
3340 3791 3628 3841 superiori
3659 3791 3757 3825 sui

2104 3854 2265 3917 parte
2296 3850 2622 3901 truncatus.
2650 3791 2942 3901 Victorius
2972 3861 3126 3917 vero,
3160 3848 3292 3915 post
3343 3843 3567 3917 Erasm.
3596 3843 3758 3913 quin-

2101 3914 2275 3971 decim
2316 3922 2542 3972 tantum
2575 3923 2900 3972 enumerat.
2935 3916 3049 3971 Nec
3103 3914 3298 3970 tamen
3348 3914 3454 3969 abs
3492 3930 3557 3970 re
3589 3917 3758 3969 notat

2102 3988 2419 4043 Bollandus
2451 4006 2564 4043 non
2598 3989 2711 4043 dici
2742 3989 2845 4043 abs
2879 3987 3245 4059 Hieronymo.
3291 3984 3540 4059 Paulum
3573 3983 3754 4039 simul

2103 4077 2169 4115 ac
2197 4060 2534 4130 parentibus
2589 4060 2829 4115 orbatus
2859 4065 2948 4115 est
3005 4057 3353 4130 prafugisse,
3414 4057 3514 4112 sed
3551 4060 3757 4130 postea

2103 4077 2169 4115 ac
2197 4075 2534 4130 parentibus
2589 4075 2829 4115 ornatus
2859 4075 2948 4115 est.
3005 4075 3169 4130 praiu
3219 4075 3353 4121 1886,
3414 4075 3514 4112 seu
3551 4075 3753 4127 possea

2103 4148 2235 4187 cum
2270 4137 2425 4186 mota
2456 4137 2543 4186 est
2574 4130 2897 4203 persecutio
2951 4135 3084 4202 post
3132 4075 3533 4200 PEilipporum
3566 4127 3753 4198 impe-

2104 4208 2361 4257 ratorum
2393 4204 2627 4258 caedem.

2176 4275 2218 4309 ¹⁰
2248 4275 2494 4340 Quidam
2528 4292 2695 4339 mss.,
2744 4275 2807 4329 In
2864 4273 2998 4327 villa
3044 4272 3331 4326 remotiore
3353 4270 3615 4325 secretius
3645 4268 3755 4325 ha-

2102 4346 2331 4409 bitabat,
2366 4348 2624 4400 secretior
2654 4344 2929 4409 manebat,
2982 4342 3078 4397 alii
3112 4343 3368 4397 remotior
3392 4341 3755 4409 secretiarque

2097 4420 2224 4487 fuit.
2276 4417 2497 4472 Meliori
2557 4434 2732 4472 sensu
2782 4420 3016 4487 cautam
3074 4413 3461 4487 recessionem
3520 4411 3755 4487 exhibet

2100 4484 2389 4559 impressa
2418 4488 2605 4554 lectio,
2641 4503 2758 4560 qua.
2791 4503 2851 4560 se
2869 4485 3097 4560 _Paulus
3128 4484 3511 4560 subtraxisse,
3543 4485 3751 4560 ac_Do—

350 4573 559 4638 sensus
590 4547 876 4638 turbatur,
924 4547 1332 4638 expunximus.
1377 4547 1613 4637 Horum
1667 4547 1987 4631 martyrum
2020 4547 2065 4611 D
2101 4547 2255 4638 mino
2316 4547 3081 4638 reservasse'significatur,
3142 4561 3227 4638 ut_
3255 4572 3390 4638 cu_m
3465 4547 3754 4638 Cypriane

348 4628 408 4683 in
439 4628 848 4700 Marityrologio
873 4629 943 4682 ad
972 4624 1041 4681 2—8
1068 4624 1227 4683 Junii
1260 4634 1348 4683 est
1371 4628 1607 4682 mentio.

418 4698 1052 4772 ‘Maluimusrectiore
1085 4716 1262 4753 sensu
1301 4716 1369 4772 ex
1390 4703 1708 4772 Veronens,
1742 4698 1991 4772 aliisque

349 4771 579 4841 Optima:
612 4777 757 4826 notze
792 4770 955 4825 libris
1013 4772 1252 4841 refigere
1309 4770 1465 4825 hunc
1500 4770 1712 4836 locum,
1748 4770 1990 4841 religatis

344 4846 478 4916 post
496 4850 707 4909 tergum
735 4845 991 4916 manibus
1050 4844 1239 4916 reponi
1273 4859 1393 4916 _pr0
1425 4843 1637 4916 .ligatis
1693 4848 1750 4897 et
1781 4846 1988 4915 resupi-

347 4914 500 4977 nari,
531 4914 1027 4983 quemadmodum
1060 4913 1159 4967 alii
1194 4913 1427 4967 habent.

417 4985 438 5017 ⁵
469 4984 606 5037 Alit.
638 5001 802 5055 super
828 4988 1062 5038 stratum
1090 4985 1319 5055 plumis,
1353 4990 1487 5047 etc.,
1521 4985 1621 5039 sed
1654 4985 1862 5040 deinde
1895 5002 1987 5040 ve-

346 5058 500 5109 teres
532 5056 782 5110 editores
815 5056 1062 5120 Erasm.,
1108 5056 1413 5127 Rosweyd.
1447 5059 1503 5110 et
1531 5056 1825 5112 Victorius
1879 5056 1988 5112 im-

348 5130 581 5181 mutant
610 5143 679 5181 ex
733 5128 1067 5196 conjectura
1122 5129 1292 5183 serica
1348 5144 1448 5198 pro
1493 5130 1783 5182 seriarum.
1835 5129 1985 5183 Tum

346 5198 701 5269 neglectu/um
732 5204 789 5251 et
817 5200 1091 5269 supinari.

413 5268 435 5302 ⁵
466 5269 692 5323 Blandis
722 5267 1004 5324 seriarum.
1069 5269 1213 5323 Editi
1274 5267 1494 5339 legunt,
1547 5269 1763 5324 blandis
1818 5272 1988 5325 serica

344 5340 613 5400 nexibus;
669 5357 873 5394 omnes
927 5346 1118 5395 autem
1181 5358 1323 5394 mss.
1389 5347 1450 5394 ut
1503 5357 1609 5395 nos
1668 5342 1987 5407 edidimus,

344 5410 565 5464 blandis
592 5413 862 5467 seriarum
912 5414 1160 5466 naribus.
1217 5416 1349 5477 Quae
1408 5411 1574 5467 lectio
1630 5429 1742 5467 non
1786 5414 1989 5468 debuit

342 5480 643 5536 immutari
693 5500 760 5537 ex
809 5483 932 5538 sola
964 5483 1184 5539 Erasmi
1236 5484 1585 5553 conjectura.
1701 5484 1982 5539 Murrus.

411 5553 431 5586 ’⁷
460 5553 600 5607 Tres
634 5554 863 5622 Reginae
925 5573 1066 5609 mss.
1128 5555 1258 5625 quid
1306 5563 1485 5623 ageret
1538 5556 1697 5610 mites
1738 5555 1988 5611 Clu-issi."

342 5640 445 5694 quo
473 5640 530 5679 se
556 5629 863 5697 con/“erret?
918 5643 1093 5696 quem,
1158 5631 1262 5681 etc.
1326 5626 1581 5681 Rectius.
1643 5627 1771 5681 Mox
1829 5644 1983 5684 unus

2101 4630 2331 4713 loquar.
2373 4631 2514 4685 Vide
2562 4628 2902 4686 Tertulliani
2946 4628 3161 4684 librum
3193 4628 3258 4683 de
3302 4629 3449 4698 Fuga
3483 4628 3539 4681 in
3569 4642 3754 4698 perse-

2098 4707 2560 4827 Ctlf—Trlzzn'iltam.
2599 4772 2660 4827 In
2698 4771 2828 4827 aliis
2860 4770 3026 4828 libris
3057 4788 3200 4827 mss.
3233 4772 3294 4827 In
3325 4769 3461 4824 villa
3490 4768 3754 4824 secretius

2100 4844 2405 4909 habitabat,
2441 4843 2547 4910 vel,
2601 4845 2658 4899 In
2690 4844 2824 4898 villa
2884 4844 3141 4899 remotior
3199 4842 3559 4967 secrﬁiorque
3610 4838 3746 4914 fuit.

3378 4929 3604 4967 ARTIAN.

3319 4929 3604 4967 MARTIAN.

2170 4987 2208 5020 “
2240 4986 2362 5040 Duo
2395 4986 2587 5050 verba,
2620 4993 2678 5039 ut
2730 4987 2948 5051 assolet,
2982 5002 3016 5041 a
3065 4982 3294 5039 cunctis
3351 4982 3565 5038 nostris
3599 4998 3746 5037 mss.

2097 5057 2344 5128 aliisque
2366 5057 2540 5129 [libris
2570 5056 2871 5129 absunt,et
2902 5056 3155 5129 expungi
3187 5053 3406 5129 malim.
3456 5054 3587 5129 Mox
3616 5053 3749 5124 qui-

2098 5126 2269 5194 dam;
2305 5127 2524 5201 adrhfazc
2554 5128 2795 5201 instabat
2824 5145 2836 5183 :
2880 5126 3057 5201 quam
3092 5126 3396 5181 lectionem
3429 5126 3627 5201 etiarn
3657 5141 3750 5180 ve-

2096 5205 2247 5254 teres
2318 5200 2454 5254 editi
2548 5200 2837 5270 recipiunt
2898 5196 3359 5271 ‘imniutantque
3418 5196 3746 5271 amplius;
3820 5268 3825 5271 ἦ

2097 5271 2425 5336 Crudelitas,
2470 5286 2589 5340 qua:
2640 5268 2907 5341 pietatem
2964 5268 3278 5324 videbatur,
3322 5268 3565 5341 imitari.
3638 5268 3749 5341 Sed

2099 5343 2457 5414 praeferenda
2479 5339 2797 5414 impressa,
2828 5344 3307 5414 [quamhconslat
3348 5356 3415 5395 ex
3448 5339 3613 5414 Floro
3644 5339 3746 5394 lib.

2098 5410 2182 5493 in,
2214 5430 2342 5493 cap.
2403 5414 2457 5473 5,
2497 5410 2610 5493 ‘de'A
2644 5410 2979 5493 Mithridate
3039 5411 3454 5493 Hieronymum
3514 5410 3750 5493 elegan-

2099 5483 2346 5567 tissime.
2386 5487 2722 5567 mutuatum
2748 5503 2770 5567 ⁸ε
2803 5508 2830 5534 ‹‹
2892 5484 3124 5550 Aderat,
3182 5483 3477 5549 instabat;
3509 5483 3749 5552 saavitia,

2096 5557 2263 5628 quasi
2296 5557 2531 5620 virtute,
2566 5557 2859 5612 utebatur.
2898 5577 2925 5605 »

2171 5629 2213 5661 ι’
2241 5626 2458 5693 Aderat,
2492 5628 2751 5684 instabat.
2814 5626 3016 5683 Plures
3068 5625 3297 5682 codices
3326 5624 3565 5699 legunt:
3602 5648 3630 5675 ‹‹
3661 5623 3748 5679 Ad
