3970 6408
245 310 309 382 Il
1287 315 1477 388 νιΤΑ
1520 321 1585 386 S.
1630 319 1866 389 PAULI
1913 318 2137 388 PRIMI
2179 318 2580 388 EREMI'LE.
3526 317 3644 387 '82

309 449 348 513 δ
371 452 421 511 5.
450 450 683 513 Furtum
708 460 941 515 monete
967 455 1215 529 ofﬁcina.
1247 486 1318 502 -
1349 458 1513 523 Quod
1561 458 1663 514 ubi
1722 475 1868 531 pru-
1899 459 1952 526 Α
1982 459 2159 515 eremi
2192 462 2376 532 parte,
2410 475 2537 531 quae
2559 458 2733 530 juxta
2791 455 3022 532 Syriam
3082 456 3392 517 Saracenis
3438 453 3641 532 jungi-

247 544 610 603 dentissimus
637 544 976 604 adolescens
1006 545 1310 618 intellexit,
1344 548 1417 607 ad
1450 548 1743 607 montium
1776 549 1872 607 de-

246 640 383 693 serta
399 634 765 709 confugiens,
798 637 940 694 dum
970 638 1398 710 persecutionis
1428 640 1605 696 finem
1632 643 1869 712 praesto-

246 723 443 782 laretur
457 725 563 798 [Αι.
584 724 998 799 praestolatur],
1013 728 1419 784 necessitatem
1435 729 1493 783 in
1509 728 1640 785 volu
1651 734 1868 786 ntatem

242 813 411 883 vertit,
443 830 509 870 ac
538 814 822 888 paulatim
851 817 1250 890 progrediens,
1304 834 1628 891 rursusque
1675 819 1869 875 subsi-

244 905 440 971 stens‘,
472 908 647 976 atque
675 904 786 962 hoc
839 905 998 962 idem
1054 907 1271 979 saepius
1331 907 1571 975 faciens,
1631 909 1868 965 tandem

243 993 436 1066 reperit
464 1009 705 1051 saxeum
725 995 748 1029 ³
775 1000 1057 1063 montem,
1089 997 1161 1052 ad
1193 996 1366 1068 cujus
1425 998 1652 1053 radices
1709 998 1868 1053 haud

240 1082 459 1156 grandis
487 1082 769 1156 spelunca
795 1084 990 1158 lapide
1021 1085 1420 1142 claudebatur.
1450 1088 1592 1155 .Quo
1646 1091 1867 1144 remoto

241 1171 317 1245 (ut
340 1176 423 1229 est
476 1172 768 1244 cupiditas
821 1173 1132 1231 hominum
1201 1175 1427 1232 occulta
1474 1178 1865 1250 cognoscere),

240 1260 447 1318 avidius
473 1261 804 1335 explorans,
825 1263 1237 1321 animadvertit
1262 1265 1425 1322 intus
1454 1267 1675 1339 grande
1701 1266 1870 1323 vesti~

238 1350 446 1419 bulum,
480 1352 636 1424 quod
665 1356 863 1425 aperto
894 1353 1147 1426 desuper
1182 1353 1348 1421 caelo,
1400 1354 1615 1427 patulis
1655 1356 1870 1411 diffusa

239 1441 401 1497 ramis
440 1445 608 1497 vetus
645 1440 842 1513 palma
899 1447 1251 1511 contexerat,
1303 1445 1522 1500 fontem
1572 1444 1865 1501 lucidissi-

238 1546 385 1587 mum
413 1531 805 1587 ostenderis":
839 1533 1007 1604 cujus
1047 1532 1235 1588 rivum
1266 1535 1675 1589 tantummodo
1712 1536 1866 1591 foras

1982 556 2076 607 tur
2094 549 2135 618 ⁵,
2168 552 2225 606 et
2254 548 2473 607 vidisse
2506 564 2599 607 me
2630 548 2977 619 monachos,
3010 552 3068 604 et
3106 548 3359 617 videre“,
3422 565 3453 604 e
3510 547 3642 621 qui-

1979 641 2089 695 bus
2123 656 2277 696 unus
2310 657 2412 713 per
2454 638 2700 711 triginta
2754 656 2942 696 annos
2989 637 3261 706 clausus,
3319 638 3642 695 hordeaceo

1980 747 2128 801 pane
2160 734 2215 785 et
2246 729 2538 785 lutulenta
2590 746 2749 802 aqua
2776 728 2937 797 vixit,
2973 727 3119 784 alter
3174 728 3246 801 in,
3288 727 3545 786 cisterna
3594 728 3643 783 θ

1979 819 2153 874 veteri
2187 820 2389 890 (quam
2421 818 2623 891 gentili
2649 834 2923 874 sermone
2945 818 3073 890 Syri
3105 818 3389 874 Cusum"
3410 815 3642 890 vocant)

1978 908 2238 981 quinque
2270 908 2475 965 caricis
2500 925 2601 980 per
2649 907 2917 980 singulos
2986 908 3115 964 dies
3174 907 3638 964 sustentabatur.

1979 996 2108 1053 Haec
2138 997 2317 1070 igitur
2364 996 2733 1054 incredibilia
2786 996 3142 1053 videbuntur
3196 996 3311 1063 bis,
3365 995 3467 1069 qui
3520 1012 3638 1053 non

1979 1087 2225 1142 credunt
2277 1087 2475 1143 omnia
2534 1085 2840 1160 possibilia
2898 1102 3031 1142 esse
3088 1085 3460 1143 credentibus
3511 1084 3636 1159 [ms.

1985 1178 2102 1233 Ver.
2136 1177 2436 1248 credenti].

2046 1266 2100 1321 7.
2164 1268 2313 1321 [Etas
2370 1266 2539 1321 Pauli
2593 1269 2645 1321 et
2702 1267 2954 1323 Antonii.
3016 1298 3083 1307 -—
3129 1266 3243 1322 Sed
3318 1269 3386 1322 ut
3442 1266 3515 1322 ad
3578 1265 3639 1322 id

1977 1356 2211 1412 redeam
2244 1356 2400 1411 unde
2430 1356 2731 1427 digressus
2757 1371 2913 1423 sum,
2942 1371 3077 1411 cum
3102 1357 3229 1427 jam
3262 1359 3501 1412 centum
3523 1358 3637 1411 tre-

1976 1446 2165 1501 decim
2196 1462 2381 1501 annos
2414 1447 2617 1501 beatus
2652 1445 2865 1501 Paulus
2887 1445 3065 1500 vitam
3092 1446 3112 1480 ⁸
3145 1444 3445 1502 οωιθειθω
3494 1460 3638 1518 age-

1976 1540 2062 1591 ret
2094 1535 2151 1589 in
2180 1534 2369 1605 terris,
2421 1540 2476 1589 et
2535 1534 2977 1607 nonagenarius
3034 1534 3094 1590 in
3152 1533 3269 1590 alia
3317 1532 3639 1590 solitudine

236 1624 643 1692 erumpentem,
675 1620 874 1677 statim
906 1621 1136 1678 modico
1169 1622 1473 1689 foramine,
1510 1624 1713 1679 eadem
1737 1642 1864 1697 quae
1972 1624 2261 1681 Antonius
2320 1629 2646 1680 moraretur
2696 1624 2783 1695 (ut
2838 1624 2964 1695 ipse
3038 1639 3299 1679 asserere
3368 1621 3636 1695 solebat),

234 1713 519 1782 genuerat,
549 1726 735 1782 aquas
780 1714 937 1766 terra
992 1711 1287 1767 sorbebat.
1353 1713 1531 1768 Erant
1587 1718 1866 1785 praeterea
1972 1713 2096 1770 haec
2127 1714 2185 1769 in
2217 1718 2474 1769 mentem
2507 1713 2637 1784 ejus
2667 1713 2943 1785 cogitatio
2976 1712 3205 1777 incidit,
3228 1710 3458 1768 nullum
3482 1711 3638 1768 ultra

235 1814 326 1872 per
351 1815 585 1856 exesum
608 1798 716 1873 [Αι.
740 1801 1003 1872 saxeum]
1036 1806 1297 1857 montem
1321 1801 1478 1858 haud
1504 1819 1689 1875 pauca
1704 1803 1864 1859 habi-
1895 1841 1942 1906 B
1975 1819 2036 1858 se
2066 1803 2390 1874 perfectum
2413 1804 2434 1837 9
2467 1802 2822 1857 monachum
2882 1801 2998 1874 [AL
3071 1800 3522 1872 monachorum]
3574 1799 3635 1855 in

233 1887 432 1956 tacula,
471 1890 531 1945 in
564 1889 782 1961 quibus
804 1889 1021 1945 scabras
1071 1891 1199 1962 jam
1248 1892 1493 1948 incudes
1538 1898 1594 1947 et
1646 1891 1861 1960 mallei,

233 1978 429 2050 quibus
459 1978 710 2051 pecunia
736 1978 1023 2051 signatur,
1056 1980 1415 2037 visebantur.
1451 1981 1615 2036 Hunc
1670 1981 1863 2037 locum

231 2067 610 2141 Egyptiorum
638 2066 846 2124 litterae
879 2067 1091 2136 ferunt,
1126 2069 1399 2125 furtivam
1432 2074 1676 2126 monetae
1732 2071 1865 2126 ofﬁ-

231 2156 406 2213 cinam
436 2155 641 2227 fuisse,
672 2173 743 2214 ea
768 2160 1115 2230 tempestate
1137 2174 1253 2231 qua
1277 2157 1594 2233 Cleopatrae
1617 2161 1864 2231 junctus

231 2251 311 2302 est
335 2246 646 2303 Antonius.

290 2337 340 2392 6.
372 2336 555 2410 Igitur
574 2336 842 2393 adamato
870 2337 1059 2409 (quasi
1092 2338 1248 2410 quod
1280 2355 1314 2393 a
1354 2338 1469 2395 Deo
1529 2339 1643 2394 sibi
1701 2340 1867 2396 otl‘er-

228 2425 395 2499 retur)
420 2424 759 2482 habitaculo
779 2427 821 2491 ⁴,
851 2442 1087 2483 omnem
1118 2427 1333 2483 ibidem
1386 2429 1443 2484 in
1502 2428 1865 2485 orationibus

227 2518 278 2572 et
304 2514 621 2572 solitudine
652 2514 815 2570 duxit
846 2519 1095 2571 aetatem.
1131 2516 1340 2573 Cibum
1362 2523 1421 2573 et
1450 2518 1864 2574 vestimentum

225 2604 272 2661 ei
301 2604 497 2678 palma
525 2604 836 2677 praebebat.
869 2606 1032 2670 Quod
1063 2622 1136 2662 ne
1166 2607 1258 2662 cui
1289 2606 1657 2680 impossibile
1679 2609 1867 2665 videa-

226 2696 331 2762 tur,
359 2693 565 2751 Jesum
596 2697 780 2750 testor
807 2698 865 2750 et
906 2699 1144 2750 sanctos
1201 2695 1442 2769 angelos
1499 2698 1628 2768 ejus
1684 2698 1743 2753 in
1802 2715 1869 2754 ea

227 2817 337 2895 haec
361 2819 647 2895 instabat,
681 2818 1023 2876 crudelitate
1052 2820 1221 2895 quasi
1257 2821 1468 2895 pietate
1510 2823 1801 2878 utebatur.
1841 2847 1868 2873 ››

227 2837 337 2874 nec
364 2837 647 2885 instabat,
681 2837 1023 2876 crudelitate
1097 2838 1221 2877 uas:
1257 2837 1468 2895 pietate
1510 2837 1801 2878 utebatur.
1841 2847 1868 2873 ››

227 2889 480 2974 Οιιοᾴηεχ
516 2892 1022 2974 Floro_mu.tuatu‘r
1050 2837 1439 2974 ﬁieronym‘us
1466 2911 1637 2974 :_cu1_n
1750 2896 1872 2974 _Flo-

227 2961 449 3036 rusglib.
482 2980 575 3031 Ill,
610 2980 659 3036 ο,
685 2964 742 3036 5,
771 2963 855 3018 sic
904 2963 1153 3020 habeat:
1218 2989 1244 3016 α
1269 2961 1529 3031 Ἀᾱθισειῐ,
1591 2967 1868 3036 instabat,

226 3033 448 3108 saevitia,
483 3035 656 3108 quasi
687 3035 902 3091 virtute
939 3038 1229 3092 utebatur.
1268 3060 1295 3087 ››
1329 3038 1605 3095 Erasmus
1637 3044 1692 3094 et
1750 3033 1870 3095 Ma;

227 3106 418 3163 rianus
441 3106 875 3181 id'ignorantes
905 3107 1081 3163 aliam
1119 3108 1425 3165 lectionem
1482 3110 1870 3181 confixerunt,

227 3193 426 3254 nempe
440 3197 463 3254 _:
497 3200 530 3254 ε‹
558 3178 647 3234 Ad
681 3178 823 3254 haec,
853 3178 1132 3254 instabat,
1167 3181 1486 3237 crudelitas
1519 3199 1644 3252 qua
1690 3178 1871 3254 pieta¥

227 3252 334 3306 tem
359 3250 678 3307 videbatur
705 3251 941 3307 imitari.
977 3274 1005 3302 »
1476 3250 1763 3310 Munna-iv.

295 3322 445 3380 ‘Pro
494 3324 799 3395 subsistens
848 3328 969 3395 tres
1025 3322 1257 3395 Regina
1314 3322 1447 3379 libri
1505 3327 1874 3392 tan/mndem,

231 3410 397 3466 quam
432 3410 664 3467 vocem
716 3394 895 3467 priori
973 3394 1216 3451 minime
1290 3396 1528 3451 exclusa
1608 3405 1875 3452 nostrum

236 3465 525 3540 exemplar
553 3465 914 3540 sicqre’tinet:
951 3468 1261 3540 Rursusque
1288 3469 1583 3523 subsistens
1630 3475 1874 3524 tantum-

236 3538 569 3611 dematque
600 3538 748 3594 idem
787 3539 1005 3613 saepius,
1066 3538 1178 3597 etc.
1238 3539 1313 3595 M.
1376 3540 1530 3607 Ver.,
1584 3542 1879 3613 procedens

234 3609 524 3685 ﬂii-susque
554 3609 914 3685 tantumdem.

297 3683 319 3717 ²
347 3680 486 3738 Mss.
526 3682 766 3754 quidem
796 3684 1062 3749 excisum,
1095 3680 1193 3736 alii
1227 3682 1405 3738 etiam
1439 3684 1579 3739 editi
1630 3701 1876 3749 ausum,

233 3750 301 3808 al.
332 3750 638 3810 extensum.
673 3753 891 3809 Verum
946 3770 1176 3809 saxeum
1232 3759 1398 3810 vocat
1452 3756 1547 3810 hic
1603 3760 1660 3810 S.
1713 3757 1881 3811 Pater

230 3822 562 3898 elegantiss.
592 3824 999 3898 Sallustiusin
1028 3825 1342 3898 Jugurtha.
1378 3843 1427 3881 c.
1486 3829 1592 3881 92:
1659 3850 1686 3877 ‹‹
1744 3829 1881 3883 Erat

232 3894 658 3970 intér‘cteteram
723 3896 1028 3970 planitiem
1074 3894 1275 3970 mons,
1315 3916 1545 3962 saxeus,
1600 3900 1875 3954 mediocri

231 3968 459 4026 castello
481 3968 889 4043 satispatens.
914 3989 942 4018 n
978 3968 1201 4043 Quibus
1233 3969 1452 4025 similia
1480 3970 1709 4043 habent;
1744 3971 1877 4026 Flo-

230 4055 323 4096 rus
376 4059 465 4108 Ill,
526 4057 579 4096 c.
628 4041 682 4109 4,
715 4046 774 4097 et
824 4041 1138 4097 Frontinus
1197 4059 1280 4103 ιιι.
1312 4058 1363 4097 c.
1395 4044 1450 4096 9.
1500 4042 1673 4098 Porro
1698 4041 1757 4097 in
1786 4059 1874 4098 se-

226 4112 562 4183 quentibus,
601 4112 867 4169 omnium
898 4128 1047 4184 quos
1078 4112 1438 4184 contulimus
1494 4132 1635 4171 mss.
1699 4115 1873 4169 ﬁdem

229 4187 395 4311 atque
423 4200 782 4241 consensum
807 4183 973 4256 sequi
1011 4183 1371 4253 maluimus;
1425 4203 1661 4257 peccare
1719 4186 1875 4241 enim

230 4255 279 4310 vi
322 4260 497 4311 entur
526 4256 698 4311 nobis
730 4256 1041 4311 hucusaue
1070 4257 1209 4311 editi
1243 4258 1486 4311 intrusis
1517 4258 1875 4311 auibusdam

230 4255 497 4330 videntur
526 4255 1041 4330 nobisgbucusque
1070 4257 1209 4330 editi
1243 4255 1486 4313 intrusis
1517 4258 1875 4330 quibusdam

229 4327 481 4401 vocibus,
512 4345 643 4401 quae
671 4327 855 4384 alium
896 4333 1091 4401 atque
1130 4327 1570 4385 incommodum
1632 4346 1875 4385 sensum

230 4399 492 4473 reddunt.
528 4399 560 4451 ἱ‹
591 4401 678 4473 Ad
708 4401 900 4473 cujus,
934 4399 1230 4473 inquiunt,
1264 4401 1523 4473 radicem
1553 4401 1711 4457 haud
1746 4418 1875 4473 pro-

230 4470 314 4545 cul
334 4477 458 4545 erat
471 4472 716 4545 grandis
736 4470 1187 4545 spelugnca‘,_quae
1201 4472 1394 4544 lapide
1414 4470 1817 4545 claudebatur.
1850 4497 1875 4521 ››

231 4540 288 4597 In
317 4543 448 4601 aliis
474 4540 619 4599 inse.
671 4540 825 4615 apud
886 4540 1184 4615 Gravium.
1222 4540 1277 4594 ‹‹”
1302 4543 1655 4615 Speluncam
1709 4545 1875 4610 vidit,

228 4615 387 4689 cujus
417 4633 485 4671 os
516 4615 678 4689 haud
709 4614 923 4689 grandi
949 4614 1141 4689 lapide
1192 4614 1595 4671 claudebatur.

230 4687 420 4759 etiam,
454 4688 561 4744 sed
594 4686 830 4759 integro
861 4687 1172 4759 utrobique
1203 4704 1380 4743 sensu
1440 4694 1733 4757 manente,
1788 4706 1884 4744 va-

230 4757 376 4831 riant
404 4758 677 4831 plerique
706 4757 851 4814 mss.
890 4780 917 4808 «
950 4758 1023 4814 Ut
1077 4757 1166 4815 est
1222 4759 1516 4831 cupiditas
1574 4760 1883 4815 hominum

232 4829 453 4904 avidius
484 4829 729 4904 occulta
768 4846 1106 4904 agnoscere,
1166 4829 1584 4887 animadvertit
1638 4831 1821 4887 intus.
1853 4854 1878 4883 ι)

230 4899 551 4975 Veronens.
581 4924 603 4953 ι
632 4899 873 4975 Avidius
922 4902 1150 4957 occulta
1179 4920 1533 4975 cognoscere
1577 4904 1883 4975 cupiens.»

290 4974 503 5047 3letud
548 4974 831 5047 ostendens
857 4975 1177 5047 opponitur
1207 4974 1557 5047 praecedenti
1621 4974 1883 5046 proxime

224 5046 390 5118 verbo
420 5049 755 5102 contexerat.
790 5044 991 5101 Palma
1023 5044 1264 5114 scilicet,
1318 5064 1444 5118 quae
1502 5044 1733 5117 desuper
1790 5065 1880 5101 ra-

227 5116 333 5189 mis
376 5118 740 5174 vestibulum
795 5118 1159 5189 contegebat,
1213 5116 1520 5175 ostendebat
1578 5116 1649 5173 de
1709 5117 1881 5189 plano

225 5185 461 5258 fontem,
494 5189 554 5244 id
586 5194 674 5246 est
704 5189 899 5260 ipsum
922 5185 1037 5245 non
1062 5194 1183 5244 tam
1206 5190 1435 5245 sinebat
1461 5190 1668 5256 videri,
1701 5185 1880 5261 quam

224 5263 419 5334 positu
446 5278 560 5334 suo
591 5262 718 5334 ipso
748 5261 1067 5317 indicabat.
1102 5262 1425 5334 Adnotasse
1484 5263 1540 5316 id
1598 5262 1880 5332 oportuit,

226 5337 284 5387 ut
312 5333 459 5406 satis
490 5332 657 5389 ﬁeret
681 5349 903 5406 nupero
935 5333 1126 5389 Severi
1158 5332 1399 5405 Sulpicii
1432 5334 1639 5390 editori
1670 5335 1766 5406 qui
1804 5334 1884 5389 lo-

225 5419 350 5477 cum
382 5404 549 5461 hunc
579 5404 818 5477 omnino
849 5410 1189 5477 corruptum
1247 5404 1415 5475 putat
1475 5404 1727 5477 facitque
1789 5406 1877 5460 in-

227 5475 539 5549 telligendo
573 5481 637 5532 ut
666 5475 811 5549 nihil
845 5475 1153 5549 intelligat.
1185 5477 1498 5549 t’eronens.
1535 5475 1647 5533 ms;
1680 5479 1882 5532 decur-

226 5547 406 5604 tatum
438 5548 554 5604 hac
586 5547 745 5604 brevi
765 5547 1276 5621 pericopeVerbis,
1309 5550 1464 5621 cujus
1491 5551 1695 5618 virum,
1744 5558 1878 5616 etc.,

226 5635 347 5677 mox
373 5624 756 5694 erumpentem
772 5620 1205 5694 ’statimlmodieo
1245 5620 1543 5693 foramine,
1603 5626 1661 5677 et
1715 5622 1879 5676 deni-

226 5706 331 5763 que
361 5689 799 5766 aquas',tantum
830 5708 948 5750 non
977 5689 1261 5767 improbo.

1663 4640 1690 4665 »ι
1752 4601 1883 4672 Moti
1915 4601 1960 4665 D

1975 1908 2168 1948 eremo
2195 1890 2548 1947 consedisse.
2582 1895 2655 1945 At
2712 1890 2796 1946 illi
2855 1908 2959 1965 per
2983 1895 3253 1947 auoctem
3312 1888 3636 1963 quescienti

1974 1981 2294 2037 revelatum
2325 1986 2414 2037 est
2444 1997 2572 2037 esse
2602 1980 2785 2036 alium
2816 1980 3065 2037 interius
3113 1981 3219 2053 [AL
3284 1978 3532 2036 ulterius
3588 1985 3640 2036 et

1974 2072 2033 2128 in
2064 2071 2263 2142 terris]
2297 2070 2579 2126 multose
2620 2070 2925 2126 meliorem
2983 2071 3054 2127 ad
3097 2087 3273 2143 quem
3323 2069 3635 2127 visendum

1974 2161 2211 2216 deberet
2232 2160 2543 2231 proﬁcisci.
2572 2158 2732 2215 Illico
2755 2159 3265 2232 erumpenteluce,
3290 2156 3636 2217 venerabilis

1974 2267 2150 2307 senex
2175 2250 2443 2305 inﬁrmos
2476 2254 2641 2306 artus
2698 2248 2906 2305 baculo
2970 2254 3206 2323 regente
3264 2252 3631 2317 sustentans,

1974 2340 2150 2412 coepit
2173 2340 2257 2395 ire
2285 2338 2430 2395 velle
2461 2349 2575 2412 quo
2608 2339 2924 2395 nesciebat.
2958 2344 3026 2394 Et
3064 2341 3189 2410 jam
3251 2338 3449 2396 media
3505 2337 3633 2394 dies

1974 2433 2260 2501 coquente
2290 2429 2543 2500 desuper
2573 2428 2693 2483 sole
2720 2428 3006 2495 servebat,
3043 2445 3147 2484 nec
3173 2432 3371 2484 tamen
3389 2445 3423 2483 a
3443 2429 3632 2499 empto

1975 2518 2182 2574 itinere
2202 2518 2606 2573 abducebatur
2642 2517 2782 2591 (Ver.
2817 2534 2922 2572 ms.
2944 2517 3367 2590 deducebatur]
3387 2516 3629 2573 dicens:

1977 2608 2157 2664 Credo
2208 2609 2269 2663 in
2327 2607 2510 2663 Deum
2568 2624 2788 2675 meum,
2850 2608 3006 2679 quod
3066 2606 3206 2663 olim
3265 2621 3637 2672 conservum,

1979 2714 2154 2771 quem
2182 2696 2396 2753 mihilo
2422 2695 2713 2769 promisit,
2768 2697 3058 2753 ostendet.
3119 2697 3234 2752 Nec
3290 2697 3463 2769 plura
3517 2695 3636 2762 his,

2050 2823 2208 2950 ZMs.
2242 2823 2480 2891 Veron.,
2518 2824 2690 2892 Quasi
2728 2824 2780 2877 si
2832 2841 2863 2877 a
2926 2825 3032 2879 Deo
3090 2824 3380 2896 offerretur
3427 2825 3643 2883 habita-

2076 2912 2126 2950 0.

1979 2912 2126 2951 cuto.

2053 2968 2073 3002 ⁵
2103 2969 2164 3022 In
2194 2983 2257 3022 ea
2285 2970 2455 3022 eremi
2473 2972 2677 3039 parte,
2704 2982 2831 3038 qua:
2873 2968 3039 3039 juxta
3088 2969 3309 3039 Tyriam
3353 2968 3647 3026 Saracenis

1974 3040 2257 3112 jungitur.
2290 3039 2410 3112 Hoc
2446 3040 2617 3094 modo
2669 3038 2919 3110 legimus
2983 3039 3042 3093 in
3102 3038 3338 3112 duobus
3380 3041 3644 3112 antiquis

1982 3110 2417 3183 exemplaribus
2450 3127 2593 3183 mss.
2632 3112 3184 3183 undecompertum
3209 3111 3377 3166 nobis
3410 3110 3643 3169 estHie-

1989 3181 2298 3255 ronymum
2333 3182 2528 3255 Vitam
2558 3181 2723 3255 Pauli
2742 3181 3083 3255 edidissein
3108 3198 3323 3238 eremo.
3349 3183 3638 3255 MARTIAN.

2059 3256 2080 3289 ⁶
2102 3252 2354 3309 Comma
2374 3253 2534 3307 istud
2564 3261 2614 3308 et
2634 3253 2815 3327 uidere
2844 3269 2959 3308 non
2993 3252 3213 3327 habent
3242 3254 3357 3309 duo
3400 3254 3641 3327 Reginis

1988 3342 2131 3398 mss.
2156 3326 2265 3398 qui
2301 3330 2492 3379 tamen
2524 3322 2702 3398 paulo
2734 3330 2866 3395 post
2893 3341 3029 3380 cum
3089 3325 3435 3390 Veronensi,
3468 3322 3644 3398 atque

1987 3396 2118 3452 aliis
2150 3396 2209 3451 in
2243 3397 2484 3469 instanti
2520 3396 2724 3467 legunt
2754 3400 2906 3462 vivit,
2941 3402 3117 3469 atque
3177 3398 3329 3453 infra
3371 3396 3644 3454 sustenta-

1987 3474 2102 3536 tur,
2138 3486 2315 3550 quam
2339 3468 2645 3550 lectionem
2669 3469 2855 3524 doctis
2879 3468 3048 3550 _viris,
3073 3474 3131 3525 et
3154 3469 3443 3550 prazcipue
3473 3469 3645 3550 Tille-

1989 3540 2210 3596 mentio
2245 3541 2475 3612 probari
2511 3540 2733 3595 scimus
2758 3558 2771 3608 ;
2796 3541 2897 3596 sed
2930 3557 3046 3596 non
3104 3543 3247 3596 adeo
3304 3540 3646 3599 contextum

1987 3613 2266 3667 duximus
2292 3613 2752 3667 immutandum.

2057 3687 2076 3719 ⁷
2110 3684 2387 3757 Equidem
2415 3684 2669 3757 arbitror
2686 3700 2803 3738 non
2828 3688 3076 3757 GUBBAM
3099 3684 3275 3757 Syros
3296 3684 3500 3757 gentili
3513 3701 3647 3757 Aser-

2064 3702 2073 3719 ι
2110 3702 2387 3756 Equidem
2415 3702 2669 3739 arbitror
2686 3702 2803 3738 non
2828 3702 3076 3739 uenam
3100 3702 3275 3809 exiles
3296 3702 3500 3757 gentm
3524 3702 3647 3740 ser-

1989 3773 2160 3839 mone
2192 3755 2409 3819 dicere,
2438 3756 2537 3810 sed
2602 3756 3101 3839 quemadmodum
3210 3756 3453 3839 interius
3509 3755 3653 3839 legit

2004 3828 2557 3900 Kueeanyquaevox
2583 3826 2917 3893 cisternam,
2947 3826 3222 3900 lacunam
3257 3827 3466 3900 hisque
3482 3826 3649 3884 simi-

1997 3898 2077 3955 lia
2107 3898 2421 3971 significat.
2456 3900 2614 3965 Quod
2652 3905 2845 3953 autrm
2881 3899 3054 3953 etiam
3086 3898 3144 3951 in
3176 3898 3389 3954 Jereml
3412 3915 3541 3971 cap.
3588 3916 3647 3955 v1

1995 3972 2175 4027 tradit
2205 3971 2471 4026 Gubbam
2505 3972 2645 4042 Syro
2667 3976 2725 4025 et
2754 3971 3034 4025 chraico
3061 3985 3330 4026 sermone
3348 3972 3649 4029 cisternam

1992 4042 2299 4115 appellari,
2333 4042 2868 4115 pronuntiationem
2908 4042 3195 4115 Syrorum
3221 4042 3312 4115 sui
3361 4042 3645 4115 temporis

1990 4112 2240 4169 fortasse
2272 4112 2608 4185 respexerit,
2644 4118 2699 4169 et
2726 4112 2963 4185 quidem
2997 4130 3031 4169 a
3060 4112 3328 4170 Chaldaeo
3354 4112 3503 4180 Nai
3546 4114 3644 4171 de-

1988 4185 2129 4259 duci
2156 4184 2549 4259 possit,’quod
2577 4188 2813 4259 foveam
2846 4184 3120 4259 etlacum
3172 4185 3499 4259 significat,
3532 4185 3646 4259 sed

1988 4257 2131 4313 nihil
2155 4256 2268 4330 tale
2297 4274 2404 4312 vox
2436 4256 2539 4330 illa
2568 4256 2831 4330 Syrisce:
2853 4256 2916 4312 1d
2976 4273 3147 4330 porro
3202 4256 3376 4330 etiam
3435 4258 3649 4314 addere

1987 4330 2197 4403 placet,
2231 4329 2573 4403 hujugsmodi
2607 4328 2947 4395 monachos,
2978 4328 3107 4403 'qui
3135 4345 3197 4403 se
3228 4329 3499 4386 cisternis
3546 4330 3642 4386 in-

1988 4400 2322 4465 cludebant,
2356 4400 2549 4456 Graece
2582 4408 2891 4468 ἐγκλείει-τους
2922 4400 3223 4472 appellari.

2057 4476 2077 4508 ⁸
2102 4475 2256 4528 Idem
2289 4473 2394 4527 Ms.
2429 4475 2570 4527 Cum
2593 4474 2717 4544 jam
2744 4474 3035 4528 centesimo
3067 4475 3228 4529 tertio
3247 4473 3452 4530 decimo
3504 4476 3653 4544 aeta-

1992 4547 2063 4600 tis
2093 4562 2205 4600 suae
2237 4561 2383 4599 anno
2412 4542 2605 4610 vitam,
2635 4550 2768 4612 etc.,
2803 4544 2931 4615 ipso
2978 4545 3369 4617 prmtermisso
3417 4542 3655 4601 nomine

1997 4619 2196 4673 Beatus
2224 4617 2458 4671 Paulus.

2067 4691 2089 4723 θ
2120 4688 2243 4743 Vox
2272 4688 2471 4743 istbaac
2498 4689 2825 4759 perfectum,
2852 4704 3030 4759 quam
3053 4687 3113 4742 in
3133 4685 3293 4743 nullo
3320 4704 3433 4743 ms.
3465 4702 3653 4744 exem-

1997 4758 2144 4832 plari
2178 4761 2532 4825 invenimus,
2569 4759 2735 4814 facile
2765 4758 3017 4832 expungi
3052 4763 3269 4832 posset,
3304 4759 3440 4828 nisi,
3491 4760 3650 4832 quod

1995 4831 2195 4887 Statim
2226 4832 2445 4899 subdit,
2481 4832 2798 4886 revelatum
2831 4848 2959 4886 esse
2979 4831 3162 4886 alium
3185 4831 3421 4886 ulterius
3473 4831 3648 4888 multo

1992 4920 2047 4958 se
2102 4905 2407 4967 meliorem.
2478 4904 2825 4975 suffragium
2866 4902 3302 4975 qualecunque
3384 4901 3644 4959 adderet.

1993 4975 2146 5030 Olim
2207 4993 2314 5030 nos
2364 4977 2722 5046 putabamus
2765 4974 2875 5045 legi
2918 4974 3141 5029 debere
3203 4976 3530 5100 pro{ectum,
3580 4979 3647 5031 ut

1994 5064 2205 5100 sensus
2236 5053 2465 5100 tantum
2498 5053 2673 5100 esset.
2708 5047 2960 5100 multum
2995 5046 3148 5100 ultra
3178 5046 3293 5100 Pan
3324 5062 3424 5100 um
3456 5045 3515 5100 in
3555 5046 3647 5100 in-

1994 5064 2205 5102 sensus
2236 5045 2465 5102 tantum
2498 5053 2673 5112 esset,
2708 5047 2960 5101 multum
2995 5046 3148 5102 ultra
3178 5045 3424 5101 Paulum
3456 5045 3515 5101 in
3555 5046 3647 5102 in-

1994 5121 2235 5173 teriores
2313 5118 2743 5190 penitiorcsque
2808 5118 2987 5173 eremi
3041 5122 3238 5190 partes
3288 5118 3646 5189 profecisse;

1993 5195 2147 5263 quml
2185 5209 2294 5243 twn
2331 5208 2514 5261 usque
2546 5189 2686 5263 adeo
2720 5189 3060 5263 probamus.
3112 5189 3406 5246 Malumus
3452 5194 3648 5263 autem

1991 5261 2123 5318 cum
2160 5280 2269 5316 lizS.
2313 5263 2523 5318 Verm.
2557 5261 2668 5333 legi
2700 5261 2922 5316 uultum
2950 5262 3099 5316 ultra
3153 5278 3209 5317 se
3260 5262 3654 5319 monachorum

1992 5338 2048 5390 in
2078 5351 2278 5401 eremo,
2313 5339 2425 5389 etc.
2455 5336 2651 5389 Tertio
2684 5334 2754 5389 ab
2782 5333 2890 5389 hoc
2923 5350 3093 5388 versu
3122 5350 3224 5405 pro
3256 5335 3471 5391 deberet
3525 5350 3651 5406 pro-

1990 5407 2167 5476 ﬁscz‘ri
2198 5406 2375 5461 habet
2406 5406 2560 5461 idem
2594 5422 2706 5461 ms.
2735 5422 3031 5477 properare
3060 5406 3291 5462 deberet.

2064 5480 2105 5513 ιο
2133 5478 2404 5550 Quinque
2436 5494 2579 5550 mss.
2606 5476 2746 5550 quod
2769 5476 2987 5550 servum
3033 5494 3216 5544 suum,
3276 5494 3433 5550 quem
3486 5476 3652 5550 mihi,

1989 5555 2097 5604 etc.
2134 5546 2644 5623 quamlectionem
2676 5548 2853 5604 etiam
2885 5549 3179 5605 Victorius
3211 5546 3441 5623 probat,
3468 5546 3653 5623 priori

1989 5638 2115 5693 quae
2141 5626 2282 5676 tunc
2314 5620 2637 5689 obtinebat,
2669 5626 2978 5694 expuncta,
3003 5623 3134 5693 quia
3160 5620 3303 5694 quod
3329 5620 3649 5679 mihi'servo

1986 5709 2084 5751 suo
2110 5694 2387 5765 promisit.
