3970 6428
331 343 418 414 93

1571 354 1636 421 8.
1683 348 1993 421 EUSEBII
2032 347 2505 416 HIEBONYMI.

334 484 621 560 conspicit
674 485 783 561 [Αἰ.
844 487 1235 563 conspicatur.
1300 490 1417 547 Ver.
1475 506 1603 557 ms.,
1678 487 1977 563 centauro]
2008 485 2062 552 Α
2092 487 2328 561 gatione
2356 486 2573 559 fungor
2599 482 2794 559 gregis
2824 479 2957 540 mei.
2989 485 3306 539 Precamur
3331 478 3399 537 ut
3426 494 3532 553 pro
3560 476 3734 540 nobis

332 575 631 634 hominem
660 595 812 650 equo
842 578 1109 647 mistum,
1139 579 1234 637 cui
1265 579 1459 653 opinio
1490 584 1790 651 poetarum
1834 580 1970 651 Hip-

332 669 1102 739 pocentauro‘vocabulum
1146 670 1380 726 indidit.
1443 672 1565 735 Quo
1622 670 1765 734 viso,
1822 669 1977 724 salu-

334 756 485 811 taris
515 756 902 828 impressione
936 758 1088 831 signi
1109 763 1296 814 armat
1316 760 1561 814 frontem
1587 776 1599 812 :
1634 759 1700 814 Et
1723 757 1868 813 heus
1889 764 1977 824 tu,

333 844 546 917 inquit,
578 864 834 919 quanam
862 848 919 903 in
954 854 1113 921 parte
1146 848 1239 903 hic
1300 865 1501 904 servus
1555 848 1654 903 Dei
1708 848 1980 904 habitat?

329 935 403 989 At
433 934 529 990 ille
558 936 877 991 barbarum
912 938 1107 992 nescio
1141 938 1278 1009 quid
1323 938 1677 1002 infrendens,
1710 941 1767 992 et
1825 937 1979 992 fran-

332 1039 476 1095 gens
506 1026 706 1097 potius
729 1026 905 1081 verba
937 1043 1113 1097 quam
1150 1025 1521 1099 proloquens,
1551 1026 1703 1101 inter
1739 1025 1978 1081 horren-

331 1112 415 1168 tia
444 1130 545 1169 ora
577 1114 716 1169 setis
745 1116 784 1179 ³,
847 1115 1126 1170 blandum
1187 1114 1450 1188 quazsivit
1503 1114 1847 1187 alloquium.
1911 1114 1981 1169 Et

332 1202 574 1258 dexteras
607 1204 975 1275 protensione
1019 1222 1229 1260 manus
1282 1205 1544 1277 cupitum
1576 1204 1797 1259 indicat
1849 1206 1977 1275 iter,

332 1294 391 1347 et
447 1292 529 1347 sic
587 1297 852 1365 patentes
915 1295 955 1349 7
1016 1310 1253 1365 campos
1308 1292 1527 1348 volucri
1571 1294 1980 1350 transmittens

332 1380 491 1451 iuga,
522 1397 589 1436 ex
612 1381 794 1437 oculis
814 1382 1081 1437 mirantis
1107 1382 1360 1437 evanuit.
1386 1382 1604 1437 Verum
1635 1383 1757 1437 haec
1782 1385 1979 1439 utrum

333 1468 605 1524 diabolus
636 1470 707 1524 ad
741 1472 1077 1526 terrendum
1126 1487 1261 1527 eum
1321 1470 1704 1535 simulaverit,
1765 1488 1835 1527 an
1892 1476 1980 1541 (ut

334 1556 500 1626 solet)
543 1575 776 1615 aremus
834 1566 1347 1616 monstruosorum
1406 1560 1751 1617 animalium
1801 1562 1977 1627 ferax,

330 1644 504 1703 istam
527 1664 760 1720 quoque
789 1646 987 1719 gignat
1018 1649 1289 1715 bestiam,
1322 1650 1607 1705 incertum
1666 1649 1973 1706 habemus.

400 1739 452 1791 8.
486 1738 665 1791 Fauni
692 1740 743 1791 et
775 1737 979 1809 Satyri.
1006 1738 1234 1810 Satyrus
1261 1739 1465 1793 allatus
1513 1740 1665 1794 vivus
1728 1740 1974 1795 Alexan-

2088 592 2461 635 communem
2494 575 2803 633 Dominum
2835 574 3183 646 depreceris,
3241 586 3416 645 quem
3472 570 3532 626 in
3583 572 3734 643 [ναν.

2087 672 2225 723 tacet
2254 685 2427 739 quem
2460 666 2542 738 in]
2575 665 2828 722 salutem
2860 665 3064 721 mundi
3088 663 3226 720 olim
3256 662 3485 719 venisse
3516 678 3732 735 cogno-

2087 757 2312 823 vimus;
2339 755 2473 811 etin
2500 755 2831 812 universam
2861 760 3074 811 terram
3106 753 3243 809 exiit
3271 768 3453 808 sonus
3510 752 3662 824 ejus.
3707 772 3738 801 η

2088 845 2250 902 Talia
2281 862 2346 900 eo
2379 844 2671 917 loquente,
2704 844 2994 916 longaevus
3023 844 3210 898 viator
3239 842 3488 897 ubertim
3522 840 3732 896 faciem

2089 933 2363 1007 lacrymis
2394 933 2639 1005 rigabat,
2672 950 2821 1005 quas
2852 932 3193 1005 magnitudo
3240 930 3452 986 laetitias
3509 929 3734 985 indices

2089 1024 2279 1078 cordis
2312 1025 2615 1079 effuderat.
2643 1023 2945 1077 Gaudebat
2973 1021 3186 1093 quippe
3216 1020 3287 1075 de
3344 1018 3559 1076 Christi
3607 1018 3733 1091 glo-

2088 1112 2195 1179 ria,
2228 1116 2285 1167 et
2327 1113 2397 1167 de
2456 1111 2693 1167 interitu
2749 1112 3014 1166 Satanae:
3072 1108 3367 1182 simulque
3406 1108 3729 1175 admirans,

2090 1201 2246 1274 quod
2278 1202 2405 1273 ejus
2438 1206 2636 1273 posset
2664 1200 2985 1271 intelligere
3015 1215 3366 1265 sermonem,
3409 1203 3466 1254 et
3520 1197 3732 1254 baculo

2088 1291 2339 1347 humum
2368 1290 2720 1362 percutiens,
2749 1291 2975 1345 aiebat:
3006 1308 3028 1337 ι
3061 1289 3158 1344 Ve
3191 1288 3318 1358 tibi,
3356 1287 3729 1355 Alexandria,

2089 1396 2220 1451 quas
2279 1396 2380 1452 pro
2438 1380 2552 1435 Deo
2628 1384 2894 1451 portenta
2957 1378 3269 1434 veneraris.
3328 1376 3425 1432 Vas
3492 1376 3621 1444 tibi,
3680 1376 3730 1433 8

2087 1469 2288 1525 civitas
2316 1469 2606 1537 meretrix,
2623 1469 2680 1523 in
2704 1485 2883 1540 quam
2902 1468 3081 1523 totius
3105 1467 3264 1523 orbis
3285 1466 3575 1521 damonia
3599 1482 3736 1522 con-

2089 1558 2323 1613 ﬂuxere.
2356 1557 2501 1621 Quid
2535 1575 2690 1613 nunc
2719 1558 2951 1613 dictura
2997 1574 3061 1613 es
3083 1557 3112 1611 ‘t
3170 1555 3375 1612 Bestia
3432 1555 3734 1611 Christum

2085 1646 2428 1718 loquuntur,
2462 1651 2518 1702 et
2548 1652 2610 1702 tu
2638 1664 2739 1720 pro
2797 1647 2913 1703 Deo
2971 1650 3242 1719 portenta
3293 1644 3590 1701 veneraris
3622 1646 3665 1700 ⁷.
3704 1667 3728 1697 ι

2086 1736 2345 1792 Necdum
2392 1736 2567 1792 verba
2613 1735 3019 1809 compleverat,
3074 1739 3132 1790 et
3187 1734 3357 1807 quasi
3417 1735 3735 1807 pennigero

328 1825 531 1880 driam.
567 1856 630 1866 -—
657 1826 910 1898 Stupens
938 1826 1136 1898 itaque
1166 1827 1473 1897 Antonius,
1506 1832 1563 1882 et
1610 1829 1680 1883 de
1711 1845 1777 1884 eo
1816 1829 1971 1900 quod
2012 1857 2059 1922 B
2089 1825 2282 1881 volatu
2316 1824 2612 1899 petulcum
2644 1825 2864 1881 animal
2892 1825 3137 1898 aufugit.
3173 1824 3288 1881 Hoc
3327 1841 3400 1881 ne
3457 1824 3736 1896 cuiquam

331 1914 555 1970 viderat
588 1931 784 1969 secum
816 1913 1072 1981 volvens,
1101 1915 1348 1971 ulterius
1391 1916 1788 1988 progredituril
1836 1918 1978 1988 [Ver.

2095 1917 2165 1971 ad
2197 1915 2668 1972 incredulitatem
2693 1917 2713 1950 ⁸
2747 1914 3088 1987 scrupulum
3131 1918 3377 1981 moveat,
3433 1914 3544 1970 sub
3599 1930 3738 1987 rege

329 2019 432 2058 ms.
465 2004 946 2076 regrediebatur].
981 1996 1096 2059 Nec
1130 2021 1312 2072 mora,
1343 2004 1496 2061 inter
1538 2022 1807 2061 saxosam
1840 1992 1982 2061 con-
2091 2004 2427 2061 Constantio
2455 2006 2496 2075 ',
2546 2004 2818 2061 universo
2875 2005 3094 2061 mundo
3151 2009 3323 2071 teste,
3381 2004 3733 2061 defenditur.

329 2091 540 2148 vallem
572 2092 726 2148 haud
761 2094 1040 2165 grandem
1074 2093 1495 2151 homunculum
1526 2096 1702 2162 videt,
1737 2096 1981 2152 aduncis

331 2181 592 2249 naribus,
622 2182 808 2238 fronte
838 2184 1114 2238 cornibus
1142 2187 1429 2255 asperata,
1491 2184 1663 2255 cujus
1721 2189 1980 2241 extrema

332 2287 469 2343 pars
500 2270 757 2343 corporis
798 2272 856 2325 in
916 2288 1223 2343 caprarum
1283 2272 1459 2344 pedes
1506 2274 1831 2329 desinebat.
1891 2276 1975 2330 Ad

331 2359 440 2416 hoc
462 2361 745 2416 Antonius
768 2360 1216 2432 spectaculum‘,
1243 2366 1477 2417 scutum
1503 2362 1634 2417 fidei
1659 2367 1715 2419 et
1734 2362 1974 2419 loricam

330 2447 474 2520 spei,
506 2452 571 2504 ut
631 2449 819 2504 bonus
878 2449 1188 2521 prmliator,
1246 2450 1527 2522 arripuit:
1589 2451 1973 2508 nihilominus

330 2542 717 2594 memoratum
748 2537 987 2604 animal,
1021 2538 1350 2611 palmarum
1384 2540 1607 2595 fructus
1651 2540 1839 2596 eidem
1898 2542 1971 2597 ad

327 2626 626 2691 viaticum,
662 2626 829 2698 quasi
863 2628 1025 2699 pacis
1056 2627 1311 2693 obsides,
1342 2628 1618 2685 offerebat
1667 2630 1773 2701 [Αι.
1834 2631 1974 2687 affe-

330 2716 535 2786 rebat].
568 2717 689 2781 Quo
721 2716 972 2788 cognito,
1005 2716 1252 2789 gradum
1285 2718 1501 2789 pressit
1555 2719 1863 2785 Antonius,
1916 2724 1973 2776 et

330 2805 602 2877 quisnam
633 2808 785 2860 esset
813 2804 1201 2876 interrogans,
1237 2806 1344 2860 hoc
1376 2807 1448 2861 ab
1497 2823 1563 2862 eo
1621 2824 1968 2879 responsum

329 2892 586 2965 accepit:
628 2916 647 2941 α
686 2892 946 2948 Mortalis
977 2910 1081 2965 ego
1114 2910 1267 2960 sum,
1309 2897 1365 2949 et
1420 2911 1574 2950 unus
1635 2912 1701 2950 ex
1758 2896 1970 2954 accolis

326 2982 531 3049 eremi,
563 2998 709 3053 quos
739 2982 898 3037 vario
928 2981 1133 3037 delusa
1190 2997 1382 3037 errore
1439 2984 1763 3052 Gentilitas,
1822 2986 1967 3041 Fau-

327 3087 458 3137 nos,
490 3071 901 3144 Satyrosque",
942 3074 997 3125 et
1045 3070 1293 3127 Incubos
1346 3075 1596 3129 vocans6
1645 3074 1799 3130 colit.
1863 3076 1967 3132 Le-

400 3194 611 3250 ‘Unus
642 3211 751 3251 ms.
782 3203 1182 3267 onocentauro.
1239 3195 1317 3251 De
1374 3196 1712 3267 hujusmodi
1769 3204 1963 3256 autem

328 3266 577 3340 duarum
635 3266 957 3340 specierum
1015 3266 1431 3340 monstrogalii
1460 3266 1810 3340 disputant,
1861 3288 1966 3327 nec

328 3338 564 3393 difﬁcile
594 3339 815 3392 creditu
847 3338 1165 3393 ostendunt
1193 3355 1261 3392 ex
1291 3337 1438 3396 Plin.
1474 3339 1513 3395 l.
1546 3337 1647 3402 vii.
1690 3357 1739 3395 c.
1799 3342 1851 3407 3,
1914 3348 1973 3399 et

328 3408 655 3536 Ιιέιεῗςέῐιίὶιιο
688 3410 761 3464 ab
792 3409 1098 3465 Alexandr.
1160 3409 1197 3463 l.
1258 3426 1343 3474 ιιι,
1404 3428 1453 3466 c.
1516 3413 1566 3465 8.
1627 3411 1757 3468 Vid.
1817 3414 1970 3471 infra

382 3496 412 3534 o
448 3523 460 3534 .
530 3522 542 3533 .

382 3485 460 3534 ot.
489 3483 542 3535 5.

398 3551 419 3585 ³
444 3550 658 3617 Victor,
686 3553 851 3617 senis,
886 3550 983 3606 alii
1012 3554 1175 3618 satis;
1201 3551 1301 3607 sed
1343 3550 1534 3608 verius
1588 3557 1715 3610 setis
1772 3556 1964 3612 visum

326 3627 418 3679 est
442 3622 634 3694 {quod
662 3639 692 3677 e
722 3623 946 3678 duobus
979 3639 1118 3678 mss.
1151 3623 1565 3694 expressimus.

395 3694 417 3727 ³
448 3693 574 3749 Duo
606 3694 773 3749 codd.
808 3694 1015 3760 Vatic.,
1046 3693 1278 3749 celerius
1305 3696 1774 3766 progrediebatur.

396 3769 419 3799 δ
449 3769 766 3836 Hucusque
794 3766 998 3838 vitiose
1028 3766 1297 3838 obtinuit.
1336 3767 1712 3838 ("fractusque
1765 3777 1817 3824 et
1872 3770 1969 3827 hoc

323 3836 591 3891 Antonius
619 3837 953 3908 spectaculo,
981 3854 1114 3892 cum
1146 3836 1344 3891 nullus
1374 3836 1568 3893 tamen
1606 3836 1715 3894 ms.
1740 3845 1805 3895 ut
1823 3840 1967 3896 mul-

323 3911 453 3963 tum
478 3908 640 3980 inter
663 3925 733 3980 se
763 3910 1005 3980 varient,
1037 3926 1233 3964 vocem
1292 3912 1671 3980 lii/ructusque
1730 3911 1962 3968 habent.

321 3978 632 4050 Sequimur
660 3979 752 4035 hic
783 3979 1030 4035 alterum
1056 3980 1306 4052 Reginae,
1340 3978 1458 4036 sive
1489 3978 1610 4052 432.
1661 3982 1770 4036 Alii
1827 3989 1965 4041 atto-

319 4053 470 4123 nitus
500 4067 603 4121 pro
633 4052 898 4106 Antonius
923 4052 1142 4123 legunt,
1168 4054 1412 4107 fortasse
1436 4051 1627 4123 verius
1648 4052 1755 4108 hac
1777 4056 1924 4112 serie
1947 4074 1959 4110 :

324 4144 352 4171 ‹‹
385 4121 448 4176 In
477 4137 783 4193 caprarum
818 4121 1325 4193 pedes’desinebat
1349 4128 1460 4190 ;.et
1514 4122 1623 4178 hoc
1679 4127 1963 4183 attonitus

319 4191 651 4317 spectaculo
683 4191 913 4249 scutum
946 4195 1076 4250 ﬁdei
1102 4196 1290 4249 bonus
1322 4194 1609 4265 prmliator
1636 4197 1901 4267 arripuit.
1934 4221 1961 4249 ››

368 4264 507 4317 erba
536 4264 690 4317 enim
721 4265 1086 4317 internosita-
1144 4274 1194 4317 et
1249 4266 1476 4317 loricam
1526 4269 1664 4317 spei-
1714 4271 1790 4317 ut-
1847 4287 1959 4317 nnn

368 4264 507 4319 erba
536 4264 690 4320 enim
712 4265 1086 4337 interposita,
1144 4274 1194 4321 et
1249 4264 1476 4320 loricam
1526 4269 1664 4337 spei,
1714 4264 1790 4335 ut,
1847 4287 1962 4327 non

324 4342 667 4407 agnoscunt.
701 4336 854 4401 Ver.,
877 4336 940 4393 et
970 4338 1070 4394 hoc
1097 4339 1353 4392 attonitus
1383 4352 1452 4391 ex
1479 4339 1807 4461 spectaculo.

366 4407 412 4479 _‘
445 4408 599 4462 Hanc
630 4408 699 4463 de
724 4409 919 4464 Fanno
952 4410 1224 4479 Satyrove
1257 4406 1498 4463 historio
1528 4424 1641 4476 am,
1679 4426 1805 4479 quae
1864 4412 1932 4466 be

390 4427 412 4441 υ
446 4427 599 4462 uano
630 4427 699 4463 ae
724 4427 919 4464 r‘anno
953 4427 1224 4481 aaryrove
1257 4427 1641 4476 niscorimam,
1679 4427 1805 4479 quae
1866 4427 1958 4466 De-

321 4477 497 4552 nignﬁo
549 4479 766 4552 lectore
830 4480 1107 4552 indigere
1160 4479 1443 4546 videatur,
1498 4479 1722 4552 faciunt
1776 4483 1963 4538 multa

320 4550 653 4624 apudalios
683 4550 1382 4624 gravissimﬁosuauctores
1428 4550 1766 4607 testimonia
1826 4571 1958 4623 pro-

318 4620 1033 4695 babiliorem.'Augustin.
1069 4621 1167 4695 lib.
1201 4639 1273 4676 xv
1301 4622 1364 4677 de
1396 4623 1502 4675 Dei
1532 4638 1579 4676 c.
1604 4625 1710 4678 23:
1775 4646 1801 4673 ‹‹

323 4690 634 4763 leberrima
665 4690 939 4749 fama'est
969 4692 1255 4763 mullique
1281 4708 1343 4747 se
1399 4698 1685 4762 expertos,
1744 4695 1831 4751 vel
1887 4698 1960 4753 ab

318 4762 393 4818 iis
424 4764 748 4837 quiexperti
771 4770 987 4828 essent,
1022 4766 1091 4820 de
1122 4762 1372 4837 quorum
1406 4763 1519 4819 ﬁde
1565 4766 1954 4825 dubitandum

315 4834 1215 4908 nonest,audiisseiafﬁrmant,
1275 4834 1535 4908 Silvanos
1594 4843 1649 4892 et
1705 4838 1955 4908 Faunos,

314 4922 462 4981 quos
509 4909 683 4981 vulgo
738 4907 984 4981 Incubos
1018 4907 1617 4981 _vocant,_improbos
1664 4907 1957 4969 exstitisse

313 4978 680 5051 mulieribus.
714 5000 740 5026 ιν
774 4980 986 5051 lterum
1018 4978 1247 5033 Hieron.
1283 4978 1339 5031 in
1368 4978 1497 5051 lsai.
1526 4996 1666 5036 xm:
1695 5003 1721 5030 ‹‹
1757 4982 1953 5051 Pilosi,

309 5049 397 5123 vel
440 5052 781 5123 incubones,
840 5050 925 5104 vel
981 5051 1247 5123 satyros;
1303 5049 1611 5123 sylvestres
1668 5049 1954 5123 quosdam

310 5120 604 5181 homines.
638 5138 787 5193 quos
819 5120 1097 5176 nonnulli
1118 5122 1347 5176 Faunos
1379 5122 1633 5177 Ficarios
1664 5120 1889 5181 vocant.
1925 5151 1948 5180 ι

310 5193 480 5248 Paria
509 5192 681 5248 habet
714 5194 1025 5263 Eutropius
1059 5192 1156 5247 lib.
1188 5209 1267 5248 xu
1327 5197 1383 5246 et
1428 5194 1683 5249 Isidorus
1737 5196 1838 5251 lib.
1898 5215 1956 5254 ιχ

313 5264 625 5341 Originum.
688 5264 1035 5341 Plerumque
1086 5265 1638 5341 autem__daemones_
1671 5283 1739 5321 ex
1795 5269 1953 5341 vulgi

312 5352 486 5390 sensu
513 5336 693 5390 fuisse
724 5336 1058 5391 creduntur.
1091 5335 1434 5401 Heraclitus,
1494 5336 1558 5390 de
1616 5335 1955 5395 Incredibili-

313 5406 430 5472 bus,
465 5423 512 5460 c.
538 5408 627 5471 25,
663 5406 842 5462 fuisse
875 5412 1183 5462 montanos
1236 5408 1503 5482 homines
1556 5416 1771 5475 narrat,
1836 5421 1952 5482 τρά-

341 5500 406 5552 ωγ
437 5484 486 5531 δὲ
515 5484 686 5548 τρίχας
716 5488 798 5533 καὶ
817 5486 984 5552 ρξξιέλη
1019 5488 1101 5552 ἔχε
1115 5504 1174 5546 ιν,
1278 5480 1664 5550 hircorumque
1790 5480 1951 5552 pilus,

341 5501 406 5530 ων
437 5501 486 5531 οε
515 5501 686 5548 τρίχας
716 5501 798 5533 καί
828 5501 984 5546 quem;
1019 5501 1174 5552 εγειν,
1278 5501 1664 5550 mrcorumque
1790 5501 1951 5552 pilos,

307 5501 510 5602 habere
537 5553 586 5602 el
606 5565 796 5622 crura.
816 5549 915 5605 His
944 5542 1313 5622 laudatisque
1347 5552 1688 5622 praecedenti
1729 5554 1951 5609 colum-

312 5636 387 5673 na
419 5620 754 5677 auctoribus
786 5621 846 5676 in
878 5621 1028 5678 hanc
1061 5620 1403 5688 rem,'adde
1460 5622 1837 5680 Plutarchum
1889 5625 1950 5680 in

309 5690 442 5745 Vita
473 5690 670 5763 Syllae;
714 5709 889 5766 quem
921 5694 1002 5750 ait
1039 5710 1251 5767 propre
1295 5693 1678 5766 Dyrrachium
1732 5697 1954 5753 vidisse

1859 4596 1957 4681 es-
1991 4596 2037 4660 υ

2089 2094 2233 2150 Nam
2248 2093 2653 2150 Alexandriam
2672 2094 3002 2150 istiusmodi
3018 2094 3192 2150 homo
3207 2094 3373 2150 vivus
3394 2093 3735 2166 perductus,

2090 2200 2370 2256 magnum
2406 2182 2619 2256 populo
2650 2183 3051 2255 spectaculum
3086 2183 3367 2255 praebuit:
3422 2187 3480 2239 et
3534 2186 3740 2255 postea

2086 2273 2331 2329 cadaver
2354 2273 2639 2339 exanime,
2670 2290 2739 2328 ne
2796 2272 2987 2329 calore
3043 2272 3265 2328 aestatis
3316 2271 3728 2344 dissiparetur,

2085 2362 2427 2434 saleginfuso
2463 2364 2601 2429 [Ver.
2634 2378 2736 2417 ms.
2771 2362 3029 2417 infusam
3077 2362 3175 2433 et],
3233 2360 3605 2417 Antiochiam
3664 2364 3731 2417 ut

2083 2451 2154 2506 ab
2186 2452 2535 2523 imperatore
2563 2450 2876 2520 videretur,
2909 2449 3153 2506 allatum
3182 2454 3291 2505 est.

2149 2541 2202 2595 9.
2224 2540 2347 2607 ,Sed
2379 2544 2443 2594 ut
2468 2539 2833 2611 propositum
2876 2555 3212 2610 persequar,
3264 2538 3552 2595 Antonius
3612 2554 3730 2595 cm-

2080 2634 2239 2701 ptam
2270 2629 2565 2701 regionem
2600 2630 2642 2663 ¹⁰
2672 2628 2967 2700 pergebat,
3003 2628 3257 2683 ferarum
3290 2631 3525 2684 tantum
3562 2628 3736 2685 vesti-

2079 2718 2174 2790 gia
2203 2717 2464 2783 intuens,
2491 2720 2548 2772 et
2578 2717 2757 2771 eremi
2789 2715 2967 2772 latam
2996 2716 3348 2774 vastitatem.
3389 2716 3538 2783 Quid
3596 2732 3731 2791 age-

2080 2812 2185 2871 ret,
2210 2823 2324 2878 quo
2359 2810 2605 2863 verteret
2660 2806 2931 2877 gradum,
2977 2805 3294 2861 nesciebat.
3353 2806 3489 2863 Jam
3548 2805 3733 2864 altera

2077 2896 2376 2951 effluxerat
2415 2894 2561 2952 dies.
2623 2894 2899 2950 Restabat
2955 2911 3163 2963 unum,
3214 2898 3280 2950 ut
3335 2894 3524 2951 deseri
3572 2911 3635 2953 ac
3698 2913 3735 2953 a

2077 2983 2305 3040 Christo
2337 3000 2451 3039 non
2486 3000 2657 3055 posse
2687 2983 3021 3039 confideret.
3045 2982 3266 3039 Pernox
3312 2983 3600 3041 secundas
3655 2983 3718 3041 in

2077 3074 2337 3129 oratione
2375 3074 2561 3145 exegit
2619 3072 2928 3128 tenebras:
2982 3076 3039 3128 et
3095 3071 3276 3128 dubia
3330 3071 3523 3129 adhuc
3566 3072 3717 3142 luce,

2076 3196 2261 3254 oculis
2293 3214 2358 3270 ac
2388 3196 2670 3252 lustrasse
2707 3195 2975 3270 curosius
3032 3196 3227 3252 vivum
3286 3197 3558 3270 Satyrum
3605 3196 3722 3270 hu-

2070 3269 2356 3351 jusmodi,
2389 3285 2641 3351 eumque
2671 3284 2798 3351 esse
2829 3266 3167 3351 allocutum,
3193 3266 3427 3351 tametsi
3456 3269 3728 3351 nequiret

2078 3339 2174 3395 ille
2206 3340 2453 3412 formare
2482 3340 2673 3407 verba,
2707 3341 2883 3410 cujux
2914 3356 3019 3395 vox
3050 3339 3348 3412 hinnitum
3376 3339 3564 3412 equi,
3618 3345 3727 3397 aut

2078 3411 2223 3467 hirci
2256 3428 2466 3467 sonum
2496 3412 2747 3467 referret.
2784 3412 3067 3466 Dicuntur
3094 3416 3149 3466 et
3194 3410 3610 3479 Tertullianus,
3666 3417 3729 3469 et

2074 3484 2369 3548 Justinus,
2393 3490 2448 3538 et
2479 3482 2818 3555 Cyprianus,
2849 3482 3268 3554 Athenagoras,
3290 3482 3558 3555 Clemens
3588 3481 3724 3555 Ale-

2076 3555 2421 3622 xandrinus,
2454 3554 2813 3621 Lactantius,
2846 3560 3111 3609 auctores
3164 3554 3565 3621 eruditissimi,
3614 3554 3723 3610 hu-

2068 3627 2332 3699 jﬁusmodi
2385 3624 2593 3681 fabula:
2657 3627 3411 3699 aurem__accommodasse,
3504 3642 3725 3699 eosque

2077 3695 2313 3779 Satyros
2346 3702 2682 3779 putasse-px
2721 3696 2942 3779 angelis
2998 3695 3516 3779 rebellibus__esse,
3569 3695 3723 3769 quos

2076 3766 2247 3824 terris
2278 3766 2553 3823 incubare
2583 3767 2738 3824 Deus
2770 3766 2973 3823 vindex
2996 3767 3263 3839 jusserit,
3297 3766 3429 3825 aliis
3475 3769 3533 3823 in
3585 3766 3718 3839 iere,

2075 3840 2205 3895 aliis
2235 3840 2294 3894 in
2328 3840 2553 3895 inferno
2584 3856 2713 3895 esse
2744 3840 2978 3896 coactis.
3030 3839 3235 3896 Omnis
3266 3843 3388 3896 arte
3441 3840 3719 3897 Ethnico-

2076 3928 2213 3983 rum,
2240 3911 2442 3983 religio
2476 3911 2772 3967 communi
2825 3928 3117 3967 consensu
3146 3928 3244 3967 eos
3268 3928 3370 3983 pro
3427 3912 3541 3967 diis
3597 3912 3722 3970 sive

2075 3982 2348 4038 semideis
2411 3983 2635 4038 habuit.
2701 3987 2974 4038 Praetereo
3043 3982 3283 4039 insulsa
3317 3983 3718 4040 Rabbinorum

2073 4059 2425 4118 commenta,
2458 4059 2674 4109 etcum
2697 4054 2902 4124 primis
2933 4055 2999 4109 R.
3035 4054 3352 4119 Abraham,
3402 4055 3502 4124 qui
3551 4071 3718 4112 veras

2072 4130 2338 4199 creatura
2367 4126 2438 4180 de
2460 4124 2888 4199 Omnipotentis
2919 4132 3096 4199 manu
3140 4142 3290 4192 esse,
3350 4124 3447 4183 sed
3500 4126 3718 4199 imper-

2073 4196 2261 4269 factas
2281 4197 2527 4263 censuit,
2561 4195 2811 4269 eo'quod
2846 4213 2980 4269 cum
3028 4195 3161 4269 illas
3208 4202 3362 4269 Deus
3397 4195 3716 4269 conderet,

2071 4268 2473 4339 deprehensus
2505 4266 2999 4325 nocte—Sabbathi
3062 4268 3247 4324 noluit
3304 4266 3572 4326 ultimam
3632 4266 3720 4327 eis

2075 4356 2316 4412 manum
2350 4342 2667 4412 imponere.

2140 4413 2161 4446 θ
2193 4411 2383 4466 Nostri
2413 4409 2581 4467 codd.
2609 4410 2752 4465 illud
2782 4426 2980 4466 vocans
3011 4426 3126 4465 non
3148 4409 3386 4465 habent.

2140 4484 2159 4518 "
2192 4482 2395 4538 lethaeo
2453 4482 2774 4554 superioris
2842 4480 3141 4554 sententia:
3191 4482 3478 4554 repetitio.
3537 4485 3604 4540 Et
3656 4491 3720 4540 tu

2066 4570 2165 4625 pro
2196 4556 2300 4610 Deo
2329 4553 2577 4626 portenta
2608 4554 2907 4618 veneraris,
2939 4553 2999 4608 iu
3031 4553 3422 4610 nostris’mss.
3457 4570 3572 4611 non
3620 4554 3716 4611 in-

2069 4626 2315 4681 venitur.

2137 4698 2158 4732 ⁸
2190 4697 2330 4753 Mss.
2358 4713 2428 4751 ne
2450 4697 2542 4751 cui
2568 4696 2639 4751 ad
2670 4694 3106 4752 incredulitatem
3135 4695 3241 4770 (vel
3291 4696 3715 4769 incredulitatis)

2066 4769 2409 4839 scrupulum.

2138 4842 2159 4876 ⁰
2188 4838 2373 4896 Antea
2399 4842 2522 4913 erat
2553 4838 2910 4913 Constantino
2936 4855 3070 4895 cum
3101 4839 3352 4913 vulgatis
3393 4838 3712 4913 plerisque.

2066 4913 2138 4994 At
2164 4927 2308 4967 mss.
2345 4910 2523 4994 nostri
2546 4909 2936 4994 omnesdibri,
2955 4916 3143 4994 atque
3158 4909 3297 4994 ipse
3327 4909 3488 4994 cum.
3509 4909 3717 4994 primis

2066 4982 2382 5038 Vcronens.
2413 4983 2724 5054 constantia
2751 4981 2993 5054 habent,
3024 4981 3421 5054 quodjuomen
3472 4981 3568 5037 hic
3620 4998 3715 5039 re-

2065 5054 2367 5110 stituimus
2398 5053 2469 5108 ad
2502 5069 2704 5108 eorum
2734 5053 2931 5120 fidem,
2982 5052 3335 5110 assentiente
3386 5053 3515 5124 ipsa
3559 5058 3714 5109 tem-

2105 5143 2272 5180 orum
2297 5124 2518 5179 ratione
2548 5128 2720 5196 atque
2751 5125 3014 5193 historia,
3050 5131 3112 5180 ut
3153 5128 3209 5180 et
3241 5140 3461 5196 nupero
3519 5124 3715 5181 Severi

2105 5144 2272 5180 orum
2297 5144 2518 5179 ratione
2548 5144 2720 5196 atque
2751 5144 3014 5193 mstoria,
3050 5144 3112 5180 ut
3153 5144 3209 5180 et.
3241 5144 3461 5196 nupero
3519 5144 3714 5181 DBVBI‘I

2064 5144 2299 5268 gulpitii
2330 5196 2552 5268 editors
2580 5200 2846 5252 notatum
2869 5201 2992 5265 est;
3027 5212 3141 5251 non
3192 5196 3347 5252 enim
3395 5196 3714 5253 Antiochia!

2064 5267 2261 5350 sedem
2292 5267 2575 5350 habuisse
2606 5267 3055 5350 Constantinum
3088 5268 3269 5350 asseri
3308 5272 3516 5350 potest,
3575 5282 3714 5350 cum

2065 5340 2135 5394 de
2165 5337 2508 5394 Constantio
2542 5339 2781 5396 minime
2811 5339 3056 5395 dubium
3101 5340 3195 5406 sit,
3244 5337 3452 5411 primis
3506 5338 3715 5396 saltem

2065 5411 2371 5466 duodecim
2407 5416 2508 5464 aut
2532 5412 2807 5466 tredecim
2843 5412 2970 5481 ejus
2995 5411 3226 5481 imperii
3251 5409 3451 5467 annis.

2136 5429 2371 5465 [008mm
2407 5429 2508 5464 aut
2535 5429 2807 5466 treGeClm
2843 5429 2970 5481 ejus
2995 5429 3073 5465 1m
3122 5429 3226 5466 erit
3258 5429 3451 5467 annis.

2136 5483 2179 5517 ιο
2212 5482 2372 5537 Unus
2404 5498 2540 5548 ms.,
2577 5493 2749 5553 empta
2779 5486 3033 5554 regione;
3062 5429 3177 5538 (fac
3208 5481 3307 5537 alii
3329 5487 3385 5537 et
3404 5480 3505 5554 qui
3538 5498 3717 5554 penes

2063 5562 2295 5636 me‘est,
2329 5558 2497 5636 coepto
2545 5556 2742 5610 itinere
2790 5556 3073 5636 pergebat.
3136 5555 3269 5636 Mox
3322 5555 3563 5636 verbum
3618 5571 3716 5636 ne:

2060 5624 2263 5681 sciebat
2296 5624 2420 5696 pari
2450 5641 2739 5682 consensu
2770 5624 2975 5683 omnes
3005 5630 3221 5694 tacent,
3254 5627 3559 5697 satiusque
3605 5626 3716 5683 erit

2062 5713 2127 5753 ex
2134 5712 2251 5769 pun
2261 5711 2413 5769 gere.
