3970 6412
194 325 268 392 35*
1257 314 1444 382 VITA
1484 316 1553 381 8.
1594 312 1830 380 PAULI
1867 310 2092 380 PRIMI
2135 312 2538 380 EREMI'I‘E.
3501 309 3582 376 26

195 461 331 523 haud
358 457 554 537 procul
583 457 884 517 intuetur1
907 455 1110 530 lupam
1141 455 1270 514 sitis
1295 453 1606 512 ardoribus
1639 452 1815 510 anhe-
1845 451 1901 518 Α
1930 452 2093 524 ginta
2111 451 2237 522 jam
2263 450 2403 508 anni
2462 453 2601 508 sunt
2655 447 2810 522 quod
2873 446 2976 516 [ΑΙ.
3026 463 3097 507 ex
3149 445 3288 522 quo]
3347 445 3579 506 dimidii

191 556 401 622 lentem,
431 553 504 609 ad
537 551 797 609 radicem
829 551 1046 608 montis
1073 551 1345 626 irrepere.
1370 553 1554 618 Quam
1579 558 1817 610 secutus

189 645 371 712 oculis,
400 644 643 716 etjuxta
672 643 1037 714 speluncam,
1072 659 1204 698 cum
1241 643 1356 698 fera
1382 642 1817 709 abiisset,accc«

187 737 334 803 dens,
364 734 513 790 intro
543 732 720 805 ccepit
757 731 1016 804 aspicere
1065 732 1208 803 (Ver.
1255 749 1358 787 ms.
1410 734 1587 805 cmpit
1634 733 1817 789 intro-

186 825 446 899 spicere):
482 822 626 877 nihil
658 821 992 878 curiositate
1015 822 1372 894 proﬁciente,
1424 822 1680 879 tenebris
1725 839 1817 878 ar-

185 914 437 972 centibus
464 912 678 969 visum.
738 911 977 977 Verum,
1035 916 1099 966 ut
1149 912 1442 984 scriptura
1492 912 1574 968 ait
1597 914 1637 979 ²,
1691 927 1817 983 per-

183 1009 314 1078 fecta
340 1004 552 1060 dilectio
581 1005 732 1074 foras
761 1004 937 1057 mittit
981 1004 1233 1058 timorem
1289 1003 1338 1074 (1
1379 1006 1546 1059 Joan.
1593 1019 1669 1068 ιν,
1705 1002 1816 1071 18),

187 1110 455 1166 suspenso
511 1093 698 1165 gradu
752 1095 809 1147 et
858 1091 1119 1149 anhelitu
1177 1096 1523 1163 temperato,
1567 1089 1817 1147 callidus

187 1181 495 1255 explorator
539 1181 841 1252 ingressus
871 1180 914 1244 ³,
972 1196 1039 1235 ac
1087 1180 1371 1252 paulatim
1412 1180 1813 1252 progrediens,

185 1271 493 1344 saepiusque
522 1269 850 1326 subsistens
880 1285 1092 1325 sonum
1128 1286 1268 1326 aure
1325 1271 1618 1342 captabat.
1665 1272 1816 1327 Tan-

185 1363 298 1418 dem
330 1377 432 1434 per
469 1377 629 1416 caecae
655 1359 842 1415 noctis
891 1359 1188 1415 horrorem
1240 1360 1442 1432 procul
1495 1359 1694 1416 lumen
1735 1361 1819 1417 in-

181 1451 368 1518 tuitus,
399 1451 542 1506 dum
574 1449 804 1506 avidius
834 1453 1124 1522 properat,
1184 1451 1233 1506 9
1282 1449 1504 1506 offenso
1556 1450 1615 1504 in
1671 1450 1817 1523 lapio

182 1541 300 1596 dem
329 1541 475 1613 pede
507 1541 549 1607 ‘,
584 1539 898 1613 strepitum
931 1539 1276 1608 concitavit;
1337 1545 1471 1612 post
1527 1543 1699 1612 cujus
1730 1559 1820 1598 so-

181 1630 353 1686 nitum
382 1629 595 1685 beatus
627 1627 846 1684 Paulus
877 1629 1094 1685 ostium
1146 1629 1302 1700 quod
1350 1630 1588 1702 patebat
1629 1630 1819 1686 occlu-

178 1720 310 1776 dens
335 1720 479 1791 (Ver.
514 1718 867 1789 recludens),
901 1734 1035 1774 sera
1084 1718 1434 1774 obfirmavit.
1469 1720 1634 1774 Tunc
1682 1737 1818 1775 vero

182 1809 446 1865 Antonius
487 1823 591 1881 pro
648 1808 755 1880 [Αἰ.
790 1808 927 1880 prae]
985 1807 1210 1864 foribus
1265 1825 1567 1874 corruens,
1625 1826 1892 1894 usqueB

175 1900 243 1956 ad
270 1903 511 1965 sextam,
543 1902 600 1953 et
629 1913 695 1953 eo
743 1897 999 1969 amplius
1055 1897 1284 1963 horam,
1336 1899 1564 1954 aditum
1613 1916 1813 1971 preca-

178 1989 331 2045 batur
358 1988 595 2045 dicens:
629 1987 737 2053 Qui
769 1986 902 2055 sim,
949 1988 1125 2055 unde,
1173 2004 1277 2043 cur
1320 1989 1600 2056 venerim,
1635 1989 1812 2045 nosti.

177 2079 295 2135 Scio
323 2093 415 2134 me
475 2093 590 2134 non
651 2077 858 2132 mereri
908 2081 1287 2148 conspectum
1347 2080 1557 2133 tuum:
1619 2082 1816 2135 tamen

176 2169 279 2224 nisi
307 2167 527 2234 videro,
561 2182 677 2222 non
707 2167 994 2222 recedam.
1030 2166 1133 2232 Qui
1187 2166 1403 2222 bestias
1461 2168 1673 2240 recipis
1708 2170 1814 2236 [Αἰ.

175 2257 455 2331 suscipis],
485 2257 785 2312 hominem
817 2273 922 2311 cur
979 2255 1256 2328 repellis?
1308 2257 1575 2321 Quaesivi.
1630 2261 1686 2313 et
1727 2258 1817 2314 in-

172 2349 322 2415 veni;
353 2347 530 2420 pulso
560 2351 626 2402 ut
671 2346 986 2418 aperiatur.
1042 2346 1205 2412 Quod
1257 2346 1304 2401 si
1367 2363 1482 2401 non
1542 2347 1816 2419 impetro,

175 2437 259 2494 hic
284 2439 426 2510 [νεν.
462 2435 580 2503 hic,
611 2435 728 2508 hic]
787 2434 1004 2491 moriar
1055 2441 1191 2491 ante
1233 2441 1429 2507 postes
1459 2441 1630 2493 tuos:
1667 2443 1822 2494 certe

178 2526 410 2599 eepelies
440 2524 534 2582 vel
566 2525 812 2581 cadaver
839 2525 880 2578 ⁵.

261 2679 400 2743 Talia
430 2677 710 2743 perstabat
739 2691 1069 2743 memorans,
1092 2677 1634 2743 ﬁxusquegmanebat.

265 2742 339 2792 Ad
371 2741 535 2807 quem
569 2754 884 2804 responsum
916 2741 1204 2807 paucisuita
1227 2741 1460 2807 gaddidit
1495 2743 1670 2793 heros.

953 2803 1174 2867 (Virgil.,
1210 2805 1436 2866 (Eneti,
1469 2807 1557 2857 lib.
1592 2821 1626 2857 ιι
1659 2811 1712 2857 et
1740 2809 1829 2872 vx).

239 2958 412 3014 Nemo
443 2957 534 3014 sic
560 2955 726 3028 petit,
759 2959 824 3010 ut
849 2955 1143 3023 minetur;
1179 2973 1350 3013 nemo
1382 2974 1515 3012 cum
1564 2960 1836 3032 lacrymis

179 3046 524 3103 calumniam
557 3044 713 3101 facit.
746 3045 815 3100 Et
845 3045 1078 3101 miraris
1098 3046 1120 3080 ⁵
1149 3045 1198 3100 si
1231 3063 1344 3102 non
1370 3047 1668 3120 recipiam,
1701 3066 1834 3105 cum

175 3136 480 3194 moriturus
505 3134 808 3190 adveneris
825 3135 854 3190 τ
886 3135 981 3191 Sic
1009 3135 1275 3191 arridens
1293 3136 1509 3192 Paulus
1542 3140 1817 3210 patefecit

1931 557 2163 614 semper
2193 541 2364 614 panis
2394 541 2788 613 fragmentum
2823 541 2967 612 [ναν.
3001 540 3287 613 fragmen]
3322 539 3578 611 accipio:

1928 649 2128 687 verum
2165 633 2237 686 ad
2273 633 2586 687 adventum
2617 635 2810 696 tuum,
2843 629 3132 686 militibus
3155 629 3280 685 suis
3309 629 3579 686 Christus

1928 720 2248 794 duplicavit
2286 738 2601 778 annonam.

2007 811 2086 865 Η.
2122 811 2308 882 Igitur
2339 810 2581 866 Domino
2623 809 2947 883 gratiarum
2997 810 3222 866 actione
3267 807 3578 877 celebrata,

1928 916 2108 972 super
2135 899 2300 954 vitrei
2333 899 2660 972 marginem
2683 899 2866 956 fontis
2883 904 3128 971 uterque
3149 898 3410 955 consedit
3433 900 3578 971 [Ven

1929 989 2240 1062 subsedit].
2273 989 2377 1046 Hic
2425 1006 2562 1044 vero
2620 989 2753 1061 quis
2807 990 3100 1061 frangeret
3139 1006 3350 1062 panem
3383 989 3586 1046 oborta

1929 1079 2243 1141 contentio.
2281 1095 2424 1150 pene
2454 1079 2612 1134 diem
2651 1080 2745 1134 [0
2789 1078 2958 1134 duxit
2986 1079 3047 1134 in
3078 1094 3410 1151 vesperum.
3440 1079 3583 1134 Pau-

1929 1170 2026 1225 lus
2059 1185 2218 1224 more
2247 1168 2488 1240 cogebat
2521 1167 2784 1239 hospitii,
2804 1167 3096 1225 Antonius
3123 1168 3258 1240 jure
3289 1166 3586 1224 refellebat

1928 1259 2135 1325 aetatis,
2166 1258 2426 1314 Tandem
2490 1256 2800 1313 consilium
2859 1257 2989 1324 fuit,
3048 1262 3115 1314 ut
3161 1257 3586 1330 apprehensoe

1927 1349 2161 1421 regione
2193 1362 2362 1420 pane,
2413 1347 2554 1402 dum
2606 1347 2677 1403 ad
2738 1363 2800 1402 se
2857 1346 3110 1419 quisque
3168 1346 3395 1416 nititur,
3447 1364 3584 1420 pars

1927 1455 2036 1494 sua
2055 1439 2076 1473 ⁹
2097 1435 2503 1508 Γθωίιηοινθιξὶη
2525 1453 2578 1491 ιη
2590 1436 2821 1491 anibus.
2847 1436 3067 1492 Dehinc
3089 1435 3395 1508 paululum
3419 1453 3584 1508 aqua:

1926 1527 1988 1582 in
2020 1527 2174 1582 fonte
2207 1542 2387 1598 prono
2421 1541 2518 1580 ore
2555 1525 2667 1596 [AL
2703 1542 2884 1598 prono
2933 1526 2992 1581 in
3051 1525 3238 1582 fronte
3285 1527 3402 1598 ore)
3434 1525 3583 1582 liba-

1927 1621 2174 1671 verunt:
2237 1620 2293 1671 et
2351 1614 2729 1671 immolantes
2787 1616 2904 1671 Deo
2955 1616 3310 1672 sacrificium
3366 1615 3582 1682 laudis,

1929 1711 2158 1762 noctem
2215 1710 2554 1776 transegere
2620 1703 2858 1776 vigiliis.
2919 1705 3182 1776 Cumque
3248 1706 3377 1777 jam
3432 1709 3587 1761 esset

1929 1800 2094 1851 terrae
2128 1795 2248 1866 [ΑΙ.
2281 1794 2468 1861 terris]
2505 1793 2771 1849 redditus
2813 1794 2960 1862 dies,
3010 1794 3216 1850 beatus
3255 1793 3474 1851 Paulus
3513 1794 3586 1850 ad

1928 1887 2249 1940 Antonium
2283 1883 2367 1939 sic
2397 1882 2630 1939 locutus
2669 1889 2794 1939 est:
2828 1883 2980 1939 Olim
3018 1888 3096 1951 te,
3129 1883 3328 1952 frater,
3363 1883 3423 1939 in
3453 1883 3587 1941 istis

1929 1973 2263 2047 regionibus
2326 1971 2594 2029 habitare
2659 1973 2964 2029 sciebam:
3036 1972 3176 2029 olim
3237 1977 3295 2030 te
3360 1990 3589 2030 conser-

1927 2082 2064 2120 vum
2109 2080 2306 2119 nteum
2339 2061 2482 2117 mihi
2527 2062 2876 2133 promiserat
2914 2062 3103 2120 Deus:
3147 2063 3248 2118 sed
3287 2063 3429 2136 quia
3458 2065 3587 2136 jam

1931 2153 2304 2211 dormitionis
2335 2169 2478 2208 mea:
2512 2157 2748 2224 tempus
2780 2153 3031 2221 advenit,
3070 2158 3126 2208 et
3164 2153 3319 2226 quod
3359 2168 3595 2226 semper

1932 2243 2238 2314 cupiebam
2283 2241 2427 2315 [Ver.
2462 2241 2788 2312 cupieram]
2828 2240 3090 2309 dissolvi,
3159 2247 3216 2298 et
3280 2258 3410 2298 esse
3458 2259 3592 2298 cum

1931 2333 2184 2399 Christo,
2219 2335 2452 2403 peracto
2484 2347 2660 2386 cursu
2692 2335 2962 2403 superest
2988 2330 3133 2386 mihi
3178 2348 3394 2388 corona
3413 2331 3591 2404 justi-

1931 2423 2025 2478 tize
2057 2439 2070 2477 ε
2097 2427 2162 2477 tu
2195 2420 2418 2476 missus
2449 2437 2511 2474 es
2543 2437 2574 2474 a
2598 2420 2867 2486 Domino,
2901 2420 3002 2491 qui
3054 2420 3234 2476 humo
3278 2437 3594 2494 corpuscu-

1935 2512 2058 2568 lum
2092 2525 2288 2568 meum
2315 2514 2499 2580 tegas,
2534 2509 2650 2564 imo
2678 2513 2842 2564 terras
2864 2514 3084 2565 terram
3117 2511 3349 2566 reddas.

2009 2603 2098 2658 l2.
2136 2601 2476 2656 Athanasius
2502 2600 2742 2670 pallium
2806 2599 2956 2655 dedit
3011 2600 3264 2657 Antonio.
3326 2600 3592 2658 Monaste-

1940 2695 2090 2748 rium
2108 2691 2338 2747 Antonii
2368 2706 2404 2744 a
2431 2692 2727 2746 Saracenis
2770 2692 3106 2762 occupatum.
3155 2722 3222 2731 -—
3265 2689 3386 2748 Illis
3423 2691 3598 2747 Anto-

1943 2783 2079 2838 nius
2121 2779 2360 2846 auditis,
2402 2780 2549 2834 ﬂens
2603 2783 2661 2833 et
2714 2795 2977 2850 gemens,
3021 2795 3094 2835 ne
3161 2797 3225 2836 se
3285 2780 3596 2847 desereret,

1943 2877 2118 2944 atque
2150 2875 2215 2924 ut
2245 2869 2514 2925 comitem
2550 2867 2664 2923 tale
2695 2868 2922 2925 itineris
2972 2869 3281 2942 acciperet,
3321 2870 3598 2942 precaba-

1948 2967 2062 3018 tur.
2095 2962 2165 3017 Et
2197 2961 2212 3030 i
2221 2960 2306 3015 Al.
2340 2958 2432 3033 At]
2465 2957 2562 3013 ille
2593 2975 2604 3012 :
2649 2958 2772 3013 Non
2833 2958 3031 3026 debes,
3079 2959 3290 3030 inquit,
3342 2976 3600 3032 quaarere

1950 3069 2076 3124 quae
2108 3055 2212 3105 tua
2245 3053 2404 3116 sunt,
2438 3048 2538 3103 sed
2573 3065 2698 3120 quae
2729 3046 2938 3104 aliena.
2971 3049 3219 3120 Expedit
3248 3048 3354 3104 tibi
3389 3049 3450 3115 ιο,
3481 3065 3601 3104 sar-

1952 3141 2086 3196 cina
2115 3139 2310 3195 carnis
2341 3138 2589 3207 abjecta,
2624 3142 2858 3209 Agnum
2890 3137 3077 3208 sequi.
3111 3138 3219 3194 Sed
3271 3142 3329 3192 et
3375 3137 3600 3194 caeteris

175 3225 522 3299 ingressum.
556 3225 678 3290 Quo
711 3228 929 3295 aperto,
955 3224 1095 3280 dum
1127 3225 1186 3279 in
1226 3230 1464 3282 mutuos
1493 3208 1818 3285 miscentur
1847 3208 1890 3276 (ἶ
1934 3230 2168 3303 expedit
2199 3227 2504 3294 fratribus,
2528 3231 2593 3281 ut
2623 3208 2723 3280 tuo
2755 3226 2948 3281 adhuc
2981 3226 3372 3282 instituantur
3401 3243 3597 3283 exem~

185 3317 497 3389 amplexus,
533 3313 785 3387 propriis
815 3330 878 3370 se
923 3313 1248 3370 salutavere
1277 3317 1656 3387 nominibus;
1690 3337 1826 3392 gra-

176 3406 258 3462 tia
286 3406 538 3463 Domino
567 3404 626 3460 in
659 3419 969 3460 commune
1001 3404 1355 3460 referuntur.

250 3497 328 3553 10.
359 3496 429 3553 Et
480 3499 619 3569 post
646 3497 916 3549 sanctum
977 3493 1244 3550 osculum
1293 3495 1553 3552 residens
1583 3496 1825 3568 Paulus,

176 3600 297 3642 cum
322 3584 585 3642 Antonio
619 3585 703 3640 ita
721 3601 963 3640 exorsus
983 3587 1072 3640 est
1097 3601 1110 3640 :
1137 3589 1214 3640 En
1239 3601 1414 3656 quem
1439 3590 1603 3642 tanto
1628 3586 1827 3644 labore

176 3673 747 3748 quaesisti,putridis"
773 3677 1072 3730 senectute
1095 3675 1379 3731 membris
1403 3676 1826 3748 operitinculta

177 3766 422 3822 canities.
456 3766 549 3821 En
578 3763 744 3820 vides
774 3763 1097 3831 hominem,
1149 3764 1444 3835 pulverem
1484 3782 1618 3821 mox
1666 3767 1824 3822 futu-

176 3870 318 3911 rum.
347 3855 573 3912 Verum
603 3851 742 3926 quia
799 3853 1054 3909 charitas
1109 3853 1309 3910 omnia
1347 3859 1638 3912 sustentat
1669 3859 1823 3929 [Ver.

176 3944 456 4020 sustinet],
486 3959 668 4000 narra
697 3941 862 4010 mihi,
897 3959 1115 4015 quaeso,
1148 3945 1440 4015 quomodo
1463 3946 1606 4017 [Ver.
1643 3948 1729 4018 ut]
1763 3964 1826 4003 se

177 4031 373 4090 habeat
402 4034 740 4090 humanum
771 4049 976 4105 genus.
1010 4040 1101 4088 An
1147 4032 1208 4088 in
1268 4034 1531 4106 antiquis
1575 4035 1824 4093 urbibus

177 4138 309 4180 nova
335 4128 491 4180 tecta
523 4126 885 4194 consurgant
909 4141 923 4190 ;
955 4139 1071 4194 quo
1091 4123 1350 4179 mundus
1373 4128 1612 4197 regatur
1641 4127 1827 4199 impe-

182 4213 294 4276 rio;
349 4229 423 4269 an
486 4210 790 4285 supersint
836 4210 1041 4282 aliqui,
1088 4212 1187 4284 qui
1237 4213 1572 4269 daemonum
1634 4231 1829 4272 errore

180 4301 469 4375 rapiantur
500 4301 611 4374 [Αἰ.
646 4300 992 4372 capiantur].
1029 4301 1187 4357 Inter
1224 4301 1333 4358 has
1383 4303 1826 4360 sermocinatio-

183 4406 274 4447 nes
297 4391 634 4465 suspiciunt
663 4389 863 4446 alitem
895 4407 1130 4447 corvum
1167 4391 1226 4446 in
1259 4409 1419 4448 ramo
1444 4394 1670 4450 arboris
1697 4411 1828 4451 con-

178 4480 407 4549 sedisse,
441 4480 549 4554 qni
583 4480 720 4536 inde
748 4479 956 4536 leniter
983 4480 1330 4537 subvolabat
1357 4483 1398 4549 ³,
1432 4485 1490 4537 et
1530 4482 1826 4557 integrum

1938 3319 2058 3392 plo.
2090 3316 2504 3384 Quamobrem,
2529 3332 2750 3387 quaeso,
2769 3331 2964 3388 perge,
2990 3315 3102 3371 nisi
3137 3317 3454 3372 molestum
3474 3320 3595 3372 est:

1942 3413 2000 3464 et
2030 3405 2273 3479 pallium
2307 3405 2464 3476 quod
2497 3405 2602 3460 tibi
2623 3403 2982 3460 Athanasius
3006 3404 3318 3478 episcopus
3338 3405 3598 3474 dedit,ad

1947 3496 2376 3554 obvolvendum
2403 3493 2816 3566 corpusculum
2840 3495 3374 3557 meum,defer.Hoc
3403 3500 3598 3552 autem

1942 3587 2149 3642 beatus
2184 3582 2400 3640 Paulus
2430 3584 2674 3656 rogavit,
2707 3600 2824 3639 non
2858 3585 3012 3656 quod
3047 3601 3400 3658 magnopere
3431 3601 3597 3641 cura-

1938 3682 2050 3742 ret,
2085 3681 2288 3732 ntrum
2318 3678 2537 3730 tectum
2575 3679 2938 3746 putresceret
2967 3674 3231 3742 cadaver,
3266 3691 3337 3730 an
3371 3676 3596 3732 nudum

1941 3767 2182 3839 (quippe
2214 3764 2316 3836 qui
2337 3767 2501 3819 tanto
2523 3763 2807 3836 temporis
2825 3763 3034 3834 spatio,
3057 3763 3343 3820 contextis
3374 3763 3598 3836 palma-

1936 3872 2066 3912 rum
2108 3853 2266 3909 foliis
2293 3852 2797 3920 vestiebatur),sed
2829 3857 2894 3908 ut
2923 3870 2956 3909 a
2986 3870 3048 3909 se
3079 3853 3420 3908 recedenti“
3453 3870 3596 3910 mm-

1937 3963 2034 4002 ror
2063 3962 2183 4000 sua:
2219 3943 2425 3998 mortis
2457 3941 2764 3998 levaretur.
2811 3942 3183 4014 Stupefactus
3238 3958 3375 4014 ergo
3416 3943 3596 3998 Anto-

1938 4036 2094 4104 nius,
2128 4033 2283 4105 quod
2315 4032 2387 4087 de
2442 4031 2768 4088 Athanasio
2825 4036 2882 4087 et
2940 4030 3118 4104 pallio
3149 4032 3278 4104 ejus
3307 4029 3594 4098 audierat,

1939 4123 2105 4197 quasi
2139 4121 2436 4178 Christum
2469 4121 2528 4177 in
2564 4119 2740 4177 Paulo
2771 4121 2995 4190 videns,
3031 4125 3088 4177 et
3115 4120 3176 4176 in
3209 4123 3439 4193 pectore
3467 4121 3596 4192 ejus

1938 4213 2122 4270 Deum
2153 4227 2457 4276 venerans,
2486 4209 2642 4265 ultra
2675 4211 3026 4283 respondere
3059 4209 3204 4266 nihil
3255 4226 3437 4267 ausus
3467 4215 3593 4268 est:

1939 4303 2038 4360 sed
2072 4318 2204 4358 cum
2239 4299 2471 4356 silentio
2500 4299 2856 4374 lacrymans,
2881 4299 3230 4357 exosculatis
3253 4301 3380 4373 ejus
3409 4299 3596 4358 oculis

1940 4392 2356 4462 manibusque,
2391 4390 2462 4446 ad
2497 4389 2918 4446 monasterium
2953 4390 3107 4462 quod
3137 4393 3338 4462 postea
3368 4406 3403 4446 a
3430 4389 3596 4447 Sara-

1939 4482 2100 4539 cenis
2129 4486 2479 4553 occnpatnm
2516 4483 2606 4535 est
2631 4481 2695 4548 ¹²,
2729 4480 3182 4553 regrediebatur.
3217 4479 3416 4551 Neque
3459 4495 3594 4536 vero

181 4585 376 4640 panem
405 4575 546 4627 ante
575 4586 680 4626 ora
711 4569 1052 4626 mirantium
1102 4571 1375 4644 deposuit
1401 4589 1415 4638 ;
1476 4578 1611 4644 post
1658 4576 1828 4645 cujus
1859 4588 1904 4653 D
1937 4589 2177 4646 gressus
2208 4569 2607 4642 sequebantur
2633 4569 2919 4625 animum.
2940 4570 3052 4625 Sed
3086 4569 3355 4642 quamvis
3379 4585 3592 4641 corpus

173 4658 531 4728 abscessum;
564 4659 692 4727 Eia,
750 4658 944 4732 inquit
1019 4659 1259 4729 Paulus,
1310 4660 1598 4717 Dominus
1650 4664 1821 4720 nobis

175 4750 472 4819 prandium
518 4749 703 4817 misit,
738 4765 870 4805 vere
899 4748 1052 4823 pius,
1085 4767 1218 4808 vere
1249 4751 1608 4808 misericors.
1642 4753 1814 4810 Sexa-

231 4858 247 4930 l
277 4859 410 4913 Erat
434 4857 674 4930 absque
704 4856 962 4929 negandi
984 4857 1293 4930 particula,
1325 4859 1516 4930 procul
1549 4861 1811 4916 intuetur.

232 4929 253 4964 ³
277 4929 633 5012 concinnius
655 4945 810 5014 mss.‘
840 4929 1034 5014 Verum
1060 4929 1335 5014 lquia,_ut
1386 4930 1669 5004 Scriptura
1712 4936 1811 5003 ait,

175 5001 298 5074 etc.,
328 5002 610 5074 ingressus
640 5005 741 5074 est.
773 5001 848 5074 Ac
881 5001 1175 5073 paulatim,
1211 5006 1320 5058 etc.

232 5072 252 5107 ³
272 5071 846 5146 Duo’verbacallidus
875 5071 1196 5146 explorator
1221 5074 1432 5131 Veron.
1467 5091 1578 5131 ms.
1620 5079 1809 5145 tacet;

63 5149 77 5170 ‘
175 5158 291 5201 mox
312 5147 567 5218 capiebat
595 5144 738 5218 legit
763 5162 866 5218 pro
895 5144 1164 5218 captabat.

231 5214 460 5291 ‘hliter
492 5214 682 5291 mss,
717 5214 981 5290 oﬂ‘ensuni
1024 5218 1158 5290 pede
1197 5217 1434 5291 A(noster
1489 5221 1549 5274 in
1593 5219 1809 5291 pedem)

177 5286 393 5364 lapidem
419 5286 1144 5364 ingtrepitutﬁeoncitdvit.
1195 5286 1328 5347 Mox
1377 5286 1661 5346 recludens
1707 5286 1809 5364 pro

175 5360 458 5434 occludene.
485 5361 699 5434 Veron.
712 5406 733 5434 ,ί
757 5362 964 5433 offensu
993 5363 1164 5434 pedis.

231 5433 250 5468 ⁸
272 5433 520 5488 Gravius
552 5431 691 5487 alibi
721 5431 942 5490 invenit
969 5431 1050 5490 vel
1081 5433 1316 5490 cadaver
1351 5436 1625 5490 exanime.

1936 4657 2619 4734 inanejejuniis,seniles
2646 4659 2823 4714 etiam
2843 4659 2978 4714 anni
3004 4658 3296 4732 fregerant
3317 4658 3590 4724 “ﬂamen

1933 4751 2129 4808 animo
2160 4749 2428 4805 vincebat
2457 4753 2708 4806 aetatem.

1997 4860 2018 4894 ⁸
2051 4859 2233 4915 Iidem
2267 4857 2460 4912 leviter
2488 4857 2804 4925 subvolans,
2838 4856 3142 4925 integrum,
3163 4854 3279 4911 fere
3309 4870 3444 4910 cum
3465 4853 3592 4910 Vic-
3671 4885 3674 4888 ~

1922 4932 2092 4988 torio.
2126 4931 2240 4984 Ver
2272 4930 2468 4985 leniter
2497 4929 2789 4985 subvotans
2820 4931 3113 5000 integrum,
3143 4933 3252 5000 etc.

1994 5005 2016 5039 ο
2050 5001 2248 5086 Addit.
2284 5004 2416 5055 Ver.
2452 5017 2564 5056 ms.
2596 5001 2838 5069 trahere,
2885 4997 3013 5056 tum
3068 4999 3208 5056 editi
3239 4997 3587 5056 vetustiores

1922 5093 2052 5149 pars
2082 5088 2282 5145 cuique
2310 5089 2430 5128 sua.

1994 5150 2035 5183 ιο
2066 5145 2423 5204 Concinnius
2455 5144 2514 5199 in
2546 5144 2784 5210 Veron.,
2816 5143 3059 5217 Expedit,
3081 5141 3300 5216 quidem
3333 5142 3460 5197 tibi.

1995 5221 2033 5255 ¹¹
2061 5221 2120 5275 In
2152 5218 2364 5273 Veron.
2402 5233 2512 5272 ms.
2549 5234 2661 5272 non
2697 5217 2825 5272 sine
2855 5215 2968 5270 uno
3011 5215 3312 5286 alteroque
3351 5215 3586 5280 mendo,

1921 5293 2023 5348 Sed
2054 5296 2112 5347 ut
2143 5290 2213 5346 ad
2245 5290 2372 5361 (pro
2401 5291 2493 5360 ab)
2532 5305 2588 5344 se
2644 5287 2903 5344 recedens
2947 5290 3214 5343 memoria
3266 5286 3432 5358 (num
3482 5303 3586 5360 pro

1918 5379 2148 5420 mterore
2170 5363 2218 5434 ‘2)
2249 5376 2369 5418 sua
2401 5362 2593 5416 mortis
2624 5362 2982 5434 relevaretur.

1991 5438 2034 5471 ²²
2066 5436 2124 5490 Id
2162 5429 2284 5506 ipso
2308 5449 2462 5487 anno
2522 5433 3038 5506 accidissernotat
3095 5429 3432 5506 Bollandus,
3467 5445 3585 5502 quo

231 5503 364 5580 ‘_Al.
399 5504 662 5580 Victoria
705 5510 762 5561 et
805 5506 1014 5563 Gravio
1061 5506 1480 5563 annotantibus
1536 5509 1808 5580 injurtam
1917 5501 2305 5580 mortuus-est
2331 5506 2388 5560 S.
2423 5503 2733 5569 Antonius,
2793 5503 2922 5560 Vid.
2983 5504 3250 5562 Chronic.
3304 5501 3376 5558 ad
3438 5501 3577 5558 ann.
3638 5547 3644 5554 .

176 5578 308 5646 facit.
342 5579 410 5634 Bt
434 5577 683 5633 minaris
711 5580 781 5644 si,
803 5583 912 5636 etc.

233 5649 431 5721 ‘Mss.,
461 5649 728 5722 putribus
761 5668 774 5720 ;
809 5657 866 5707 et
921 5650 1091 5724 paulo
1150 5655 1279 5724 post
1337 5653 1524 5708 omnia
1553 5654 1803 5720 sustinet,

180 5737 264 5794 pro
290 5725 586 5778 sustentat.

1919 5580 2135 5637 Christi
2168 5578 2296 5634 336.

1991 5654 2033 5686 ¹³
2063 5651 2226 5716 Mss.,
2258 5648 2358 5705 Sed
2386 5664 2510 5722 cum
2539 5663 2735 5722 corpus
2767 5650 2956 5718 inane,
2989 5652 3127 5716 etc.,
3182 5648 3325 5704 anni
3359 5647 3581 5720 frange.

1948 5733 2054 5794 ent,
2088 5725 2277 5780 animo
2303 5721 2590 5778 vincebat:
2624 5721 2919 5778 Consentit
2948 5724 3006 5777 et
3033 5725 3250 5777 Veron.
3284 5734 3395 5775 ms.
