3970 6440
378 336 383 345 '
401 322 481 394 2'1
1634 334 1700 400 8.
1744 326 2060 400 EUSEBII
2101 328 2572 398 HIERONYMI.
3698 323 3761 393 Ὠ

477 468 562 527 13.
593 468 825 529 Antonii
853 465 1155 527 humititas.
1186 499 1255 510 —-
1285 469 1543 526 Tandem
1587 469 1863 541 fatigatus
1892 469 2035 541 [Ven
2065 466 2123 533 Α
2153 465 2392 523 haberet
2420 468 2460 523 ³.
2496 466 2812 524 Fluetuans
2833 464 3042 539 itaque
3067 461 3227 523 vario
3271 461 3488 523 mentis
3531 464 3696 533 aestu,
3737 468 3802 524 et

400 558 774 633 defatigatus]
795 564 853 616 et
883 558 1128 615 anhelus
1160 559 1231 615 ad
1264 556 1664 614 habitaculum
1700 575 1875 614 suum
1906 574 2041 613 con-

400 649 547 705 fecto
575 649 781 705 itinere
811 649 1091 722 pervenit.
1125 648 1228 705 Cui
1261 665 1397 704 cum
1448 649 1565 704 duo
1607 646 1905 720 discipuli,
1938 646 2041 719 qui

399 738 452 794 ei
474 739 599 810 jam
634 736 888 809 longaevo
917 738 1255 793 ministrare
1278 741 1566 809 coeperant
1589 738 1626 803 ¹,
1655 735 2043 791 occurrissent

400 828 495 883 11
541 826 838 882 dicentes:
869 826 976 882 Ubi
1025 827 1229 882 tandiu
1274 830 1535 882 moratus
1564 841 1647 891 es,
1682 825 1889 897 pater?
1920 841 2039 880 res-

400 914 640 986 pondit:
674 915 768 969 Vae
803 914 944 970 mihi
980 914 1288 986 peccatori,
1351 914 1450 986 qui
1509 913 1721 969 falsum
1770 912 2037 968 monachi

395 1018 608 1058 nomen
643 1003 781 1060 fero.
814 1003 945 1058 Vidi
977 1002 1184 1073 Eliam,
1215 1003 1332 1058 vidi
1362 1004 1645 1059 Joannem
1705 1000 1761 1057 in
1813 1002 2041 1057 deserto

399 1096 458 1147 et
486 1108 620 1147 vere
650 1091 764 1147 vidi
795 1091 1041 1147 Paulum
1074 1091 1130 1146 in
1164 1092 1453 1164 paradiso.
1505 1094 1573 1145 Et
1622 1090 1707 1146 sic
1750 1107 1850 1145 oro
1889 1106 2044 1146 com-

397 1197 623 1253 presso,
656 1186 714 1236 et
743 1197 921 1236 manu
966 1182 1279 1236 verberans
1310 1185 1533 1253 pectus,
1567 1196 1635 1235 ex
1664 1179 1873 1235 cellula
1916 1179 2040 1252 pal-

396 1268 542 1326 lium
576 1268 834 1342 protulit.
856 1270 1336 1342 Rogantibusque
1366 1267 1692 1340 discipulis,
1718 1274 1781 1323 ut
1812 1268 2040 1341 plenius

397 1358 682 1431 quidnam
714 1359 793 1414 rei
826 1364 979 1414 esset
1002 1362 1335 1430 exponeret,
1366 1358 1484 1413 ait:
1528 1359 1753 1429 Tempus
1798 1358 2039 1424 tacendi,

394 1454 663 1518 ettempus
693 1447 947 1518 loquendi
976 1448 1167 1518 (Eccle.
1202 1463 1288 1513 ιιι,
1319 1448 1397 1517 7).

471 1537 551 1590 14.
585 1536 753 1591 Pauli
778 1537 973 1591 anima
1010 1538 1155 1591 inter
1181 1537 1500 1607 angelorum
1541 1536 1743 1590 choros.
1783 1567 1847 1574 —
1879 1535 2041 1590 Tunc

393 1641 666 1698 egressus
689 1624 925 1694 foras,et
946 1641 1019 1680 ne
1050 1624 1342 1680 modicum
1369 1625 1603 1696 quidem
1634 1624 1745 1679 cibi
1777 1642 2040 1691 sumens,

370 1731 499 1786 per
526 1714 678 1768 viam
713 1730 828 1785 qua
858 1718 1114 1781 venerat,
1174 1730 1476 1785 regressus
1531 1719 1620 1769 est
1678 1716 1815 1780 [Ven
1849 1730 2040 1786 regre-

2152 572 2353 612 secum
2381 557 2569 613 multa
2594 560 2893 630 reputans,
2919 554 3148 612 dicebat
3170 554 3251 613 :Si
3274 555 3348 612 ad
3370 556 3798 613 monasterium

2128 637 2422 714 'revertar,
2451 647 2747 718 quatridui
2780 646 2896 718 [ΑΙ.
2928 645 3132 717 tridui]
3164 644 3273 701 iter
3301 649 3425 702 est:
3460 644 3511 702 si
3541 644 3636 702 hic
3669 661 3797 702 ma-

2152 752 2341 803 neam,
2377 736 2519 791 nihil
2553 736 2702 791 ultra
2728 735 3052 808 proﬁciam.
3094 735 3195 792 I2
3240 734 3455 791 Moriar
3495 751 3632 808 ergo
3654 737 3694 805 ⁷,
3729 739 3801 790 ut

2150 823 2394 895 dignum
2428 830 2536 891 est,
2569 826 2743 897 juxta
2798 823 3137 880 bellatorem
3191 827 3382 892 tuum,
3440 823 3688 893 Christe,
3739 828 3803 881 et

2150 929 2345 982 ruens,
2377 919 2701 969 extremum
2732 914 2978 970 halitum
3010 913 3274 969 fundam.
3309 912 3471 970 Talia
3499 930 3566 970 eo
3595 914 3798 970 animo

2147 999 2568 1067 volvente,ecce
2598 1002 2714 1057 duo
2743 1002 2938 1057 leones
2969 1017 3037 1057 ex
3066 1000 3357 1057 interioris
3404 999 3585 1056 eremi
3623 1005 3796 1071 parte

2148 1096 2471 1159 currentes,
2497 1090 2828 1147 volantibus
2859 1108 2960 1163 per
2987 1089 3138 1146 colla
3175 1090 3361 1161 jubis,
3414 1089 3794 1158 ferebantur;

2151 1179 2365 1252 quibus
2400 1180 2651 1253 aspectis
2705 1181 2890 1251 primo
2947 1178 3266 1235 exhorruit.
3317 1180 3659 1251 Rursusque
3717 1180 3796 1237 ad

2149 1268 2335 1325 Deum
2376 1271 2633 1325 referens
2663 1274 2942 1336 mentem,
2991 1268 3160 1339 quasi
3205 1266 3510 1324 columbas
3550 1268 3798 1333 videret,

2150 1359 2367 1413 mansit
2398 1358 2745 1430 intrepidus.
2778 1362 2845 1412 Et
2875 1357 2960 1433 illi
2991 1356 3226 1429 quidem
3256 1356 3475 1413 directo
3502 1372 3676 1413 cursu
3717 1358 3798 1413 ad

2149 1448 2393 1504 cadaver
2443 1447 2593 1503 beati
2624 1448 2780 1504 senis
2828 1446 3237 1515 substiterunt,
3297 1445 3800 1517 adulantibusque

2150 1537 2352 1593 caudis
2382 1536 2535 1592 circa
2560 1539 2687 1609 ejus
2718 1537 2896 1609 pedes
2923 1535 3247 1591 accubuere
3270 1551 3283 1589 :
3305 1535 3540 1590 fremitu
3569 1534 3799 1608 ingenti

2150 1627 2470 1697 rugientes,
2504 1643 2744 1699 prorsus
2774 1628 2839 1680 ut
2867 1623 3223 1696 intelligeres
3274 1624 3376 1691 [AL
3419 1623 3799 1697 intelligeret]

2150 1732 2249 1771 eos
2292 1715 2588 1788 plangere,
2621 1732 2736 1787 quo
2795 1715 2967 1770 modo
3020 1718 3304 1786 poterant.
3365 1712 3583 1770 Deinde
3634 1712 3801 1771 haud

396 1802 710 1873 diebatur],
744 1801 913 1857 illum
945 1801 1171 1867 sitiens,
1226 1801 1395 1857 illum
1438 1803 1632 1858 videre
1680 1803 2042 1874 desiderans,
2071 1837 2119 1903 B
2151 1803 2351 1876 procul
2383 1808 2683 1877 coeperunt
2711 1804 2958 1859 humum
2994 1802 3241 1874 pedibus
3286 1801 3585 1874 scalpereu
3616 1820 3631 1871 ;
3663 1819 3799 1859 are-

397 1890 565 1947 illum
598 1890 784 1947 oculis
813 1908 880 1947 ac
924 1895 1046 1945 tota
1101 1896 1294 1948 mente
1332 1891 1743 1962 complectens.
1775 1892 2043 1948 Timebat

396 1979 577 2051 enim,
611 1980 765 2053 quod
795 1985 853 2036 et
881 1979 1090 2046 evenit,
1124 1997 1197 2036 ne
1242 1996 1305 2035 se
1334 1982 1589 2048 absente,
1622 1980 1847 2037 Christo
1878 1980 2039 2036 debi-

395 2073 523 2126 tum
554 2071 575 2105 ²
632 2069 904 2142 spiritum
953 2070 1239 2126 redderet.
1294 2070 1557 2142 Cumque
1606 2071 1733 2141 jam
1772 2070 1897 2126 dies
1928 2070 2041 2127 alia

394 2157 705 2227 illuxisset,
735 2163 792 2214 et
810 2159 990 2214 trium
1019 2158 1299 2215 horarum
1330 2159 1518 2231 spatio
1548 2158 1658 2214 iter
1693 2165 2039 2228 remaneret,

394 2247 543 2303 vidit
560 2248 582 2283 ³
609 2247 762 2303 inter
789 2246 1132 2321 angelorum
1152 2248 1594 2315 cateruas,inter
1622 2247 2035 2320 pr0phetarum

394 2340 451 2393 et
480 2335 872 2410 apostolorum
906 2335 1134 2401 choros,
1168 2336 1333 2392 niveo
1364 2337 1616 2392 candore
1648 2336 1891 2392 Paulum
1926 2336 2036 2393 ful-

393 2430 629 2498 gentem
652 2425 710 2480 in
734 2423 985 2481 sublime
1007 2425 1415 2480 conscendere.
1442 2425 1510 2480 Et
1528 2424 1726 2480 statim
1749 2426 1807 2480 in
1832 2426 2035 2481 faciem

395 2530 564 2570 suam
622 2513 952 2585 procidens,
1015 2511 1288 2568 sabulum
1358 2513 1531 2585 capiti
1591 2514 2035 2585 superjaciebat,

398 2600 754 2674 ploransque
784 2606 841 2657 et
868 2601 1119 2673 ejulans,
1161 2602 1353 2657 aiebat
1383 2603 1525 2674 [Veia
1559 2603 1718 2674 tacet]
1747 2620 1759 2656 :
1801 2604 1916 2659 Cur
1946 2619 2038 2658 me

402 2689 597 2756 Paule,
632 2690 932 2746 dimittis?
964 2707 1068 2745 cur
1090 2690 1446 2747 insalutatus
1491 2690 1663 2747 abis?
1703 2692 1842 2748 Tam
1876 2692 2039 2747 tarde

397 2783 594 2847 notus,
629 2787 746 2834 tam
775 2773 886 2835 cito
918 2780 1140 2836 recedis
1160 2779 1188 2834 ‘l

467 2869 554 2923 15.
596 2867 901 2924 Referebat
957 2872 1157 2941 postea
1197 2869 1403 2925 beatus
1454 2869 1739 2925 Antonius
1785 2875 1949 2925 tanta
1978 2886 2041 2926 se

389 2956 717 3025 velocitate,
752 2958 906 3030 quod
940 2957 1230 3029 reliquum
1262 2965 1383 3013 erat
1428 2958 1531 3013 viae
1583 2959 1931 3028 cucurrisse,
1975 2962 2041 3015 ut

395 3047 467 3103 ad
500 3045 687 3101 instar
716 3046 839 3101 avis
869 3045 1224 3118 pervolaret:
1260 3064 1367 3102 nec
1406 3047 1739 3116 immerito;
1768 3065 1905 3104 nam
1954 3047 2041 3103 in-

390 3139 723 3208 trogressus
754 3135 1118 3208 speluncam,
1168 3135 1310 3190 vidit
1354 3137 1497 3207 [Ven
1552 3136 1727 3208 videt]
1771 3138 2039 3209 genubus

2151 1910 2404 1965 namque
2436 1894 2696 1949 certatim
2730 1896 3048 1965 egerentes,
3099 1891 3278 1947 unius
3319 1890 3577 1948 hominis
3618 1908 3798 1965 capa-

2149 1998 2272 2038 cem
2297 1981 2488 2038 locum
2520 1982 2792 2037 foderunt
2815 1982 2955 2048 [Ven
2988 1981 3330 2036 effoderunt.
3364 1980 3558 2047 Et].Ac
3591 1982 3799 2037 statim

2149 2072 2317 2146 quasi
2342 2072 2667 2127 mercedem
2697 2087 2799 2142 pro
2832 2086 3004 2142 opere
3034 2068 3422 2142 postulantes,
3452 2086 3588 2125 cum
3626 2074 3801 2128 motu

2149 2162 2377 2217 aurium
2410 2160 2627 2216 cervice
2642 2161 2897 2230 ‘dejecta,
2931 2159 3004 2215 ad
3047 2159 3366 2214 Antonium
3415 2164 3804 2231 perrexerunt

2148 2265 2362 2304 manus
2392 2250 2521 2320 ejus
2552 2248 2844 2320 pedesque
2872 2245 3179 2319 tingentes.
3203 2250 3278 2301 At
3305 2245 3401 2303 ille
3431 2246 3802 2305 animadver-

2149 2338 2218 2393 tit
2243 2339 2264 2373 ⁹
2293 2336 2761 2393 benedictionem
2793 2353 2891 2391 eos
2938 2351 2972 2390 a
3002 2352 3065 2391 se
3094 2334 3334 2407 precari.
3366 2338 3480 2391 Nec
3520 2352 3705 2404 mora,
3734 2338 3799 2393 in

2146 2424 2544 2481 laudationem
2580 2422 2791 2479 Christi
2835 2424 3075 2489 effusus,
3137 2422 3293 2494 quod
3342 2426 3507 2477 muta
3561 2439 3800 2496 quoque

2148 2514 2427 2570 animalia
2447 2515 2631 2570 Deum
2666 2528 2793 2568 esse
2824 2512 3133 2578 sentirent,
3190 2510 3272 2567 ait
3303 2527 3317 2565 :
3368 2511 3635 2580 Domine,
3668 2513 3803 2571 sine

2147 2605 2319 2675 cujus
2347 2608 2493 2659 nutu
2526 2618 2632 2657 nec
2664 2601 2868 2657 folium
2928 2599 3152 2655 arboris
3207 2600 3432 2667 deﬂuit,
3473 2617 3578 2656 nec
3638 2617 3800 2659 unus

2148 2708 2453 2765 passerum
2486 2691 2557 2746 ad
2591 2696 2806 2746 terram
2830 2688 3007 2754 cadit,
3030 2688 3105 2744 da
3130 2687 3248 2744 illis
3278 2688 3431 2744 sicut
3459 2692 3523 2744 tu
3553 2689 3691 2747 scis.
3727 2692 3804 2748 Et

2152 2797 2330 2837 manu
2357 2796 2622 2836 annuens
2656 2779 2764 2851 [AL
2789 2779 3063 2849 innuens]
3095 2777 3199 2845 eis,
3231 2781 3296 2833 ut
3326 2777 3574 2848 abirent,
3606 2778 3803 2852 impe-

2148 2870 2316 2926 ravit.
2365 2871 2631 2941 Cumque
2681 2868 2765 2923 illi
2827 2868 3225 2936 recessissent,
3282 2867 3470 2923 sancti
3537 2871 3804 2943 corporis

2149 2959 2313 3016 oneri
2350 2960 2455 3031 [AL
2488 2962 2681 3025 onere]
2719 2956 2933 3013 seniles
2966 2956 3223 3012 curvavit
3250 2956 3567 3026 humeros;
3599 2962 3656 3015 et
3693 2960 3805 3016 de-

2150 3047 2337 3121 posito
2359 3065 2425 3103 eo
2456 3047 2694 3103 eﬁ'osam
2730 3047 2792 3115 ιο,
2821 3046 3074 3117 desuper
3120 3045 3365 3101 humum
3411 3062 3803 3120 congregans,

2148 3135 2446 3193 tumulum
2505 3152 2574 3191 ex
2626 3152 2786 3190 more
2844 3134 3038 3207 posuit
3064 3126 3169 3207 [Ἅι.
3230 3136 3599 3207 composuit].
3638 3136 3808 3193 Post-

392 3223 777 3296 complicatis,
811 3230 998 3280 erecta
1036 3224 1273 3290 cervice,
1328 3226 1700 3297 extensisque
1746 3226 1805 3281 in
1853 3225 2039 3281 altum
2072 3210 2116 3278 C
2152 3241 2331 3298 quam
2363 3228 2558 3279 autem
2591 3222 2705 3279 alia
2733 3223 2858 3279 dies
2888 3222 3101 3291 illuxit,
3131 3240 3204 3280 ne
3242 3224 3381 3297 quid
3431 3224 3565 3297 pius
3611 3224 3805 3284 haeres

393 3312 689 3379 manibus,
720 3329 931 3384 corpus
954 3313 1238 3369 exanime.
1271 3316 1350 3369 Ac
1384 3314 1638 3387 primum
1687 3321 1741 3370 et
1790 3315 1914 3386 ipse
1952 3316 2038 3369 vi-

393 3416 525 3457 vere
554 3416 688 3456 eum
721 3401 985 3468 credens,
1018 3402 1233 3473 pariter
1289 3403 1508 3458 orabat.
1544 3403 1859 3473 Postquam
1908 3419 2040 3458 vero

398 3493 462 3544 ut
491 3487 672 3556 nulla,
705 3493 770 3545 ut
790 3489 1029 3558 solebat,
1062 3490 1319 3563 suspiria
1373 3492 1662 3563 precantis
1707 3492 1946 3558 audivit,
1980 3490 2040 3546 in

396 3577 586 3634 ﬂebile
609 3576 877 3634 osculum
903 3595 1098 3645 ruens,
1122 3578 1588 3651 intellexit,quod
1602 3579 1779 3634 etiam
1801 3580 2043 3636 cadaver

396 3666 582 3724 sancti
614 3667 799 3724 Deum
830 3668 871 3735 ‘,
926 3667 1019 3724 cui
1072 3668 1270 3724 omnia
1319 3668 1539 3736 vivunt,
1599 3668 1789 3723 officio
1840 3673 2042 3741 gestus

393 3774 509 3830 pra:
519 3761 766 3813 curetur.

469 3847 549 3901 16.
586 3846 900 3902 Christiana
929 3846 1170 3902 traditio.
1206 3877 1270 3887 —
1303 3846 1488 3918 Igitur
1516 3844 1789 3903 obvoluto
1824 3851 1880 3902 et
1909 3864 2041 3919 pro-

388 3935 507 3992 lato
539 3936 698 3991 foras
730 3952 989 4007 corpore,
1036 3935 1285 4008 hymnos
1318 3950 1554 4008 quoque
1594 3940 1650 3991 et
1683 3934 1941 4007 psalmos
1971 3936 2042 3991 de

388 4024 722 4081 Christiana
772 4025 1086 4080 traditione
1132 4025 1473 4091 decantans,
1535 4024 1996 4081 contristabatur
2023 4026 2044 4061 ⁵

391 4110 868 4184 Antonius,quod
901 4112 1221 4179 sarculum,
1245 4129 1363 4185 quo
1390 4118 1606 4169 terram
1644 4112 1885 4184 foderet,
1926 4131 2042 4170 non

475 4254 673 4320 ‘Erat,
699 4269 814 4328 non
839 4254 991 4328 satis
1030 4270 1287 4328 congruo
1327 4271 1526 4321 sensu,
1553 4254 1610 4310 in
1644 4254 1897 4328 vulgatis
1926 4273 2045 4312 om-

394 4326 591 4389 nibus,
625 4327 723 4396 qui
748 4327 801 4380 ei
832 4325 991 4393 longo
1022 4326 1134 4397 iam
1163 4330 1401 4397 tempore
1457 4325 1775 4382 ministrare
1820 4344 2042 4384 consue-

392 4405 584 4471 verant
619 4414 632 4464 ;
667 4400 821 4452 certe
852 4402 1055 4452 contra
1085 4396 1419 4471 Hieronymi
1471 4403 1744 4465 mentem,
1792 4404 1851 4455 et
1896 4417 2036 4456 mss.

395 4469 665 4594 ﬂd’mlllllud
713 4538 954 4593 debitum
1012 4538 1071 4593 in
1121 4538 1353 4595 duobus
1409 4540 1593 4596 Vatic.
1653 4522 2037 4599 desideratur.

518 4578 665 4594 μιν-ι.
713 4578 954 4593 “ww...”
1012 4578 1071 4593 ...
1121 4578 1353 4595 ηυυυμο
1427 4578 1593 4596 mu...
1653 4578 2037 4599 υυοωσιαυιη.

393 4611 525 4667 Mox
544 4627 679 4666 vero
710 4627 812 4682 pro
843 4613 948 4665 iter
970 4618 1295 4684 remaneret,
1326 4613 1482 4684 quod
1514 4629 1582 4667 ex
1613 4614 1878 4669 omnium
1912 4632 2045 4670 con-
2074 4578 2121 4645 Β

394 4699 572 4740 sensu
606 4681 753 4755 mss.
782 4681 1209 4755 expressimus,
1261 4681 1501 4755 cogente
1559 4685 1735 4740 etiam
1785 4686 2044 4742 inferiori

394 4759 686 4818 contextu,
740 4753 1049 4829 hucusque
1095 4753 1426 4810 obtinuerat
1492 4756 1782 4813 contrario
1842 4775 2043 4829 sensu,

393 4829 542 4882 viam
572 4827 940 4881 removisset.
1638 4862 1643 4871 .

462 4898 486 4933 ³
518 4897 720 4952 Veron.
747 4896 804 4950 in
838 4896 1107 4967 praesenti
1143 4897 1304 4953 videt.

464 4971 486 5003 ⁴
517 4969 609 5024 Sic
641 4985 790 5023 mss.
832 4971 889 5022 et
936 4967 1247 5024 Victorius.
1293 4968 1509 5026 Vitiose
1564 4971 1720 5026 enim
1774 4970 2039 5026 Martian.

436 5044 527 5095 ost
557 5040 805 5106 Erasm.,
861 5038 1010 5106 Quod
1058 5041 1224 5095 etiam
1277 5042 1517 5098 cadaver
1573 5047 1828 5098 sanctum
1878 5044 2045 5098 etiam

439 5128 584 5172 eum.
617 5116 726 5165 etc.

464 5180 885 5255 I5Veronensis,
947 5180 1160 5254 aliique
1217 5201 1361 5241 mss.
1426 5185 1647 5240 Prolato
1709 5187 1860 5255 foras
1931 5200 2045 5240 cor-

388 5270 541 5326 pore,
570 5253 800 5324 psalmis
829 5269 1039 5326 quoque
1069 5253 1162 5310 ica:
1215 5257 1533 5314 Christiana
1588 5253 1892 5311 traditione
1918 5271 2046 5310 can-

395 5324 549 5385 tatis.
579 5324 1032 5392 contristabamr,
1056 5332 1165 5381 etc.

465 5398 576 5451 6In
610 5394 821 5451 Veron.
878 5413 1042 5469 mss,
1104 5399 1368 5454 Habebat.
1421 5399 1825 5469 Fluctuansque
1860 5399 2044 5469 rvario,

397 5473 506 5595 etg.
527 5475 831 5593 treputans:
861 5468 941 5535 Si,
976 5473 1084 5524 etc.
1110 5469 1334 5541 absque
1363 5468 1705 5540 interposito
1736 5468 1929 5523 verbo
1958 5470 2042 5523 di-

397 5555 452 5595 ce
490 5556 520 5593 a
556 5581 566 5591 .

393 5543 566 5595 cebat.

468 5613 487 5645 ⁷
523 5612 642 5666 Duo
674 5611 880 5681 Vatic.,
914 5612 1118 5668 Moriar
1146 5615 1197 5667 et
1224 5628 1341 5681 ego,
1374 5616 1456 5680 ut,
1487 5616 1600 5668 etc.

466 5684 487 5718 ⁸
518 5681 681 5740 Unus
710 5682 920 5752 Vatic.,
950 5683 1196 5751 scabare,
1224 5681 1369 5740 alter
1394 5700 1678 5753 excavare,
1712 5686 1770 5740 et
1796 5699 2045 5757 capacem

2149 3332 2218 3371 ex
2249 3313 2508 3370 intestati
2540 3314 2708 3369 bonis
2739 3330 2852 3369 non
2885 3313 3495 3386 possideret,tunicam
3529 3315 3657 3385 ejus
3680 3316 3801 3374 sibi

2148 3402 2483 3470 vindicavit,
2518 3420 2695 3473 quam
2729 3403 2787 3458 in
2835 3408 3164 3475 sportarum
3214 3403 3456 3459 modum
3487 3404 3558 3459 de
3586 3403 3801 3476 palma

2154 3493 2261 3564 [AL
2296 3492 2651 3563 palmarum]
2675 3491 2826 3546 foliis
2866 3492 2991 3564 ipse
3012 3491 3124 3547 sibi
3172 3495 3567 3548 contexuerat.
3599 3496 3683 3549 Ac
3715 3496 3807 3551 sic

2150 3581 2223 3636 ad
2275 3580 2698 3635 monasterium
2756 3597 3049 3649 reversus,
3104 3579 3413 3652 discipulis
3468 3585 3677 3638 cuncta
3735 3599 3812 3642 ex

2150 3668 2354 3726 ordine
2382 3667 2713 3741 replicavit;
2740 3669 3065 3740 diebusque
3095 3668 3457 3725 solemnibus
3476 3668 3713 3727 Pascha
3744 3678 3808 3730 et

2157 3758 2525 3814 Pentecostes
2556 3774 2788 3831 semper
2820 3757 2983 3815 Pauli
3005 3758 3205 3813 tunica
3231 3758 3481 3815 vestitus
3510 3762 3618 3815 est.

2222 3847 2311 3904 l7.
2348 3847 2692 3918 Comparatio
2723 3848 2888 3903 Pauli
2916 3851 2968 3903 et
2995 3847 3233 3903 divitum
3279 3848 3492 3905 saeculi.
3522 3879 3593 3889 —
3635 3848 3813 3909 Libet

2151 3937 2211 3992 in
2244 3937 2360 3992 ﬁne
2381 3936 2647 4008 opusculi
2669 3954 2768 3992 eos
2800 3936 3284 4009 interrogare,qui
3310 3953 3418 3993 sua
3447 3936 3814 4010 patrimonia

2151 4026 2446 4099 ignorant,
2473 4025 2573 4097 qui
2602 4026 2809 4082 domos
2842 4025 3235 4082 marmoribus
3258 4025 3535 4095 vestiunt,
3563 4026 3665 4099 qui
3685 4043 3812 4087 uno

2151 4114 2250 4170 ﬁlo
2282 4113 2554 4169 villarum
2600 4114 2846 4170 insuunt
2897 4114 3214 4187 praedia“;
3274 4113 3413 4171 huic
3468 4113 3596 4171 seni
3642 4117 3811 4176 nudo

2154 4259 2332 4331 locum
2362 4257 2628 4328 c/fodere:
2663 4274 2797 4313 mox
2826 4273 3059 4331 quoque
3104 4260 3371 4331 commota
3412 4259 3639 4331 aurium
3686 4274 3812 4319 uno

2152 4330 2327 4385 verbo
2360 4327 2461 4401 pro
2499 4346 2620 4383 cum
2680 4331 2827 4384 motu
2846 4327 2868 4390 ξ’
2916 4327 3063 4384 alter
3108 4327 3292 4383 Vatic.
3339 4327 3634 4400 antiquior
3679 4346 3814 4390 cum

2153 4404 2331 4473 nutu.
2354 4402 2477 4455 Ver.
2506 4402 2857 4473 postulaturi.

2227 4474 2249 4507 θ
2281 4472 2420 4528 Mss.
2453 4470 2575 4545 una
2604 4472 2769 4545 serie.
2807 4473 2868 4545 Ut
2886 4471 2981 4526 ille
3009 4470 3502 4545 animadverteret,-
3532 4476 3590 4528 et
3626 4472 3809 4545 paulo

2155 4548 2287 4618 post
2316 4543 2713 4618 dro’aticani
2747 4544 2856 4598 sibi
2899 4543 3168 4618 seruirent
3196 4559 3300 4614 pro
3328 4544 3501 4618 Deum
3525 4543 3649 4618 esse
3675 4560 3807 4600 sen-

2154 4615 2321 4671 tirent
2340 4633 2362 4676 ,·
2391 4616 2536 4669 alter
2563 4615 2703 4685 quod
2733 4630 2858 4669 eum
2887 4616 3041 4669 muta
3069 4631 3280 4688 quoque
3325 4615 3600 4671 animalia
3625 4619 3799 4674 senti-

2155 4691 2298 4742 rent.
2333 4688 2463 4740 Ver.
2496 4688 2666 4741 Deum
2695 4702 2805 4741 esse
2832 4690 3003 4741 tacet.

2225 4758 2268 4792 ¹⁰
2297 4757 2460 4812 Haud
2492 4764 2643 4811 reste
2675 4763 2799 4811 erat
2828 4760 2885 4831 in
2915 4759 3135 4829 fossam.
3155 4756 3363 4831 Verius
3394 4773 3547 4813 unus
3569 4757 3806 4831 Regina:

2154 4846 2291 4895 ms.,
2326 4831 2554 4899 infossa
2589 4846 2601 4894 ;
2639 4830 2941 4885 verissima
2988 4835 3185 4885 autem
3234 4828 3594 4900 reliquorum
3652 4828 3805 4888 mss.

2154 4900 2323 4955 lectio
2352 4900 2476 4971 visa
2523 4910 2609 4954 est
2666 4902 2933 4971 e/l'ossam,
2983 4901 3203 4959 scilicet
3232 4900 3479 4968 humum,
3512 4904 3620 4957 ctc.
3651 4901 3805 4959 Tum

2154 4972 2313 5030 Ven.
2336 4970 2450 5027 dies
2484 4970 2751 5027 illuxerat
2779 4974 2918 5029 alia.

2226 5043 2263 5076 “
2290 5043 2441 5111 Erat,
2465 5045 2879 5116 lino,quodque
2903 5045 3177 5099 vitiosum
3199 5042 3511 5116 a_Yictorio
3532 5044 3805 5116 notatum

2154 5117 2345 5188 antea,
2371 5116 2591 5187 prwdia
2625 5112 2742 5187 pro
2776 5112 2980 5188 pretia,
3022 5114 3512 5188 peneshMartian,
3571 5112 3809 5188 cui‘so-

2155 5183 2493 5242 lemne—est
2541 5183 2873 5254 Erasmum,
2935 5183 3156 5243 caeteris
3204 5184 3371 5241 libris
3426 5184 3802 5252 inconsultis.

2154 5257 2502 5332 describere.
2565 5259 2951 5332 Hieronymus
3004 5256 3375 5332 vero__locu_m
3413 5257 3807 5332 imitatus__est

2153 5345 2221 5383 ex
2253 5329 2595 5385 Tertulliani
2625 5327 2883 5388 libro'De
2910 5331 3093 5386 Habit.
3124 5328 3398 5397 Muliebr.,
3428 5346 3478 5385 c.
3501 5328 3570 5386 9:
3608 5350 3638 5379 α
3673 5327 3802 5387 Uno

2154 5399 2494 5457 lino‘decies
2525 5403 2859 5457 sestertium
2891 5402 3188 5457 inseritur.
3216 5424 3238 5450 ι
3275 5402 3377 5456 Est
3404 5404 3601 5458 autem
3632 5398 3801 5457 tilum

2155 5472 2250 5547 cui
2282 5474 2613 5547 margaritae
2644 5481 2701 5530 et
2730 5473 3393 5547 gemmzshinseruntur,
3443 5476 3502 5529 et
3555 5469 3803 5547 monilia

2156 5543 2326 5619 ﬁunt.
2358 5543 2569 5619 Veron.
2619 5543 2817 5602 tamen
2875 5550 2933 5601 et
2980 5544 3093 5602 lino
3123 5561 3225 5617 pro
3257 5544 3371 5616 ﬁlo,
3400 5549 3459 5602 et
3480 5545 3665 5618 pretia
3692 5560 3800 5619 pro

2146 5615 2361 5688 pradia
2387 5616 2581 5674 habet.
