3970 6448
201 318 270 388 19
1264 320 1452 400 νινιᾏ
1491 320 1555 388 8.
1601 320 1811 389 HILA]

1965 318 2053 385 us
2098 318 2502 403 EREMITJE.
3148 306 3155 313 ’
3260 296 3271 315 ¹
3502 321 3587 394 ιο

205 459 294 535 [ΑΙ.
316 454 644 533 seminudo]
691 456 836 532 quid
878 474 1140 533 unquam
1188 457 1412 515 defuit?
1438 459 1555 516 Vos
1584 474 1820 533 gemma
1849 460 1906 526 Α
1933 456 2147 530 opibus
2195 472 2453 513 arsuros.
2504 454 2749 526 Parcite,
2793 471 3012 529 quaso,
3061 471 3164 517 vos
3212 454 3320 532 [Αι.
3366 457 3582 532 vobis],

202 548 395 617 bibitis,
425 547 524 604 ille
573 552 792 605 natura;
842 549 1113 606 concavis
1155 549 1432 605 manibus
1475 548 1816 604 satisfecit‘.

201 638 298 696 Vos
324 639 379 694 in
408 638 628 715 tunicis
656 655 866 695 aurum
894 639 1109 708 texitis,
1142 638 1239 695 ille
1288 655 1359 695 ne
1388 637 1656 694 vilissimi
1689 638 1818 710 qui-

204 729 316 784 dem
340 728 749 805 indumentum
777 730 876 785 Ia
920 728 1143 806 habuit,
1174 726 1451 799 mancipii
1479 726 1678 783 vestri.
1706 728 1819 783 Sed

202 833 229 874 θ
268 817 545 874 contrario
590 816 676 873 illi
708 818 1062 891 pauperculo
1111 817 1423 891 paradisus
1478 820 1657 887 patet,
1718 833 1821 872 vos

203 910 413 963 auratos
462 906 730 980 gehenna
785 906 1085 980 suscipiet.
1148 905 1247 961 Ille
1300 909 1520 960 vestem
1579 903 1817 972 Christi,

201 997 376 1053 nudus
428 996 578 1064 licet,
629 1001 826 1052 tamen
874 995 1159 1061 servavit;
1202 1010 1304 1049 vos
1349 992 1542 1049 vestiti
1593 991 1818 1061 sericis,

200 1085 584 1142 indumentum
610 1085 825 1143 Christi
873 1083 1235 1157 perdidistis.
1270 1082 1486 1139 Paulus
1534 1082 1819 1139 vilissimo

201 1175 410 1249 pulvere
437 1181 745 1248 coopertus
767 1177 925 1247 jacet
971 1177 1407 1230 resurrecturus
1439 1171 1498 1226 in
1529 1170 1776 1244 gloriam
1803 1187 1816 1227 :

200 1283 285 1324 vos
309 1281 546 1339 operosa
575 1265 734 1322 saxis
760 1266 783 1300 ²
811 1262 1082 1337 sepulcra
1128 1263 1405 1335 premunt
1446 1276 1581 1316 cum
1613 1258 1822 1315 vestris

259 1441 275 1474 ¹
301 1438 425 1494 Vid.
458 1437 614 1494 infra
641 1435 745 1493 lib.
779 1452 821 1492 ιι
852 1435 1053 1505 Contra
1097 1434 1377 1491 Jovinian.
1409 1435 1466 1487 et
1496 1431 1818 1505 Laertium,

200 1510 533 1590 in_D_iogene.
568 1509 702 1564 Mox
732 1508 846 1563 duo
878 1522 1046 1570 mss.,
1084 1507 1303 1590 ηῃηίσίδ
1333 1520 1470 1590 auro
1500 1504 1683 1590 textis.

256 1583 276 1617 ³
300 1574 533 1653 Αιῗδαωί
561 1596 743 1653 quam
772 1595 973 1653 vocem
1005 1574 1240 1653 peditus
1273 1575 1555 1653 omittunt
1585 1574 1709 1630 alii.

256 1654 278 1689 ³
300 1646 601 1721 Veronen.,
634 1668 759 1708 cum
786 1646 1165 1718 meritis'suis,
1197 1649 1257 1703 in
1289 1646 1428 1721 aliis
1449 1662 1583 1721 cum
1614 1646 1819 1716 regnis,

194 1741 286 1798 pro
304 1727 477 1798 pomis
521 1718 796 1781 Martian.
846 1727 1168 1794 utrumque
1214 1718 1479 1776 attoxuit.
1532 1718 1820 1775 Cazterum

1928 546 2147 619 parcite
2177 546 2387 602 saltem
2417 545 2637 603 divitiis
2668 562 2816 619 quas
2837 546 3071 604 amatis.
3096 550 3211 604 Cur
3234 552 3291 604 et
3312 553 3579 606 mortuos

1927 640 2152 692 vestros
2198 636 2420 691 auratis
2466 635 2771 692 obvolvitis
2817 636 3125 693 vestibus?
3184 654 3290 693 cur
3336 638 3579 694 ambitio

1930 724 2083 781 inter
2111 724 2305 780 luctus
2326 723 2731 797 lacrymasque
2759 743 2876 781 non
2908 725 3140 782 cessat?
3178 728 3265 783 An
3296 729 3579 784 cadavera

1931 814 2178 870 divitum
2206 813 2320 869 nisi
2350 814 2409 869 in
2441 813 2625 870 serico
2655 819 2985 887 putrescere
3016 816 3335 873 nesciunt?

2002 904 2088 958 18.
2124 901 2396 967 Obsecro,
2431 902 2770 976 quicunque
2798 904 2920 961 haec
2950 904 3118 978 legis,
3144 909 3208 961 ut
3238 906 3574 980 Hieronymi

1931 990 2250 1066 peccatoris
2280 991 2658 1060 memineris;
2720 993 2813 1049 cui
2863 993 2911 1050 si
2955 996 3237 1051 Dominus
3281 996 3579 1068 optionem

1931 1084 2115 1148 daret,
2149 1079 2334 1136 multo
2356 1080 2546 1153 magis
2567 1081 2807 1153 eligeret
2826 1083 3090 1139 tunicam
3113 1083 3275 1139 Pauli
3297 1101 3433 1140 cum
3463 1101 3572 1140 me-

1932 1172 2061 1227 ritis
2117 1170 2265 1241 ejus,
2325 1186 2503 1241 quam
2577 1188 2782 1245 regum
2843 1190 3137 1246 purpuras
3197 1190 3331 1230 cum
3390 1174 3579 1246 pcenis

1932 1261 2112 1317 suis“.

1930 1428 2114 1484 Vatic.
2149 1446 2304 1484 unus
2326 1428 2447 1484 haec
2478 1429 2548 1483 ad
2581 1430 2757 1486 ﬁnem
2798 1430 2995 1487 addit:
3033 1456 3061 1484 «
3095 1432 3249 1490 Finit
3278 1434 3397 1490 vita
3427 1435 3581 1493 beati

1933 1500 2096 1579 Pauli
2120 1500 2409 1579 Monachi,
2444 1518 2623 1572 quam
2655 1502 2892 1579 scripsit
2921 1503 3311 1579 Hieronymus
3342 1508 3579 1579 presby-

1931 1577 2037 1639 ter,
2071 1573 2179 1650 ’ςυΔὶ
2216 1573 2484 1650 (uitiante
2528 1573 2797 1650 sanctum
2843 1573 3184 1650 Antonium,
3237 1573 3583 1650 que-miipse

1931 1643 2287 1728 sepelivit‘in
2321 1648 2549 1726 Eremo.
2733 1648 3195 1728 nunquamfuit
3240 1643 3301 1703 i'n
3332 1643 3580 1706 civitati-

1932 1715 2063 1801 bus,
2099 1721 2411 1788 postquam
2443 1715 2503 1771 in
2536 1715 2853 1774 solitudine
2882 1715 3146 1776 moratus
3178 1728 3285 1777 est.
3319 1743 3348 1772 »

193 1953 3590 1983 Μ

1016 2044 1466 2183 ’νΙΤΑί
1566 2087 1657 2181 s.
1744 2083 2687 2181 HILARIONIS.

191 2455 427 2515 Hilarion
457 2454 806 2527 monachus,
836 2430 1176 2527 'l‘habathes.
1210 2448 1526 2527 Palaestina
1554 2445 1700 2527 vico,
1732 2445 1921 2526 ortus,
1953 2458 2031 2527 ac
2044 2444 2251 2527 magni
2280 2445 2515 2527 Antpnii
2547 2447 3173 2527 discipulusuquanta
3221 2451 3579 2527 abstinentia

248 2513 319 2585 ac
354 2513 664 2585 sanctitate
686 2513 865 2582 vitam
914 2524 1164 2589 duxerit,
1196 2521 1573 2597 quantisque
1605 2514 1876 2597 etiamin
1927 2513 2242 2597 solitudine
2295 2516 2634 2575 inclaruerit
2684 2513 3007 2593 miraculis,
3040 2524 3274 2597 copiose
3297 2524 3578 2582 describit

248 2600 649 2674 Hieronymus,
681 2597 743 2655 in
774 2613 957 2670 eoque
987 2585 1284 2668 exemplar
1311 2585 1548 2667 perfecti
1578 2585 1853 2645 monachi
1882 2585 2176 2658 proponit.

776 2748 1157 2806 PROLOGUS
1169 2749 1210 2803 ⁸.

244 2915 292 2971 1.
321 2914 665 2987 Scripturus
711 2911 904 2968 Vitam
935 2909 1091 2966 beati
1140 2906 1478 2975 Hilarionis,
1523 2903 1817 2960 habitato-

184 3016 291 3061 rem
338 3004 465 3077 ejus
515 3002 717 3059 invoco
772 3000 1061 3074 Spiritum
1114 3002 1426 3065 sanctum;
1471 2999 1537 3050 ut
1592 2993 1693 3067 qui
1731 2990 1818 3046 illi

180 3091 405 3149 virtutes
453 3091 708 3165 largitus
738 3093 845 3159 est,
878 3089 1021 3145 mihi
1054 3088 1127 3145 ad
1174 3087 1499 3144 narrandas
1544 3100 1645 3141 eas
1691 3099 1818 3138 ser-

183 3196 395 3239 monem
424 3182 673 3249 tribuat,
704 3184 773 3237 ut
818 3179 969 3236 facta
997 3178 1172 3235 dictis
1192 3174 1813 3249 exaequenturEorum

181 3271 321 3328 enim
374 3273 477 3345 qui
539 3271 746 3341 fecere,
798 3269 985 3324 virtus
1041 3269 1131 3341 (ut
1170 3267 1270 3330 ait
1325 3265 1588 3337 Crispus)
1650 3267 1818 3319 tanta

180 3358 425 3430 habetur,
460 3365 757 3436 quantum
785 3360 808 3394 ³
854 3375 983 3416 eam
1036 3357 1231 3413 verbis
1263 3362 1503 3429 potuere
1545 3353 1816 3410 extollere

180 3450 434 3521 praclara
500 3448 758 3523 ingenia.
834 3448 1161 3504 Alexander
1239 3447 1489 3516 Magnus
1552 3443 1813 3507 Macedo,

180 3554 336 3611 quem
390 3539 479 3597 vel
557 3539 797 3595 arietem
855 3539 897 3604 ‘,
954 3535 1045 3593 vel
1102 3537 1375 3608 pardum,
1437 3533 1525 3590 vel
1583 3533 1814 3588 hircum

178 3642 467 3700 caprarum
497 3627 709 3685 Daniel
739 3631 924 3696 vocat,
958 3642 1094 3682 cum
1137 3626 1210 3682 ad
1238 3623 1483 3681 Achillis
1514 3622 1813 3679 tumulum

178 3718 517 3789 pervenisset
545 3735 559 3775 :
596 3716 845 3774 Felicem
877 3722 933 3772 te
964 3716 1007 3782 ⁸,
1040 3715 1145 3783 ait,
1169 3713 1422 3787 juvenis,
1467 3713 1566 3786 qui
1599 3728 1813 3785 magno

177 3804 367 3865 frueris
411 3810 526 3882 [Αι.
583 3805 818 3879 fruaris]
851 3821 1113 3879 praecone
1163 3803 1543 3860 meritorum!
1604 3803 1812 3860 Home-

176 3909 291 3953 rum
317 3897 592 3955 videlicet
619 3895 980 3970 signiﬁcans.
1013 3895 1190 3951 Porro
1221 3893 1367 3949 mihi
1398 3893 1543 3950 tanti
1580 3909 1645 3949 ac
1677 3892 1815 3948 talis

175 3983 271 4042 viri
324 3985 693 4044 conversatio
729 3986 838 4058 [Αι.
870 3984 1214 4055 conversio].
1261 3983 1513 4055 Vitaque
1563 3983 1812 4039 dicenda

173 4079 267 4141 est,
295 4081 358 4133 ut
387 4079 679 4134 Homerus
727 4091 960 4149 quoquc
989 4074 1037 4130 si
1089 4075 1340 4142 adesset,
1391 4073 1478 4130 vel
1527 4073 1814 4129 invideret

176 4166 429 4236 materiae,
462 4164 559 4223 vel
591 4166 1022 4221 succumberet.
1066 4163 1415 4235 Quanquam
1448 4163 1605 4218 enim
1640 4179 1810 4219 sanc-

173 4255 255 4309 tus
297 4254 668 4328 Epiphanius
730 4253 1041 4312 Salamina:
1091 4253 1262 4324 Cypri
1320 4251 1656 4325 episcoPus,
1710 4251 1809 4324 qui

173 4357 292 4399 cum
344 4344 650 4402 Hilarione
704 4342 1032 4416 plurimum
1093 4345 1360 4398 versatus
1418 4347 1529 4410 est,
1578 4340 1813 4398 laudem

174 4431 286 4502 ejus
303 4434 461 4491 brevi
490 4433 745 4508 epistola
773 4431 1138 4505 scripserit“,
1185 4448 1313 4504 quae
1345 4430 1518 4504 vulgo
1549 4430 1767 4504 legitur
1792 4449 1807 4499 ;

173 4521 348 4578 tamen
379 4522 545 4580 aliud
580 4527 671 4579 est
701 4521 847 4578 locis
877 4519 1297 4577 communibus
1327 4519 1568 4576 laudare
1600 4521 1812 4576 defun-

171 4613 330 4683 ctum,
379 4613 541 4670 aliud
591 4611 852 4669 defuncti
919 4610 1188 4685 proprias
1246 4626 1483 4665 narrare
1538 4610 1806 4665 virtutes.

230 4755 243 4788 '
273 4756 500 4815 Scripta
528 4757 670 4815 circ.
703 4772 777 4812 an
807 4755 933 4811 390.

226 4826 333 4908 {In
379 4824 535 4908 Yitis
592 4825 1140 4908 Patrum__Prologo
1183 4824 1400 4908 _i_stha:_c
1432 4825 1809 4908 praeponitur

171 4894 500 4957 obtestatio:
537 4922 568 4950 ‹‹
604 4900 669 4957 In
699 4899 918 4956 sanctis
950 4894 1316 4954 orationibus
1364 4894 1479 4953 tuis
1512 4894 1806 4955 memento

171 4969 289 5045 mei.
316 4972 498 5045 decus
528 4976 590 5028 et
619 4971 877 5045 dignitas
906 4971 1224 5045 virginum,
1258 4969 1476 5045 Nonne.
1506 4968 1740 5045 Asella;
1775 4993 1805 5022 η

168 5044 324 5115 atque
352 5044 508 5122 adeo,
529 5044 592 5100 in
625 5039 739 5099 fine
781 5043 923 5122 Vita:
950 5058 963 5098 :
998 5039 1026 5092 ἆ
1061 5041 1299 5122 thqut
1327 5039 1390 5122 in
1420 5039 1650 5122 Christo
1681 5060 1806 5122 per-

168 5113 407 5184 maneas,
460 5120 520 5173 et
579 5131 805 5171 memor
851 5115 911 5171 in
963 5113 1327 5170 oratiOnihus
1376 5113 1495 5168 tuis
1551 5114 1634 5169 sis
1666 5113 1801 5183 mei,

166 5182 306 5257 Virgo
354 5182 782 5244 sacratissima.
817 5209 837 5237 ι
883 5187 1030 5242 Hinc
1077 5184 1567 5257 Asellzcinscribi
1619 5185 1801 5241 histo-

169 5253 295 5314 riam
326 5258 432 5316 abs
480 5256 1142 5342 Hieronymounonnuili
1186 5255 1453 5342 arbitrati
1486 5262 1647 5325 sunt,
1677 5260 1800 5328 sed,

168 5340 503 5403 ruinaeque
533 5330 598 5403 in
632 5327 765 5387 aliis
784 5330 979 5403 editis,
1010 5345 1198 5403 neque
1228 5329 1287 5384 in
1335 5327 1470 5383 ullis
1502 5345 1646 5385 mss.
1680 5327 1802 5403 vere

168 5397 227 5454 ba
250 5400 345 5457 illa
372 5397 772 5470 inveniantur,
802 5397 1145 5459 nihil'vide'o
1202 5417 1304 5474 pro
1336 5404 1491 5456 certo
1522 5401 1797 5466 constitui

167 5485 467 5628 ?O:SY%cmr.
507 5547 758 5628 uirtutes,
807 5554 890 5628 ut_
915 5548 997 5603 ait
1012 5544 1495 5628 _Crispu.s,'§gfltq_
1530 5544 1800 5628 ζιᾳὺεριέᾳν

358 5624 660 5746 gurgitum,
708 5623 818 5676 etc.
876 5617 1031 5675 haud
1065 5613 1240 5675 recte.
1291 5613 1423 5672 Vid.
1460 5615 1700 5674 Sallust.
1738 5619 1796 5674 in

293 5707 408 5747 ..c.
485 5733 498 5746 .

293 5733 328 5763 .,
356 5707 408 5747 ο.
441 5707 498 5746 δ.

1851 2739 1899 2805 Β
1929 2738 2092 2796 Unde
2149 2745 2207 2797 et
2251 2759 2359 2799 nos
2416 2744 2608 2802 favore
2660 2747 2848 2820 magis
2878 2747 3058 2817 illius,
3109 2766 3287 2822 quam
3337 2750 3579 2823 injuria,

1929 2834 2184 2902 cceptum
2234 2833 2308 2888 ab
2356 2849 2424 2889 eo
2475 2850 2622 2907 opus
2669 2838 3094 2909 aggredientes,
3156 2838 3579 2899 maledicorum
3632 2844 3635 2845 ⁷

1928 2935 2095 2975 voces
2127 2922 2599 2980 contemnimus:
2640 2927 2742 2998 qui
2791 2926 2930 2983 olim
2982 2928 3358 2987 detrahentes
3401 2931 3579 2987 Paulo

1929 3026 2078 3079 meo,
2136 3028 2293 3069 nunc
2343 3013 2489 3070 forte
2544 3014 2856 3073 detrahent
2912 3022 2971 3074 et
3025 3018 3344 3075 Hilarioni:
3405 3018 3577 3075 illum

1928 3098 2265 3157 solitudinis
2306 3102 2669 3172 calumniati,
2729 3105 2869 3162 huic
2914 3107 3257 3179 objicientes
3305 3110 3577 3181 frequen-

1926 3188 2066 3243 tiam
2097 3195 2199 3246 :ut
2237 3192 2336 3264 qui
2386 3210 2620 3267 semper
2660 3194 2853 3261 latuit,
2886 3213 2999 3251 non
3052 3199 3156 3254 14
3202 3197 3424 3265 fuisse;
3477 3196 3582 3269 qui

1927 3294 1961 3332 a
2009 3277 2213 3335 multis
2267 3281 2430 3337 visus
2485 3288 2596 3350 est,
2648 3284 2779 3339 vilis
2834 3284 3228 3343 existimetur.
3295 3286 3582 3342 Fecerunt

1926 3366 2035 3422 hoc
2067 3372 2155 3423 est
2186 3371 2439 3441 majores
2468 3388 2670 3428 eorum
2694 3375 2992 3445 quondam
3021 3375 3325 3443 Pharisai,
3357 3376 3578 3449 quibus

1927 3473 2033 3512 nec
2086 3458 2332 3516 Joannis
2383 3476 2616 3517 eremus
2675 3480 2741 3518 ac
2803 3464 3125 3536 jejunium,
3185 3479 3289 3520 nec
3347 3463 3586 3521 Domini

1925 3546 2244 3605 Salvatoris
2284 3551 2490 3615 turbae,
2523 3553 2659 3621 cibi,
2709 3558 3002 3627 potusque
3051 3554 3417 3628 placuerunt.
3463 3554 3577 3611 Ve-

1925 3650 2058 3690 rum
2086 3636 2376 3693 destinato
2406 3641 2565 3712 operi
2598 3642 2898 3714 imponam
2932 3660 3197 3710 manum,
3229 3647 3288 3700 et
3317 3642 3584 3717 Scylleos

1925 3740 2100 3781 canes
2129 3727 2403 3785 obturata
2432 3730 2540 3802 [Αι.
2574 3731 2886 3804 obdurata]
2921 3749 3062 3789 aure
3092 3732 3377 3790 transibo.

2507 3873 2768 3932 INCIPIT
2807 3875 2999 3932 VITA.

1994 3980 2046 4033 2.
2098 3978 2398 4037 Hilarion"
2440 3980 2606 4038 ortus
2652 3983 2777 4039 vico
2827 3983 3153 4052 Thabatha,
3195 3983 3299 4057 qui
3341 3983 3575 4041 circiter

1843 4115 1887 4183 Ο
1924 4068 2186 4141 quinque
2216 4070 2402 4127 millia
2433 4088 2467 4126 a
2494 4073 2646 4129 Gaza
2672 4073 2817 4129 urbe
2846 4072 3152 4130 Palestina:
3182 4074 3255 4130 ad
3284 4075 3568 4132 Austrum

1924 4156 2072 4183 -ει.--
2121 4162 2201 4183 -..ι
2278 4175 2404 4183 ---μ
2461 4160 2699 4183 ι..1--..Αι
2759 4166 3027 4183 ..ᾏ--..Α--
3086 4162 3257 4183 :j_I!_
3321 4163 3539 4183 ,ΞᾼΔΞι-κν

1924 4156 2074 4215 situs
2116 4162 2224 4224 est,
2274 4175 2410 4215 cum
2461 4160 2703 4217 haberet
2759 4166 3030 4234 parentes
3086 4162 3260 4219 idolis
3313 4163 3566 4233 deditos,

1924 4264 2077 4319 rosa,
2112 4252 2176 4304 ut
2206 4248 2440 4320 dicitur,
2472 4249 2543 4305 de
2573 4250 2761 4322 spinis
2793 4251 3008 4308 ﬂoruit.
3036 4254 3083 4308 A
3113 4252 3332 4325 quibus
3352 4252 3575 4311 missus

1920 4338 2355 4407 Alexandriam,
2423 4340 2810 4411 grammatico
2866 4341 3121 4398 traditus
3175 4346 3312 4398 est:
3375 4343 3575 4415 ibique

1922 4434 2212 4499 quantum
2253 4428 2354 4485 illa
2395 4429 2727 4501 patiebatur
2771 4435 2932 4499 mtas,
2983 4447 3201 4504 magna
3246 4431 3471 4506 ingenii
3519 4437 3578 4488 et

1924 4535 2153 4574 morum
2185 4519 2538 4576 documenta
2569 4520 2819 4592 praebuit
2840 4538 2855 4590 ;
2879 4521 2940 4577 in
2972 4521 3128 4577 brevi
3155 4521 3371 4579 charus
3394 4522 3583 4579 omni-

1922 4609 2033 4664 bus
2062 4613 2118 4665 et
2162 4608 2439 4682 loquendi
2472 4613 2593 4665 arte
2631 4626 2875 4683 gnarus.
2922 4611 3205 4685 Quodque
3256 4610 3350 4668 his
3380 4612 3578 4683 majus

1989 4755 2012 4787 ‘
2042 4752 2167 4809 Duo
2200 4753 2463 4826 Vaticani
2515 4752 2698 4826 bellua
2745 4770 2849 4826 pro
2901 4753 3152 4821 arietem,
3184 4770 3312 4825 quas
3356 4768 3468 4809 vox
3514 4750 3574 4808 in

1917 4824 2030 4881 alio
2062 4826 2188 4881 cod.
2226 4825 2443 4880 rectius
2474 4824 2787 4880 omittitur.

1986 4898 2008 4933 ⁵
2036 4898 2269 4953 Felicem
2297 4900 2368 4952 te.
2409 4896 2600 4952 Codex
2631 4913 2742 4951 ms.
2796 4896 3079 4953 Avenion.
3129 4896 3364 4951 Felicem
3388 4902 3439 4952 te
3464 4896 3575 4961 ais,

1915 4971 2206 5041 ojuvem's.
2231 4976 2338 5024 etc.
2373 4969 2533 5024 Idem
2584 4970 2833 5024 refertur
2875 4969 2946 5024 ab
3000 4968 3236 5041 Ariano,
3290 4967 3449 5041 lib.1
3500 4968 3579 5041 De

1913 5037 2074 5097 rebus
2102 5044 2264 5110 gestis
2293 5042 2363 5096 ab
2393 5041 2703 5096 Alexandro
2746 5041 2958 5112 Magno,
2988 5046 3046 5112 et
3076 5057 3109 5095 a
3132 5037 3480 5112 Plutarcho,
3514 5040 3575 5095 in

1913 5109 2456 5169 Alexandro.Vcrba
2477 5112 2785 5168 Alexandri
2819 5109 2972 5185 apud
2997 5109 3312 5185 Vopiscum
3356 5110 3415 5166 in
3438 5111 3576 5167 Pro-

1915 5187 1986 5242 bo
2012 5203 2025 5241 :
2052 5209 2078 5235 «
2120 5185 2371 5240 Felicem
2410 5185 2724 5256 te,inquit,
2762 5181 3017 5256 juvenis,
3050 5181 3150 5256 qui
3203 5181 3384 5239 talem
3434 5199 3583 5257 prae-

1913 5274 2115 5315 conem
2149 5262 2389 5312 tuarum
2420 5257 2702 5312 virtutum
2729 5256 3018 5328 reperisti.
3056 5279 3081 5307 ››

1982 5332 2003 5411 ξ
2036 5331 2280 5411 @tatem
2315 5346 2430 5411 non
2469 5328 2606 5411 tulit
2640 5324 2836 5383 isthafc
2867 5326 3178 5411 Epip‘hanii
3209 5324 3477 5411 epistola:

1984 5403 2003 5437 ⁷
2052 5401 2452 5458 Conferendus
2529 5406 2885 5455 Sozomenus
2916 5398 2927 5400 θ
2962 5398 3060 5455 lih.
3120 5415 3208 5467 Ill,
3250 5398 3393 5470 'cap.
3454 5398 3516 5453 14
3558 5415 3570 5453 :

1910 5484 2075 5546 Τούτῳ
2132 5480 2412 5545 (Ἱλαρίωνι)
2460 5481 2630 5544 πατρῖς
2686 5481 2775 5542 μὲν
2829 5476 2893 5540 ἦν
2960 5480 3177 5540 Θαὸαϐὰ,
3233 5480 3378 5540 κώμη
3455 5478 3575 5542 πρὸς

1907 5555 2048 5605 νότον
2076 5570 2130 5617 γε
2172 5553 2325 5611 Γάζης
2354 5551 2599 5613 κειμένης
2650 5548 2707 5598 et
2755 5559 2909 5613 mox,
2954 5552 3278 5617 γραμματιιῷ
3305 5550 3357 5599 δὲ
3399 5552 3577 5614 φοιτῶν

1910 5629 1961 5673 ὲν
1990 5624 2349 5689 Ἀλεξανδρείᾳ,
2382 5624 2491 5670 etc.
