3970 6486
345 327 424 400 3i
1581 327 1646 392 S.
1690 324 2008 392 EUSEBII
2043 323 2510 390 HIERONYMI.
3665 327 3746 394 ω

345 475 436 530 est
478 472 774 544 omnibus,
807 471 1051 531 credens
1106 467 1167 528 in
1219 469 1533 532 Dominum
1585 473 1818 540 Jesum,
1870 485 1985 529 non
2016 463 2072 530 Α
2102 468 2388 519 sueverat.
2422 463 2570 529 Quid
2607 463 2714 537 [AL
2760 461 3107 521 mansitans.
3155 462 3328 536 Quid]
3371 463 3587 522 faceret
3614 463 3743 523 dia-

344 563 481 622 circi
516 564 833 632 furoribus,
867 581 981 621 non
1031 580 1218 621 arena
1270 563 1577 636 sanguine,
1610 581 1725 619 non
1773 562 1987 619 theatri

343 653 579 710 luxuria
625 653 1052 711 delectabatur:
1115 656 1215 710 sed
1269 659 1390 710 tota
1446 654 1529 709 illi
1574 653 1843 710 voluntas
1875 653 1980 725 [AL

340 743 630 816 voluptas]
661 745 721 799 in
751 743 1016 800 Ecclesia
1047 747 1168 799 erat
1197 744 1660 817 congregatione.

413 833 466 889 3.
500 833 755 890 Audiens
804 839 1000 890 autem
1033 839 1173 890 tunc
1223 834 1445 891 celebre
1492 851 1702 890 nomen
1725 835 1983 901 Antonii,

343 923 497 994 quod
531 940 633 996 per
663 940 870 979 omnes
901 921 1128 997 Egypti
1159 924 1405 998 populos
1436 925 1747 993 ferebatur,
1783 925 1984 979 incen-

341 1027 443 1068 sus
472 1011 699 1067 visendi
738 1012 864 1082 ejus
906 1013 1121 1080 studio,
1173 1013 1422 1085 perrexit
1469 1014 1540 1069 ad
1582 1029 1867 1069 eremum.
1914 1013 1984 1068 Et

341 1101 540 1156 statim
573 1103 637 1155 ut
667 1117 801 1155 eum
830 1101 993 1163 vidit,
1030 1106 1253 1157 mutato
1297 1102 1540 1173 pristino
1582 1102 1809 1170 habitu,
1843 1102 1982 1158 duo-

340 1191 453 1246 bus
485 1190 606 1263 [ms.
640 1189 851 1261 tribus}
877 1190 976 1246 15
1001 1190 1116 1245 fere
1146 1191 1634 1263 mensibusjuxta
1662 1207 1798 1247 eum
1821 1208 1984 1247 man-

340 1277 436 1345 sit,
500 1278 906 1351 contemplans
953 1279 1217 1335 ordinem
1276 1280 1406 1336 vita
1447 1281 1577 1351 ejus
1633 1296 1983 1351 morumque

342 1367 684 1440 gravitatem
725 1383 946 1439 :quam
991 1368 1191 1423 creber
1237 1369 1297 1424 in
1333 1369 1615 1437 oratione,
1650 1385 1826 1442 quam
1872 1369 1980 1423 hu-

341 1455 499 1512 milis
557 1457 614 1510 in
674 1455 1064 1528 suscipiendis
1112 1457 1413 1524 fratribus,
1448 1475 1682 1515 severus
1744 1458 1802 1514 in
1856 1475 1980 1514 cor-

337 1544 638 1616 ripiendis,
688 1544 880 1602 alacer
907 1545 967 1601 in
999 1546 1378 1603 exhortandis
1421 1553 1613 1604 esset:
1660 1553 1717 1604 et
1749 1553 1812 1604 ut
1843 1565 1977 1604 con-

334 1633 664 1697 tinentiam,
697 1634 930 1706 cibique
962 1636 1090 1706 ejus
1121 1637 1493 1709 asperitatem
1527 1638 1687 1694 nulla
1716 1654 1977 1710 unquam

337 1722 653 1778 infirmitas
712 1723 1021 1795 frangeret.
1085 1725 1261 1780 Porro
1313 1727 1698 1797 frequentiam
1752 1744 1975 1793 eorum,

2095 552 2309 612 belus?
2366 569 2480 627 quo
2537 569 2600 611 se
2656 554 2940 612 verteret?
2995 554 3103 622 Qui
3167 553 3530 628 gloriabatur
3584 560 3744 625 ante,

2095 646 2333 701 dicens:
2385 648 2444 702 In
2525 647 2719 701 ccelum
2771 644 3081 714 ascendam,
3147 661 3309 716 super
3377 645 3559 702 sidera
3616 647 3746 703 caeli

2089 753 2291 808 ponam
2322 737 2579 792 thronum
2602 753 2807 805 meum,
2839 741 2890 792 et
2920 752 3011 792 ero
3055 735 3259 792 similis
3286 735 3568 793 Altissimo
3601 735 3742 807 (ιω.

2093 842 2206 892 xxv,
2241 826 2354 899 14,)
2383 825 2655 881 cernebat
2693 841 2754 881 se
2781 825 2933 880 vinci
2981 841 3014 880 a
3055 841 3256 897 puero,
3289 829 3345 880 et
3373 824 3538 897 prius
3563 824 3637 882 ab
3673 841 3744 882 eo

2092 915 2379 972 calcatum
2411 915 2611 983 fuisse,
2645 932 2823 988 quam
2855 932 2958 988 per
2982 919 3209 972 atatem
3242 931 3480 988 peccare
3508 915 3740 988 potuis-

2158 1010 2198 1060 t.

2091 1023 2265 1153 86:6
2295 1097 2349 1152 5.
2400 1095 2702 1153 Titillabat
2734 1097 2755 1130 ⁸
2810 1096 3006 1168 itaque
3063 1111 3274 1151 sensus
3326 1095 3476 1166 ejus,
3525 1097 3584 1156 et
3628 1109 3741 1166 pu-

2091 1185 2351 1243 bescenti
2383 1185 2609 1256 corpori
2640 1184 2812 1241 solita
2837 1183 3204 1256 voluptatum
3227 1183 3501 1240 incendia
3530 1198 3746 1256 sugge-

2089 1276 2277 1332 rebat.
2316 1275 2640 1346 Cogebatur
2668 1273 3000 1330 tirunculus
3030 1272 3248 1329 Christi
3293 1273 3550 1345 cogitare
3580 1273 3740 1346 quod

2048 1401 2049 1404 η
2091 1364 2404 1430 nesciebat,
2437 1368 2492 1418 et
2514 1365 2640 1434 ejus
2672 1363 2752 1419 rei
2776 1362 2974 1418 animo
2997 1378 3274 1435 pompam
3298 1361 3544 1430 volvere,
3564 1363 3741 1434 cujus

2090 1454 2487 1524 experimenta
2546 1470 2661 1509 non
2713 1455 2972 1508 noverat.
3030 1452 3219 1508 Iratus
3268 1451 3464 1523 itaque
3495 1451 3628 1520 sibi,
3683 1456 3745 1507 et

2088 1547 2291 1615 pectus
2315 1543 2530 1616 pugnis
2580 1542 2896 1598 verberans
2927 1543 3121 1614 (quasi
3171 1540 3554 1614 cogitationes
3583 1539 3742 1596 cade

2090 1649 2302 1688 manus
2347 1637 2542 1705 posset
2596 1631 2957 1703 excludere):
3009 1631 3178 1704 Ergo,
3231 1630 3446 1701 inquit,
3486 1628 3663 1687 aselle
3693 1631 3740 1697 ⁸,

2089 1721 2320 1788 faciam,
2354 1724 2420 1776 ut
2441 1737 2556 1776 non
2587 1719 2888 1776 calcitres:
2925 1736 3032 1776 nec
3071 1725 3127 1776 te
3169 1719 3388 1775 hordeo
3423 1718 3598 1788 alam,
3630 1719 3742 1776 sed

339 1811 441 1882 qui
499 1811 568 1865 ad
628 1827 760 1866 eum
810 1813 882 1868 ob
930 1813 1118 1869 Varias
1164 1815 1504 1886 passiones'
1564 1822 1666 1872 aut
1723 1817 1979 1889 impetus
2013 1836 2059 1900 Β
2091 1810 2294 1882 paleis.
2351 1810 2523 1865 Fame
2552 1815 2608 1865 te
2655 1809 2963 1864 conficiam
3015 1814 3072 1864 et
3121 1808 3252 1864 siti:
3288 1807 3449 1881 gravi
3480 1807 3739 1864 onerabo

338 1899 673 1955 damonum
724 1902 1168 1970 concurrebant,
1219 1903 1374 1959 ultra
1417 1921 1532 1959 non
1585 1906 1814 1962 ferens:
1876 1922 1974 1962 nec

2096 1899 2379 1970 pondere;
2414 1915 2517 1971 per
2545 1903 2724 1953 astus
2762 1897 3053 1970 indagabo
3083 1901 3141 1953 et
3169 1897 3407 1968 frigora,
3446 1901 3509 1953 ut
3537 1897 3742 1955 cibum

337 2003 666 2060 congruum
698 2005 826 2044 esse
855 1989 1096 2052 ducens,
1128 1992 1243 2062 pati
1278 1993 1336 2047 in
1387 2009 1582 2049 eremo
1623 1995 1869 2066 populos
1900 1997 1980 2051 ci-

335 2075 617 2132 vitatum:
679 2077 879 2148 sicque
934 2078 1046 2134 sibi
1107 2081 1295 2148 magis
1353 2081 1751 2153 incipiendum
1827 2100 1977 2153 esse,

335 2169 401 2221 ut
430 2164 701 2237 coepisset
729 2167 1057 2232 Antonius;
1111 2168 1276 2225 illum
1321 2172 1489 2242 quasi
1539 2172 1726 2228 virum
1770 2174 1978 2230 fortem

333 2252 588 2310 victoria
648 2254 888 2326 pramia
943 2257 1242 2328 accipere:
1306 2276 1366 2315 se
1425 2261 1675 2315 necdum
1729 2261 1978 2319 militare

334 2343 615 2416 coepisse;
650 2361 914 2400 reversus
961 2349 1048 2399 est
1089 2362 1220 2400 cum
1267 2348 1618 2419 quibusdam
1673 2351 1976 2407 monachis

332 2432 405 2488 ad
437 2433 724 2504 patriam;
776 2437 833 2488 et
871 2434 1212 2505 parentibus
1233 2437 1358 2506 jam
1409 2437 1724 2506 defunctis,
1750 2443 1974 2510 partem

331 2521 672 2578 substantia
702 2523 1002 2592 fratribus,
1051 2529 1274 2595 partem
1321 2527 1679 2597 pauperibus
1731 2526 1975 2600 largitus

331 2615 440 2676 est,
468 2611 612 2665 nihil
643 2611 754 2666 sibi
804 2613 1043 2667 omnino
1088 2630 1411 2678 reservans,
1461 2619 1518 2670 et
1563 2615 1778 2673 timens
1828 2618 1973 2674 illud

332 2697 404 2754 de
430 2698 670 2755 Actibus
697 2699 1128 2771 Apostolorum,
1178 2703 1413 2757 Ananiae
1461 2708 1518 2758 et
1561 2705 1856 2776 Sapphira
1886 2707 1975 2762 vel

330 2787 684 2858 exemplum,
736 2788 823 2844 vel
875 2789 1270 2861 supplicium:
1326 2791 1692 2865 maximeque
1742 2793 1975 2850 Domini

331 2893 574 2944 memor,
626 2876 901 2932 dicentis:
959 2878 1064 2945 Qui
1117 2895 1228 2934 non
1274 2883 1674 2938 renuntiaverit
1723 2885 1974 2939 omnibus

327 2981 449 3038 quae
507 2964 686 3032 habet,
740 2981 851 3021 non
889 2975 1060 3038 potest
1100 2985 1254 3023 meus
1304 2985 1414 3024 esse
1467 2970 1770 3042 discipulus
1821 2974 1968 3042 (Luc.

328 3069 445 3122 xxv,
479 3055 592 3126 33).
628 3056 762 3110 Erat
792 3060 987 3111 autem
1018 3061 1157 3112 tunc
1187 3075 1473 3113 annorum
1498 3060 1850 3130 quindecim.
1879 3062 1972 3118 Sic

328 3143 544 3210 nudus,
603 3147 660 3199 et
705 3149 969 3200 armatus
1016 3144 1073 3200 in
1107 3144 1354 3212 Christo,
1405 3147 1800 3210 solitudinem.
1846 3169 1971 3222 qua

327 3231 386 3287 in
417 3232 668 3304 septimo
702 3232 975 3289 milliaria
1007 3251 1039 3290 a
1072 3234 1368 3306 Majoma'
1397 3237 1556 3292 Gaza
1589 3239 1846 3310 emporio
1873 3259 1974 3312 per
2003 3204 2046 3271 C

324 3319 492 3376 littus
521 3322 796 3377 euntibus
857 3324 1190 3395 Egyptum,
1225 3326 1294 3379 ad
1325 3325 1526 3381 lavam
1578 3328 1848 3394 ﬂectitur,
1884 3331 1970 3385 in-

324 3424 566 3480 gressus
620 3415 726 3466 est.
778 3411 1043 3482 Cumque
1109 3417 1308 3467 essent
1361 3421 1602 3471 cruenta
1652 3415 1972 3475 latrociniis

328 3497 476 3563 loca,
510 3503 566 3553 et
595 3498 908 3570 propinqui
954 3499 1243 3572 amicique
1293 3502 1420 3571 ejus
1455 3502 1770 3560 imminens
1815 3507 1970 3577 peri-

325 3585 526 3643 culum
557 3588 992 3654 denuntiarent,
1025 3591 1375 3662 contempsit
1415 3597 1686 3662 mortem,
1718 3600 1782 3649 ut
1812 3611 1972 3650 mor-

323 3678 442 3731 tem
474 3677 758 3732 evaderet.

398 3765 451 3819 4.
484 3766 764 3836 Jejnuium
794 3767 1098 3823 Hilarionis
1127 3801 1194 3807 —
1228 3768 1589 3824 Mirabantur
1619 3788 1821 3827 omnes
1854 3773 1972 3828 ani-

327 3869 548 3909 mum:
615 3854 982 3910 mirabantur
1037 3860 1268 3911 atatem
1320 3875 1332 3924 ;
1414 3858 1524 3914 nisi
1586 3860 1740 3930 quod
1804 3860 1969 3916 ﬂam-

325 3957 422 3997 ma
469 3944 734 4014 quadam
789 3943 1038 4016 pectoris
1060 3945 1102 4009 3,
1153 3949 1210 4000 et
1251 3945 1518 4002 scintilla
1565 3947 1698 4003 ﬁdei
1744 3949 1798 4004 in
1835 3967 1971 4005 ocu-

324 4029 398 4086 lis
450 4029 806 4088 relucebant.
857 4034 1070 4102 Laves,
1102 4035 1125 4070 ‘
1185 4035 1286 4100 [Αἰ.
1340 4035 1518 4107 lenes]
1580 4042 1745 4092 erant
1785 4054 1968 4111 gena,

326 4119 639 4176 delicatum
672 4137 884 4194 corpus
936 4130 992 4178 et
1020 4129 1211 4191 tenue,
1242 4131 1300 4180 et
1331 4125 1402 4180 ad
1425 4142 1658 4183 omnem
1694 4129 1968 4199 injuriam

326 4207 680 4280 impatiens:
716 4210 868 4281 quod
900 4210 1006 4267 levi
1035 4211 1125 4267 vel
1173 4213 1406 4286 frigore,
1455 4213 1544 4269 vel
1577 4221 1741 4283 astu,
1774 4223 1970 4288 posset

325 4297 526 4369 afﬂigi.
562 4298 751 4370 Igitur
776 4316 945 4356 sacco
976 4305 1207 4356 tantum
1257 4302 1521 4358 membra
1551 4311 1878 4376 coopertus,
1915 4312 1970 4363 et

321 4385 632 4458 pelliceum
667 4388 888 4445 habens
919 4390 1265 4463 ependyten,
1301 4408 1476 4463 quem
1509 4391 1590 4447 illi
1615 4394 1822 4451 beatus
1853 4398 1965 4452 An-

320 4476 524 4532 tonius
553 4477 939 4549 proticiscenti
972 4480 1228 4550 dederat,
1283 4497 1608 4554 sagumque
1656 4485 1966 4556 rusticum,

2089 1989 2284 2061 potius
2333 2004 2508 2060 quam
2561 1987 2857 2044 lasciviam
2917 1986 3155 2060 cogites.
3214 1986 3538 2042 Herbarum
3596 2002 3739 2058 ergo

2089 2095 2261 2133 succo
2279 2083 2334 2134 et
2354 2077 2555 2150 paucis
2577 2077 2782 2134 caricis
2805 2081 2934 2148 post
2956 2076 3217 2131 triduum
3238 2074 3327 2130 vel
3351 2075 3738 2148 quatriduum

2087 2168 2452 2223 deficientem
2487 2167 2744 2221 animam
2779 2165 3165 2234 sustentabat,
3197 2181 3372 2220 orans
3403 2164 3742 2236 frequenter

2087 2262 2143 2312 et
2185 2255 2464 2328 psallens,
2511 2260 2566 2310 et
2632 2259 2818 2310 rastro
2870 2253 3117 2309 humum
3171 2253 3418 2319 fodiens,
3465 2258 3530 2309 ut
3567 2254 3735 2325 jeju-

2088 2347 2318 2402 niorum
2360 2345 2617 2400 laborem
2669 2344 2832 2400 labor
2873 2342 3065 2414 operis
3116 2341 3460 2414 duplicaret.
3512 2341 3733 2400 Simul-

2086 2451 2198 2507 que
2249 2434 2498 2490 fiscellas
2531 2435 2711 2503 junco
2758 2436 2996 2491 texens,
3032 2429 3420 2485 amulabatur
3471 2431 3732 2505 JEgytio-

2084 2541 2214 2579 rum
2261 2522 2680 2579 monachorum
2739 2518 3132 2591 disciplinam,
3176 2522 3233 2574 et
3284 2519 3544 2592 Apostoli
3592 2536 3729 2578 seu-

2082 2613 2347 2675 tentiam,
2400 2611 2690 2665 dicentis:
2741 2610 2845 2678 Qui
2897 2617 3082 2664 autem
3129 2624 3236 2664 non
3285 2612 3566 2678 operatur,
3617 2627 3734 2667 non

2081 2701 2380 2756 manducet
2421 2701 2489 2764 (II
2539 2700 2712 2755 Thess.
2769 2715 2850 2765 III,
2889 2698 3014 2768 10):
3063 2697 3142 2754 sic
3189 2702 3546 2766 attenuatus,
3579 2703 3637 2756 et
3665 2699 3728 2754 in

2082 2795 2310 2846 tantum
2345 2805 2513 2844 exeso
2544 2804 2804 2858 corpore,
2839 2791 2903 2842 ut
2933 2787 3168 2842 ossibus
3196 2787 3291 2842 vix
3320 2786 3580 2844 hareret.

2152 2882 2205 2934 6.
2240 2879 2502 2945 Quadam
2522 2882 2705 2943 nocte,
2727 2876 3015 2931 infantum
3043 2875 3215 2948 capit
3241 2875 3442 2932 audire
3471 2877 3726 2950 vagitus,

2084 2968 2313 3025 balatus
2343 2982 2672 3039 peccorum,
2706 2964 2966 3037 mugitus
2999 2965 3194 3033 boum,
3224 2964 3522 3037 planctum
3555 2967 3728 3038 quasi

2083 3056 2562 3114 muliercularum
2617 3056 2718 3122 [Al.
2763 3053 3121 3124 mulierum],
3177 3053 3413 3110 leonum
3471 3054 3728 3127 rugitus,

2087 3163 2354 3203 murmur
2380 3145 2687 3210 exercitus,
2739 3148 2794 3199 et
2839 3143 3089 3199 rursus"
3130 3143 3426 3199 variarum
3458 3147 3732 3215 portenta

2081 3253 2312 3300 vocum,
2347 3239 2410 3290 ut
2440 3242 2570 3289 ante
2601 3233 2796 3289 sonitu
2825 3247 3002 3304 quam
3025 3236 3264 3304 aspectu
3295 3232 3537 3288 territus
3564 3233 3733 3290 cede-

2083 3333 2188 3382 ret.
2226 3324 2517 3380 Intellexit
2555 3325 2888 3378 damonum
2938 3321 3192 3377 ludibria
3229 3338 3241 3375 :
3285 3325 3342 3376 et
3385 3319 3732 3392 provolutus

2081 3417 2353 3490 genibus,
2395 3413 2607 3469 Christi
2658 3428 2889 3467 crucem
2941 3410 3194 3483 signavit
3240 3410 3300 3465 in
3350 3409 3576 3466 fronte:
3622 3410 3732 3468 tali

2082 3522 2195 3577 que
2227 3508 2511 3567 armatus,
2537 3503 2740 3574 jacens
2764 3499 2970 3556 fortius
3001 3498 3408 3572 praliabatur;
3437 3499 3729 3569 quodam-

2082 3595 2255 3651 modo
2304 3593 2500 3648 videre
2557 3590 2917 3656 desiderans,
2979 3605 3127 3661 quos
3175 3587 3449 3643 horrebat
3498 3588 3728 3658 audire,

2081 3688 2138 3739 et
2193 3681 2457 3738 sollicitis
2505 3679 2690 3735 oculis
2738 3678 2854 3734 huc
2907 3676 3161 3748 illucque
3219 3676 3727 3748 circumspiciens.

2080 3771 2222 3828 Cum
2275 3771 2507 3826 interim
2551 3787 2619 3825 ex
2665 3767 2999 3840 improviso,
3025 3765 3368 3838 splendente
3415 3765 3580 3837 luna,
3609 3782 3734 3823 cer-

2080 3862 2169 3916 nit
2220 3860 2462 3916 rhedam
2512 3858 2870 3914 ferventibus
2918 3855 3086 3927 equis
3134 3871 3312 3928 super
3355 3871 3416 3911 se
3462 3855 3727 3914 irruere:

2080 3967 2332 4022 cumque
2362 3949 2740 4004 inclamasset
2777 3947 3003 4012 Jesum,
3037 3949 3170 4001 ante
3218 3943 3421 4000 oculos
3459 3945 3590 4014 ejus
3633 3961 3728 4004 re-

2079 4039 2317 4111 pentino
2364 4044 2529 4094 terra
2591 4037 2754 4092 hiatu
2801 4051 3015 4107 pompa
3044 4034 3239 4089 omnis
3284 4033 3562 4106 absorpta
3608 4038 3725 4091 est.

2079 4131 2243 4186 Tunc
2306 4128 2401 4183 ille
2459 4127 2582 4183 ait:
2633 4127 2847 4198 Ejuum
2893 4128 2949 4178 et
2990 4139 3339 4180 ascensorum
3388 4123 3617 4195 projecit
3662 4125 3732 4179 in

2077 4236 2229 4275 mare
2265 4217 2460 4290 (Exod.
2513 4234 2605 4283 xv,
2659 4216 2730 4286 1).
2776 4215 2866 4281 Et,
2912 4215 2981 4269 Hi
3029 4215 3092 4268 in
3135 4211 3410 4281 curribus,
3459 4219 3511 4268 et
3557 4211 3617 4268 hi
3662 4215 3732 4271 in

2077 4310 2248 4380 equis,
2306 4323 2404 4362 nos
2463 4315 2644 4361 autem
2703 4307 2762 4358 in
2814 4302 3035 4359 nomine
3092 4303 3198 4358 Dei
3243 4300 3732 4372 magniﬁcabimur

2079 4399 2251 4470 (Psal.
2285 4414 2402 4461 xvr,
2434 4395 2543 4465 48).

2145 4489 2200 4540 7.
2233 4483 2427 4540 Multa
2461 4485 2600 4538 sunt
2648 4479 2995 4536 tentationes
3034 4479 3182 4549 ejus,
3220 4483 3278 4535 et
3306 4478 3400 4535 die
3431 4483 3729 4552 noctuque

322 4565 477 4621 inter
507 4583 663 4622 mare
693 4572 750 4623 et
793 4567 1088 4640 paludem,
1116 4573 1280 4625 vasta
1309 4574 1365 4625 et
1387 4569 1626 4627 terribili
1665 4573 1976 4632 solitudine
2005 4579 2052 4644 D
2081 4577 2252 4632 varia
2285 4575 2614 4630 daemonum
2667 4568 2891 4624 insidiae
2918 4585 2930 4622 :
2966 4585 3114 4641 quas
3157 4567 3208 4625 si
3241 4584 3446 4625 omnes
3485 4585 3732 4629 narrare

323 4655 646 4723 fruebatur,
705 4656 1037 4729 quindecim
1102 4662 1333 4715 tantum
1382 4661 1602 4717 caricas
1651 4668 1782 4734 post
1829 4663 1969 4722 solis

319 4761 593 4801 occasum
628 4747 962 4803 comedens.
993 4747 1061 4802 Et
1091 4748 1231 4819 quia
1263 4749 1419 4821 regio
1454 4749 1773 4809 latrociniis
1824 4753 1968 4811 infa-

321 4832 434 4890 mis
466 4839 611 4903 erat,
645 4851 949 4906 nunquam
984 4836 1036 4891 in
1089 4837 1291 4892 eodem
1340 4836 1467 4893 loco
1517 4837 1780 4897 habitare
1827 4859 1965 4898 con-

389 5028 404 5062 ¹
444 5028 836 5109 ‘Vaticanihob
885 5033 1075 5109 varias
1127 5035 1478 5105 inﬁrmitates
1528 5046 1582 5093 et
1640 5041 1966 5109 passiones;

327 5098 500 5176 paulo
531 5105 680 5176 post,
705 5101 886 5176 dicens
910 5121 1011 5176 pro
1043 5098 1258 5161 ducens.

391 5171 851 5299 'clglsséMaiuma
881 5171 939 5230 et
969 5180 1210 5234 Mauma.
1257 5177 1387 5234 Vid.
1422 5179 1830 5249 Sozomenum,
1864 5182 1964 5239 lib.

319 5258 377 5299 ν.
411 5259 536 5299 οειῐ).
570 5258 623 5299 ὅ.

411 5259 477 5298 ca
525 5285 536 5298 .
570 5259 623 5299 δ.

359 5284 411 5349 ’⁸
444 5259 565 5369 Von
585 5318 817 5386 pectoris
847 5317 906 5373 in
933 5335 1072 5375 mss.
1105 5320 1222 5377 fere
1255 5320 1642 5378 desideratur.

389 5388 411 5420 ‘
440 5387 622 5468 La’ves
651 5397 822 5468 erant
853 5406 1020 5461 gena.
1058 5392 1118 5448 In
1153 5393 1404 5468 editione
1446 5395 1793 5449 Erasmiana
1822 5395 1969 5468 legi-

320 5474 475 5532 mus,
503 5459 647 5514 lenes
667 5464 825 5532 erant
851 5459 1052 5532 gena;
1084 5465 1183 5520 sed
1218 5464 1382 5531 talso,
1419 5481 1549 5519 cum
1585 5483 1789 5521 omnes
1822 5459 1965 5524 mss.

320 5529 546 5606 codices
598 5529 867 5606 melioris
887 5539 1037 5606 notae
1064 5539 1236 5606 atque
1290 5529 1521 5602 manus,
1558 5538 1848 5594 retineant
1875 5556 1969 5595 vo-

317 5617 442 5658 cem
475 5601 653 5680 lwees.
707 5605 921 5662 Eadem
958 5601 1178 5680 fraude
1223 5607 1311 5662 vel
1364 5601 1660 5680 imperitia
1706 5614 1966 5667 veterum

317 5672 738 5746 exscriptorum
811 5676 1001 5750 potuit
1058 5677 1312 5751 irrepere
1373 5672 1617 5736 verbum
1671 5681 1807 5738 lenis
1863 5700 1965 5756 pro

2073 4665 2267 4730 velim,
2319 4664 2556 4718 modum
2625 4659 2895 4714 excedam
2951 4657 3283 4714 voluminis.
3344 4657 3578 4723 Quoties
3638 4658 3730 4718 illi

2076 4756 2245 4810 nuda
2278 4751 2554 4808 mulieres
2588 4748 2848 4816 cubanti,
2882 4748 3110 4821 quoties
3142 4747 3424 4804 esurienti
3460 4747 3728 4820 largissi-

2077 4861 2185 4900 ma
2231 4856 2552 4915 apparuere
2598 4837 2814 4910 dapes!
2875 4837 3173 4894 Interdum
3222 4839 3488 4893 orantem
3548 4835 3730 4910 lupus

2078 5040 2250 5097 laevis.
2285 5037 2491 5092 Genes.
2522 5053 2701 5101 xxxu,
2732 5037 2818 5102 11,
2848 5052 2944 5106 ego
2974 5049 3096 5091 vero
3129 5033 3291 5106 lenis.
3325 5033 3614 5106 Maurus.

2147 5112 2166 5145 ⁸
2222 5110 2503 5166 Titillabat
2556 5111 2756 5178 itaque.
2818 5104 2960 5162 Mss.
3016 5105 3299 5178 Avenion.
3359 5109 3416 5160 et
3471 5104 3724 5178 Tolos.:

2080 5181 2354 5238 Titillabat
2383 5183 2565 5251 itaque
2609 5177 2798 5235 sensus
2845 5180 2961 5251 ejus
3008 5177 3264 5234 naturali
3290 5179 3477 5251 carnis
3505 5177 3724 5250 ardore,

2074 5260 2144 5322 et,
2179 5259 2288 5309 etc.
2474 5247 2488 5251 “
2868 5247 2926 5322 ’μ
3077 5319 3106 5322 _
3317 5247 3504 5304 MART.

2148 5327 2168 5361 ⁸
2198 5323 2643 5397 Elegantissime
2675 5323 2733 5379 S.
2767 5320 3048 5378 Paulinus
3077 5319 3269 5376 Poem.
3303 5337 3433 5376 xxx:

2252 5433 2330 5484 Sit
2357 5433 2505 5482 fortis
2536 5431 2714 5481 anima
2749 5427 3078 5478 mortiﬁcans
3107 5427 3319 5477 asinum
3351 5440 3528 5488 suum,

2075 5557 2288 5612 corpus
2313 5555 2522 5612 nempe
2555 5538 2613 5612 in
2643 5535 2918 5595 libidines
2947 5551 3221 5612 pronum.

2144 5607 2336 5668 "Cum
2388 5607 2641 5666 Victorio
2701 5624 2843 5664 mss.
2891 5607 3074 5664 nostri
3113 5623 3346 5681 prorsus
3375 5625 3479 5682 pro
3508 5624 3725 5668 rursus.
