3970 6420
214 349 279 415 33
1266 349 1456 417 VITA
1493 347 1561 415 S.
1607 348 2064 416 HILARIONIS
2109 345 2517 418 EREMITE.
3523 358 3602 422 ει

215 485 445 552 ululans,
475 488 533 542 et
560 483 869 559 vulpecula
896 487 1186 560 ganniens
1216 486 1553 558 transilivit,
1587 485 1836 560 psallen-
1866 487 1922 554 Α
1950 492 2220 556 mortem,
2243 506 2278 543 a
2308 489 2673 562 sexagesimo
2705 493 2916 562 quarto
2947 507 3102 548 anno
3133 508 3324 564 usque
3342 493 3414 549 ad
3447 497 3602 550 octo-

215 576 356 648 tique
383 573 778 648 gladiatorum
831 593 1030 650 pugna
1089 577 1492 650 spectaculum
1542 578 1834 650 praebuit:

215 669 264 722 et
288 681 432 720 unus
460 663 629 737 quasi
663 664 1030 734 interfectus,
1061 671 1118 723 et
1143 671 1275 723 ante
1305 668 1480 741 pedes
1529 667 1659 739 ejus
1714 684 1838 723 cor-

213 770 390 823 ruens,
420 753 784 826 sepulturam
818 754 1060 828 rogavit.

274 843 324 898 8.
354 842 541 899 Oravit
571 843 696 915 [ms.
731 844 956 916 orabat]
989 843 1170 902 semel
1204 844 1314 902 fixo
1345 845 1405 901 in
1436 849 1650 902 terram
1681 843 1838 918 capi-

213 934 282 999 te,
327 932 418 987 Ιτ
467 935 522 987 et
566 936 633 988 ut
675 935 887 988 natura
931 933 1043 989 fert
1086 932 1420 1002 hominum,
1471 934 1722 991 abducta
1768 935 1841 991 ab

216 1020 450 1077 oratione
474 1036 664 1088 mens,
699 1021 898 1079 nescio
925 1023 1067 1095 quid
1109 1022 1268 1079 aliud
1317 1023 1614 1097 cogitabat
1645 1041 1658 1080 :
1691 1024 1841 1080 insi-

217 1108 294 1165 liit
330 1109 494 1167 dorso
541 1109 669 1182 ejus
720 1112 972 1184 agitator
1001 1113 1017 1147 ¹
1051 1116 1108 1167 et
1135 1110 1314 1169 latere
1345 1113 1628 1182 calcibus,
1660 1112 1842 1169 cervi-

216 1215 326 1254 cem
371 1198 596 1273 flagello
638 1200 950 1257 verberans
983 1219 996 1257 :
1026 1200 1146 1268 Eia,
1198 1201 1410 1274 inquit,
1471 1219 1576 1258 cur
1623 1202 1842 1258 dormi-

215 1293 295 1345 tas
327 1288 354 1343 ‘l
396 1287 871 1362 cachinnansque
931 1290 1202 1364 desuper,
1254 1292 1304 1346 si
1354 1291 1462 1364 [AL
1531 1293 1688 1364 cum)
1739 1293 1843 1347 de-

216 1377 447 1447 fecisset,
496 1396 572 1435 an
619 1379 904 1436 hordeum
952 1378 1124 1436 vellet
1186 1381 1447 1454 accipere
1504 1381 1841 1438 sciscitaba-

215 1471 318 1524 tur.

275 1557 323 1612 9.
397 1556 753 1628 Tuguriolum
817 1559 1141 1616 Hilarionis.
1210 1592 1278 1601 —-
1341 1559 1525 1634 Igitur
1585 1578 1620 1616 a
1685 1565 1844 1618 sexto

214 1647 419 1705 decimo
448 1664 639 1720 usque
688 1649 760 1704 ad
812 1648 1158 1705 vicesimum
1204 1667 1322 1706 suae
1373 1650 1560 1706 aetatis
1599 1666 1842 1718 annum,

214 1742 371 1794 aestus
418 1741 478 1793 et
523 1736 754 1810 pluvias
796 1737 958 1795 brevi
1021 1738 1442 1812 tuguriunculo
1512 1739 1843 1807 declinavit,

214 1826 351 1901 quod
380 1827 555 1898 junco
586 1830 644 1884 et
680 1827 865 1883 carice
895 1833 1178 1884 texuerat.
1214 1829 1523 1884 Exstructa
1571 1829 1848 1905 deinceps

209 1915 354 1972 brevi
383 1913 756 1988 cellula,quis
787 1932 974 1988 usque
1007 1915 1183 1974 hodie
1205 1917 1852 1990 permanet,altitudine

211 2005 407 2079 pedum
451 2004 736 2077 quinque,
782 2005 891 2061 hoc
937 2010 1026 2062 est
1070 2009 1298 2062 statura
1344 2024 1456 2062 sua
1514 2005 1848 2075 humiliore,

211 2111 366 2167 porro
430 2093 804 2167 longitudine
880 2093 1056 2167 paulo
1120 2095 1424 2168 ampliore,
1477 2113 1656 2169 quam
1722 2097 1851 2167 ejus

211 2182 612 2255 corpusculum
674 2183 1001 2255 patiebatur
1047 2186 1088 2255 ⁸,
1139 2189 1205 2240 ut
1251 2185 1585 2258 sepulcrum
1657 2170 1851 2258 potius

213 2289 374 2346 quam
400 2273 644 2329 domum
677 2273 962 2330 crederes.

276 2363 352 2418 10.
387 2361 577 2418 Cultus
608 2362 926 2419 Hilarionis.
960 2393 1028 2404 -
1055 2362 1342 2436 Capillum
1374 2363 1554 2421 semel
1586 2364 1646 2420 in
1697 2381 1851 2420 anno

217 2452 301 2508 die
326 2451 559 2508 Pascha
589 2452 840 2508 totondit
872 2469 884 2508 :
913 2469 1090 2526 super
1133 2454 1355 2510 nudam
1397 2453 1646 2509 humUm
1700 2458 1852 2509 stra-

217 2546 444 2614 tumque
466 2541 756 2612 junceum
787 2558 974 2614 usque
1005 2542 1076 2598 ad
1102 2546 1348 2598 mortem
1380 2542 1679 2599 cubitavit.
1713 2542 1853 2598 Sac-

217 2647 339 2688 cum
369 2648 484 2704 quo
518 2629 698 2688 semel
720 2631 910 2688 fuerat
947 2631 1209 2700 indutus,
1257 2649 1560 2703 nunquam
1610 2631 1850 2700 lavans;

218 2725 268 2776 et
308 2737 695 2778 SUPERFIUUM
750 2737 884 2777 esse
930 2719 1134 2778 dicens
1179 2722 1503 2778 munditias
1552 2721 1612 2778 in
1663 2720 1853 2778 cilicio

218 2827 478 2882 quaerere.
516 2814 632 2867 Nec
661 2810 910 2867 mutavit
947 2809 1191 2867 alteram
1238 2812 1517 2880 tunicam,
1548 2811 1660 2868 nisi
1717 2828 1852 2869 cum

217 2900 361 2972 prior
429 2899 670 2974 penitus
739 2901 925 2958 scissa
989 2904 1163 2957 esset.
1229 2900 1562 2974 Scripturas
1620 2918 1854 2974 quoque

215 2993 433 3048 sanctas
462 2989 806 3047 memoriter
834 2995 1060 3055 tenens,
1091 2995 1226 3062 post
1253 2991 1548 3048 orationes
1591 2995 1650 3047 et
1697 2989 1852 3064 psal-

216 3095 327 3136 mos
356 3081 530 3154 quasi
563 3081 674 3136 Deo
697 3084 982 3153 praesente
1013 3080 1316 3136 recitabat.
1342 3081 1410 3136 Et
1441 3081 1581 3154 quia
1609 3080 1852 3152 longum

214 3172 294 3225 est
337 3185 439 3242 per
484 3170 719 3226 diversa
765 3174 1029 3242 tempora
1072 3170 1321 3242 carptim
1384 3187 1695 3227 ascensum
1743 3170 1849 3242 [AL

1879 1875 1927 1941 B

1948 576 2242 648 gesimum
2289 577 2388 635 18
2429 595 2579 650 pane
2627 579 2934 648 abstinuit,
2987 580 3318 638 incredibili
3382 582 3603 640 fervore

1950 665 2186 735 mentis,
2226 670 2292 722 ut
2321 683 2386 722 eo
2419 671 2680 740 tempore
2732 669 2903 740 quasi
2956 687 3140 726 novus
3184 670 3484 728 accederet
3530 673 3601 728 ad

1951 754 2287 811 servitutem
2338 757 2586 824 Domini,
2637 774 2754 829 quo
2802 759 2993 814 caateri
3048 758 3281 833 solent}:
3301 762 3606 820 remissius

1948 843 2158 900 vivere.
2203 845 2401 900 Fiebat
2447 850 2646 902 autem
2689 846 2742 902 ei
2785 847 2856 903 de
2905 847 3094 904 farina
3136 853 3195 906 et
3241 851 3604 908 comminuto

1952 929 2106 987 olere
2137 931 2726 1001 sorbitiuncula,cibo
2749 940 2805 990 et
2834 942 2973 1008 potu
3005 937 3098 993 vix
3117 939 3379 1012 quinque
3401 940 3606 996 uncias

1952 1021 2445 1094 appendentibus,
2500 1022 2701 1096 sicque
2754 1025 3056 1099 complens
3121 1028 3386 1085 ordinem
3453 1027 3607 1099 vitae,

1952 1127 2258 1182 nunquam
2290 1117 2424 1167 ante
2451 1111 2590 1168 solis
2622 1129 2920 1186 occasum,
2945 1133 3048 1172 nec
3075 1117 3134 1172 in
3180 1117 3387 1175 diebus
3420 1119 3607 1186 festis,

1953 1215 2060 1255 nec
2089 1199 2148 1254 in
2184 1199 2533 1272 gravissima
2591 1202 2920 1260 valetudine
2956 1206 3060 1278 [AL
3095 1207 3461 1280 aegritudine]
3493 1207 3609 1265 sol-

1953 1288 2034 1344 vit
2055 1289 2372 1360 jejunium.
2399 1289 2509 1345 Sed
2533 1291 2661 1361 jam
2695 1296 2931 1365 tempus
2971 1300 3058 1351 est
3109 1299 3172 1350 ut
3220 1297 3292 1352 ad
3343 1298 3609 1354 ordinem

1954 1383 2332 1432 revertamur.

2029 1467 2114 1521 t2.
2147 1468 2404 1524 Latrones
2436 1471 2662 1526 veniunt
2685 1470 2754 1525 ad
2787 1472 3139 1529 Hz'larionem
3166 1479 3344 1532 nocte.
3367 1509 3434 1517 —
3466 1478 3611 1534 Cum

1954 1555 2248 1611 habitaret
2277 1557 2469 1612 adhuc
2502 1559 2560 1614 in
2590 1559 2884 1631 tuguriolo
2915 1578 3100 1618 annos
3133 1568 3306 1620 natus
3333 1565 3534 1622 decem
3556 1570 3614 1624 et

1955 1648 2105 1713 octo,
2138 1644 2396 1702 latrones
2431 1647 2502 1702 ad
2545 1663 2682 1704 eum
2737 1654 2904 1706 nocte
2969 1657 3273 1721 venerunt,
3321 1653 3408 1710 vel
3459 1655 3614 1712 aesti-

1957 1738 2190 1790 mantes
2224 1735 2438 1792 habere
2469 1736 2691 1810 aliquid
2725 1741 2881 1811 quod
2913 1739 3206 1812 tollerent,
3237 1742 3325 1799 vel
3358 1744 3420 1799 in
3477 1761 3614 1801 con-

1957 1827 2248 1895 temptum
2298 1825 2389 1880 sui
2435 1831 2773 1898 reputantes
2817 1829 2965 1894 ﬁeri,
3011 1829 3060 1885 si
3109 1847 3258 1904 puer
3315 1831 3614 1890 solitarius

1959 1928 2163 1968 eorum
2209 1912 2469 1986 impetus
2526 1933 2640 1971 non
2694 1918 3146 1988 pertimesceret.
3201 1921 3402 1994 Itaque
3467 1923 3618 1980 inter

1960 2019 2122 2058 mare
2152 2007 2207 2057 et
2238 2002 2513 2075 paludem
2547 2022 2582 2059 a
2610 2023 2848 2078 vespere
2879 2024 3068 2081 usque
3117 2010 3187 2065 ad
3235 2010 3376 2068 solis
3419 2017 3615 2070 ortum

1960 2091 2378 2159 discurrentes,
2416 2110 2719 2165 nunquam
2750 2093 2944 2152 locum
2989 2097 3197 2154 cubilis
3221 2100 3243 2134 ³
3273 2101 3400 2171 ejus
3457 2101 3616 2158 inve-

1961 2181 2087 2236 nire
2138 2185 2475 2254 potuerunt.
2526 2182 2702 2240 Porro
2769 2184 2926 2241 clara
2969 2185 3098 2244 luce
3137 2195 3364 2260 reperto
3410 2207 3616 2263 puero,

1962 2269 2133 2342 quasi
2182 2287 2285 2341 per
2323 2271 2526 2341 jocum
2563 2273 2774 2340 :Quid,
2815 2273 3114 2348 inquiunt,
3160 2278 3399 2346 faceres,
3431 2281 3482 2335 si
3532 2279 3617 2337 la-

1960 2362 2158 2414 trones
2207 2359 2278 2414 ad
2348 2364 2402 2416 te
2462 2362 2766 2419 venirent?
2812 2365 3036 2429 Quibus
3099 2365 3198 2422 ille
3264 2369 3615 2440 respondit:

1961 2447 2169 2503 Nudus
2212 2447 2468 2504 latrones
2516 2466 2629 2505 non
2679 2451 2866 2508 timet.
2915 2452 2984 2508 Et
3023 2453 3106 2508 illi
3139 2472 3153 2510 :
3184 2455 3372 2524 Certe,
3426 2458 3618 2528 aiunt,

1962 2536 2147 2592 occidi
2196 2541 2380 2609 potes.
2416 2537 2686 2607 Possum,
2721 2539 2936 2612 inquit,
2969 2559 3208 2614 possum
3245 2561 3258 2599 :
3287 2548 3345 2600 et
3371 2545 3500 2602 ideo
3532 2547 3619 2603 la-

1961 2629 2160 2682 trones
2201 2643 2315 2681 non
2357 2627 2558 2696 timeo,
2591 2629 2732 2700 quia
2775 2629 2923 2685 mori
2972 2637 3213 2704 paratus
3261 2651 3417 2690 sum.
3452 2637 3618 2694 Tunc

1963 2714 2237 2770 admirati
2268 2717 2662 2772 constantiam
2693 2718 2823 2789 ejus
2853 2724 2910 2775 et
2939 2720 3136 2791 fidem,
3176 2725 3428 2781 confessi
3479 2731 3622 2783 sunt

1964 2804 2152 2860 noctis
2201 2821 2478 2874 errorem,
2521 2811 2882 2881 caecatosque
2939 2809 3161 2880 oculos,
3211 2815 3616 2872 correctiorem

1963 2893 2238 2966 deinceps
2272 2894 2448 2949 vitam
2482 2893 2846 2967 pollicentes.

2038 2983 2121 3038 13.
2155 2982 2351 3039 Mulier
2393 2986 2602 3040 sterilis
2645 2990 2831 3058 prima
2881 2989 3189 3062 irrumpere
3247 3008 3385 3049 ausa
3429 3002 3508 3050 est
3543 2994 3615 3052 ad

1961 3089 2106 3129 eum.
2138 3103 2208 3113 --
2232 3072 2454 3146 Viginti
2484 3078 2542 3130 et
2571 3075 2720 3132 duos
2744 3077 2872 3146 jam
2903 3078 2959 3133 in
3012 3076 3329 3137 solitudine
3358 3083 3609 3142 habebat

1961 3179 2167 3230 annos,
2211 3163 2370 3217 fama
2399 3168 2630 3220 tantum
2671 3170 2844 3221 notus
2882 3167 3179 3236 omnibus,
3213 3175 3272 3225 et
3309 3188 3413 3244 per
3457 3179 3610 3231 totas

215 3259 502 3332 ascensus]
557 3259 687 3330 ejus
743 3259 989 3329 edicere,
1040 3259 1531 3332 comprehendam
1599 3251 1924 3319 breviterC
1963 3251 2281 3308 Palaestinae
2342 3251 2617 3324 vulgatus
2666 3256 2861 3323 urbes,
2912 3271 3045 3311 cum
3103 3257 3340 3315 interim
3405 3262 3620 3320 mulier

215 3352 335 3405 ante
373 3348 614 3406 lectoris
650 3346 871 3417 oculos,
904 3349 1097 3404 Vitam
1126 3349 1258 3420 ejus
1288 3349 1508 3421 pariter
1536 3365 1852 3422 exponens,

214 3441 266 3492 et
291 3438 567 3510 deinceps
593 3438 664 3494 ad
697 3438 978 3494 narrandi
1009 3439 1276 3494 ordinem
1322 3439 1636 3511 regrediar.

280 3529 360 3584 11.
423 3527 606 3585 Victus
681 3528 1009 3585 Hilarionis.
1079 3558 1148 3568 -—
1207 3533 1254 3582 A
1317 3527 1597 3584 vicesimo
1662 3527 1853 3600 primo

215 3633 354 3674 anno
383 3633 578 3692 usque
607 3617 679 3673 ad
709 3617 1055 3673 vicesimum
1086 3617 1428 3690 septimum,
1461 3617 1651 3674 tribus
1683 3619 1854 3674 annis

215 3704 514 3764 dimidium
540 3705 713 3763 lentis
743 3706 1062 3763 sextarium
1113 3707 1507 3764 madefactum
1553 3725 1705 3781 aqua
1753 3708 1856 3763 fri-

213 3795 338 3868 gida
398 3795 678 3865 comedit,
744 3800 801 3852 et
866 3794 996 3852 aliis
1061 3797 1252 3853 tribus
1333 3813 1545 3870 panem
1623 3796 1854 3853 aridum

213 3900 334 3942 cum
403 3885 529 3944 sale
588 3890 644 3942 et
698 3902 870 3958 aqua.
943 3885 1119 3942 Porro
1171 3903 1205 3942 a
1258 3887 1536 3942 vicesimo
1605 3887 1855 3960 septimo

213 3990 385 4048 usque
439 3977 514 4033 ad
558 3975 945 4044 tricesimum,
979 3975 1179 4032 herbis
1228 3975 1576 4049 agrestibus,
1630 3981 1686 4033 et
1739 3976 1858 4033 vir-

213 4062 500 4137 gultorum
536 4064 927 4137 quorumdam
968 4064 1265 4120 radicibus
1308 4065 1507 4122 crudis
1561 4070 1856 4122 sustenta-

213 4157 300 4209 tus
328 4159 436 4211 est.
485 4157 538 4211 A
576 4154 872 4211 tricesimo
919 4158 1113 4210 autem
1154 4154 1345 4226 primo
1397 4171 1587 4227 usque
1635 4156 1707 4211 ad
1757 4155 1857 4211 tri-

213 4244 484 4302 cesimum
548 4243 845 4316 quintum,
897 4261 999 4300 sex
1060 4243 1264 4300 uncias
1320 4243 1625 4300 hordeacei
1663 4245 1856 4316 panis,

212 4338 263 4387 et
305 4339 535 4391 coctum
587 4333 814 4390 modice
860 4331 990 4389 olus
1043 4332 1266 4404 absque
1305 4332 1430 4389 oleo
1471 4333 1529 4388 in
1579 4333 1706 4390 cibo
1754 4334 1857 4390 ha-

213 4421 349 4479 buit.
415 4422 691 4481 Sentiens
739 4425 936 4478 autem
1002 4421 1254 4496 caligare
1321 4422 1523 4478 oculos
1590 4439 1751 4492 suos,
1803 4426 1861 4480 et

211 4513 387 4570 totum
419 4530 638 4587 corpus
664 4511 1008 4585 impetigine
1038 4514 1095 4568 et
1122 4511 1392 4582 pumicea
1425 4512 1681 4585 quadam
1731 4527 1855 4568 sca-

1963 3341 2238 3412 quaadam‘
2280 3339 2849 3414 Eleutheropolilana
2910 3361 3155 3402 cernens
3208 3347 3507 3422 despectui
3555 3367 3618 3410 se

1964 3429 2164 3486 haberi
2197 3447 2231 3485 a
2259 3433 2380 3487 viro
2411 3431 2482 3486 oh
2514 3431 2888 3489 sterilitatem
2921 3435 3061 3506 (jam
3092 3436 3250 3492 enim
3282 3456 3386 3511 per
3429 3458 3617 3498 annos

1963 3518 2299 3590 quindecim
2331 3519 2526 3576 nullos
2557 3522 2817 3595 conjugii
2850 3524 3078 3581 fructus
3106 3526 3390 3601 dederat),
3423 3530 3617 3603 prima

1965 3608 2290 3682 irrumpere
2320 3626 2465 3666 ausa
2499 3616 2589 3666 est
2618 3611 2688 3666 ad
2719 3613 2954 3669 beatum
2985 3615 3342 3674 Hilarionem
3375 3636 3390 3675 :
3424 3625 3480 3675 et
3528 3621 3619 3676 ni-

1963 3696 2047 3752 hil
2070 3698 2186 3754 tale
2207 3699 2553 3771 suspicanti,
2579 3707 2812 3773 repente
2841 3703 3092 3775 genibus
3139 3707 3270 3778 ejus
3300 3707 3570 3765 advoluta
3603 3725 3617 3765 :

1966 3789 2228 3860 Ignosce,
2261 3789 2472 3861 inquit,
2504 3790 2761 3846 audacia:
2783 3808 2795 3846 :
2821 3791 3058 3865 ignosce
3092 3797 3424 3852 necessitati
3451 3813 3617 3854 meae.

1966 3875 2114 3944 Quid
2151 3877 2363 3933 avertis
2412 3879 2612 3934 oculos
2633 3880 2660 3933 ‘I
2705 3881 2843 3952 quid
2893 3888 3191 3956 regentem
3241 3885 3446 3958 fugis?
3493 3887 3622 3944 Noli

1967 3965 2274 4023 mulierem
2296 3967 2574 4039 aspicere,
2609 3969 2711 4024 sed
2735 3969 3034 4026 miseram.
3063 3971 3166 4027 Hic
3206 3989 3380 4030 sexus
3418 3977 3624 4049 genuit

1965 4057 2341 4113 Salvatorem.
2372 4058 2490 4113 Non
2523 4057 2728 4114 habent
2772 4061 2900 4115 sani
2946 4075 3078 4133 opus
3131 4062 3360 4133 medico,
3382 4065 3474 4121 sed
3523 4068 3623 4139 qui

1966 4150 2110 4206 male
2143 4146 2337 4202 habent
2363 4147 2513 4216 (Luc.
2547 4164 2597 4216 ν,
2623 4147 2734 4221 31).
2756 4149 3016 4206 Tandem
3048 4151 3387 4223 subsistitit,
3404 4159 3462 4212 et
3489 4160 3624 4228 post

1966 4243 2196 4296 tantum
2229 4237 2510 4308 temporis
2539 4237 2664 4293 visa
2685 4238 3350 4316 muliere,interrogavit
3379 4261 3622 4303 causam

1968 4330 2254 4385 adventus
2300 4328 2428 4399 ejus
2463 4344 2530 4383 ac
2572 4327 2839 4384 ﬂetuum.
2893 4330 2960 4385 Et
3019 4336 3332 4404 postquam
3397 4335 3622 4406 didicit,

1967 4419 2172 4475 levatis
2203 4418 2272 4473 ad
2308 4417 2520 4473 coelum
2554 4416 2760 4485 oculis,
2794 4419 2972 4476 ﬁdere
3005 4420 3190 4492 jussit
3221 4439 3234 4478 :
3267 4429 3623 4497 euntemque

1966 4506 2238 4580 lacrymis
2317 4512 2684 4579 prosecutus,
2767 4513 2968 4566 exacto
3047 4527 3200 4567 anno
3277 4513 3424 4569 vidit
3481 4530 3617 4570 cum

212 4599 443 4696 bredine
479 4602 775 4670 contrahi,
824 4603 897 4658 ad
943 4601 1303 4675 superiorem
1370 4601 1588 4659 victum
1645 4602 1861 4674 adjecit
1891 4630 1938 4696 Β
1969 4597 2110 4696 ﬁlio.

212 4689 418 4760 oleum,
460 4698 520 4749 et
571 4707 760 4764 usque
818 4692 889 4748 ad
955 4692 1387 4766 sexagesimum
1429 4692 1670 4748 tertium
1730 4692 1858 4748 vitae

213 4795 322 4836 suae
368 4799 596 4838 annum
657 4781 831 4858 hunc,
863 4781 1236 4838 continentia
1285 4780 1548 4838 cucurrit
1585 4783 1858 4855 gradum,

213 4868 348 4927 nihil
375 4872 740 4928 extrinsecus
769 4875 872 4928 aut
902 4887 1235 4945 pomorum,
1267 4876 1370 4928 aut
1398 4871 1736 4945 leguminis,
1762 4875 1863 4928 aut

213 4961 521 5032 cujuslibet
551 4961 631 5020 rei
663 4966 930 5036 gustans.
949 4961 1088 5019 Inde
1114 4979 1248 5019 cum
1281 4979 1343 5019 se
1373 4961 1594 5018 videret
1621 4978 1862 5035 corpore

214 5047 613 5126 defatigatum,
678 5056 736 5108 et
803 5051 1192 5126 propinquam
1259 5055 1493 5125 putaret
1555 5051 1864 5108 imminere

279 5289 296 5323 ³
323 5285 551 5365 Yictor.
576 5287 818 5365 festinus
844 5288 1110 5365 agitator,
1127 5305 1240 5365 pro
1273 5304 1389 5362 quo
1445 5287 1599 5365 _olim_
1642 5290 1858 5360 gladia-

214 5359 306 5415 tor.
338 5361 471 5438 Mox
502 5359 698 5438 autem
730 5363 845 5419 duo
874 5359 1155 5419 Vaticani
1180 5359 1345 5418 curre
1371 5379 1391 5418 :
1420 5359 1725 5419 domitas?
1755 5381 1859 5438 pro

213 5447 304 5488 cur
328 5434 618 5490 domitas.

248 5505 297 5586 .²
323 5505 454 5590 Duo
493 5506 664 5563 codd.
694 5507 1040 5580 spatiabatur
1068 5504 1180 5562 alio
1209 5522 1387 5563 sensu
1423 5507 1570 5562 forte
1597 5524 1670 5562 an
1713 5524 1856 5564 con-

217 5591 479 5635 οιιιηιοινι.

275 5649 298 5685 ³
321 5651 508 5708 Iidem
539 5650 655 5708 duo
683 5649 875 5719 codd.,
908 5650 1168 5708 cubiculi.

275 5723 303 5763 δ
351 5723 448 5784 Sic
539 5737 684 5784 mss.
773 5721 969 5784 Graeca
1041 5721 1230 5784 forma
1287 5731 1622 5800 Ἀρισταινέτη
1691 5725 1854 5786 Hauc

2042 4688 2129 4742 14.
2164 4687 2360 4743 Mulier
2397 4687 2598 4743 nobilis
2645 4704 2785 4745 uxor
2833 4691 3080 4760 praefecti
3119 4692 3398 4763 praetorio.
3431 4692 3622 4748 Mona-

1969 4778 2065 4834 chi
2089 4793 2201 4834 non
2245 4782 2404 4835 erant
2445 4780 2507 4832 in
2553 4779 2718 4850 Syria
2764 4783 2894 4835 ante
2923 4779 2978 4836 S.
3013 4779 3372 4838 Hilarionem.
3406 4812 3472 4823 —
3504 4781 3624 4839 Hoc

1970 4869 2275 4941 signorum
2307 4869 2434 4940 ejus
2466 4868 2821 4941 principium
2847 4870 3230 4940 majusaliud
3260 4871 3498 4944 signum
3525 4888 3626 4928 no-

1971 4958 2238 5015 bilitavit.
2267 4959 2607 5014 Aristaenete
2637 4960 2658 4992 ‘
2688 4960 2788 5015 19
2820 4959 3054 5032 Elpidii,
3087 4961 3187 5032 qui
3240 4967 3446 5034 postea
3477 4978 3622 5034 pre-

1972 5049 2160 5106 fectus
2185 5047 2453 5122 praetorio
2477 5047 2608 5116 fuit,
2640 5065 2806 5119 uxor,
2835 5049 3002 5106 valde
3035 5049 3250 5107 nobilis
3279 5051 3432 5109 inter
3461 5067 3623 5124 suos,

1972 5303 2143 5393 pg”:
2177 5285 2460 5393 piganius
2490 5283 3050 5393 plagimumlaudzat
3081 5285 3183 5342 lib.
3218 5303 3297 5358 ιν,
3327 5289 3510 5393 epist;
3532 5290 3624 5359 44,

1971 5357 2044 5416 id
2095 5357 2426 5431 Helpidium
2487 5357 2507 5413 ξ
2561 5370 2746 5429 Ἐγνων
2800 5367 2892 5425 τὴν
2963 5364 3172 5430 ἀρίστην
3242 5357 3624 5434 mpm—tardet”,

1971 5431 2238 5513 Helpidio
2283 5437 2502 5513 autem
2530 5427 2915 5513 yarce’ll‘inus
2949 5431 3122 5513 paulo
3172 5438 3269 5513 est.
3304 5433 3563 5505 iniquior
3608 5452 3623 5504 ;

1971 5501 2253 5559 nimirum
2286 5502 2358 5557 ob
2389 5501 2668 5556 invidiam
2701 5501 3017 5557 Christiani
3050 5505 3326 5560 nominis.

2039 5576 2384 5656 aristaeth
2399 5574 2627 5656 Elpidii.
2660 5573 2740 5629 De
2768 5572 2992 5647 Elpidio
3033 5576 3310 5656 praefecto
3353 5577 3622 5650 pratorio

1970 5647 2099 5704 vide
2131 5643 2536 5704 Marcellinum
2567 5643 2669 5703 lib.
2703 5643 2854 5704 xxx.‘
3033 5643 3052 5650 ’
3254 5643 3548 5709 Marinus.
