3970 6434
389 393 465 458 35
1644 394 1708 455 S.
1759 388 2067 457 EUSEBII
2111 391 2582 456 HIERONYMI.
3721 387 3801 456 36

388 533 445 584 et
479 529 630 583 inter
657 525 1018 583 Christianos
1046 525 1316 593 nobilior,
1333 531 1626 582 revertens
1659 542 1790 580 cum
1826 526 2037 582 marito
2066 533 2114 598 Α

384 621 442 673 et
471 616 659 672 tribus
690 615 889 671 liberis
921 633 953 670 a
983 617 1150 671 beato
1182 614 1456 681 Antonio,
1491 615 1652 670 Gaza:
1684 620 1918 686 propter
1948 631 2039 670 eo-

383 721 517 760 rum
547 704 948 759 inﬁrmitatem
991 708 1280 758 remorata
1321 709 1429 759 est.
1475 704 1556 758 Ibi
1607 702 1761 757 enim
1795 703 1914 758 sive
1961 704 2032 758 ob

383 800 724 865 corruptum
759 808 976 860 aerem,
1009 793 1127 848 sive
1159 793 1248 864 (ut
1292 797 1495 864 postea
1535 792 1762 862 claruit)
1796 796 2034 863 propter

382 884 632 956 gloriam
685 883 994 938 llilarionis
1044 883 1190 938 servi
1242 882 1366 947 Dei,
1398 881 1783 936 hemitritazo‘
1818 879 2034 952 pariter

379 972 615 1044 arrepti,
649 989 852 1027 omnes
889 989 923 1026 a
969 971 1213 1026 medicis
1255 970 1544 1042 desperati
1587 973 1743 1024 sunt.
1793 969 2033 1024 Jacebat

380 1061 617 1116 ululans
650 1065 855 1127 mater,
889 1065 947 1115 et
987 1060 1154 1132 quasi
1185 1059 1336 1114 inter
1365 1059 1474 1114 tria
1507 1058 1759 1113 ﬁliorum
1802 1059 2027 1113 discur-

378 1167 514 1205 rens
563 1150 862 1216 cadavera,
916 1166 1089 1221 quem
1139 1147 1299 1220 prius
1348 1147 1646 1219 plangeret
1710 1147 2024 1201 nesciebat.

382 1239 623 1312 Cognito
647 1244 841 1294 autem
875 1240 1028 1310 quod
1062 1244 1213 1293 esset
1244 1238 1482 1310 quidam
1518 1237 1840 1292 monachus
1872 1237 1930 1292 in
1952 1237 2030 1290 vi-

374 1328 507 1383 cina
539 1326 1061 1393 solitudine,ohlita
1083 1326 1424 1381 matronalis
1448 1343 1672 1398 pompae
1695 1327 1945 1396 (tantum
1967 1343 2027 1381 se

380 1419 627 1470 matrem
661 1415 919 1481 noverat)
941 1414 1098 1468 vadit
1127 1414 1404 1469 comitata
1434 1413 1726 1468 ancillulis
1758 1418 1813 1468 et
1842 1431 2024 1468 eunu-

371 1503 501 1559 chis
536 1505 637 1569 [ΑΙ.
673 1502 1054 1573 vernaculis]:
1080 1503 1289 1574 vixque
1321 1521 1355 1559 a
1385 1503 1508 1557 viro
1533 1519 1884 1574 persuasum
1915 1507 2022 1569 est,

373 1596 438 1645 ut
475 1591 654 1646 asello
678 1591 890 1646 sedens
922 1595 1206 1662 pergeret.
1240 1591 1326 1644 Ad
1362 1607 1534 1662 quem
1568 1607 1697 1645 cum
1732 1592 2024 1662 pervenis-

372 1686 463 1735 set
498 1697 510 1734 :
546 1680 754 1736 Precor
782 1681 803 1713 ²
834 1683 912 1747 te,
950 1679 1051 1746 ait,
1103 1696 1206 1751 per
1252 1679 1454 1735 Jesum
1499 1679 2023 1735 clementissimum

381 1770 566 1824 Deum
601 1774 867 1824 nostrum
895 1785 906 1822 :
941 1769 1197 1823 obtestor
1227 1786 1328 1840 per
1359 1785 1589 1824 crucem
1641 1769 1768 1838 ejus
1801 1773 1855 1823 et
1884 1787 2021 1824 san-

371 1858 715 1930 guinem,ut
743 1857 953 1912 reddas
985 1857 1129 1912 mihi
1160 1862 1277 1912 tres
1308 1857 1489 1924 ﬁlios;
1516 1862 1569 1912 et
1591 1857 1939 1928 gloriﬁcatur
1961 1858 2019 1914 in

368 1947 512 2002 urbe
541 1946 848 2019 gentilium
882 1963 1092 2001 nomen
1123 1945 1348 2000 Domini
1380 1945 1716 2012 Salvatoris,
1741 1951 1797 2001 et
1828 1946 2018 2018 ingre-

370 2035 565 2090 diatur
585 2052 785 2090 servus
817 2036 946 2104 ejus
967 2039 1200 2100 Gazam,
1233 2040 1289 2090 et
1319 2034 1538 2089 idolum
1569 2035 1590 2069 ⁸
1622 2035 1854 2090 Marnas
1889 2053 2019 2090 cor-

369 2128 519 2179 ruat.
556 2125 853 2180 Renuente
884 2123 1003 2188 illo,
1037 2124 1361 2192 etdicente,
1387 2140 1688 2194 nunquam
1727 2141 1786 2178 se
1819 2141 2016 2196 egres-

373 2229 503 2269 sum
540 2214 609 2268 de
639 2212 802 2279 cella,
839 2229 943 2269 nec
987 2213 1201 2268 habere
1247 2213 1754 2279 consuetudinem,
1791 2218 1853 2268 ut
1901 2231 2015 2268 non

369 2303 543 2356 modo
576 2301 1005 2369 civitatem,scd
1044 2317 1113 2355 ne
1145 2300 1405 2355 villulam
1441 2301 2018 2374 quidemingredere-

364 2395 478 2458 tur,
516 2391 823 2462 prostravit
857 2408 917 2445 se
947 2390 1112 2445 humi
1144 2391 1345 2446 crebro
1372 2389 1709 2445 clamitans:
1731 2390 2012 2459 Hilarion,

364 2496 525 2536 serve
555 2479 789 2546 Christi,
823 2479 996 2534 redde
1029 2478 1176 2533 mihi
1209 2478 1425 2534 liberos
1460 2479 1816 2542 meos.Quos
1846 2482 2017 2535 Anto-

363 2569 498 2623 nius
536 2568 724 2622 tenuit
772 2569 829 2622 in
884 2568 1148 2639 lEgypto,
1194 2585 1227 2621 a
1270 2572 1326 2622 te
1375 2572 1678 2622 serventur
1726 2569 1782 2622 in
1833 2569 2010 2639 Syria.

365 2657 609 2712 Flebant
655 2657 850 2711 cuncti
905 2657 1003 2727 qui
1053 2657 1315 2719 aderant,
1369 2657 1467 2711 sed
1524 2662 1579 2711 et
1628 2657 1751 2728 ipse
1795 2673 2015 2728 negans

368 2745 704 2811 ﬂevit.Quid
734 2743 920 2799 multa
941 2744 1093 2800 ‘Inon
1130 2745 1294 2816 prius
1325 2744 1538 2799 mulier
1569 2745 2014 2817 recessit,quam

372 2834 468 2889 ille
529 2832 824 2905 pollicitus
863 2838 952 2888 est
1006 2850 1070 2889 se
1126 2839 1259 2904 post
1310 2833 1450 2888 solis
1497 2851 1769 2888 occasum
1803 2835 2012 2890 Gazam

364 2923 767 2978 introiturum.
795 2922 916 2986 Quo
967 2926 1275 2994 postquam
1309 2923 1484 2992 venit,
1524 2923 1889 2994 singulorum
1935 2924 2015 2979 le--

368 3011 557 3068 ctulos
588 3016 644 3067 et
674 3011 938 3067 ardentia
967 3013 989 3046 ⁴
1021 3011 1285 3066 membra
1323 3011 1698 3083 consignans,
1733 3013 2018 3068 invocavit

361 3099 588 3154 Jesum.
617 3099 702 3164 Et,
735 3116 767 3154 o
801 3099 952 3153 mira
981 3098 1203 3153 virtusl
1237 3098 1404 3169 quasi
1437 3098 1508 3152 de
1536 3099 1727 3153 tribus
1757 3100 2014 3154 fontibus

361 3189 542 3243 sudor
567 3187 783 3260 pariter
811 3187 1030 3259 erupit:
1057 3187 1255 3242 eadem
1289 3187 1430 3242 hora
1453 3192 1802 3258 acceperunt
1833 3189 2009 3254 cibos,

2227 526 2317 581 45.
2354 528 2502 581 Caeca
2531 527 2734 580 mulier
2771 543 2804 580 a
2835 525 3014 582 decem
3038 525 3222 581 annis.
3256 556 3323 565 —-
3362 521 3595 580 Facidia
3639 525 3801 582 vicu-

2144 614 2238 670 lus
2269 617 2289 650 ⁸
2321 620 2409 670 est
2436 615 2847 669 Rhinocorura:
2899 615 3062 670 urbis
3102 615 3349 687 1Egypti.
3383 618 3459 669 De
3507 613 3615 669 hoc
3662 629 3799 686 ergo

2141 705 2290 770 vico,
2325 705 2524 758 decem
2547 705 2670 773 jam
2705 703 2876 758 annis
2899 705 2920 738 ⁶
2951 720 3103 758 caeca
3151 702 3363 758 mulier
3411 702 3664 757 adducta
3708 707 3800 758 est

2143 793 2215 848 ad
2262 793 2497 847 beatum
2547 791 2901 846 Hilarionem
2935 792 3288 864 :oblataque
3336 791 3386 847 ei
3429 807 3464 846 a
3512 791 3796 847 fratribus

2141 882 2280 951 (jam
2309 881 2461 935 enim
2496 879 2663 934 multi
2691 897 2822 935 cum
2846 898 2911 936 eo
2943 881 3210 935 monachi
3242 880 3425 950 erant)
3466 895 3697 936 omnem
3733 897 3797 937 se

2140 969 2536 1024 substantiam
2571 970 2922 1040 expendisse
2953 969 3032 1024 ait
3062 970 3118 1024 in
3143 969 3532 1024 medicos.Cui
3556 985 3797 1042 respon-

2139 1056 2223 1111 dit
2266 1074 2278 1111 :
2314 1057 2372 1112 Si
2406 1075 2529 1129 quae
2575 1057 2634 1111 in
2677 1058 2920 1113 medicis
2971 1058 3300 1130 perdidisti,
3334 1058 3598 1114 dedisses
3646 1075 3792 1130 pau-

2139 1147 2678 1218 peribus,curasset
2709 1152 2762 1202 te
2791 1164 2960 1202 verus
2985 1147 3248 1203 medicus
3275 1147 3466 1202 Jesus.
3490 1147 3793 1202 Clamante

2138 1241 2332 1290 autem
2385 1235 2502 1302 illa,
2554 1242 2608 1291 et
2654 1236 3112 1291 misericordiam
3161 1237 3526 1307 deprecante,
3559 1235 3796 1306 exspuit

2136 1323 2194 1378 in
2244 1324 2441 1379 oculos
2480 1326 2607 1394 ejus
2661 1342 2673 1379 :
2725 1325 3041 1396 statimque
3092 1325 3407 1381 Salvatoris
3452 1324 3790 1397 exemplum

2133 1409 2317 1467 virtus
2349 1414 2550 1467 eadem
2584 1417 2890 1484 prosecuta
2912 1418 3021 1468 est.

2205 1501 2292 1555 i6.
2327 1502 2536 1569 Auriga
2562 1500 2838 1556 Gazensis.
2871 1502 3176 1572 —Auriga
3227 1518 3458 1574 quoque
3507 1501 3789 1558 Gazensis

2133 1587 2194 1643 in
2225 1605 2398 1644 curru
2430 1606 2744 1661 percussus
2776 1608 2807 1644 a
2840 1590 3120 1660 dmmone,
3161 1595 3318 1646 totus
3367 1589 3623 1663 obriguit
3655 1608 3668 1645 :
3703 1590 3790 1646 ita

2135 1682 2198 1731 ut
2243 1695 2346 1732 nec
2391 1695 2631 1734 manum
2683 1679 2923 1751 agitare,
2962 1696 3066 1734 nec
3117 1679 3398 1735 cervicem
3443 1684 3641 1751 posset
3671 1679 3786 1751 [AL

2131 1767 2337 1837 possit]
2391 1765 2703 1822 reﬁectere.
2751 1767 2983 1824 Delatus
3035 1784 3173 1840 ergo
3221 1768 3279 1823 in
3321 1767 3488 1835 lecto,
3523 1785 3655 1822 cum
3687 1784 3787 1822 so-

2129 1853 2245 1908 lam
2280 1855 2541 1927 linguam
2576 1861 2832 1911 moveret
2862 1856 2932 1911 ad
2983 1873 3202 1928 preces,
3237 1856 3404 1911 audit
3451 1872 3565 1911 non
3617 1854 3786 1927 prius

2131 1960 2299 2014 posse
2332 1944 2547 2010 sanari,
2582 1961 2758 2015 quam
2789 1945 3047 2000 crederet
3076 1946 3131 1999 in
3163 1949 3388 2011 Jesum,
3421 1948 3478 1998 et
3509 1960 3569 1999 se
3601 1960 3785 2015 spon-

2129 2031 2291 2086 deret
2333 2033 2442 2087 arti
2496 2033 2754 2104 pristina:
2804 2035 3297 2088 renuntiaturum.
3331 2032 3606 2099 Credidit,
3638 2048 3784 2103 spo-

2128 2120 2352 2192 pondit,
2387 2126 2628 2177 sanatus
2659 2126 2746 2176 est
2779 2139 2792 2177 :
2827 2122 3132 2194 magisque
3163 2123 3233 2178 de
3263 2121 3683 2194 animae,quam
3707 2121 3784 2177 de

2125 2209 2383 2280 corporis
2416 2209 2604 2265 salute
2635 2210 2962 2266 exsultavit.

2199 2299 2282 2352 17.
2335 2299 2606 2366 Marsitas,
2649 2302 2870 2370 juvenis
2933 2302 3288 2370 fortissimus.
3349 2331 3416 2340 —
3493 2304 3784 2356 Praeterea

2125 2385 2485 2443 fortissimus
2508 2388 2746 2458 juvenis
2778 2388 3013 2443 nomine
3044 2387 3314 2444 Marsitas
3335 2389 3354 2422 ⁷
3386 2389 3456 2444 de
3488 2388 3781 2444 territorio

2123 2473 2531 2548 Hierosolyma:
2549 2482 2777 2532 tantum
2802 2477 2912 2532 sibi
2937 2476 3326 2548 applaudebat
3345 2477 3404 2531 in
3427 2477 3670 2545 viribus,
3699 2481 3771 2533 ut

2124 2563 2458 2634 quindecim
2493 2566 2768 2621 frumenti
2802 2566 3028 2621 modios
3059 2566 3154 2620 diu
3179 2565 3464 2639 longeque
3486 2570 3768 2637 portaret,

2123 2657 2179 2706 et
2208 2650 2358 2708 hanc
2391 2653 2631 2708 haberet
2663 2653 2916 2725 palmam
2952 2654 3310 2709 fortitudinis
3340 2656 3541 2720 suae,si
3566 2655 3770 2712 asinos

2123 2742 2397 2797 vinceret.
2435 2743 2533 2797 llic
2556 2745 2797 2799 affectus
2843 2747 3097 2815 pessimo
3140 2744 3423 2810 daemone,
3455 2761 3569 2799 non
3611 2748 3772 2800 cate-

2125 2847 2252 2892 nas.
2278 2848 2389 2885 non
2425 2833 2755 2903 compedes,
2791 2848 2908 2886 non
2939 2831 3193 2888 claustra
3220 2832 3502 2888 ostiorum
3543 2833 3780 2905 integra

2125 2919 2454 2990 patiebatur
2487 2936 2500 2974 :
2536 2920 2856 2976 multorum
2908 2937 3117 2977 nasum
3155 2926 3213 2976 et
3258 2937 3430 2976 aures
3475 2921 3779 2978 morsibus

2125 3013 2569 3079 amputaverat:
2617 3008 2826 3064 horum
2877 3010 3076 3082 pedes,
3124 3009 3358 3066 illorum
3407 3026 3577 3064 crura
3606 3008 3627 3042 ³
3658 3009 3775 3064 lre-

2123 3102 2304 3167 gerat.
2320 3098 2696 3168 Tantumque
2719 3099 2808 3153 sui
2830 3102 3106 3154 terrorem
3131 3099 3405 3154 omnibus
3421 3098 3776 3164 incusserat,

2123 3190 2188 3239 ut
2230 3191 2503 3241 oneratus
2551 3186 2772 3242 catenis
2824 3191 2878 3242 et
2921 3188 3182 3254 funibus,
3215 3188 3274 3242 in
3317 3188 3548 3244 diversa
3575 3187 3778 3242 niten-

360 3277 775 3349 lugentemque
809 3282 1055 3332 matrem
1076 3280 1590 3347 cognoscentes,et
1609 3276 2010 3332 benedicentes
2043 3267 2085 3333 C
2125 3274 2294 3339 tium,
2330 3275 2495 3346 quasi
2542 3275 2938 3331 ferocissimus
2969 3280 3174 3332 taurus
3223 3277 3294 3331 ad
3346 3275 3776 3333 monasterium

366 3365 572 3433 Deum,
608 3366 792 3420 saneti
821 3382 1034 3420 manus
1083 3363 1401 3419 deosculati
1449 3369 1607 3419 sunt.
1643 3366 1801 3428 Quod
1853 3371 2011 3438 post-

370 3468 548 3523 quam
603 3452 868 3506 auditum
918 3456 1026 3514 est,
1077 3457 1132 3506 et
1166 3451 1336 3517 longe
1385 3450 1613 3522 lateque
1663 3453 2011 3522 percrebuit,

372 3542 641 3596 certatim
669 3541 741 3596 ad
764 3557 901 3596 eum
933 3542 1000 3596 de
1031 3541 1196 3613 Syria
1227 3547 1282 3596 et
1314 3541 1556 3612 Egypto
1605 3542 2008 3597 conﬂuebant:

369 3630 451 3685 ita
475 3643 539 3684 ut
572 3629 741 3685 multi
772 3629 1071 3685 crederent
1091 3629 1150 3683 in
1182 3628 1573 3696 Christum,et
1605 3645 1665 3684 se
1694 3630 2012 3686 monachos

373 3719 805 3791 proﬁterentur.
838 3717 1096 3773 Necdum
1120 3717 1275 3772 enim
1303 3723 1440 3772 tunc
1465 3719 1820 3774 monasteria
1847 3725 2014 3776 erant

371 3808 430 3862 in
473 3806 799 3873 Palmstina,
831 3823 935 3862 nec
983 3806 1296 3878 quisquam
1352 3805 1699 3862 monachum
1736 3808 1836 3863 20
1883 3812 2014 3864 ante

373 3901 643 3953 sanctum
681 3895 1027 3952 Hilarionem
1054 3895 1111 3950 in
1136 3895 1300 3967 Syria
1321 3902 1573 3951 noverat.
1610 3895 1710 3952 Ille
1744 3897 2016 3953 fundator

371 3990 429 4041 et
454 3986 717 4042 eruditor
745 3985 927 4056 hujus
974 3984 1432 4040 conversationis
1481 3989 1537 4040 et
1583 3986 1761 4041 studii
1799 3985 1854 4040 in
1907 3986 2015 4041 hac

373 4074 673 4146 provincia
702 4074 831 4129 fuit.
857 4074 1117 4129 Habebat
1163 4074 1445 4128 Dominus
1473 4074 1644 4130 Jesus
1684 4075 1742 4130 in
1773 4075 2013 4147 Egypto

373 4177 572 4218 senem
605 4162 1219 4219 Antoniumzhabebat
1244 4162 1302 4217 in
1325 4162 1630 4218 Palaestina
1657 4163 2012 4220 Hilarionem

365 4267 680 4322 juniorem.

445 4441 461 4473 ¹
493 4439 845 4495 Hemitritazo.
880 4439 1299 4496 Hemitritazum
1332 4444 1421 4514 est
1456 4441 1648 4514 febris
1696 4441 2012 4514 sesquiter-

370 4510 551 4584 tiana,
633 4518 929 4584 ἡμιτριταῖος
1022 4521 1260 4584 πυρετὸςη
1323 4512 1501 4567 febris
1595 4510 2010 4582 semitertiana,

369 4581 570 4655 Galen.
601 4582 675 4655 ad
720 4582 918 4638 Glauc.
955 4581 1204 4639 tertiana
1249 4582 1588 4655 imperfecta
1637 4591 1693 4638 et
1734 4586 2013 4641 accedens

2129 3363 2612 3434 pertraheretur;
2662 3381 2832 3436 quem
2906 3371 3216 3437 postquam
3283 3366 3490 3420 fratres
3552 3365 3773 3433 videre,

2128 3453 2418 3524 perterriti
2442 3458 2588 3521 (erat
2615 3454 2770 3508 enim
2805 3454 2971 3509 mirae
3003 3455 3450 3527 magnitudinis)
3475 3455 3780 3510 nuntiave-

2127 3547 2267 3596 runt
2319 3543 2488 3613 patri.
2545 3541 2644 3596 llle
2685 3543 2837 3596 sicut
2878 3543 3136 3607 sedebat,
3172 3543 3356 3614 jussit
3402 3560 3535 3599 eum
3586 3543 3658 3598 ad
3706 3559 3778 3600 se

2127 3631 2383 3703 pertrahi
2412 3635 2467 3684 et
2497 3629 3083 3702 dimitti.Solutoque:
3120 3631 3362 3700 Inclina,
3386 3631 3484 3700 ait,
3505 3635 3779 3704 caput,et

2124 3719 2274 3774 veni.
2307 3720 2576 3775 Tremere
2605 3718 2792 3785 ille,et
2821 3720 3099 3776 cervicem
3131 3721 3490 3789 ﬁectere,nec
3511 3721 3777 3793 aspicere

2129 3809 2222 3866 21
2263 3813 2465 3864 contra
2496 3825 2696 3876 ausus,
2731 3810 3009 3882 omnique
3038 3811 3334 3866 ferocitate
3363 3810 3649 3882 deposita,
3670 3825 3775 3881 pe-

2126 3900 2228 3954 des
2255 3898 2426 3969 ccepit
2458 3897 2713 3953 sedentis
2745 3897 3021 3955 lambere.
3052 3901 3370 3971 Adjuratus
3409 3899 3605 3972 itaque
3653 3899 3774 3956 daa-

2127 4004 2286 4052 mon,
2318 3991 2370 4042 et
2419 3991 2628 4055 tortus,
2669 3987 2767 4060 qui
2808 3989 3080 4060 juvenem
3117 3990 3474 4062 possederat,
3520 3988 3777 4061 septima

2125 4077 2216 4132 die
2242 4092 2511 4148 egressus
2542 4081 2650 4132 est.

2195 4166 2280 4220 18.
2316 4164 2480 4221 Orion
2510 4168 2598 4220 vir
2622 4168 2945 4237 primarius.
2977 4197 3046 4207 —
3073 4166 3182 4222 Sed
3217 4183 3322 4224 nec
3372 4165 3518 4223 illud
3570 4171 3774 4226 tacen-

2124 4254 2264 4309 dum
2313 4259 2423 4322 est,
2457 4254 2611 4325 quod
2661 4253 2835 4312 Orion
2871 4255 2972 4322 (At.
3005 4255 3277 4326 Orionus]
3316 4255 3405 4311 vir
3450 4256 3774 4328 primarius

2124 4446 2426 4515 peccatum
2475 4449 2582 4518 est,
2619 4444 2770 4516 quod
2805 4443 3151 4518 considerans
3199 4443 3402 4516 legunt
3450 4462 3550 4518 pro
3587 4447 3770 4518 consi-

2122 4532 2318 4585 gnans,
2354 4516 2505 4584 quod
2547 4515 2651 4570 est
2685 4515 2877 4570 crucis
2907 4515 3073 4586 signo
3118 4515 3346 4584 notans,
3381 4515 3482 4572 aut
3526 4517 3770 4573 benedi-

2129 4603 2266 4660 cens
2297 4587 2451 4658 apud
2472 4586 2905 4660 ecclesiasticos
2936 4587 3268 4658 scriptores,
3302 4593 3506 4660 estque
3544 4589 3604 4644 in
3635 4605 3771 4645 om-

370 4653 441 4708 ad
475 4653 928 4728 quotidianam;
964 4655 1120 4728 quod
1172 4639 1352 4728 citius
1396 4661 1660 4728 recurrat
1703 4639 1879 4728 quam
1922 4639 2016 4712 ve-
2050 4639 2096 4704 D
2128 4639 3096 4728 nibuanuod'consuluimusmss.

369 4741 434 4780 ra
483 4725 752 4781 tertiana.
803 4725 945 4781 Vide
983 4725 1224 4781 Celsum
1264 4727 1335 4781 de
1381 4727 1692 4798 generibus
1722 4725 2006 4783 febrium.

1655 4803 1935 4854 MARTIAN.

438 4866 460 4900 ³
491 4865 828 4939 Elegantius
866 4867 1128 4924 Vaticani
1177 4869 1291 4924 duo
1345 4885 1488 4923 mss.
1521 4871 1628 4923 Per
1671 4885 1764 4940 ego
1812 4879 1861 4924 te
1909 4871 2009 4940 ait,

368 4939 574 5004 Iesum,
607 4943 714 4994 etc.

438 5008 460 5042 ³
491 5009 701 5065 Vocem
735 5011 946 5067 Idolum
985 5009 1169 5082 nostri
1207 5027 1351 5066 mss.
1389 5027 1504 5066 non
1553 5017 1896 5082 agnoscunt.
1937 5017 2013 5068 De

367 5078 557 5134 Marna
585 5098 718 5138 vero
751 5087 948 5138 noster
973 5083 1126 5137 infra
1153 5081 1364 5137 iterum
1399 5087 1455 5136 et
1481 5078 1648 5153 epis‘t.
1673 5084 1742 5137 ad
1777 5089 2010 5149 Laztam,

367 5155 426 5226 et
456 5153 778 5226 Annobius,
803 5159 858 5210 et
887 5154 1168 5220 Marinus,
1193 5155 1252 5207 in
1296 5155 1411 5210 Vita
1444 5155 1624 5208 Procli
1670 5153 2009 5226 loquuntur.

369 5222 652 5295 Epiphan.
727 5226 787 5280 in
850 5226 1178 5293 Anchorato,
1222 5241 1348 5295 cap.
1407 5226 1509 5279 108
1559 5243 1572 5281 :
1623 5222 1815 5297 Μαρκῖᾶς
1845 5235 2014 5294 δοῦλος

363 5302 610 5369 ’Δοτερῃίου
675 5308 778 5369 τοῦᾲ
847 5307 1032 5369 Κρητὸς
1090 5305 1222 5368 παρὰ
1310 5303 1522 5369 Γαζαίοις
1603 5309 1816 5367 τιμᾶται,
1871 5301 2010 5354 Mar-

361 5382 463 5420 nas
507 5366 706 5422 Asterii
747 5366 1020 5423 Cretensis
1066 5366 1248 5421 servus
1285 5385 1317 5420 α
1357 5367 1562 5421 Gazan’s
1608 5366 1830 5425 colitur.
1886 5372 2014 5426 Mox

365 5440 488 5492 erat
518 5453 862 5508 egressurum
911 5455 1014 5511 pro
1062 5454 1351 5508 egressum,
1387 5441 1536 5509 quod
1589 5441 1803 5496 habent
1867 5461 2009 5498 mss.

364 5525 589 5564 omnes.

436 5580 452 5614 ί
490 5580 550 5634 In
603 5580 738 5635 aliis
783 5580 1018 5643 arentia,
1052 5579 1395 5637 concinnius
1443 5599 1574 5638 vero
1617 5584 1868 5640 ardentia
1912 5586 2012 5640 he-

365 5651 661 5724 mitritaao,
683 5651 1302 5724 Asiveresquitertiana
1347 5652 1512 5719 febri,
1542 5657 1792 5712 membra
1842 5656 2013 5711 intel-

359 5721 654 5798 ligantur.
673 5722 787 5784 Sed
807 5721 953 5783 illud
966 5721 1138 5800 turpi
1167 5740 1359 5786 errore
1377 5725 1439 5784 in
1463 5725 1636 5786 editis
1659 5731 1830 5788 antea
1847 5727 2015 5788 libris

2200 4752 2227 4776 ››
2261 4727 2405 4805 _Erat_
2473 4727 2715 4784 ridicule
2783 4729 3100 4805 admodum
3146 4729 3332 4805 vicala
3378 4747 3481 4802 pro
3529 4731 3770 4805 niculae,

2125 4801 2279 4871 quod
2334 4801 2506 4854 etiam
2551 4817 2580 4855 e
2628 4817 2769 4855 mss.
2803 4801 3077 4858 omnibus
3111 4801 3496 4858 restituimus.
3540 4803 3670 4859 Mox
3705 4801 3774 4862 in

2126 4872 2386 4947 antiquis
2415 4872 2770 4947 editionibus
2803 4872 2947 4947 falso
2977 4873 3589 4947 e_rat,suntdecemjam
3605 4879 3770 4947 anni,

2128 4943 2278 5014 quod
2316 4944 2675 5016 Rosweydus
2707 4945 3056 5009 emendavit,
3075 4949 3131 5000 et
3151 4962 3289 5016 mss.
3323 4943 3692 5002 conﬁrmant.

2192 5016 2429 5088 fDecem
2481 5015 2623 5088 jam;
2669 5018 2850 5088 annis.
2907 5017 3224 5088 Imponunt
3279 5015 3479 5072 lectori
3544 5024 3771 5077 veteres

2123 5086 2424 5162 editiones,
2459 5087 2557 5140 ubi
2609 5086 2823 5162 legitur
2853 5086 3016 5160 (sunt
3040 5088 3220 5162 decem
3240 5088 3382 5162 _ja_m
3405 5091 3563 5160 anni)
3596 5092 3771 5162 quasi

2124 5158 2472 5213 miraculum
2496 5157 2815 5215 curati—onis
2841 5157 3000 5215 cenem
3024 5157 3287 5215 mulieris
3310 5159 3527 5216 factum
3547 5157 3773 5220 dicere-

2122 5234 2218 5285 tur
2247 5248 2280 5284 a
2308 5231 2507 5285 decem
2534 5231 2725 5285 annis.
3405 5232 3689 5290 MARTIAN.

2192 5302 2212 5335 ’⁷
2243 5303 2384 5356 Tres
2423 5301 2604 5356 nostri
2677 5303 2842 5356 codd.
2888 5301 3133 5357 Messio-as
3181 5301 3418 5368 habent,
3468 5304 3565 5360 alii
3607 5308 3765 5362 Masi-

2123 5383 2203 5427 tas
2230 5392 2245 5426 :
2277 5371 2454 5444 punlo
2487 5377 2868 5445 posta/"ﬂatus
2912 5390 3014 5445 pro
3063 5375 3288 5445 affectus
3321 5392 3333 5430 :
3368 5375 3519 5432 male
3567 5381 3768 5436 autem

2122 5446 2468 5500 vetustiores
2501 5444 2640 5498 editi
2673 5444 2930 5515 afﬂictus.

2192 5517 2211 5549 ⁸
2242 5517 2425 5590 Antea
2455 5516 2752 5590 obtinebat
2788 5516 2986 5590 gulam
3008 5533 3109 5590 pro
3136 5533 3320 5590 crura,
3355 5520 3508 5590 quod
3563 5537 3767 5577 emen-

2124 5586 2478 5660 dare_visum
2511 5593 2648 5642 este
2679 5589 2908 5660 duobus
2939 5587 3124 5642 Vatic.
3156 5607 3168 5654 ;
3202 5589 3348 5644 alter
3371 5586 3570 5660 'enim,
3609 5598 3768 5650 utra-

2125 5673 2238 5744 que
2268 5655 2513 5744 lectiope
2557 5663 2801 5744 retenta,
2832 5658 3029 5718 horum
3073 5661 3282 5736 gulam,
3313 5655 3565 5724 illorum,
3579 5664 3766 5744 pedes,

2123 5729 2207 5791 νει
2236 5745 2398 5791 crura
2425 5731 2682 5807 fregerat.
