3970 6434
173 373 238 439 37
1216 372 1404 442 Vl'l‘A
1450 375 1514 439 s.
1563 324 2015 440 amatoriis
2057 371 2454 440 necuim.
3459 376 3550 443 se

173 514 220 568 et
244 503 548 566 ditissimus
572 505 735 566 urbis
753 507 912 576 Aiiaa,
933 523 1058 583 quis
1091 508 1240 566 mari
1268 509 1465 566 Rubro
1486 509 1776 582 imminet,
1807 511 1862 577 Α
1891 526 1994 566 ora
2041 510 2222 566 maris
2252 509 2499 578 candens,
2531 511 2691 565 totus
2719 507 2969 581 paralysi
3001 507 3349 580 dissolutus,
3380 515 3436 568 et
3465 513 3538 568 ab

171 599 424 674 alegione
465 615 773 672 possessus
822 599 1178 667 diemonum,
1219 599 1291 655 ad
1323 616 1458 655 cum
1489 599 1778 656 adductus

168 695 255 747 est.
301 693 514 756 Manus,
576 689 786 757 cervix,
845 688 1048 757 latera,
1107 689 1286 762 pedes
1345 689 1496 744 ferro
1555 689 1778 744 onerati

163 783 321 847 erant,
352 778 675 850 furorisque
705 778 985 836 saevitiam
1028 778 1174 834 torvi
1204 777 1355 835 oculi
1374 777 1774 834 minabantur.

162 875 388 940 Cumque
415 868 815 924 deambularet
845 873 1089 925 sanctus
1118 885 1251 923 cum
1283 867 1586 935 fratribus,
1622 871 1678 922 et
1709 868 1779 922 de

162 957 445 1031 Scripturis
490 957 688 1014 nescio
736 957 876 1030 quid
926 957 1430 1030 interpretaretur,
1461 956 1656 1028 erupit
1681 955 1780 1012 ille

164 1048 223 1104 de
248 1046 500 1103 manibus
559 1063 622 1102 se
675 1047 1036 1103 tenentium:
1089 1049 1146 1102 et
1175 1045 1482 1118 amplexus
1513 1045 1618 1117 [AL
1651 1061 1778 1101 am-

162 1135 371 1208 plexans
399 1144 446 1193 et
467 1135 856 1208 amplexatus]
887 1152 1020 1192 eum
1056 1139 1188 1207 post
1218 1139 1472 1208 tergum,
1503 1135 1561 1188 in
1594 1133 1777 1190 subli-

165 1241 241 1281 me
266 1225 473 1282 levavit.
509 1225 742 1282 Clamor
799 1230 965 1280 ortus
1013 1225 1086 1281 ab
1120 1225 1436 1280 omnibus:
1493 1224 1781 1279 timebant

161 1315 294 1371 enim
323 1332 390 1372 ne
419 1315 679 1371 confecta
699 1313 948 1386 jejuniis
979 1314 1245 1370 membra
1287 1312 1603 1369 collideret.
1635 1317 1778 1368 San-

163 1409 274 1461 ctus
301 1405 591 1462 arridens:
641 1403 817 1460 Silete
864 1403 971 1476 [AL
1007 1402 1225 1474 sinite],
1258 1402 1475 1475 inquit,
1527 1406 1583 1458 et
1632 1401 1778 1457 mihi

159 1509 326 1552 meum
354 1493 729 1567 palaestritam
784 1492 1081 1549 dimittite.
1131 1493 1210 1548 Ac
1251 1492 1334 1547 sic
1364 1496 1572 1548 reflexa
1604 1507 1781 1564 super

156 1583 401 1641 humeros
429 1600 631 1652 manu,
665 1587 841 1656 caput
869 1584 997 1654 ejus
1035 1580 1262 1655 tetigit:
1296 1581 1781 1654 apprehensoque

154 1673 310 1741 crine,
341 1677 468 1729 ante
487 1673 668 1745 pedes
691 1672 972 1728 adduxit:
1009 1671 1306 1744 stringens
1329 1686 1359 1726 e
1391 1671 1626 1742 regione
1655 1687 1778 1726 am-

154 1763 243 1819 bas
268 1778 467 1819 manus
497 1763 650 1834 ejus,
681 1765 740 1818 et
768 1760 1003 1834 plantas
1062 1765 1312 1832 utroque
1342 1758 1582 1817 calcans
1613 1760 1776 1831 pede,

154 1851 419 1924 simulque
445 1849 842 1924 ingeminans,
862 1854 1136 1921 torquere
1154 1849 1286 1920 [AL,
1337 1853 1630 1920 torquere,
1657 1849 1777 1917 ait],
1811 1892 1858 1956 Β

155 1941 457 1997 daemonum
506 1940 703 2010 turba,
764 1943 1059 2011 torquere.
1095 1939 1358 2010 Cumque
1388 1937 1484 1993 ille
1511 1937 1779 2009 ejularet,

153 2034 201 2085 et
219 2030 412 2087 reflexa
431 2029 656 2088 cervice
674 2033 894 2085 terram
924 2029 1135 2084 vertice
1178 2031 1478 2101 tangeret:
1513 2026 1779 2094 Domine,

154 2119 340 2192 inquit,
370 2120 532 2187 Jesu,
567 2117 724 2175 solve
786 2117 1092 2186 miserum,
1153 2117 1310 2172 solve
1362 2115 1679 2189 captivum.
1709 2116 1782 2173 Ut

153 2225 335 2273 unum,
365 2208 445 2264 ita
474 2214 530 2266 et
553 2207 752 2281 plures
796 2207 1026 2263 vincere
1050 2211 1219 2263 tuum
1252 2211 1359 2262 est.
1395 2205 1536 2261 Rem
1572 2205 1782 2278 loquor

150 2298 470 2367 inauditam,
503 2315 578 2355 ex
632 2314 749 2354 uno
780 2297 1041 2354 hominis
1095 2313 1192 2352 ore
1222 2295 1466 2352 diversae
1499 2311 1687 2359 voces,
1721 2300 1779 2352 et

151 2388 296 2459 quasi
324 2388 604 2444 confusus
637 2385 834 2460 pOpuli
865 2384 1088 2442 clamor
1118 2383 1484 2441 audiebatur.
1527 2384 1780 2440 Curatus

149 2479 320 2550 itaque
339 2482 394 2534 et
417 2477 664 2544 hic,non
696 2479 828 2548 post
852 2474 1105 2531 multum
1132 2474 1416 2546 temporis
1439 2491 1571 2530 cum
1605 2491 1782 2530 uxore

151 2566 402 2623 etliberis
431 2565 595 2622 venit
641 2565 713 2621 ad
772 2564 1217 2632 monasterium,
1275 2563 1552 2636 plurima,
1613 2565 1782 2636 quasi

150 2657 372 2728 gratiam
428 2656 791 2721 redditurus,
853 2655 1006 2712 dona
1062 2654 1333 2710 afl‘erens.
1379 2653 1482 2708 Cui
1517 2658 1779 2722 sanctus,

149 2743 255 2801 Non
282 2745 491 2818 legisti,
549 2745 765 2818 inquit,
825 2744 964 2816 quid
1025 2743 1310 2816 Giezi(lV
1338 2745 1465 2814 Reg.
1524 2743 1604 2815 v),
1640 2743 1781 2815 quid

151 2834 326 2891 Simon
357 2835 498 2908 (Act.
528 2835 660 2906 vm)
692 2834 851 2906 passi
877 2833 1033 2890 sint:
1061 2848 1314 2906 quorum
1347 2830 1516 2888 aliter
1559 2832 1786 2905 accepit

151 2924 399 2994 pretium,
460 2925 615 2982 alter
669 2923 915 2992 obtulit;
966 2927 1031 2978 ut
1088 2921 1185 2979 ille
1229 2923 1502 2978 venderet
1531 2922 1780 2994 gratiam

150 3014 379 3086 Spiritus
436 3013 654 3078 sancti,
707 3013 800 3070 hic
857 3011 1260 3070 mercaretur?
1312 3011 1576 3084 Cumque
1605 3011 1782 3068 Orion

149 3103 276 3160 ﬂens
303 3105 559 3162 diceret:
617 3103 851 3176 Accipe,
913 3110 970 3158 et
997 3103 1072 3158 da
1122 3101 1507 3174 pauperibus,
1538 3117 1784 3175 respon-

149 3192 257 3250 dit:
287 3195 368 3251 Tu
400 3194 620 3251 melius
648 3197 813 3266 potes
859 3197 963 3248 tua
1009 3191 1384 3257 distribuere,
1419 3191 1519 3263 qui
1552 3208 1655 3263 per
1684 3209 1782 3247 ur-

1888 599 2081 673 operis
2129 600 2306 661 sociis
2339 598 2568 655 delatus
2626 599 2696 654 ad
2729 605 3022 667 sanctum,
3083 600 3283 656 statim
3317 618 3497 657 sanus
3518 602 3540 638 ⁸

1888 690 1960 745 ad
1991 706 2140 761 opus
2171 706 2438 746 reversus
2459 688 2596 744 est?
2639 689 2862 744 Etenim
2896 688 3061 746 littus
3093 691 3248 762 quod
3281 690 3539 748 Palaesti-

1888 795 1975 833 nas
2007 783 2368 852 Egyptoque
2403 778 2789 852 pratenditur
2817 779 2982 850 [ForL
3017 781 3406 853 protenditur]
3439 798 3542 853 per

1888 873 2159 924 naturam
2193 868 2365 923 molle
2405 868 2598 924 arenis
2630 869 2686 923 in
2711 885 2850 924 saxa
2895 869 3342 927 durescentibus
3372 889 3537 944 aspe-

1888 962 2048 1013 ratur
2074 975 2086 1014 :
2121 957 2522 1030 paulatimque
2543 958 2940 1013 cohaerescens
2962 959 3073 1014 sibi
3105 959 3318 1030 glarea,
3350 962 3542 1033 perdit

1887 1051 2130 1114 tactum,
2165 1064 2297 1102 cum
2334 1065 2448 1102 non
2483 1048 2686 1119 perdat
2710 1054 3034 1120 aspectum.

1957 1137 2046 1190 20.
2082 1137 2402 1206 Male/icium
2434 1137 2760 1191 dissolutum
2815 1139 2874 1192 in
2929 1138 3292 1195 Circensibus.
3326 1172 3394 1182 ——-
3427 1143 3536 1197 Sed

1889 1227 1945 1280 et
1976 1224 2210 1279 Italicus
2266 1225 2532 1295 ejusdem
2563 1225 2759 1296 Oppidi
2795 1228 3102 1300 municeps
3146 1229 3537 1298 Christianus,

1889 1314 2170 1369 adversus
2192 1313 2507 1369 Gazensem
2532 1315 2939 1382 Duumvirum,
2964 1317 3177 1372 Marnas
3203 1319 3356 1375 idolo
3378 1321 3538 1376 dedi-

1887 1407 2038 1468 tum,
2066 1402 2364 1458 Circenses
2395 1419 2578 1475 equos
2624 1405 2726 1476 [AL
2759 1404 2895 1460 circi
2927 1422 3108 1477 equos
3142 1407 3397 1480 curules]
3431 1427 3539 1466 nu-

1888 1491 2246 1548 triebat.Hoc
2267 1492 2561 1564 siquidem
2585 1492 2643 1546 in
2676 1493 2952 1549 Romanis
2982 1495 3228 1551 urbibus
3250 1498 3377 1568 jam
3405 1499 3542 1555 inde

1891 1580 2234 1637 servabatur
2280 1598 2313 1636 a
2341 1581 2590 1636 Romulo
2611 1583 2651 1652 ‘,
2685 1586 2749 1636 ut
2781 1588 3013 1655 propter
3045 1584 3268 1640 felicem
3299 1587 3541 1644 Sabina~

1891 1685 2021 1724 rum
2077 1674 2332 1741 raptum,
2393 1675 2578 1726 Conso
2608 1671 2649 1740 5,
2708 1672 2876 1743 quasi
2944 1673 3322 1730 consiliorum
3402 1675 3539 1746 Deo,

1891 1759 2191 1831 quadrigae
2248 1765 2484 1831 septeno
2543 1767 2784 1816 currant
2835 1761 3186 1832 circumitu;
3247 1769 3303 1821 et
3358 1783 3542 1838 equos

1892 1848 2074 1920 partis
2133 1848 2385 1904 adversus
2441 1849 2704 1920 fregisse,
2750 1850 2994 1906 victoria
3041 1853 3136 1907 sit.
3198 1853 3299 1910 Hic
3346 1854 3545 1927 itaque

1889 1937 2104 1993 remulo
2135 1955 2240 1993 suo
2298 1938 2550 1994 habente
2607 1938 2963 2009 maleﬁcum,
3021 1942 3119 2012 qui
3167 1943 3544 2002 daemoniacis

1890 2026 2246 2098 quibusdam
2268 2026 2792 2099 imprecationibus
2823 2035 2880 2084 et
2900 2028 3079 2101 hujus
3099 2031 3410 2103 impediret
3433 2035 3539 2105 [AL

1889 2116 2444 2188 praecantationibus
2475 2123 2531 2171 et
2555 2116 2732 2188 hujus
2756 2119 3061 2190 prmparet]
3082 2137 3284 2192 equos,
3305 2126 3362 2178 et
3383 2122 3544 2179 illius

1890 2206 2205 2261 concitaret
2226 2206 2296 2260 ad
2321 2223 2583 2274 cursum,
2609 2207 2766 2261 venit
2795 2208 2866 2262 ad
2892 2208 3128 2264 beatum
3162 2209 3544 2277 Hilarionem.

1889 2299 2090 2351 etnon
2122 2300 2244 2350 tam
2300 2295 2702 2351 adversarium
2763 2296 2916 2363 laedi,
2977 2315 3156 2369 quam
3209 2317 3270 2355 se
3312 2300 3545 2358 defendi

1890 2384 2233 2440 obsecravit.
2268 2385 2535 2456 Ineptum
2569 2386 2759 2440 visum
2799 2390 2890 2441 est
2947 2390 3274 2444 venerando
3326 2392 3450 2445 seni
3484 2392 3544 2447 in

1890 2473 2296 2545 hujuscemodi
2356 2475 2530 2546 nugis
2587 2475 2908 2530 orationem
2965 2477 3228 2547 perdere.
3281 2482 3544 2552 Cumque

1891 2563 2221 2619 subrideret
2277 2567 2334 2618 et
2392 2563 2645 2619 diceret:
2705 2564 2821 2620 Cur
2879 2581 2994 2620 non
3039 2567 3228 2639 magis
3255 2585 3542 2640 equorum

1891 2652 2145 2724 pretium
2169 2668 2272 2724 pro
2296 2649 2484 2707 salute
2517 2653 2726 2707 animae
2756 2657 2868 2708 tuae
2900 2655 3258 2726 pauperibus
3290 2673 3495 2732 erogas
3515 2660 3544 2715 ?

1892 2739 1989 2797 ille
2019 2741 2343 2813 respondit,
2377 2741 2737 2798 functionem
2795 2759 2923 2800 esse
2971 2745 3308 2816 publicam;
3351 2753 3407 2804 et
3436 2749 3544 2806 hoc

1892 2847 1953 2887 se
1985 2848 2098 2887 non
2133 2835 2250 2886 tam
2283 2829 2448 2902 velle,
2479 2849 2658 2904 quam
2711 2833 2860 2905 cogi,
2903 2850 3009 2889 nec
3043 2851 3212 2906 posse
3241 2835 3542 2895 hominem

1892 2919 2292 2976 Christianum
2316 2919 2400 2975 uti
2423 2921 2667 2992 magicis
2689 2921 2914 2977 artibus
2941 2941 2954 2990 ;
2989 2925 3090 2979 sed
3124 2942 3156 2980 a
3187 2941 3350 2982 servo
3373 2927 3542 2984 Chri-

1893 3010 1969 3066 sti
2000 3010 2198 3082 potius
2227 3009 2512 3065 auxilium
2563 3015 2778 3082 petere,
2813 3013 3066 3069 maxime
3099 3021 3296 3070 contra
3325 3015 3542 3072 Gazen-

1893 3115 1988 3155 ses
2013 3099 2377 3156 adversarios
2411 3099 2509 3154 Dei
2538 3118 2550 3155 :
2601 3104 2658 3156 et
2689 3117 2802 3156 non
2835 3106 2955 3157 tam
2987 3103 3098 3157 sibi
3140 3121 3316 3176 quam
3353 3105 3544 3162 Eccle-

1895 3187 1992 3242 sise
2022 3185 2232 3241 Christi
2266 3185 2640 3242 insultantes.
2695 3187 2953 3260 Rogatus
3009 3205 3146 3260 ergo
3204 3207 3238 3246 a
3269 3193 3546 3250 fratribus

149 3281 234 3339 bes
262 3284 550 3351 ambulas,
583 3265 825 3340 etinosti
872 3297 1177 3354 pauperes.
1213 3281 1328 3336 Eco
1373 3295 1469 3343 om
1502 3297 1618 3336 mea
1647 3281 1779 3337 reli-
1809 3265 1852 3331 C
1892 3275 1994 3349 qui
2022 3275 2281 3341 aderant,
2316 3274 2602 3346 scyphum
2634 3275 2869 3332 fictilem
2901 3293 3017 3349 quo
3059 3278 3258 3335 bibere
3298 3297 3544 3337 consue-

147 3373 356 3444 qui,cur
374 3373 571 3431 aliena
597 3377 870 3446 appetam
891 3372 920 3427 Ἰ
950 3370 1150 3427 Multis
1181 3386 1396 3426 nomen
1429 3387 1779 3442 pauperum,

149 3463 348 3520 occasio
375 3464 637 3520 avaritia:
669 3465 792 3518 est:
829 3459 1229 3517 misericordia
1265 3476 1398 3515 vero
1429 3464 1613 3515 artem
1665 3477 1782 3515 non

147 3549 496 3612 habethMO
527 3567 744 3610 MELIUS
774 3554 995 3624 erogat,
1027 3566 1206 3622 quam
1266 3549 1366 3606 22
1398 3549 1497 3620 qui
1551 3548 1661 3605 sibi
1695 3549 1781 3604 ni-

149 3638 218 3695 hil
262 3647 543 3701 reservat.
575 3640 752 3699 Tristi
812 3645 1009 3697 autem
1068 3643 1125 3696 et
1180 3641 1239 3694 in
1293 3647 1449 3696 terra
1479 3639 1494 3673 ¹
1524 3639 1778 3710 jacenti:

147 3728 277 3800 Noli,
307 3733 522 3806 inquit,
588 3730 945 3797 contristari,
980 3729 1105 3796 fili;
1165 3729 1320 3801 quod
1356 3728 1500 3785 facio
1531 3746 1634 3801 pro
1667 3746 1782 3800 me,

146 3823 193 3874 et
221 3837 313 3892 pro
357 3826 415 3879 te
445 3821 624 3878 facio.
657 3820 719 3876 Si
776 3821 935 3876 enim
988 3818 1107 3875 haec
1139 3835 1436 3892 accepero,
1471 3823 1528 3874 et
1559 3835 1663 3890 ego
1695 3819 1784 3874 of-

144 3908 354 3968 fendam
382 3911 604 3978 Deum,
636 3915 693 3967 et
721 3911 792 3966 ad
824 3914 880 3966 te
909 3909 1064 3982 legio
1095 3913 1435 3966 revertetur.

205 4001 283 4056 19.
306 4002 669 4074 Paralyticus
692 4007 933 4055 cura-tus.
967 4029 1036 4039 -—
1067 3999 1210 4063 Quis
1228 4015 1362 4054 vero
1391 3998 1580 4071 possit
1608 3997 1784 4054 silen-

144 4087 212 4144 tio
228 4090 547 4163 pristerire,
581 4089 738 4163 quod
767 4088 1069 4145 Gazanus’
1097 4087 1427 4159 Majomites
1459 4087 1616 4144 haud
1657 4087 1786 4144 lon-

142 4191 201 4248 ge
226 4196 259 4235 a
281 4180 646 4238 monaslerio
688 4178 838 4251 ejus,
869 4176 1097 4250 lapides
1156 4177 1228 4233 ad
1273 4177 1683 4233 aedificandum
1715 4176 1787 4231 de

202 4376 217 4408 ¹
246 4375 384 4432 Mss.
419 4389 657 4437 omnes.
689 4377 742 4430 et
772 4374 831 4428 in
861 4373 1045 4445 arenis
1077 4387 1179 4445 pro
1207 4379 1372 4428 terra.

208 4447 228 4480 ²
256 4447 416 4504 Unus
449 4465 595 4514 ms.,
625 4446 894 4512 laxamus,
951 4443 1048 4498 alii
1080 4443 1391 4508 'Zananus,
1450 4443 1538 4499 vel
1592 4444 1788 4500 Zenai-

146 4534 273 4592 nas:
303 4536 442 4592 mox
474 4534 716 4592 quoque
742 4517 941 4592 eadem
971 4531 1074 4588 pro
1103 4514 1336 4572 caederes.

208 4591 228 4624 ³
257 4591 404 4646 Illud
435 4587 982 4648 adnue—addidimus
1012 4604 1042 4643 e
1074 4603 1217 4642 mss.

209 4663 228 4696 ‘
251 4641 1056 4719 Kh‘téa'éﬁﬁiré'ixééfﬁdem
1108 4641 1232 4714 erat
1263 4658 1322 4713 in
1377 4658 1645 4730 praesenti
1678 4674 1792 4730 ser-
1822 4641 1869 4707 D

147 4742 309 4806 ratur.
343 4736 502 4806 Tum
539 4750 645 4806 pro
692 4732 859 4806 Conso
911 4730 1075 4806 olim_
1109 4734 1234 4806 erat
1259 4729 1327 4785 ab
1375 4729 1510 4802 ipso.
1547 4729 1793 4806 Gravius

148 4801 249 4877 legi
293 4805 484 4862 voluit
529 4801 600 4861 ἁὺ
628 4807 747 4876 ipso
791 4803 978 4877 Conso.
1025 4803 1124 4877 _De
1153 4801 1484 4877 hoc‘autem
1519 4801 1792 4877 consilio-

149 4873 264 4933 ru'm
285 4877 426 4944 Deo,
462 4878 562 4934 cui
598 4873 837 4949 septeno
859 4874 1106 4930 circuitu
1140 4873 1437 4949 quadrigas
1459 4875 1791 4949 currebant,

147 4955 452 5027 occurrunt
483 4944 709 5027 passim
731 4944 1208 5027 _monumenta_,'e
1241 4944 1794 5027 quibgsjnscyiptio

148 5024 296 5078 vetus
321 5021 468 5078 olim
485 5017 708 5078 effossa
729 5019 788 5075 in
809 5019 969 5074 Circo
991 5017 1236 5089 Maximo
1269 5018 1422 5089 apud
1448 5017 1794 5072 Panvinium

149 5097 404 5218 postrum
466 5093 545 5149 de
605 5091 782 5148 Ludis
839 5090 1099 5146 Circens.
1156 5088 1502 5162 Elegantiss.
1555 5089 1794 5161 Proper-

172 5179 254 5218 llll
284 5183 359 5218 ΠΖ

172 5179 254 5223 Ill!
284 5183 359 5222 1ῐέ

229 5281 516 5355 εμπιριξυς
546 5279 743 5330 infecto
774 5279 1014 5355 deposcit
1043 5277 1262 5355 praemia
1291 5291 1467 5355 cursu,

231 5341 472 5408 Septima
503 5357 668 5406 quam
697 5341 890 5393 metam
925 5341 1133 5392 triverit
1161 5345 1271 5391 arte
1300 5345 1415 5390 rota
1433 5343 1458 5389 ?

152 5448 222 5503 Ad
252 5467 372 5508 rem
409 5454 682 5507 nostram
713 5449 893 5505 Varro
924 5448 1026 5505 lib.
1058 5467 1093 5503 v
1122 5450 1198 5504 De
1228 5449 1363 5518 ling.
1400 5449 1518 5502 Lat.
1549 5461 1563 5502 :
1606 5467 1628 5495 α
1661 5451 1799 5503 Con-

156 5521 325 5594 snalia
350 5524 518 5580 dicta
551 5539 580 5577 a
611 5522 982 5594 Conso,quod
1002 5526 1137 5594 tum
1172 5519 1591 5594 feriepublicm
1614 5520 1796 5594 eideo

156 5594 203 5664 et
226 5593 281 5652 in
311 5595 472 5652 circo
504 5595 575 5650 ad
608 5611 771 5649 aram
803 5591 932 5664 ejus
962 5593 1034 5649 ab
1065 5591 1466 5649 sacerdotibus
1498 5593 1646 5646 fiunt
1672 5591 1797 5664 ludi

155 5661 248 5735 illi,
276 5667 512 5749 quibus
527 5666 783 5749 virgines
827 5661 1053 5749 sabinas
1080 5669 1284 5749 {apta}.
1333 5686 1360 5749 ξ
1490 5662 1799 5749 Tertullia-

158 5734 255 5800 ειη
294 5734 414 5802 lib.
466 5740 552 5800 De
601 5734 960 5817 spectandis:
993 5758 1023 5792 α
1080 5734 1300 5799 Exinde
1342 5734 1466 5795 ludi
1491 5734 1799 5797 consualia

1893 3369 2072 3433 verat,
2107 3381 2260 3436 aqua
2283 3363 2466 3434 jussit
2493 3363 2751 3436 impleri,
2784 3367 2953 3438 eique
2988 3368 3159 3423 tradi.
3195 3370 3378 3435 Quem
3409 3387 3544 3427 cum

1895 3453 2215 3526 accepisset
2247 3453 2502 3521 Italicus,
2536 3459 2592 3509 et
2622 3454 2720 3510 23
2776 3456 3098 3523 stabulum,
3159 3463 3216 3514 et
3262 3476 3467 3532 equos,
3492 3465 3550 3517 et

1893 3541 2127 3615 aurigas
2185 3559 2348 3610 suos,
2402 3542 2644 3599 rhedam
2675 3545 2716 3610 ⁵,
2776 3561 3192 3619 carcerumque
3268 3550 3546 3622 repagula

1892 3633 2164 3706 aspersit.
2199 3632 2346 3688 Mira
2385 3631 2542 3705 vulgi
2589 3634 2978 3706 exspectatio:
3032 3653 3166 3693 nam
3189 3641 3245 3693 et
3275 3639 3544 3696 adversa-

1894 3721 2016 3779 rius
2039 3722 2148 3778 hoc
2169 3722 2363 3794 ipsum
2420 3723 2694 3791 irridens,
2727 3724 3169 3793 diffamaverat;
3203 3732 3260 3784 et
3292 3728 3546 3786 fautores

1893 3810 2074 3868 Italici
2099 3811 2210 3867 sibi
2235 3815 2453 3867 certam
2473 3811 2772 3868 victoriam
2798 3811 3136 3885 pollicentes
3152 3817 3540 3874 exsultabant.

1893 3901 2079 3974 Igitur
2108 3902 2242 3956 dato
2301 3899 2469 3973 signo
2529 3901 2585 3957 hi
2616 3902 2909 3966 advolant,
2970 3902 3052 3957 illi
3088 3905 3542 3976 przepediuntur.

1893 3990 2010 4046 Sub
2043 3990 2253 4046 horum
2283 4006 2458 4046 curru
2523 3996 2658 4046 rotis
2709 3991 2946 4058 fervent,
3009 3991 3093 4047 illi
3139 3995 3545 4064 pratervolan-

1894 4081 2043 4137 tium
2101 4084 2266 4152 terga
2322 4078 2417 4136 vix
2472 4084 2740 4136 cernunt.
2773 4081 3008 4138 Clamor
3032 4083 3099 4138 fit
3137 4084 3292 4157 vulgi
3327 4085 3548 4145 nimius

1897 4167 2311 4241 [Codd.nimius
2335 4169 2674 4241 attollitur]:
2711 4170 2793 4227 ita
2822 4175 2886 4226 ut
2918 4171 3147 4229 Ethnici
3167 4191 3400 4248 quoque
3429 4176 3543 4249 ipsi

1899 4369 2060 4434 dicti,
2085 4368 2183 4440 qui
2217 4367 2288 4422 ab
2320 4366 2487 4423 initio
2509 4365 2843 4439 Neptunum
2868 4368 3549 4430 honorabant.Eumdem

1898 4441 2056 4498 enim
2081 4439 2139 4495 et
2158 4442 2412 4516 Consum
2441 4444 2680 4516 vocant.
2709 4461 2729 4488 ιι
2767 4439 2834 4516 Et
2865 4442 3064 4496 statim
3095 4459 3121 4516 :7
3143 4466 3171 4491 ‹‹
3199 4444 3548 4516 Quanquam

1899 4519 1958 4569 et
1985 4510 2286 4568 consualia
2311 4510 2557 4584 Romulo
2578 4511 2922 4584 defendunt,
2972 4515 3126 4584 quod
3161 4532 3228 4570 ea
3256 4510 3442 4572 Conso
3463 4518 3551 4573 di-

1901 4585 2291 4661 caverit,_deo,
2320 4587 2384 4637 ut
2413 4581 2634 4661 volunt,
2667 4583 2916 4661 consilii,
2974 4581 3388 4661 ejususcilicet,
3437 4605 3552 4661 quo

1900 4663 2041 4713 tunc
2071 4657 2421 4711 Sabinarum
2451 4654 2746 4724 virginum
2772 4654 3016 4725 raptum
3037 4656 3324 4714 militibus
3345 4654 3470 4715 suis
3489 4660 3548 4715 in

1903 4726 2280 4800 matrimonia
2330 4726 2696 4800 excogitavit.
2759 4749 2780 4773 ι
2843 4727 2900 4782 S.
2961 4727 3284 4800 Cyprianus
3344 4729 3444 4786 lib.
3477 4732 3550 4787 de

1903 4799 2200 4855 Idolorum
2233 4799 2506 4863 vanitate,
2542 4822 2568 4847 ‹‹
2603 4801 2846 4864 Consus,
2890 4799 3064 4869 quem
3097 4801 3269 4855 deum
3307 4801 3549 4869 fraudis,

1902 4872 2061 4928 velut
2089 4870 2469 4946 consiliorum
2501 4870 2674 4946 deum
2708 4869 2816 4925 coli
2849 4871 3134 4946 Romulus
3168 4872 3364 4942 voluit,
3401 4879 3553 4946 post-

1905 4961 2080 5070 quam
2114 4943 2171 4997 in
2204 4947 2438 5013 raptum
2499 4941 2848 4997 Sabinarum
2911 4943 3152 5014 perfidia
3209 4941 3491 5016 provenit.
3524 4969 3551 4996 ›»

1952 5016 2030 5070 id.
2065 5015 2262 5070 etiam.
2297 5013 2344 5069 si
2405 5013 2584 5070 lubet.
2642 5013 2988 5070 Dionvsium
3030 5015 3551 5070 Halicarnassaeum

1952 5016 2030 5070 id.
2065 5015 2262 5075 etiam,
2297 5013 2344 5069 si
2405 5013 2584 5076 lubet,
2642 5013 2988 5086 Dionysium
3030 5013 3551 5073 Halicarnassazum

1905 5087 2007 5142 lib.
2042 5104 2078 5152 ι,
2115 5085 2407 5159 Valerium
2439 5085 2751 5140 Maximum
2778 5085 2812 5140 l.
2845 5103 2906 5159 ιι,
2942 5090 2997 5141 et
3046 5087 3446 5159 Plutarchum,
3480 5091 3554 5146 De

1906 5159 2303 5233 qumstionz'bus
2334 5158 2538 5233 Roman
2549 5158 2611 5233 is.
2847 5157 2860 5178 ‘

1964 5233 1995 5306 ,⁸
2032 5231 2197 5306 ϐοηξο
2227 5231 2404 5300 quasi.
2438 5229 2516 5306 De
2547 5230 2731 5306 Co_nso
2763 5228 3150 5306 consiliorum
3176 5231 3281 5306 dco
3302 5239 3370 5306 et
3401 5233 3556 5291 ludis

1905 5302 2279 5378 circensibus
2319 5300 3057 5378 consule_f‘rugn'ientorum
3112 5303 3261 5378 Festi
3298 5305 3555 5378 Pompeii

1905 5375 2120 5430 librum
2151 5375 2388 5428 tertium
2419 5390 2429 5441 ;
2481 5379 2535 5427 et
2570 5373 2643 5426 Μ.
2705 5373 2979 5428 Varronis
3012 5374 3082 5429 De
3129 5375 3324 5443 lingua
3354 5373 3556 5434 Latina

1905 5447 2122 5503 librum
2155 5446 2449 5517 quintum.
2689 5516 2713 5517 η
3164 5451 3446 5507 Murrus.

1975 5520 1996 5553 θ
2027 5519 2147 5572 Vox
2174 5514 2402 5571 rhedam
2430 5514 2490 5570 in
2541 5516 2836 5578 omnibus,
2890 5518 3108 5588 quibus
3157 5522 3382 5577 utimur
3407 5541 3551 5580 mss.

1907 5591 2270 5647 desideratur
2293 5605 2315 5662 εξ
2339 5591 2461 5642 tum
2523 5604 2679 5643 unus
2727 5589 3024 5662 antiquior
3078 5591 3262 5648 Vatic.
3294 5608 3558 5652 carruca-

1905 5677 2147 5798 3:33:61
2151 5660 2380 5814 e:‘éptulas
2407 5676 2509 5735 pro
2556 5660 2942 5740 carcerumqite
2992 5665 3278 5740 repagula,
3308 5666 3555 5731 fortasse
