3970 6476
393 357 471 420 39
1649 359 1712 421 S.
1761 355 2072 423 EUSEBII
2117 353 2586 422 HIERONYMI.

3715 346 3800 414 40

390 492 842 560 conereparent:
877 489 1108 544 Marnas
1165 488 1353 546 victus
1381 495 1472 546 est
1509 507 1543 546 a
1573 490 1820 546 Christo.
1857 491 2032 546 Porro
2062 492 2117 559 Α
2147 495 2462 563 antequam
2494 491 2771 560 purgaret
2814 485 3118 558 virginem,
3168 483 3256 540 vel
3279 483 3300 518 ⁸
3343 480 3798 549 adolescentem,

393 579 653 634 furentes
682 576 1018 641 adversarii,
1081 577 1433 634 Hilarionem
1481 579 1814 634 maleﬁcum
1873 579 2034 634 Chri-

393 667 691 722 stianum1
724 666 796 720 ad
853 664 1205 738 supplicium
1264 671 1670 739 poposcerunt.
1707 667 2038 724 Indubitata

390 769 527 827 ergo
574 753 812 810 victoria
859 757 916 808 et
957 752 1096 824 illis,
1128 760 1187 810 et
1239 755 1442 812 multis
1484 760 1633 812 retro
1664 755 2034 812 Circensibus

390 842 664 915 plurimis
696 841 830 898 ﬁdei
861 843 1088 899 occasio
1122 844 1249 899 fuit.

455 933 546 987 21.
586 933 861 1003 Virginem
890 932 957 987 ab
991 934 1363 989 incantatione
1408 935 1681 990 amatoria
1703 935 1917 990 liberat.
1965 964 2034 974 --

385 1019 469 1076 De
495 1020 698 1076 eodem
731 1020 1008 1076 Gazensis
1038 1021 1279 1093 emporii
1307 1022 1542 1093 oppido,
1575 1022 1863 1095 virginem
1895 1022 1990 1077 Dei
2013 1023 2034 1057 ³

383 1108 617 1164 vicinus
630 1108 868 1180 juvenis
880 1109 1312 1180 deperibat.Qui
1340 1127 1472 1165 eum
1496 1111 1830 1182 frequenter
1850 1114 2030 1177 tactu,

375 1197 551 1267 jocis,
584 1198 848 1264 nutibus,
885 1197 1094 1263 sibilis,
1128 1205 1183 1253 et
1241 1199 1461 1254 caeteris
1511 1199 1873 1270 hujusmodi,
1905 1215 2030 1271 quas

383 1286 585 1342 solent
614 1287 908 1342 moritura:
955 1286 1310 1359 virginitatis
1368 1305 1498 1343 esse
1541 1287 1848 1359 principia,
1884 1287 2029 1343 nihil

379 1375 740 1446 profecisset,
773 1375 1020 1446 perrexit
1065 1375 1382 1445 Memphim
1402 1377 1444 1443 3,
1492 1382 1556 1430 ut
1603 1378 1870 1432 confesso
1900 1376 2030 1431 vul-

379 1480 514 1520 nere
538 1463 913 1535 suo,magicis
936 1463 1164 1518 artibus
1194 1465 1410 1519 rediret
1439 1470 1701 1520 armatus
1750 1465 1820 1520 ad
1854 1465 2026 1539 virgi-

377 1569 530 1608 nem.
559 1552 743 1624 Igitur
765 1556 898 1623 post
926 1569 1146 1607 annum
1170 1552 1375 1607 doetus
1407 1553 1477 1608 ab
1527 1553 1844 1625 1Esculapii
1882 1555 2026 1610 vati-

374 1641 488 1697 bus
508 1642 552 1708 ‘,
583 1657 696 1696 non
723 1640 1101 1696 remediantis
1123 1640 1372 1706 animas,
1397 1642 1498 1697 sed
1526 1644 1844 1714 perdentis,
1873 1645 2029 1698 venit

374 1734 797 1802 praesumptum
854 1729 1049 1784 animo
1108 1735 1379 1800 stuprum
1438 1732 1714 1802 gestiens,
1747 1737 1802 1787 et
1827 1735 2028 1789 subter

2144 579 2232 636 vel
2256 580 2426 652 signa
2464 578 2673 648 jubere
2722 574 3004 648 perquiri,
3039 591 3110 630 ne
3139 578 3241 630 aut
3270 571 3498 630 solutus
3529 571 3794 629 incanta-

2143 669 2403 724 tionibus
2425 665 2736 723 recessisse
2776 667 3004 720 dmmon
3034 664 3348 728 videretur,
3381 665 3484 718 aut
3514 661 3642 734 ipse
3675 676 3795 717 ser-

2143 760 2303 814 moni
2335 757 2462 828 ejus
2492 753 2968 811 aceommodasse
3016 753 3191 809 ﬁdem
3217 769 3229 809 :
3257 766 3531 809 asserens
3561 749 3797 807 fallaces

2143 863 2271 902 esse
2299 847 2615 909 daemones,
2647 848 2704 899 et
2728 843 2800 898 ad
2831 841 3234 898 simulandum
3264 856 3395 898 esse
3423 838 3708 910 callidos;
3740 845 3800 896 et

2144 935 2332 1009 magis
2364 933 2590 990 reddita
2636 933 2884 989 sanitate
2927 931 3217 1004 increpuit
3237 929 3544 1003 virginem,
3577 943 3682 984 cur
3712 928 3794 986 fe-

2141 1024 2317 1080 cisset
2341 1022 2502 1088 talia,
2535 1038 2638 1094 per
2659 1039 2788 1094 qua:
2827 1021 3053 1076 daemon
3087 1021 3304 1076 intrare
3333 1017 3647 1092 potuisset.

2210 1116 2301 1170 22.
2335 1112 2695 1168 Candidatum
2751 1111 3058 1166 Constantii
3084 1127 3119 1164 a
3147 1109 3392 1165 daemone
3429 1108 3651 1164 liberat.
3685 1107 3792 1163 De-

2140 1203 2389 1256 curiones
2421 1202 2678 1256 locorum.
2713 1229 2779 1241 -—
2831 1199 2954 1254 Non
2986 1197 3179 1254 solum
3213 1201 3410 1253 autem
3439 1195 3499 1252 in
3531 1194 3791 1252 Palaesti-

2141 1307 2236 1358 na,
2269 1295 2327 1346 et
2357 1291 2414 1344 in
2463 1289 2670 1344 vicinis
2729 1289 2979 1344 urbibus
3008 1287 3238 1359 Egypti
3287 1286 3378 1342 vel
3428 1285 3627 1358 Syriae,
3685 1285 3785 1342 sed

2139 1379 2315 1433 etiam
2362 1379 2420 1433 in
2470 1376 2808 1450 longinquis
2858 1376 3172 1448 provinciis
3204 1375 3360 1431 fama
3403 1374 3530 1445 ejus
3562 1389 3791 1446 percre-

2137 1467 2366 1523 buerat.
2400 1466 2662 1538 Namque
2697 1466 3049 1521 candidatus
3079 1463 3400 1520 Constantii
3422 1464 3443 1498 ⁸
3478 1463 3795 1536 imperato-

2137 1556 2239 1623 ris,
2294 1555 2508 1611 rutilus
2559 1571 2744 1621 coma,
2799 1558 2856 1609 et
2909 1553 3158 1609 candore
3215 1552 3475 1624 corporis
3523 1551 3792 1607 indicans

2136 1644 2492 1718 provinciam
2549 1644 2725 1712 (inter
2782 1643 3037 1698 Saxones
3094 1641 3306 1714 quippe
3367 1645 3424 1695 et
3476 1639 3791 1697 Alemanos

2135 1750 2280 1806 gens
2321 1733 2484 1804 ejus"
2518 1749 2632 1787 non
2683 1737 2805 1787 tam
2836 1730 2952 1786 lata
2983 1747 3160 1802 quam
3191 1728 3564 1801 valida,apud
3599 1728 3791 1785 histo-

376 1818 556 1875 limen
589 1819 800 1874 domus
844 1817 1046 1889 puella:
1081 1824 1347 1890 portenta
1376 1820 1642 1891 quadarn
1690 1822 2022 1889 verborum,
2054 1857 2102 1922 Β
2135 1823 2285 1878 ricos
2317 1821 2649 1885 Germania,
2681 1837 2837 1874 nunc
2894 1818 3137 1874 Francia
3192 1820 3476 1888 vocatur),
3519 1817 3790 1889 antiquo,

374 1912 432 1963 et
453 1912 816 1980 portentosas
841 1908 1057 1979 ﬁguras
1081 1907 1342 1980 sculptas
1363 1908 1420 1963 in
1441 1910 1572 1964 saris
1594 1909 1783 1981 Cyprii
1801 1911 2023 1967 lamina

373 1997 612 2052 defodit.
646 1996 806 2051 Illico
847 1996 1106 2052 insanire
1151 1997 1333 2069 virgo,
1367 2003 1423 2052 et
1453 1998 1670 2053 amictu
1695 1998 1902 2070 capitis
1924 2000 2022 2054 ab-

367 2087 545 2156 jeeto,
583 2090 772 2140 rotare
829 2085 1070 2152 crinem,
1104 2085 1349 2142 stridere
1377 2086 1672 2153 dentibus,
1705 2087 2020 2143 inclamare

373 2191 586 2230 nomen
630 2172 1039 2229 adolescentis.
1093 2173 1431 2245 Magnitudo
1463 2176 1678 2247 quippe
1709 2177 1926 2231 amoris
1959 2195 2020 2234 se

371 2263 429 2318 in
463 2264 716 2318 furorem
747 2267 1012 2318 verterat.
1046 2263 1329 2318 Perducta
1359 2280 1495 2336 ergo
1519 2280 1552 2318 a
1574 2266 1916 2336 parentibus
1945 2266 2014 2321 ad

369 2350 814 2418 monasterium,
865 2350 987 2406 seni
1048 2351 1330 2407 traditur:
1396 2351 1658 2408 ululante
1712 2354 1913 2408 statim
1961 2358 2018 2410 et

366 2442 674 2498 conﬁtente
695 2441 975 2505 daemone,
1004 2439 1133 2493 Vim
1166 2439 1440 2508 sustinui,
1476 2440 2015 2515 invitus.abductus

365 2547 499 2587 sum
525 2547 537 2585 :
573 2546 748 2601 quam
782 2528 928 2583 bene
954 2527 1242 2599 Memphis
1273 2529 1521 2584 somniis
1553 2529 1820 2586 homines
1843 2530 2011 2587 delu-

365 2620 575 2675 debam
601 2619 613 2673 ι
639 2617 682 2674 O
701 2633 900 2673 cruces
926 2616 938 2671 ι
964 2617 1065 2672 24
1085 2633 1116 2672 ο
1139 2621 1428 2672 tormenta
1457 2634 1582 2689 quae
1605 2619 1824 2690 patior!
1848 2620 2014 2677 Exire

368 2725 461 2764 me
483 2707 664 2780 cogis,
705 2710 764 2762 et
787 2705 998 2778 ligatus
1032 2705 1232 2760 subter
1252 2705 1430 2761 limen
1454 2713 1672 2763 teneor.
1706 2709 1831 2763 Non
1853 2726 2012 2778 exeo,

368 2795 481 2851 nisi
515 2812 607 2851 me
637 2793 978 2850 adolescens
1024 2793 1124 2865 qui
1158 2799 1333 2861 tenet,
1384 2795 1692 2852 dimiserit.
1726 2797 1887 2853 Tunc
1917 2816 2012 2854 se-

368 2901 508 2940 nex:
536 2883 810 2950 Grandis,
858 2882 958 2949 ait,
1020 2882 1298 2938 fortitudo
1355 2888 1474 2950 tua,
1535 2885 1634 2955 qui
1681 2884 1813 2940 licio
1844 2891 1900 2940 et
1929 2886 2011 2942 la-

368 2959 529 3029 mina
549 2973 790 3028 strictus
811 2970 1047 3026 teneris.
1083 2971 1202 3039 Die,
1235 2987 1414 3043 quare
1455 2989 1637 3028 ausus
1669 2989 1729 3028 es
1786 2975 2011 3044 ingredi

367 3060 624 3134 puellam
647 3058 796 3115 Dei?
818 3058 889 3114 Ut
935 3075 1246 3127 servarem,
1280 3059 1492 3131 inquit,
1542 3077 1670 3117 eam
1703 3063 2006 3136 virginem.

364 3151 448 3206 Tu
498 3165 780 3218 servares,
840 3149 1101 3221 proditor
1148 3149 1434 3204 castitatis
1457 3150 1484 3204 ?
1519 3150 1634 3206 Cur
1667 3168 1780 3207 non
1814 3153 2007 3224 potius

363 3240 424 3296 in
455 3255 589 3295 eum
641 3215 1167 3310 qui-te‘mittebat,
1226 3254 1288 3292 es
1337 3237 1689 3310 ingressus?
1738 3215 2007 3313 Ut-quid,
2039 3215 2082 3280 δ

365 3327 686 3400 respondit,
722 3326 1000 3381 intrarem
1033 3326 1092 3380 in
1125 3342 1280 3393 eum,
1315 3327 1416 3398 qui
1448 3327 1698 3384 habebat
1727 3329 2008 3401 collegam

367 3432 566 3472 meum
597 3415 813 3470 amoris
865 3414 1235 3470 damonem?
1282 3415 1479 3470 Noluit
1528 3423 1722 3472 autem
1761 3423 2011 3476 Sanctus

439 3543 456 3576 ⁸
482 3543 621 3597 Mss.
652 3540 960 3609 maleﬁcum
1004 3539 1457 3596 Christianorum.
1509 3545 1684 3597 Porro
1717 3543 2012 3599 maleﬁcos

368 3629 653 3686 equorum
686 3611 1034 3686 agitatores,
1067 3612 1167 3686 qui
1214 3611 1610 3686 adversarium
1674 3631 1854 3685 equos
1896 3617 2012 3670 dis-

370 3682 654 3741 m'oniacis
684 3682 1202 3756 imprecationibus
1250 3683 1618 3756 impedirent,
1674 3682 1741 3739 ut
1769 3703 1908 3741 suos
1939 3688 2010 3742 ad

369 3772 576 3812 cursus
622 3753 1353 3826 velocioresgimpellerent,
1386 3772 1535 3826 saepe
1565 3760 1784 3812 veteres
1813 3763 2011 3814 aucto-

367 3845 458 3884 res
516 3824 1068 3899 notant.__CassiodI
1107 3824 1210 3899 lib_.
1263 3842 1327 3879 III
1383 3824 1592 3899 Variar.
1643 3829 1815 3899 epist.
1868 3846 1906 3894 ι,
1941 3831 2013 3886 de

366 3901 619 3972 quodam
646 3896 1074 3972 nqhili_au_ri_ga,
1109 3920 1135 3946 «
1172 3897 1525 3972 Frequentia
1549 3896 1760 3969 inquit,
1789 3901 2014 3971 palma-

367 3967 496 4026 rum
529 3987 662 4025 eum
689 3969 802 4024 dici
825 3969 1073 4024 faciebat
1094 3967 1446 4024 maleﬁcum.
1480 3967 1723 4025 Necesse
1743 3967 1832 4026 est
1855 3973 2012 4027 enim

368 4043 438 4097 ad
464 4040 901 4114 perversitatem
935 4040 1222 4111 magicam
1256 4040 1476 4104 referri,
1504 4043 1743 4114 quando
1775 4043 2014 4099 victoria

367 4110 655 4184 equorum
716 4110 938 4166 meritis
999 4110 1114 4166 nan
1147 4116 1336 4184 potest
1383 4110 1688 4184 applicari.
1733 4137 1754 4166 ι
1792 4116 2008 4170 Arnob.

368 4182 467 4239 lib.
502 4201 519 4237 ι
549 4182 758 4237 advers.
819 4185 979 4236 Gent.
1021 4183 1092 4253 de
1149 4182 1475 4253 magorum
1507 4185 1730 4238 artibus
1765 4202 1777 4239 :
1812 4209 1838 4233 ‹‹
1873 4187 2013 4250 Quis

367 4256 526 4326 enim
575 4253 683 4308 hoc
709 4253 1018 4326 neseiat...
1045 4252 1104 4307 in
1151 4252 1454 4326 carriculis
1474 4271 1663 4326 eques
1687 4257 2010 4326 debilitare,

368 4325 915 4401 incitare,_tardare,
967 4345 995 4372 ››
1027 4324 1327 4401 _etc._\_/id.
1370 4325 1510 4401 _Cod.
1544 4324 1758 4401 Theod.
1793 4330 1864 4401 ad
1897 4324 2007 4401 leg.

366 4397 489 4452 Qde
538 4394 788 4464 Male/90.,
842 4394 1139 4449 Ammian.
1178 4395 1494 4450 Marcellin.
1547 4397 1813 4468 pluribus
1845 4394 2009 4456 locis.

437 4487 458 4520 ³
485 4486 758 4553 Virginem
787 4483 944 4561 ‘Qei:
972 4484 1034 4561 In
1067 4484 1255 4561 tribus
1287 4489 1410 4561 _aut
1439 4491 1690 4561 quatuor
1718 4489 2011 4561 exempla-

367 4557 530 4650 ribus
562 4572 704 4612 mss.
730 4578 757 4605 «
787 4555 1044 4626 Virginis
1068 4555 1169 4611 Dei
1191 4555 2014 4650 νίθίιιυεάὶινῗξιὶεβωοιέἀει-
2044 4585 2090 4650 D

367 4629 622 4703 peribas.
662 4650 683 4677 ο
1545 4629 1832 4686 Maenas.

434 4725 656 4802 ’__Paria
702 4724 879 4802 habet
928 4723 1314 4802 in_Isa._xrx:
1358 4747 1385 4774 ‹‹
1418 4725 1735 4802 Memphim
1769 4729 2013 4802 magicis

366 4797 591 4872 artibus
609 4796 888 4872 deditam,
930 4795 1159 4872 pristini
1183 4812 1372 4872 usque
1400 4797 1470 4872 ad
1497 4795 1753 4868 priesens
1778 4795 2013 4872 tempus

364 4870 607 4942 vestigia
649 4867 868 4942 erroris
899 4867 1235 4942 ostendunt.
1271 4891 1297 4917 ››
1333 4867 1646 4942 Etin’cap.
1681 4887 1785 4924 va
1815 4873 1884 4927 de
1904 4867 2013 4926 Ἐ-

366 4887 607 4942 vesugia
653 4887 868 4923 erroris
899 4887 1233 4922 οειειιαιιιιι.
1271 4891 1297 4917 ››
1334 4887 1399 4921 ω
1428 4887 1485 4921 1n
1520 4887 1585 4922 ca
1634 4912 1646 4925 .
1681 4887 1785 4924 va
1815 4887 1884 4927 ne
1914 4887 2013 4926 Λς-

366 4941 608 5019 sculapii
641 4941 794 5019 fano,
825 4939 882 4992 in
915 4955 1030 5019 quo
1052 4941 1273 5019 ‘stratis
1317 4938 1551 5019 pel_lib_us
1590 4887 1894 5019 gestiarum
1925 4947 2013 4998 in-

364 5009 564 5067 cubare
591 5011 746 5067 soliti
773 5009 1068 5084 (gentiles)
1117 5009 1325 5078 erant,
1353 5015 1414 5064 ut
1465 5013 1525 5066 in
1566 5016 1793 5069 somniis
1819 5018 2014 5086 futura

365 5086 762 5151 cognoscerent.

435 5154 558 5225 ‘VAb
588 5153 909 5224 .Esculapii.
943 5151 1046 5207 Hic
1095 5168 1327 5225 quoque
1357 5151 1596 5225 legunt:
1637 5176 1658 5203 ι
1693 5155 1781 5209 Ab
1808 5161 2011 5213 Escu-

363 5223 502 5296 lapii
531 5225 782 5292 vatibus,
805 5223 934 5280 non
966 5223 1448 5292 remediantibus',
1500 5225 1602 5279 sed
1634 5227 2013 5296 perdentibus

366 5295 620 5363 animas,
655 5317 684 5345 »
715 5301 824 5351 etc.
1617 5295 1902 5355 MARTIAN.

435 5396 455 5473 ξ
484 5397 961 5473 Peccanteontra
993 5393 1246 5473 historia:
1283 5393 1606 5473 veritatem,
1640 5412 1705 5450 ac
1738 5399 2011 5473 Hierony-

366 5467 450 5546 mi_
480 5471 733 5546 mentem
751 5464 1225 5546 hucusqueediti
1245 5466 1426 5546 _unius
1455 5466 1700 5536 hujusce
1718 5464 2012 5546 particulae

364 5537 788 5617 velomissione
812 5543 910 5617 aut
931 5536 1262 5617 significent
1304 5538 1499 5617 ipsum
1549 5536 1783 5610 quoque
1814 5542 2014 5617 adole-

365 5614 680 5668 scentema
712 5609 771 5665 S.
820 5605 1113 5663 Hilarione
1184 5605 1618 5674 curatum,cum
1666 5605 2014 5670 e'contrario

365 5695 558 5764 neque
602 5677 862 5763 perquiri
892 5677 1061 5742 illum
1082 5677 1302 5753 siverit,
1332 5697 1405 5740 ne
1431 5680 1561 5755 ejus
1601 5680 2014 5745 incantationi-

2133 1911 2244 1967 hoe
2275 1916 2384 1980 est,
2419 1911 2492 1966 ab
2526 1909 2774 1965 infantia
2805 1925 3118 1981 possessus
3147 1907 3429 1973 daemone,
3463 1905 3564 1978 qui
3599 1905 3789 1962 nocti-

2133 2001 2243 2056 bus
2294 2017 2428 2055 eum
2462 1997 2710 2066 ululare,
2772 1996 3174 2070 ingemiscere,
3232 1996 3477 2051 fremere
3507 1995 3786 2051 dentibus

2130 2088 2533 2160 compellebat,
2591 2092 2813 2142 secreto
2871 2087 2942 2142 ab
3002 2086 3350 2158 imperatore
3389 2084 3786 2152 Evectionem,

2130 2178 2314 2250 petiit,
2349 2193 2588 2233 causam
2645 2177 2696 2232 ei
2731 2175 3079 2247 simpliciter
3109 2174 3396 2230 indicans.
3430 2177 3497 2228 Et
3526 2174 3783 2245 acceptis

2129 2268 2199 2323 ad
2235 2265 2611 2321 Consularem
2636 2280 2874 2336 quoque
2895 2262 3212 2318 Palaestinae
3257 2261 3494 2329 litteris,
3525 2277 3659 2317 cum
3693 2261 3782 2317 in-

2126 2357 2282 2430 genti
2309 2356 2525 2412 honore
2547 2359 2603 2410 et
2626 2353 2912 2409 comitatu
2935 2353 3146 2409 Gazam
3169 2352 3458 2407 deductus
3504 2356 3613 2406 est.
3671 2352 3783 2416 Qui

2125 2462 2259 2501 cum
2290 2463 2321 2500 a
2353 2443 2768 2500 decurionibus
2826 2441 2982 2497 illius
3033 2440 3139 2497 loci
3193 2440 3514 2512 quzesisset,
3550 2440 3649 2495 ubi
3677 2439 3784 2496 ha-

2125 2534 2334 2589 bitaret
2366 2533 2623 2589 Hilarion
2683 2530 3032 2600 monachus,
3095 2529 3192 2586 25
3255 2528 3438 2584 territi
3489 2528 3782 2586 Gazenses

2122 2623 2515 2686 vehementer,
2548 2626 2606 2676 et
2663 2625 2938 2693 putantes
2985 2635 3117 2674 eum
3149 2618 3221 2673 ab
3253 2617 3600 2690 imperatore
3634 2617 3782 2674 mis-

2123 2729 2278 2778 sum,
2311 2712 2382 2766 ad
2413 2709 2833 2766 monasterium
2857 2708 3282 2773 adduxerunt“,
3314 2711 3379 2761 ut
3406 2711 3462 2761 et
3490 2705 3778 2764 honorem

2123 2800 2528 2856 commendato
2554 2799 2909 2863 exhiberent,
2970 2801 3028 2852 et
3080 2796 3128 2851 si
3161 2795 3302 2866 quid
3342 2811 3410 2850 ex
3463 2795 3778 2867 prieteritis

2121 2889 2353 2961 injuriis
2384 2888 2442 2942 in
2494 2886 2846 2943 Hilarionem
2897 2889 3051 2941 esset
3104 2884 3356 2951 offensae,
3401 2900 3547 2939 novo
3579 2883 3774 2940 ofﬁcio

2120 2979 2426 3034 deleretur.
2467 2975 2886 3032 Deambulabat
2913 2977 3054 3029 tunc
3101 2989 3276 3028 senex
3305 2971 3362 3027 in
3397 2972 3590 3028 arenis
3622 2971 3773 3028 mol-

2119 3067 2293 3135 libus,
2327 3071 2384 3122 et
2429 3082 2627 3121 secum
2661 3065 2730 3120 de
2761 3062 3005 3136 psalmis
3064 3061 3255 3117 nescio
3309 3059 3448 3132 quid
3492 3061 3775 3117 submur-

2121 3157 2391 3212 rrurabat
2419 3174 2431 3223 ;
2458 3155 2780 3224 vidensque
2802 3157 3028 3207 tantam
3050 3151 3284 3206 turbam
3307 3148 3634 3205 venientem
3657 3149 3773 3221 [Αἱ.

2119 3243 2519 3314 venientium],
2555 3241 2834 3298 substitit.
2869 3240 2936 3295 Et
2959 3238 3290 3295 resalutatis
3341 3237 3774 3305 omnibus,ma-

2120 3351 2317 3405 nuque
2365 3333 2448 3388 eis
2495 3331 2867 3395 benedicens,
2908 3332 3042 3400 post
3089 3326 3294 3382 horam
3340 3332 3579 3382 ceteros
3611 3326 3776 3384 abire

2119 3423 2411 3496 praecepit,
2444 3420 2610 3476 illum
2640 3435 2771 3474 vero
2825 3435 2958 3474 cum
3007 3417 3187 3472 servis
3211 3416 3336 3472 suis
3370 3420 3428 3472 et
3458 3420 3776 3488 apparato-

2120 3549 2231 3603 bus
2254 3547 2426 3602 ﬁdem
2449 3545 2745 3599 videretur
2763 3542 3123 3598 adhibuisse.
3147 3543 3263 3597 Nos
3285 3558 3316 3598 θ
3336 3541 3557 3597 nostris
3577 3540 3774 3596 omni-

2121 3621 2232 3674 bus
2255 3635 2396 3673 mss.
2432 3617 2742 3672 accedente
2781 3615 2955 3668 etiam
2989 3613 3181 3669 Gravii
3220 3613 3562 3668 auctoritate
3589 3612 3774 3668 suﬁ'e-

2122 3690 2330 3766 cimus.
2379 3689 2462 3766 Ad
2501 3687 2620 3766 hmo
2667 3685 2919 3766 alterum
2944 3684 3249 3766 hucusque
3279 3684 3567 3740 editorum
3597 3699 3774 3766 men-

2121 3761 2260 3816 dum
2293 3757 2706 3831 castigavimus
2738 3757 2993 3831 legentes
3025 3773 3093 3811 ex
3124 3755 3330 3831 iisdem
3358 3755 3773 3831 mss.rsoln_tus,

2121 3833 2178 3887 id
2210 3837 2298 3887 est
2353 3827 2588 3895 daemon,
2640 3846 2742 3900 pro
2789 3827 2962 3883 solitis
3019 3845 3228 3899 nempe
3275 3827 3771 3882 incantationibus.

2121 3904 2275 3960 Infra
2306 3902 2520 3957 leviora
2550 3900 2664 3956 alia
2693 3901 3097 3955 emendamus.

2190 3976 2211 4010 ⁸
2235 3975 2373 4030 Mes.
2407 3990 2633 4039 omnes,
2663 3978 2718 4027 et
2739 3988 2884 4039 quos
2905 3973 3080 4027 etiam
3128 3969 3395 4025 Martian.
3447 3967 3770 4038 consuluit,

2120 4046 2482 4102 Constantini.
2517 4050 2594 4100 De
2617 4039 2950 4107 eanditatis,
3010 4041 3111 4113 qui
3171 4039 3770 4113 militizeordo-erat,

2119 4125 2336 4198 veteres
2362 4119 2712 4183 auctores,et
2729 4110 3375 4186 praecipueAmmianus
3395 4110 3774 4167 Marcellinus

2121 4206 2364 4262 passim.

2191 4262 2210 4295 ⁷
2236 4261 2340 4314 Pro
2371 4261 2508 4329 ejus,
2541 4257 2693 4328 quod
2744 4255 2961 4329 habent
2999 4269 3143 4329 mss.
3180 4268 3318 4329 cum
3346 4251 3602 4329 Vi_ctorio
3631 4267 3771 4329 om‘.

2121 4348 2245 4395 nes,
2278 4323 2642 4384 Mar'tianaius
2699 4330 2796 4381 est.
2831 4326 3004 4380 Porro
3029 4325 3124 4395 Ade
3145 4323 3355 4380 veteris
3380 4323 3652 4395 Francia:
3703 4323 3775 4379 li-

2121 4393 2385 4463 mitibus,
2410 4406 2466 4456 et
2495 4396 2797 4464 vocabulo,
2829 4393 3120 4450 videndus
3152 4394 3468 4451 Eumenius
3498 4395 3554 4450 in
3586 4394 3776 4451 Pane-

2121 4475 2299 4547 gyric.
2335 4472 2404 4547 ad
2456 4468 2925 4547 Constantinum,
2958 4467 3057 4522 ubi
3089 4483 3206 4547 non
3222 4467 3442 4547 _solum
3476 4466 3576 4522 illa
3606 4483 3772 4547 pars,

2125 4537 2223 4600 sed
2256 4544 2528 4600 universa
2583 4540 2822 4596 omnino
2863 4537 3174 4594 Germania
3222 4539 3472 4594 Francize
3529 4537 3774 4595 nomine

2122 4615 2467 4692 appellatur.
2527 4609 2873 4692 ammianus‘
2929 4610 3603 4692 quoque‘Marnce‘llinus.
3660 4609 3770 4692 lib.

2120 4681 2228 4743 xiv
2259 4705 2294 4741 ι.
2330 4703 2378 4742 c.
2414 4691 2465 4750 8,
2497 4684 2594 4739 ubi
2627 4681 2963 4753 depopulari
3010 4681 3284 4737 dicuntur
3331 4681 3627 4736 Gallicanis
3655 4684 3775 4738 tra-

2121 4768 2238 4815 ctus
2267 4759 2465 4814 Franci
2493 4759 2544 4811 et
2575 4754 2811 4809 Saxones
2841 4753 3034 4808 iisdem
3063 4755 3318 4824 conﬁnes.
3385 4753 3538 4808 lnter
3586 4753 3774 4808 Saxo-

2123 4848 2229 4886 nas
2261 4830 2474 4900 quippe
2504 4833 2560 4882 et
2579 4825 2894 4900 Alamanos
2925 4825 3038 4881 sita
3057 4823 3180 4881 erat
3200 4824 3462 4890 Francia,
3494 4827 3559 4879 ut
3589 4823 3771 4880 etiam

2123 4920 2189 4958 ex
2220 4896 2443 4956 Tabula
2467 4896 2910 4965 Peutingeriana
2939 4901 3184 4953 constat.

2191 4974 2212 5007 ⁸
2247 4968 2982 5045 Imperialediploma,quo
3005 4984 3243 5045 cursum
3275 4966 3774 5045 publicumgusur:

2122 5061 2260 5118 pare
2290 5036 2487 5100 liceret
2533 5036 2722 5118 Crte—ce
2753 5036 3155 5118 aevgﬁaaavid.
3205 5036 3331 5118 quae
3366 5039 3427 5118 in
3459 5038 3630 5118 epist.
3664 5036 3773 5118 11ξ

2121 5109 2286 5172 num.
2313 5134 2352 5182 ι,
2381 5111 2812 5170 annotavimus.
2846 5110 3210 5166 Vocabulum
3242 5109 3528 5182 estjuris,
3563 5125 3678 5182 quo
3712 5112 3776 5165 et

2120 5188 2178 5244 S.
2213 5180 2597 5259 Hieronymus
2640 5182 2805 5259 alibi,
2833 5187 2895 5259 _et
2924 5183 3168 5259 Severus
3188 5180 3472 5259 Sulpitius
3502 5180 3775 5259 ususest

2121 5259 2222 5314 lib.
2259 5277 2296 5314 ιι
2329 5252 2462 5314 Hist.
2501 5275 2514 5312 :
2550 5279 2578 5304 ‹‹
2640 5255 2746 5309 Per
2792 5253 3075 5324 vicarium
3136 5269 3203 5308 ac
3261 5252 3567 5324 praesidem
3627 5252 3776 5308 data

2121 5330 2460 5400 quaestionis
2492 5327 2676 5400 copia,
2727 5323 3096 5400 compellitur
3142 5323 3366 5400 adesse,
3403 5340 3537 5379 cum
3566 5327 3773 5400 tamen

2121 5394 2191 5457 de
2221 5419 2286 5457 eo
2315 5400 2460 5455 nihil
2494 5394 2830 5454 mandasset
2857 5394 3184 5468 specialiter
3227 5397 3561 5468 imperator.
3597 5417 3625 5445 »
3658 5394 3772 5468 Qe-

2123 5475 2305 5528 currit
2334 5478 2390 5528 et
2419 5471 2572 5543 apud
2607 5465 3023 5543 Symmachum
3057 5467 3158 5526 lib.
3181 5482 3258 5543 vl.
3293 5465 3465 5543 epist.
3497 5469 3551 5533 6,
3581 5469 3637 5522 et
3659 5465 3768 5524 lib.

2121 5562 2224 5610 vu,
2254 5544 2437 5616 epist.
2459 5537 2529 5616 '48
2559 5547 2615 5598 et
2646 5537 2768 5616 ἱρῷ,
2800 5543 2857 5593 et
2876 5537 2986 5616 lib.
3023 5556 3098 5607 Ix,
3131 5540 3300 5616 epist,
3328 5537 3417 5596 20.

2192 5617 2214 5650 °
2242 5609 2368 5672 Duo
2392 5614 2576 5671 Vatic.
2609 5610 2817 5675 codic.,
2864 5609 3125 5684 Putantes
3166 5609 3241 5667 ad
3269 5627 3394 5667 eum
3430 5610 3497 5666 ab
3526 5611 3772 5684 impera-

2119 5689 2234 5750 tore
2260 5689 2474 5761 missos,
2505 5685 2577 5749 ad
2603 5683 2997 5745 monasterium
3027 5685 3408 5761 perrexerunt.
