  <div class='ocr_page' id='page_1' title='image "/cluster/home/n/w/nwhite01/storage/ocr_20150623/23/umn.31951d034773078/030.png"; bbox 0 0 3970 6424; ppageno 0'>
   <div class='ocr_carea' id='block_1_1' title="bbox 186 366 3585 456">
    <p class='ocr_par' dir='ltr' id='par_1_1' title="bbox 186 366 3585 456">
     <span class='ocr_line' id='line_1_1' title="bbox 186 366 3585 456; baseline 0.003 -24"><span class='ocrx_word' id='word_1_1' title='bbox 186 369 255 432; x_wconf 64' lang='grc' dir='ltr'>οη</span> <span class='ocrx_word' id='word_1_2' title='bbox 1273 371 1458 444; x_wconf 76' lang='lat' dir='ltr'>vm</span> <span class='ocrx_word' id='word_1_3' title='bbox 1501 375 1563 442; x_wconf 88' lang='lat' dir='ltr'>s.</span> <span class='ocrx_word' id='word_1_4' title='bbox 1612 370 2065 450; x_wconf 75' lang='lat' dir='ltr'>HILABIONIS</span> <span class='ocrx_word' id='word_1_5' title='bbox 2109 366 2499 456; x_wconf 55' lang='lat' dir='ltr'>Eanum;</span> <span class='ocrx_word' id='word_1_6' title='bbox 3507 377 3585 441; x_wconf 70' lang='lat'>42</span> 
     </span>
    </p>
   </div>
   <div class='ocr_carea' id='block_1_2' title="bbox 191 501 3584 584">
    <p class='ocr_par' dir='ltr' id='par_1_2' title="bbox 191 501 3584 584">
     <span class='ocr_line' id='line_1_2' title="bbox 191 501 3584 584; baseline 0.003 -26"><span class='ocrx_word' id='word_1_7' title='bbox 191 501 340 560; x_wconf 89' lang='lat' dir='ltr'>ribus</span> <span class='ocrx_word' id='word_1_8' title='bbox 370 514 706 572; x_wconf 86' lang='lat' dir='ltr'>remanere;</span> <span class='ocrx_word' id='word_1_9' title='bbox 741 520 808 560; x_wconf 87' lang='lat' dir='ltr'>ex</span> <span class='ocrx_word' id='word_1_10' title='bbox 837 503 1023 560; x_wconf 88' lang='lat' dir='ltr'>oculis</span> <span class='ocrx_word' id='word_1_11' title='bbox 1056 505 1212 561; x_wconf 89' lang='lat' dir='ltr'>enim</span> <span class='ocrx_word' id='word_1_12' title='bbox 1247 507 1376 578; x_wconf 86' lang='lat' dir='ltr'>ejus</span> <span class='ocrx_word' id='word_1_13' title='bbox 1403 512 1461 562; x_wconf 92' lang='lat' dir='ltr'>et</span> <span class='ocrx_word' id='word_1_14' title='bbox 1489 507 1676 576; x_wconf 91' lang='lat' dir='ltr'>vultu,</span> <span class='ocrx_word' id='word_1_15' title='bbox 1721 527 1824 566; x_wconf 92' lang='lat' dir='ltr'>cur</span> <span class='ocrx_word' id='word_1_16' title='bbox 1850 517 1904 584; x_wconf 79' lang='grc' dir='ltr'><strong>Α</strong></span> <span class='ocrx_word' id='word_1_17' title='bbox 2006 512 2095 564; x_wconf 76' lang='grc'>24.</span> <span class='ocrx_word' id='word_1_18' title='bbox 2129 511 2470 566; x_wconf 82' lang='lat' dir='ltr'>llilarionem</span> <span class='ocrx_word' id='word_1_19' title='bbox 2499 510 2704 566; x_wconf 77' lang='lat' dir='ltr'>colebat</span> <span class='ocrx_word' id='word_1_20' title='bbox 2744 508 2812 564; x_wconf 78' lang='grc' dir='ltr'><strong>Μ.</strong></span> <span class='ocrx_word' id='word_1_21' title='bbox 2853 509 3137 566; x_wconf 71' lang='lat' dir='ltr'>Anton-ius.</span> <span class='ocrx_word' id='word_1_22' title='bbox 3200 541 3266 550; x_wconf 79' lang='lat'>——</span> <span class='ocrx_word' id='word_1_23' title='bbox 3325 511 3584 583; x_wconf 82' lang='lat' dir='ltr'>Tempus</span> 
     </span>
    </p>
   </div>
   <div class='ocr_carea' id='block_1_3' title="bbox 187 591 1818 669">
    <p class='ocr_par' dir='ltr' id='par_1_3' title="bbox 187 591 1818 669">
     <span class='ocr_line' id='line_1_3' title="bbox 187 591 1818 669; baseline 0.004 -21"><span class='ocrx_word' id='word_1_24' title='bbox 187 591 425 648; x_wconf 80' lang='lat' dir='ltr'>venisset</span> <span class='ocrx_word' id='word_1_25' title='bbox 449 596 784 663; x_wconf 76' lang='lat' dir='ltr'>agnoverat.</span> <span class='ocrx_word' id='word_1_26' title='bbox 819 593 1026 649; x_wconf 81' lang='lat' dir='ltr'>Statim</span> <span class='ocrx_word' id='word_1_27' title='bbox 1051 609 1186 668; x_wconf 89' lang='lat' dir='ltr'>ergo</span> <span class='ocrx_word' id='word_1_28' title='bbox 1208 595 1280 651; x_wconf 89' lang='lat' dir='ltr'>ad</span> <span class='ocrx_word' id='word_1_29' title='bbox 1303 596 1818 669; x_wconf 81' lang='lat' dir='ltr'>interrogationem</span> 
     </span>
    </p>
   </div>
   <div class='ocr_carea' id='block_1_4' title="bbox 185 681 1820 758">
    <p class='ocr_par' dir='ltr' id='par_1_4' title="bbox 185 681 1820 758">
     <span class='ocr_line' id='line_1_4' title="bbox 185 681 1820 758; baseline 0.003 -21"><span class='ocrx_word' id='word_1_30' title='bbox 185 681 274 737; x_wconf 87' lang='lat' dir='ltr'>Dei</span> <span class='ocrx_word' id='word_1_31' title='bbox 305 681 447 738; x_wconf 80' lang='lat' dir='ltr'>servi</span> <span class='ocrx_word' id='word_1_32' title='bbox 480 698 808 753; x_wconf 90' lang='lat' dir='ltr'>suspensus</span> <span class='ocrx_word' id='word_1_33' title='bbox 839 681 1038 752; x_wconf 89' lang='lat' dir='ltr'>homo,</span> <span class='ocrx_word' id='word_1_34' title='bbox 1068 683 1164 738; x_wconf 88' lang='lat' dir='ltr'>vix</span> <span class='ocrx_word' id='word_1_35' title='bbox 1186 688 1401 740; x_wconf 86' lang='lat' dir='ltr'>terram</span> <span class='ocrx_word' id='word_1_36' title='bbox 1426 686 1675 758; x_wconf 82' lang='lat' dir='ltr'>pedibus</span> <span class='ocrx_word' id='word_1_37' title='bbox 1698 692 1820 743; x_wconf 89' lang='lat' dir='ltr'>tan-</span> 
     </span>
    </p>
   </div>
   <div class='ocr_carea' id='block_1_5' title="bbox 180 769 1819 846">
    <p class='ocr_par' dir='ltr' id='par_1_5' title="bbox 180 769 1819 846">
     <span class='ocr_line' id='line_1_5' title="bbox 180 769 1819 846; baseline 0.004 -20"><span class='ocrx_word' id='word_1_38' title='bbox 180 785 303 843; x_wconf 86' lang='lat' dir='ltr'>gere</span> <span class='ocrx_word' id='word_1_39' title='bbox 331 769 522 842; x_wconf 71' lang='lat' dir='ltr'>cmpit,</span> <span class='ocrx_word' id='word_1_40' title='bbox 555 774 613 828; x_wconf 87' lang='lat' dir='ltr'>et</span> <span class='ocrx_word' id='word_1_41' title='bbox 642 770 902 827; x_wconf 77' lang='lat' dir='ltr'>immane</span> <span class='ocrx_word' id='word_1_42' title='bbox 935 771 1194 844; x_wconf 85' lang='lat' dir='ltr'>rugiens,</span> <span class='ocrx_word' id='word_1_43' title='bbox 1229 772 1372 846; x_wconf 82' lang='lat' dir='ltr'>Syro</span> <span class='ocrx_word' id='word_1_44' title='bbox 1403 790 1518 846; x_wconf 90' lang='lat' dir='ltr'>quo</span> <span class='ocrx_word' id='word_1_45' title='bbox 1571 775 1819 832; x_wconf 86' lang='lat' dir='ltr'>interro-</span> 
     </span>
    </p>
   </div>
   <div class='ocr_carea' id='block_1_6' title="bbox 179 858 1818 935">
    <p class='ocr_par' dir='ltr' id='par_1_6' title="bbox 179 858 1818 935">
     <span class='ocr_line' id='line_1_6' title="bbox 179 858 1818 935; baseline 0.005 -21"><span class='ocrx_word' id='word_1_46' title='bbox 179 864 339 932; x_wconf 85' lang='lat' dir='ltr'>gatus</span> <span class='ocrx_word' id='word_1_47' title='bbox 368 858 555 921; x_wconf 79' lang='lat' dir='ltr'>fuerat</span> <span class='ocrx_word' id='word_1_48' title='bbox 587 876 880 930; x_wconf 86' lang='lat' dir='ltr'>sermone,</span> <span class='ocrx_word' id='word_1_49' title='bbox 924 861 1244 935; x_wconf 90' lang='lat' dir='ltr'>respondit.</span> <span class='ocrx_word' id='word_1_50' title='bbox 1306 862 1545 921; x_wconf 87' lang='lat' dir='ltr'>Videres</span> <span class='ocrx_word' id='word_1_51' title='bbox 1593 866 1665 920; x_wconf 91' lang='lat' dir='ltr'>de</span> <span class='ocrx_word' id='word_1_52' title='bbox 1721 883 1818 922; x_wconf 90' lang='lat' dir='ltr'>ore</span> 
     </span>
    </p>
   </div>
   <div class='ocr_carea' id='block_1_7' title="bbox 177 948 1816 1021">
    <p class='ocr_par' dir='ltr' id='par_1_7' title="bbox 177 948 1816 1021">
     <span class='ocr_line' id='line_1_7' title="bbox 177 948 1816 1021; baseline 0.004 -17"><span class='ocrx_word' id='word_1_53' title='bbox 177 948 434 1016; x_wconf 89' lang='lat' dir='ltr'>barbaro,</span> <span class='ocrx_word' id='word_1_54' title='bbox 465 953 522 1004; x_wconf 92' lang='lat' dir='ltr'>et</span> <span class='ocrx_word' id='word_1_55' title='bbox 551 949 654 1021; x_wconf 89' lang='lat' dir='ltr'>qui</span> <span class='ocrx_word' id='word_1_56' title='bbox 684 949 970 1007; x_wconf 89' lang='lat' dir='ltr'>Francam</span> <span class='ocrx_word' id='word_1_57' title='bbox 997 955 1230 1008; x_wconf 90' lang='lat' dir='ltr'>tantum</span> <span class='ocrx_word' id='word_1_58' title='bbox 1263 955 1322 1008; x_wconf 85' lang='lat' dir='ltr'>et</span> <span class='ocrx_word' id='word_1_59' title='bbox 1379 952 1646 1010; x_wconf 80' lang='lat' dir='ltr'>Latinam</span> <span class='ocrx_word' id='word_1_60' title='bbox 1703 955 1816 1010; x_wconf 92' lang='lat' dir='ltr'>lin-</span> 
     </span>
    </p>
   </div>
   <div class='ocr_carea' id='block_1_8' title="bbox 177 1039 1813 1112">
    <p class='ocr_par' dir='ltr' id='par_1_8' title="bbox 177 1039 1813 1112">
     <span class='ocr_line' id='line_1_8' title="bbox 177 1039 1813 1112; baseline 0.003 -21"><span class='ocrx_word' id='word_1_61' title='bbox 177 1053 337 1108; x_wconf 75' lang='lat' dir='ltr'>guam</span> <span class='ocrx_word' id='word_1_62' title='bbox 369 1042 629 1108; x_wconf 85' lang='lat' dir='ltr'>noverat,</span> <span class='ocrx_word' id='word_1_63' title='bbox 671 1041 814 1111; x_wconf 81' lang='lat' dir='ltr'>Syra</span> <span class='ocrx_word' id='word_1_64' title='bbox 873 1039 943 1094; x_wconf 88' lang='lat' dir='ltr'>ad</span> <span class='ocrx_word' id='word_1_65' title='bbox 1002 1055 1217 1112; x_wconf 90' lang='lat' dir='ltr'>purum</span> <span class='ocrx_word' id='word_1_66' title='bbox 1274 1041 1450 1096; x_wconf 89' lang='lat' dir='ltr'>verba</span> <span class='ocrx_word' id='word_1_67' title='bbox 1502 1059 1813 1098; x_wconf 82' lang='lat' dir='ltr'>resonare:</span> 
     </span>
    </p>
   </div>
   <div class='ocr_carea' id='block_1_9' title="bbox 179 1127 1813 1202">
    <p class='ocr_par' dir='ltr' id='par_1_9' title="bbox 179 1127 1813 1202">
     <span class='ocr_line' id='line_1_9' title="bbox 179 1127 1813 1202; baseline 0.003 -20"><span class='ocrx_word' id='word_1_68' title='bbox 179 1130 238 1182; x_wconf 89' lang='lat' dir='ltr'>ut</span> <span class='ocrx_word' id='word_1_69' title='bbox 265 1142 374 1182; x_wconf 92' lang='lat' dir='ltr'>non</span> <span class='ocrx_word' id='word_1_70' title='bbox 407 1127 646 1193; x_wconf 89' lang='lat' dir='ltr'>stridor,</span> <span class='ocrx_word' id='word_1_71' title='bbox 682 1143 799 1183; x_wconf 90' lang='lat' dir='ltr'>non</span> <span class='ocrx_word' id='word_1_72' title='bbox 825 1127 1127 1200; x_wconf 84' lang='lat' dir='ltr'>aspiratio,</span> <span class='ocrx_word' id='word_1_73' title='bbox 1155 1146 1271 1186; x_wconf 89' lang='lat' dir='ltr'>non</span> <span class='ocrx_word' id='word_1_74' title='bbox 1304 1129 1523 1186; x_wconf 90' lang='lat' dir='ltr'>idioma</span> <span class='ocrx_word' id='word_1_75' title='bbox 1579 1131 1813 1202; x_wconf 90' lang='lat' dir='ltr'>aliquod</span> 
     </span>
    </p>
   </div>
   <div class='ocr_carea' id='block_1_10' title="bbox 176 1215 1814 1292">
    <p class='ocr_par' dir='ltr' id='par_1_10' title="bbox 176 1215 1814 1292">
     <span class='ocr_line' id='line_1_10' title="bbox 176 1215 1814 1292; baseline 0.003 -20"><span class='ocrx_word' id='word_1_76' title='bbox 176 1215 454 1272; x_wconf 69' lang='lat' dir='ltr'>Palaestini</span> <span class='ocrx_word' id='word_1_77' title='bbox 486 1217 718 1273; x_wconf 88' lang='lat' dir='ltr'>deesset</span> <span class='ocrx_word' id='word_1_78' title='bbox 746 1215 984 1289; x_wconf 75' lang='lat' dir='ltr'>eloquii.</span> <span class='ocrx_word' id='word_1_79' title='bbox 1020 1217 1335 1276; x_wconf 86' lang='lat' dir='ltr'>Confessus</span> <span class='ocrx_word' id='word_1_80' title='bbox 1357 1224 1446 1275; x_wconf 86' lang='lat' dir='ltr'>est</span> <span class='ocrx_word' id='word_1_81' title='bbox 1474 1219 1814 1292; x_wconf 89' lang='lat' dir='ltr'>itaque,quo</span> 
     </span>
    </p>
   </div>
   <div class='ocr_carea' id='block_1_11' title="bbox 174 1305 1812 1380">
    <p class='ocr_par' dir='ltr' id='par_1_11' title="bbox 174 1305 1812 1380">
     <span class='ocr_line' id='line_1_11' title="bbox 174 1305 1812 1380; baseline 0.002 -19"><span class='ocrx_word' id='word_1_82' title='bbox 174 1305 226 1362; x_wconf 92' lang='lat' dir='ltr'>in</span> <span class='ocrx_word' id='word_1_83' title='bbox 255 1322 383 1362; x_wconf 87' lang='lat' dir='ltr'>eum</span> <span class='ocrx_word' id='word_1_84' title='bbox 414 1307 691 1363; x_wconf 85' lang='lat' dir='ltr'>intrasset</span> <span class='ocrx_word' id='word_1_85' title='bbox 717 1307 938 1362; x_wconf 88' lang='lat' dir='ltr'>ordine.</span> <span class='ocrx_word' id='word_1_86' title='bbox 966 1308 1035 1364; x_wconf 88' lang='lat' dir='ltr'>Et</span> <span class='ocrx_word' id='word_1_87' title='bbox 1065 1311 1130 1364; x_wconf 93' lang='lat' dir='ltr'>ut</span> <span class='ocrx_word' id='word_1_88' title='bbox 1157 1308 1500 1379; x_wconf 81' lang='lat' dir='ltr'>interpretes</span> <span class='ocrx_word' id='word_1_89' title='bbox 1539 1309 1668 1380; x_wconf 82' lang='lat' dir='ltr'>ejus</span> <span class='ocrx_word' id='word_1_90' title='bbox 1725 1308 1812 1364; x_wconf 86' lang='lat' dir='ltr'>in-</span> 
     </span>
    </p>
   </div>
   <div class='ocr_carea' id='block_1_12' title="bbox 173 1394 1810 1470">
    <p class='ocr_par' dir='ltr' id='par_1_12' title="bbox 173 1394 1810 1470">
     <span class='ocr_line' id='line_1_12' title="bbox 173 1394 1810 1470; baseline 0.002 -21"><span class='ocrx_word' id='word_1_91' title='bbox 173 1394 503 1468; x_wconf 85' lang='lat' dir='ltr'>telligerent,</span> <span class='ocrx_word' id='word_1_92' title='bbox 525 1395 625 1467; x_wconf 90' lang='lat' dir='ltr'>qui</span> <span class='ocrx_word' id='word_1_93' title='bbox 647 1395 900 1452; x_wconf 65' lang='lat' dir='ltr'>Graecam</span> <span class='ocrx_word' id='word_1_94' title='bbox 927 1401 1158 1452; x_wconf 88' lang='lat' dir='ltr'>tantum</span> <span class='ocrx_word' id='word_1_95' title='bbox 1181 1400 1237 1452; x_wconf 90' lang='lat' dir='ltr'>et</span> <span class='ocrx_word' id='word_1_96' title='bbox 1258 1397 1526 1468; x_wconf 86' lang='lat' dir='ltr'>Latinam</span> <span class='ocrx_word' id='word_1_97' title='bbox 1549 1397 1810 1470; x_wconf 85' lang='lat' dir='ltr'>linguam</span> 
     </span>
    </p>
   </div>
   <div class='ocr_carea' id='block_1_13' title="bbox 174 1484 1811 1558">
    <p class='ocr_par' dir='ltr' id='par_1_13' title="bbox 174 1484 1811 1558">
     <span class='ocr_line' id='line_1_13' title="bbox 174 1484 1811 1558; baseline 0.002 -19"><span class='ocrx_word' id='word_1_98' title='bbox 174 1489 458 1551; x_wconf 85' lang='lat' dir='ltr'>noverant,</span> <span class='ocrx_word' id='word_1_99' title='bbox 491 1484 688 1540; x_wconf 83' lang='lat' dir='ltr'>Graece</span> <span class='ocrx_word' id='word_1_100' title='bbox 712 1501 944 1557; x_wconf 90' lang='lat' dir='ltr'>quoque</span> <span class='ocrx_word' id='word_1_101' title='bbox 969 1502 1104 1540; x_wconf 90' lang='lat' dir='ltr'>eum</span> <span class='ocrx_word' id='word_1_102' title='bbox 1128 1485 1528 1558; x_wconf 86' lang='lat' dir='ltr'>interrogavit.</span> <span class='ocrx_word' id='word_1_103' title='bbox 1572 1489 1696 1554; x_wconf 87' lang='lat' dir='ltr'>Quo</span> <span class='ocrx_word' id='word_1_104' title='bbox 1727 1487 1811 1542; x_wconf 91' lang='lat' dir='ltr'>si-</span> 
     </span>
    </p>
   </div>
   <div class='ocr_carea' id='block_1_14' title="bbox 171 1573 1811 1648">
    <p class='ocr_par' dir='ltr' id='par_1_14' title="bbox 171 1573 1811 1648">
     <span class='ocr_line' id='line_1_14' title="bbox 171 1573 1811 1648; baseline 0.002 -20"><span class='ocrx_word' id='word_1_105' title='bbox 171 1573 374 1629; x_wconf 88' lang='lat' dir='ltr'>militer</span> <span class='ocrx_word' id='word_1_106' title='bbox 402 1577 461 1630; x_wconf 92' lang='lat' dir='ltr'>et</span> <span class='ocrx_word' id='word_1_107' title='bbox 488 1574 550 1630; x_wconf 90' lang='lat' dir='ltr'>in</span> <span class='ocrx_word' id='word_1_108' title='bbox 590 1575 764 1630; x_wconf 81' lang='lat' dir='ltr'>verba</span> <span class='ocrx_word' id='word_1_109' title='bbox 793 1574 996 1632; x_wconf 89' lang='lat' dir='ltr'>eadem</span> <span class='ocrx_word' id='word_1_110' title='bbox 1030 1575 1436 1647; x_wconf 87' lang='lat' dir='ltr'>respondente,</span> <span class='ocrx_word' id='word_1_111' title='bbox 1472 1574 1811 1648; x_wconf 89' lang='lat' dir='ltr'>multasque</span> 
     </span>
    </p>
   </div>
   <div class='ocr_carea' id='block_1_15' title="bbox 168 1663 1808 1737">
    <p class='ocr_par' dir='ltr' id='par_1_15' title="bbox 168 1663 1808 1737">
     <span class='ocr_line' id='line_1_15' title="bbox 168 1663 1808 1737; baseline 0.002 -20"><span class='ocrx_word' id='word_1_112' title='bbox 168 1663 617 1720; x_wconf 88' lang='lat' dir='ltr'>incantationum</span> <span class='ocrx_word' id='word_1_113' title='bbox 632 1663 966 1720; x_wconf 88' lang='lat' dir='ltr'>occasiones</span> <span class='ocrx_word' id='word_1_114' title='bbox 979 1667 1036 1722; x_wconf 89' lang='lat' dir='ltr'>et</span> <span class='ocrx_word' id='word_1_115' title='bbox 1049 1663 1432 1720; x_wconf 88' lang='lat' dir='ltr'>necessitates</span> <span class='ocrx_word' id='word_1_116' title='bbox 1447 1681 1500 1719; x_wconf 90' lang='lat' dir='ltr'>m</span> <span class='ocrx_word' id='word_1_117' title='bbox 1511 1664 1808 1737; x_wconf 87' lang='lat' dir='ltr'>agicarum</span> 
     </span>
    </p>
   </div>
   <div class='ocr_carea' id='block_1_16' title="bbox 167 1752 1809 1826">
    <p class='ocr_par' dir='ltr' id='par_1_16' title="bbox 167 1752 1809 1826">
     <span class='ocr_line' id='line_1_16' title="bbox 167 1752 1809 1826; baseline 0.001 -17"><span class='ocrx_word' id='word_1_118' title='bbox 167 1752 365 1809; x_wconf 86' lang='lat' dir='ltr'>artium</span> <span class='ocrx_word' id='word_1_119' title='bbox 397 1753 777 1821; x_wconf 89' lang='lat' dir='ltr'>obtendente,</span> <span class='ocrx_word' id='word_1_120' title='bbox 809 1770 925 1809; x_wconf 90' lang='lat' dir='ltr'>non</span> <span class='ocrx_word' id='word_1_121' title='bbox 947 1769 1109 1819; x_wconf 91' lang='lat' dir='ltr'>curo,</span> <span class='ocrx_word' id='word_1_122' title='bbox 1143 1753 1243 1823; x_wconf 90' lang='lat' dir='ltr'>ait,</span> <span class='ocrx_word' id='word_1_123' title='bbox 1277 1755 1570 1826; x_wconf 92' lang='lat' dir='ltr'>quomodo</span> <span class='ocrx_word' id='word_1_124' title='bbox 1619 1754 1809 1811; x_wconf 89' lang='lat' dir='ltr'>intra-</span> 
     </span>
    </p>
   </div>
   <div class='ocr_carea' id='block_1_17' title="bbox 165 1841 1804 1910">
    <p class='ocr_par' dir='ltr' id='par_1_17' title="bbox 165 1841 1804 1910">
     <span class='ocr_line' id='line_1_17' title="bbox 165 1841 1804 1910; baseline 0.002 -13"><span class='ocrx_word' id='word_1_125' title='bbox 165 1841 337 1910; x_wconf 89' lang='lat' dir='ltr'>veris;</span> <span class='ocrx_word' id='word_1_126' title='bbox 370 1842 472 1899; x_wconf 89' lang='lat' dir='ltr'>sed</span> <span class='ocrx_word' id='word_1_127' title='bbox 502 1845 569 1898; x_wconf 92' lang='lat' dir='ltr'>ut</span> <span class='ocrx_word' id='word_1_128' title='bbox 597 1859 767 1900; x_wconf 82' lang='lat' dir='ltr'>exeas</span> <span class='ocrx_word' id='word_1_129' title='bbox 799 1842 857 1898; x_wconf 90' lang='lat' dir='ltr'>in</span> <span class='ocrx_word' id='word_1_130' title='bbox 892 1842 1127 1900; x_wconf 90' lang='lat' dir='ltr'>nomine</span> <span class='ocrx_word' id='word_1_131' title='bbox 1157 1843 1390 1899; x_wconf 90' lang='lat' dir='ltr'>Domini</span> <span class='ocrx_word' id='word_1_132' title='bbox 1433 1844 1617 1900; x_wconf 89' lang='lat' dir='ltr'>nostri</span> <span class='ocrx_word' id='word_1_133' title='bbox 1665 1844 1804 1900; x_wconf 87' lang='lat' dir='ltr'>Jesu</span> 
     </span>
    </p>
   </div>
   <div class='ocr_carea' id='block_1_18' title="bbox 1931 598 3582 672">
    <p class='ocr_par' dir='ltr' id='par_1_18' title="bbox 1931 598 3582 672">
     <span class='ocr_line' id='line_1_18' title="bbox 1931 598 3582 672; baseline 0.002 -18"><span class='ocrx_word' id='word_1_134' title='bbox 1931 616 2024 654; x_wconf 90' lang='lat' dir='ltr'>me</span> <span class='ocrx_word' id='word_1_135' title='bbox 2058 599 2309 664; x_wconf 78' lang='lat' dir='ltr'>deﬁciet,</span> <span class='ocrx_word' id='word_1_136' title='bbox 2338 599 2386 655; x_wconf 90' lang='lat' dir='ltr'>si</span> <span class='ocrx_word' id='word_1_137' title='bbox 2417 599 2652 655; x_wconf 89' lang='lat' dir='ltr'>voluero</span> <span class='ocrx_word' id='word_1_138' title='bbox 2685 598 2958 655; x_wconf 88' lang='lat' dir='ltr'>universa</span> <span class='ocrx_word' id='word_1_139' title='bbox 2988 599 3176 672; x_wconf 89' lang='lat' dir='ltr'>signa,</span> <span class='ocrx_word' id='word_1_140' title='bbox 3211 615 3341 670; x_wconf 71' lang='lat' dir='ltr'>quae</span> <span class='ocrx_word' id='word_1_141' title='bbox 3390 600 3462 655; x_wconf 85' lang='lat' dir='ltr'>ab</span> <span class='ocrx_word' id='word_1_142' title='bbox 3516 618 3582 658; x_wconf 92' lang='lat' dir='ltr'>eo</span> 
     </span>
    </p>
   </div>
   <div class='ocr_carea' id='block_1_19' title="bbox 1929 688 3583 760">
    <p class='ocr_par' dir='ltr' id='par_1_19' title="bbox 1929 688 3583 760">
     <span class='ocr_line' id='line_1_19' title="bbox 1929 688 3583 760; baseline 0.002 -18"><span class='ocrx_word' id='word_1_143' title='bbox 1929 692 2259 760; x_wconf 88' lang='lat' dir='ltr'>perpetrata</span> <span class='ocrx_word' id='word_1_144' title='bbox 2289 692 2449 756; x_wconf 91' lang='lat' dir='ltr'>sunt,</span> <span class='ocrx_word' id='word_1_145' title='bbox 2485 688 2695 744; x_wconf 90' lang='lat' dir='ltr'>dicere.</span> <span class='ocrx_word' id='word_1_146' title='bbox 2731 690 2794 743; x_wconf 92' lang='lat' dir='ltr'><strong>In</strong></span> <span class='ocrx_word' id='word_1_147' title='bbox 2827 692 3051 745; x_wconf 84' lang='lat' dir='ltr'>tantam</span> <span class='ocrx_word' id='word_1_148' title='bbox 3082 689 3236 744; x_wconf 91' lang='lat' dir='ltr'>enim</span> <span class='ocrx_word' id='word_1_149' title='bbox 3271 706 3305 744; x_wconf 88' lang='lat' dir='ltr'>a</span> <span class='ocrx_word' id='word_1_150' title='bbox 3336 689 3583 746; x_wconf 90' lang='lat' dir='ltr'>Domino</span> 
     </span>
    </p>
   </div>
   <div class='ocr_carea' id='block_1_20' title="bbox 1929 777 3584 850">
    <p class='ocr_par' dir='ltr' id='par_1_20' title="bbox 1929 777 3584 850">
     <span class='ocr_line' id='line_1_20' title="bbox 1929 777 3584 850; baseline 0.002 -19"><span class='ocrx_word' id='word_1_151' title='bbox 1929 778 2119 834; x_wconf 84' lang='lat' dir='ltr'>fuerat</span> <span class='ocrx_word' id='word_1_152' title='bbox 2149 777 2408 833; x_wconf 87' lang='lat' dir='ltr'>elevatus</span> <span class='ocrx_word' id='word_1_153' title='bbox 2431 777 2702 850; x_wconf 86' lang='lat' dir='ltr'>gloriam,</span> <span class='ocrx_word' id='word_1_154' title='bbox 2722 783 2788 833; x_wconf 90' lang='lat' dir='ltr'>ut</span> <span class='ocrx_word' id='word_1_155' title='bbox 2809 779 3014 833; x_wconf 90' lang='lat' dir='ltr'>beatus</span> <span class='ocrx_word' id='word_1_156' title='bbox 3035 793 3270 850; x_wconf 91' lang='lat' dir='ltr'>quoque</span> <span class='ocrx_word' id='word_1_157' title='bbox 3293 779 3584 835; x_wconf 89' lang='lat' dir='ltr'>Antonius</span> 
     </span>
    </p>
   </div>
   <div class='ocr_carea' id='block_1_21' title="bbox 1927 866 3585 938">
    <p class='ocr_par' dir='ltr' id='par_1_21' title="bbox 1927 866 3585 938">
     <span class='ocr_line' id='line_1_21' title="bbox 1927 866 3585 938; baseline 0.001 -16"><span class='ocrx_word' id='word_1_158' title='bbox 1927 867 2177 922; x_wconf 90' lang='lat' dir='ltr'>audiens</span> <span class='ocrx_word' id='word_1_159' title='bbox 2207 867 2705 922; x_wconf 88' lang='lat' dir='ltr'>conversationem</span> <span class='ocrx_word' id='word_1_160' title='bbox 2723 868 2874 938; x_wconf 88' lang='lat' dir='ltr'>ejus,</span> <span class='ocrx_word' id='word_1_161' title='bbox 2899 866 3177 922; x_wconf 87' lang='lat' dir='ltr'>scriberet</span> <span class='ocrx_word' id='word_1_162' title='bbox 3207 867 3282 935; x_wconf 91' lang='lat' dir='ltr'>ei,</span> <span class='ocrx_word' id='word_1_163' title='bbox 3313 866 3585 924; x_wconf 91' lang='lat' dir='ltr'>libenter-</span> 
     </span>
    </p>
   </div>
   <div class='ocr_carea' id='block_1_22' title="bbox 1928 954 3581 1030">
    <p class='ocr_par' dir='ltr' id='par_1_22' title="bbox 1928 954 3581 1030">
     <span class='ocr_line' id='line_1_22' title="bbox 1928 954 3581 1030; baseline 0.002 -21"><span class='ocrx_word' id='word_1_164' title='bbox 1928 971 2041 1027; x_wconf 90' lang='lat' dir='ltr'>que</span> <span class='ocrx_word' id='word_1_165' title='bbox 2070 956 2199 1026; x_wconf 87' lang='lat' dir='ltr'>ejus</span> <span class='ocrx_word' id='word_1_166' title='bbox 2231 954 2508 1027; x_wconf 89' lang='lat' dir='ltr'>epistolas</span> <span class='ocrx_word' id='word_1_167' title='bbox 2531 961 2811 1011; x_wconf 87' lang='lat' dir='ltr'>sumeret.</span> <span class='ocrx_word' id='word_1_168' title='bbox 2848 956 2986 1011; x_wconf 89' lang='lat' dir='ltr'>Etsi</span> <span class='ocrx_word' id='word_1_169' title='bbox 3020 957 3257 1028; x_wconf 89' lang='lat' dir='ltr'>quando</span> <span class='ocrx_word' id='word_1_170' title='bbox 3296 956 3368 1011; x_wconf 92' lang='lat' dir='ltr'>de</span> <span class='ocrx_word' id='word_1_171' title='bbox 3401 957 3581 1030; x_wconf 72' lang='lat' dir='ltr'>Syrias</span> 
     </span>
    </p>
   </div>
   <div class='ocr_carea' id='block_1_23' title="bbox 1926 1042 3576 1117">
    <p class='ocr_par' dir='ltr' id='par_1_23' title="bbox 1926 1042 3576 1117">
     <span class='ocr_line' id='line_1_23' title="bbox 1926 1042 3576 1117; baseline 0.001 -18"><span class='ocrx_word' id='word_1_172' title='bbox 1926 1044 2191 1115; x_wconf 90' lang='lat' dir='ltr'>partibus</span> <span class='ocrx_word' id='word_1_173' title='bbox 2216 1045 2288 1099; x_wconf 91' lang='lat' dir='ltr'>ad</span> <span class='ocrx_word' id='word_1_174' title='bbox 2313 1060 2374 1099; x_wconf 89' lang='lat' dir='ltr'>se</span> <span class='ocrx_word' id='word_1_175' title='bbox 2396 1042 2744 1117; x_wconf 83' lang='lat' dir='ltr'>languentes</span> <span class='ocrx_word' id='word_1_176' title='bbox 2767 1044 3180 1116; x_wconf 86' lang='lat' dir='ltr'>perrexissent,</span> <span class='ocrx_word' id='word_1_177' title='bbox 3214 1043 3431 1100; x_wconf 89' lang='lat' dir='ltr'>diceret</span> <span class='ocrx_word' id='word_1_178' title='bbox 3455 1044 3539 1100; x_wconf 91' lang='lat' dir='ltr'>eis</span> <span class='ocrx_word' id='word_1_179' title='bbox 3562 1063 3576 1100; x_wconf 88' lang='lat'>:</span> 
     </span>
    </p>
   </div>
   <div class='ocr_carea' id='block_1_24' title="bbox 1924 1132 3578 1205">
    <p class='ocr_par' dir='ltr' id='par_1_24' title="bbox 1924 1132 3578 1205">
     <span class='ocr_line' id='line_1_24' title="bbox 1924 1132 3578 1205; baseline 0.001 -17"><span class='ocrx_word' id='word_1_180' title='bbox 1924 1134 2113 1198; x_wconf 85' lang='lat' dir='ltr'>Quare</span> <span class='ocrx_word' id='word_1_181' title='bbox 2143 1149 2245 1188; x_wconf 90' lang='lat' dir='ltr'>vos</span> <span class='ocrx_word' id='word_1_182' title='bbox 2275 1137 2394 1188; x_wconf 87' lang='lat' dir='ltr'>tam</span> <span class='ocrx_word' id='word_1_183' title='bbox 2428 1132 2600 1205; x_wconf 89' lang='lat' dir='ltr'>longe</span> <span class='ocrx_word' id='word_1_184' title='bbox 2618 1150 2823 1189; x_wconf 86' lang='lat' dir='ltr'>vexare</span> <span class='ocrx_word' id='word_1_185' title='bbox 2842 1133 3134 1204; x_wconf 90' lang='lat' dir='ltr'>voluistis,</span> <span class='ocrx_word' id='word_1_186' title='bbox 3154 1149 3286 1189; x_wconf 90' lang='lat' dir='ltr'>cum</span> <span class='ocrx_word' id='word_1_187' title='bbox 3314 1132 3578 1190; x_wconf 85' lang='lat' dir='ltr'>habeatis</span> 
     </span>
    </p>
   </div>
   <div class='ocr_carea' id='block_1_25' title="bbox 1925 1220 3575 1294">
    <p class='ocr_par' dir='ltr' id='par_1_25' title="bbox 1925 1220 3575 1294">
     <span class='ocr_line' id='line_1_25' title="bbox 1925 1220 3575 1294; baseline 0.002 -18"><span class='ocrx_word' id='word_1_188' title='bbox 1925 1222 2006 1276; x_wconf 92' lang='lat' dir='ltr'>ibi</span> <span class='ocrx_word' id='word_1_189' title='bbox 2037 1221 2227 1277; x_wconf 82' lang='lat' dir='ltr'>filium</span> <span class='ocrx_word' id='word_1_190' title='bbox 2260 1238 2456 1278; x_wconf 91' lang='lat' dir='ltr'>meum</span> <span class='ocrx_word' id='word_1_191' title='bbox 2491 1221 2849 1278; x_wconf 87' lang='lat' dir='ltr'>Hilarioncm</span> <span class='ocrx_word' id='word_1_192' title='bbox 2876 1220 3210 1294; x_wconf 80' lang='lat' dir='ltr'>?Exemplo-</span> <span class='ocrx_word' id='word_1_193' title='bbox 3229 1223 3426 1293; x_wconf 87' lang='lat' dir='ltr'>itaque</span> <span class='ocrx_word' id='word_1_194' title='bbox 3447 1223 3575 1294; x_wconf 82' lang='lat' dir='ltr'>ejus</span> 
     </span>
    </p>
   </div>
   <div class='ocr_carea' id='block_1_26' title="bbox 1923 1310 3576 1382">
    <p class='ocr_par' dir='ltr' id='par_1_26' title="bbox 1923 1310 3576 1382">
     <span class='ocr_line' id='line_1_26' title="bbox 1923 1310 3576 1382; baseline 0.001 -17"><span class='ocrx_word' id='word_1_195' title='bbox 1923 1328 2026 1382; x_wconf 92' lang='lat' dir='ltr'>per</span> <span class='ocrx_word' id='word_1_196' title='bbox 2057 1314 2238 1366; x_wconf 86' lang='lat' dir='ltr'>totam</span> <span class='ocrx_word' id='word_1_197' title='bbox 2280 1310 2648 1366; x_wconf 71' lang='lat' dir='ltr'>Palmstinam</span> <span class='ocrx_word' id='word_1_198' title='bbox 2711 1311 3163 1368; x_wconf 86' lang='lat' dir='ltr'>innumerabilia</span> <span class='ocrx_word' id='word_1_199' title='bbox 3218 1311 3576 1368; x_wconf 88' lang='lat' dir='ltr'>monasteria</span> 
     </span>
    </p>
   </div>
   <div class='ocr_carea' id='block_1_27' title="bbox 1921 1400 3571 1471">
    <p class='ocr_par' dir='ltr' id='par_1_27' title="bbox 1921 1400 3571 1471">
     <span class='ocr_line' id='line_1_27' title="bbox 1921 1400 3571 1471; baseline -0.001 -15"><span class='ocrx_word' id='word_1_200' title='bbox 1921 1416 2049 1456; x_wconf 89' lang='lat' dir='ltr'>esse</span> <span class='ocrx_word' id='word_1_201' title='bbox 2079 1404 2399 1471; x_wconf 75' lang='lat' dir='ltr'>cmperunt,</span> <span class='ocrx_word' id='word_1_202' title='bbox 2435 1404 2490 1455; x_wconf 89' lang='lat' dir='ltr'>et</span> <span class='ocrx_word' id='word_1_203' title='bbox 2511 1416 2715 1455; x_wconf 91' lang='lat' dir='ltr'>omnes</span> <span class='ocrx_word' id='word_1_204' title='bbox 2737 1400 2806 1454; x_wconf 90' lang='lat' dir='ltr'>ad</span> <span class='ocrx_word' id='word_1_205' title='bbox 2841 1416 2974 1454; x_wconf 90' lang='lat' dir='ltr'>eum</span> <span class='ocrx_word' id='word_1_206' title='bbox 3009 1400 3281 1455; x_wconf 89' lang='lat' dir='ltr'>monachi</span> <span class='ocrx_word' id='word_1_207' title='bbox 3303 1400 3571 1456; x_wconf 85' lang='lat' dir='ltr'>certatim</span> 
     </span>
    </p>
   </div>
   <div class='ocr_carea' id='block_1_28' title="bbox 1921 1488 3572 1560">
    <p class='ocr_par' dir='ltr' id='par_1_28' title="bbox 1921 1488 3572 1560">
     <span class='ocr_line' id='line_1_28' title="bbox 1921 1488 3572 1560; baseline 0 -16"><span class='ocrx_word' id='word_1_208' title='bbox 1921 1506 2172 1545; x_wconf 89' lang='lat' dir='ltr'>currere.</span> <span class='ocrx_word' id='word_1_209' title='bbox 2209 1490 2369 1554; x_wconf 86' lang='lat' dir='ltr'>Quod</span> <span class='ocrx_word' id='word_1_210' title='bbox 2411 1489 2516 1560; x_wconf 79' lang='lat' dir='ltr'>[AL</span> <span class='ocrx_word' id='word_1_211' title='bbox 2579 1490 2753 1559; x_wconf 77' lang='lat' dir='ltr'>Quos]</span> <span class='ocrx_word' id='word_1_212' title='bbox 2815 1488 2911 1544; x_wconf 91' lang='lat' dir='ltr'>ille</span> <span class='ocrx_word' id='word_1_213' title='bbox 2969 1505 3233 1558; x_wconf 88' lang='lat' dir='ltr'>cernens,</span> <span class='ocrx_word' id='word_1_214' title='bbox 3291 1489 3572 1545; x_wconf 88' lang='lat' dir='ltr'>laudabat</span> 
     </span>
    </p>
   </div>
   <div class='ocr_carea' id='block_1_29' title="bbox 1919 1576 3573 1650">
    <p class='ocr_par' dir='ltr' id='par_1_29' title="bbox 1919 1576 3573 1650">
     <span class='ocr_line' id='line_1_29' title="bbox 1919 1576 3573 1650; baseline 0.001 -18"><span class='ocrx_word' id='word_1_215' title='bbox 1919 1577 2429 1649; x_wconf 63' lang='lat' dir='ltr'>Dominigratiam</span> <span class='ocrx_word' id='word_1_216' title='bbox 2458 1595 2470 1644; x_wconf 93' lang='lat'><strong>;</strong></span> <span class='ocrx_word' id='word_1_217' title='bbox 2500 1582 2558 1634; x_wconf 91' lang='lat' dir='ltr'>et</span> <span class='ocrx_word' id='word_1_218' title='bbox 2591 1578 2656 1632; x_wconf 81' lang='lat' dir='ltr'>ad</span> <span class='ocrx_word' id='word_1_219' title='bbox 2683 1578 3012 1649; x_wconf 83' lang='lat' dir='ltr'>profectum</span> <span class='ocrx_word' id='word_1_220' title='bbox 3037 1578 3243 1632; x_wconf 69' lang='lat' dir='ltr'>anima:</span> <span class='ocrx_word' id='word_1_221' title='bbox 3267 1576 3573 1650; x_wconf 70' lang='lat' dir='ltr'>singulos2</span> 
     </span>
    </p>
   </div>
   <div class='ocr_carea' id='block_1_30' title="bbox 1919 1665 3570 1738">
    <p class='ocr_par' dir='ltr' id='par_1_30' title="bbox 1919 1665 3570 1738">
     <span class='ocr_line' id='line_1_30' title="bbox 1919 1665 3570 1738; baseline 0 -16"><span class='ocrx_word' id='word_1_222' title='bbox 1919 1667 2354 1732; x_wconf 88' lang='lat' dir='ltr'>cohortabatur,</span> <span class='ocrx_word' id='word_1_223' title='bbox 2416 1667 2656 1734; x_wconf 84' lang='lat' dir='ltr'>dicens;</span> <span class='ocrx_word' id='word_1_224' title='bbox 2715 1665 3016 1721; x_wconf 57' lang='lat' dir='ltr'>Praeterire</span> <span class='ocrx_word' id='word_1_225' title='bbox 3082 1667 3332 1738; x_wconf 80' lang='lat' dir='ltr'>ﬁguram</span> <span class='ocrx_word' id='word_1_226' title='bbox 3391 1666 3570 1738; x_wconf 84' lang='lat' dir='ltr'>hujus</span> 
     </span>
    </p>
   </div>
   <div class='ocr_carea' id='block_1_31' title="bbox 1918 1754 3570 1828">
    <p class='ocr_par' dir='ltr' id='par_1_31' title="bbox 1918 1754 3570 1828">
     <span class='ocr_line' id='line_1_31' title="bbox 1918 1754 3570 1828; baseline -0.001 -17"><span class='ocrx_word' id='word_1_227' title='bbox 1918 1757 2146 1826; x_wconf 88' lang='lat' dir='ltr'>mundi,</span> <span class='ocrx_word' id='word_1_228' title='bbox 2181 1760 2238 1810; x_wconf 91' lang='lat' dir='ltr'>et</span> <span class='ocrx_word' id='word_1_229' title='bbox 2267 1755 2428 1811; x_wconf 89' lang='lat' dir='ltr'>illam</span> <span class='ocrx_word' id='word_1_230' title='bbox 2459 1772 2587 1811; x_wconf 87' lang='lat' dir='ltr'>esse</span> <span class='ocrx_word' id='word_1_231' title='bbox 2617 1772 2811 1811; x_wconf 89' lang='lat' dir='ltr'>veram</span> <span class='ocrx_word' id='word_1_232' title='bbox 2835 1755 3037 1824; x_wconf 89' lang='lat' dir='ltr'>vitam,</span> <span class='ocrx_word' id='word_1_233' title='bbox 3073 1772 3201 1826; x_wconf 68' lang='lat' dir='ltr'>quae</span> <span class='ocrx_word' id='word_1_234' title='bbox 3246 1754 3372 1810; x_wconf 69' lang='lat' dir='ltr'>vitae</span> <span class='ocrx_word' id='word_1_235' title='bbox 3426 1772 3570 1828; x_wconf 70' lang='lat' dir='ltr'>pra:-</span> 
     </span>
    </p>
   </div>
   <div class='ocr_carea' id='block_1_32' title="bbox 1918 1845 2852 1902">
    <p class='ocr_par' dir='ltr' id='par_1_32' title="bbox 1918 1845 2852 1902">
     <span class='ocr_line' id='line_1_32' title="bbox 1918 1845 2852 1902; baseline -0.001 -1"><span class='ocrx_word' id='word_1_236' title='bbox 1918 1845 2103 1901; x_wconf 89' lang='lat' dir='ltr'>sentis</span> <span class='ocrx_word' id='word_1_237' title='bbox 2134 1851 2428 1902; x_wconf 88' lang='lat' dir='ltr'>emeretur</span> <span class='ocrx_word' id='word_1_238' title='bbox 2457 1845 2852 1900; x_wconf 88' lang='lat' dir='ltr'>incommodo.</span> 
     </span>
    </p>
   </div>
   <div class='ocr_carea' id='block_1_33' title="bbox 163 1892 3574 2006">
    <p class='ocr_par' dir='ltr' id='par_1_33' title="bbox 163 1892 3574 2006">
     <span class='ocr_line' id='line_1_33' title="bbox 163 1892 3574 2006; baseline 0.001 -19"><span class='ocrx_word' id='word_1_239' title='bbox 163 1932 380 2001; x_wconf 89' lang='lat' dir='ltr'>Christi,</span> <span class='ocrx_word' id='word_1_240' title='bbox 413 1933 661 2005; x_wconf 85' lang='lat' dir='ltr'>impero.</span> <span class='ocrx_word' id='word_1_241' title='bbox 695 1933 957 2004; x_wconf 87' lang='lat' dir='ltr'>Cumque</span> <span class='ocrx_word' id='word_1_242' title='bbox 990 1937 1229 1989; x_wconf 87' lang='lat' dir='ltr'>curatus</span> <span class='ocrx_word' id='word_1_243' title='bbox 1261 1937 1416 1990; x_wconf 89' lang='lat' dir='ltr'>esset</span> <span class='ocrx_word' id='word_1_244' title='bbox 1441 1935 1479 2002; x_wconf 76' lang='grc' dir='ltr'>ί,</span> <span class='ocrx_word' id='word_1_245' title='bbox 1523 1933 1804 2006; x_wconf 87' lang='lat' dir='ltr'>simplici-</span> <span class='ocrx_word' id='word_1_246' title='bbox 1835 1892 1883 1958; x_wconf 85' lang='lat' dir='ltr'><strong>B</strong></span> <span class='ocrx_word' id='word_1_247' title='bbox 1984 1936 2073 1989; x_wconf 85' lang='lat'>25.</span> <span class='ocrx_word' id='word_1_248' title='bbox 2141 1935 2400 1990; x_wconf 84' lang='lat' dir='ltr'>Visitabat</span> <span class='ocrx_word' id='word_1_249' title='bbox 2485 1935 2826 1990; x_wconf 84' lang='lat' dir='ltr'>monasteria</span> <span class='ocrx_word' id='word_1_250' title='bbox 2907 1935 3178 1989; x_wconf 74' lang='lat' dir='ltr'>Hilarion.</span> <span class='ocrx_word' id='word_1_251' title='bbox 3237 1965 3303 1972; x_wconf 88' lang='lat'><strong>—</strong></span> <span class='ocrx_word' id='word_1_252' title='bbox 3363 1933 3574 1990; x_wconf 87' lang='lat' dir='ltr'>Volens</span> 
     </span>
    </p>
   </div>
   <div class='ocr_carea' id='block_1_34' title="bbox 165 2020 1802 2082">
    <p class='ocr_par' dir='ltr' id='par_1_34' title="bbox 165 2020 1802 2082">
     <span class='ocr_line' id='line_1_34' title="bbox 165 2020 1802 2082; baseline 0.002 -6"><span class='ocrx_word' id='word_1_253' title='bbox 165 2025 270 2077; x_wconf 87' lang='lat' dir='ltr'>tate</span> <span class='ocrx_word' id='word_1_254' title='bbox 285 2021 506 2078; x_wconf 89' lang='lat' dir='ltr'>rustica</span> <span class='ocrx_word' id='word_1_255' title='bbox 521 2022 722 2078; x_wconf 90' lang='lat' dir='ltr'>decem</span> <span class='ocrx_word' id='word_1_256' title='bbox 745 2021 874 2077; x_wconf 91' lang='lat' dir='ltr'>auri</span> <span class='ocrx_word' id='word_1_257' title='bbox 905 2020 1086 2082; x_wconf 87' lang='lat' dir='ltr'>libras</span> <span class='ocrx_word' id='word_1_258' title='bbox 1111 2022 1381 2078; x_wconf 76' lang='lat' dir='ltr'>offerens:</span> <span class='ocrx_word' id='word_1_259' title='bbox 1415 2023 1802 2080; x_wconf 88' lang='lat' dir='ltr'>hordeaceum</span> 
     </span>
    </p>
   </div>
   <div class='ocr_carea' id='block_1_35' title="bbox 164 2108 1802 2182">
    <p class='ocr_par' dir='ltr' id='par_1_35' title="bbox 164 2108 1802 2182">
     <span class='ocr_line' id='line_1_35' title="bbox 164 2108 1802 2182; baseline 0.001 -18"><span class='ocrx_word' id='word_1_260' title='bbox 164 2108 228 2164; x_wconf 90' lang='lat' dir='ltr'>ab</span> <span class='ocrx_word' id='word_1_261' title='bbox 255 2125 318 2165; x_wconf 90' lang='lat' dir='ltr'>eo</span> <span class='ocrx_word' id='word_1_262' title='bbox 348 2125 565 2180; x_wconf 88' lang='lat' dir='ltr'>panem</span> <span class='ocrx_word' id='word_1_263' title='bbox 593 2109 850 2181; x_wconf 90' lang='lat' dir='ltr'>accepit:</span> <span class='ocrx_word' id='word_1_264' title='bbox 886 2108 1130 2164; x_wconf 90' lang='lat' dir='ltr'>audiens</span> <span class='ocrx_word' id='word_1_265' title='bbox 1163 2109 1320 2181; x_wconf 91' lang='lat' dir='ltr'>quod</span> <span class='ocrx_word' id='word_1_266' title='bbox 1363 2109 1463 2182; x_wconf 92' lang='lat' dir='ltr'>qui</span> <span class='ocrx_word' id='word_1_267' title='bbox 1513 2108 1612 2164; x_wconf 92' lang='lat' dir='ltr'>tali</span> <span class='ocrx_word' id='word_1_268' title='bbox 1673 2109 1802 2165; x_wconf 89' lang='lat' dir='ltr'>cibo</span> 
     </span>
    </p>
   </div>
   <div class='ocr_carea' id='block_1_36' title="bbox 163 2196 1327 2270">
    <p class='ocr_par' dir='ltr' id='par_1_36' title="bbox 163 2196 1327 2270">
     <span class='ocr_line' id='line_1_36' title="bbox 163 2196 1327 2270; baseline -0.001 -18"><span class='ocrx_word' id='word_1_269' title='bbox 163 2196 462 2265; x_wconf 89' lang='lat' dir='ltr'>alerentur,</span> <span class='ocrx_word' id='word_1_270' title='bbox 497 2213 710 2254; x_wconf 89' lang='lat' dir='ltr'>aurum</span> <span class='ocrx_word' id='word_1_271' title='bbox 744 2214 848 2270; x_wconf 88' lang='lat' dir='ltr'>pro</span> <span class='ocrx_word' id='word_1_272' title='bbox 879 2196 1000 2253; x_wconf 91' lang='lat' dir='ltr'>luto</span> <span class='ocrx_word' id='word_1_273' title='bbox 1033 2197 1327 2255; x_wconf 87' lang='lat' dir='ltr'>ducerent.</span> 
     </span>
    </p>
   </div>
   <div class='ocr_carea' id='block_1_37' title="bbox 221 2287 1800 2344">
    <p class='ocr_par' dir='ltr' id='par_1_37' title="bbox 221 2287 1800 2344">
     <span class='ocr_line' id='line_1_37' title="bbox 221 2287 1800 2344; baseline 0.001 -2"><span class='ocrx_word' id='word_1_274' title='bbox 221 2288 306 2342; x_wconf 84' lang='grc'>23.</span> <span class='ocrx_word' id='word_1_275' title='bbox 335 2290 510 2343; x_wconf 81' lang='lat' dir='ltr'>Bruta</span> <span class='ocrx_word' id='word_1_276' title='bbox 563 2287 834 2342; x_wconf 78' lang='lat' dir='ltr'>animalia</span> <span class='ocrx_word' id='word_1_277' title='bbox 887 2291 1099 2343; x_wconf 85' lang='lat' dir='ltr'>curata.</span> <span class='ocrx_word' id='word_1_278' title='bbox 1163 2291 1367 2342; x_wconf 89' lang='lat' dir='ltr'>Parum</span> <span class='ocrx_word' id='word_1_279' title='bbox 1426 2291 1516 2342; x_wconf 91' lang='lat' dir='ltr'>est</span> <span class='ocrx_word' id='word_1_280' title='bbox 1573 2288 1644 2343; x_wconf 91' lang='lat' dir='ltr'>de</span> <span class='ocrx_word' id='word_1_281' title='bbox 1697 2287 1800 2344; x_wconf 90' lang='lat' dir='ltr'>ho-</span> 
     </span>
    </p>
   </div>
   <div class='ocr_carea' id='block_1_38' title="bbox 161 2375 1797 2449">
    <p class='ocr_par' dir='ltr' id='par_1_38' title="bbox 161 2375 1797 2449">
     <span class='ocr_line' id='line_1_38' title="bbox 161 2375 1797 2449; baseline 0 -17"><span class='ocrx_word' id='word_1_282' title='bbox 161 2376 404 2434; x_wconf 88' lang='lat' dir='ltr'>minibus</span> <span class='ocrx_word' id='word_1_283' title='bbox 425 2375 613 2449; x_wconf 93' lang='lat' dir='ltr'>loqui,</span> <span class='ocrx_word' id='word_1_284' title='bbox 647 2375 818 2432; x_wconf 88' lang='lat' dir='ltr'>bruta</span> <span class='ocrx_word' id='word_1_285' title='bbox 848 2392 1081 2448; x_wconf 91' lang='lat' dir='ltr'>quoque</span> <span class='ocrx_word' id='word_1_286' title='bbox 1113 2376 1394 2432; x_wconf 85' lang='lat' dir='ltr'>animalia</span> <span class='ocrx_word' id='word_1_287' title='bbox 1425 2375 1686 2448; x_wconf 89' lang='lat' dir='ltr'>quotidie</span> <span class='ocrx_word' id='word_1_288' title='bbox 1727 2377 1797 2432; x_wconf 90' lang='lat' dir='ltr'>ad</span> 
     </span>
    </p>
   </div>
   <div class='ocr_carea' id='block_1_39' title="bbox 161 2464 1800 2538">
    <p class='ocr_par' dir='ltr' id='par_1_39' title="bbox 161 2464 1800 2538">
     <span class='ocr_line' id='line_1_39' title="bbox 161 2464 1800 2538; baseline -0.001 -17"><span class='ocrx_word' id='word_1_289' title='bbox 161 2483 281 2521; x_wconf 89' lang='lat' dir='ltr'>eum</span> <span class='ocrx_word' id='word_1_290' title='bbox 305 2465 564 2522; x_wconf 85' lang='lat' dir='ltr'>furentia</span> <span class='ocrx_word' id='word_1_291' title='bbox 593 2464 1101 2536; x_wconf 89' lang='lat' dir='ltr'>pertrahebantur,</span> <span class='ocrx_word' id='word_1_292' title='bbox 1146 2465 1204 2520; x_wconf 92' lang='lat' dir='ltr'>in</span> <span class='ocrx_word' id='word_1_293' title='bbox 1255 2464 1466 2538; x_wconf 88' lang='lat' dir='ltr'>quibus</span> <span class='ocrx_word' id='word_1_294' title='bbox 1526 2466 1800 2521; x_wconf 89' lang='lat' dir='ltr'>Bactrum</span> 
     </span>
    </p>
   </div>
   <div class='ocr_carea' id='block_1_40' title="bbox 162 2553 1799 2626">
    <p class='ocr_par' dir='ltr' id='par_1_40' title="bbox 162 2553 1799 2626">
     <span class='ocr_line' id='line_1_40' title="bbox 162 2553 1799 2626; baseline -0.001 -15"><span class='ocrx_word' id='word_1_295' title='bbox 162 2556 435 2612; x_wconf 86' lang='lat' dir='ltr'>camelum</span> <span class='ocrx_word' id='word_1_296' title='bbox 468 2554 732 2611; x_wconf 90' lang='lat' dir='ltr'>enormis</span> <span class='ocrx_word' id='word_1_297' title='bbox 761 2553 1210 2626; x_wconf 87' lang='lat' dir='ltr'>magnitudinis,</span> <span class='ocrx_word' id='word_1_298' title='bbox 1247 2553 1347 2625; x_wconf 90' lang='lat' dir='ltr'>qui</span> <span class='ocrx_word' id='word_1_299' title='bbox 1395 2554 1524 2625; x_wconf 90' lang='lat' dir='ltr'>jam</span> <span class='ocrx_word' id='word_1_300' title='bbox 1583 2554 1799 2610; x_wconf 90' lang='lat' dir='ltr'>multos</span> 
     </span>
    </p>
   </div>
   <div class='ocr_carea' id='block_1_41' title="bbox 159 2635 1798 2716">
    <p class='ocr_par' dir='ltr' id='par_1_41' title="bbox 159 2635 1798 2716">
     <span class='ocr_line' id='line_1_41' title="bbox 159 2635 1798 2716; baseline -0.001 -15"><span class='ocrx_word' id='word_1_301' title='bbox 159 2646 479 2712; x_wconf 89' lang='lat' dir='ltr'>obtriverat,</span> <span class='ocrx_word' id='word_1_302' title='bbox 514 2643 834 2716; x_wconf 90' lang='lat' dir='ltr'>triginta&#39;et</span> <span class='ocrx_word' id='word_1_303' title='bbox 867 2659 934 2698; x_wconf 92' lang='lat' dir='ltr'>eo</span> <span class='ocrx_word' id='word_1_304' title='bbox 993 2641 1248 2716; x_wconf 86' lang='lat' dir='ltr'>amplius</span> <span class='ocrx_word' id='word_1_305' title='bbox 1305 2635 1418 2698; x_wconf 18' lang='lat' dir='ltr'>viri.</span> <span class='ocrx_word' id='word_1_306' title='bbox 1475 2644 1798 2699; x_wconf 85' lang='lat' dir='ltr'>distentum</span> 
     </span>
    </p>
   </div>
   <div class='ocr_carea' id='block_1_42' title="bbox 159 2731 1797 2791">
    <p class='ocr_par' dir='ltr' id='par_1_42' title="bbox 159 2731 1797 2791">
     <span class='ocr_line' id='line_1_42' title="bbox 159 2731 1797 2791; baseline -0.001 -1"><span class='ocrx_word' id='word_1_307' title='bbox 159 2733 521 2791; x_wconf 89' lang='lat' dir='ltr'>solidissimis</span> <span class='ocrx_word' id='word_1_308' title='bbox 554 2733 795 2790; x_wconf 87' lang='lat' dir='ltr'>funibus</span> <span class='ocrx_word' id='word_1_309' title='bbox 816 2749 948 2788; x_wconf 90' lang='lat' dir='ltr'>cum</span> <span class='ocrx_word' id='word_1_310' title='bbox 968 2731 1222 2788; x_wconf 88' lang='lat' dir='ltr'>clamore</span> <span class='ocrx_word' id='word_1_311' title='bbox 1243 2733 1631 2789; x_wconf 85' lang='lat' dir='ltr'>adduxerunt.</span> <span class='ocrx_word' id='word_1_312' title='bbox 1653 2734 1797 2789; x_wconf 88' lang='lat' dir='ltr'>San-</span> 
     </span>
    </p>
   </div>
   <div class='ocr_carea' id='block_1_43' title="bbox 157 2820 1799 2897">
    <p class='ocr_par' dir='ltr' id='par_1_43' title="bbox 157 2820 1799 2897">
     <span class='ocr_line' id='line_1_43' title="bbox 157 2820 1799 2897; baseline 0 -19"><span class='ocrx_word' id='word_1_313' title='bbox 157 2823 336 2897; x_wconf 86' lang='lat' dir='ltr'>guinei</span> <span class='ocrx_word' id='word_1_314' title='bbox 363 2826 534 2879; x_wconf 89' lang='lat' dir='ltr'>erant</span> <span class='ocrx_word' id='word_1_315' title='bbox 563 2820 736 2888; x_wconf 89' lang='lat' dir='ltr'>oculi,</span> <span class='ocrx_word' id='word_1_316' title='bbox 769 2821 1084 2894; x_wconf 88' lang='lat' dir='ltr'>spumabat</span> <span class='ocrx_word' id='word_1_317' title='bbox 1122 2837 1208 2892; x_wconf 90' lang='lat' dir='ltr'>os,</span> <span class='ocrx_word' id='word_1_318' title='bbox 1263 2820 1537 2877; x_wconf 90' lang='lat' dir='ltr'>volubilis</span> <span class='ocrx_word' id='word_1_319' title='bbox 1595 2820 1799 2894; x_wconf 90' lang='lat' dir='ltr'>lingua</span> 
     </span>
    </p>
   </div>
   <div class='ocr_carea' id='block_1_44' title="bbox 157 2911 1796 2986">
    <p class='ocr_par' dir='ltr' id='par_1_44' title="bbox 157 2911 1796 2986">
     <span class='ocr_line' id='line_1_44' title="bbox 157 2911 1796 2986; baseline -0.001 -18"><span class='ocrx_word' id='word_1_320' title='bbox 157 2914 428 2986; x_wconf 88' lang='lat' dir='ltr'>turgebat,</span> <span class='ocrx_word' id='word_1_321' title='bbox 463 2915 524 2968; x_wconf 90' lang='lat' dir='ltr'>et</span> <span class='ocrx_word' id='word_1_322' title='bbox 555 2927 734 2983; x_wconf 88' lang='lat' dir='ltr'>super</span> <span class='ocrx_word' id='word_1_323' title='bbox 762 2927 998 2966; x_wconf 89' lang='lat' dir='ltr'>omnem</span> <span class='ocrx_word' id='word_1_324' title='bbox 1033 2915 1316 2966; x_wconf 88' lang='lat' dir='ltr'>terrorem</span> <span class='ocrx_word' id='word_1_325' title='bbox 1341 2911 1571 2983; x_wconf 90' lang='lat' dir='ltr'>rugitus</span> <span class='ocrx_word' id='word_1_326' title='bbox 1598 2927 1796 2983; x_wconf 85' lang='lat' dir='ltr'>perso-</span> 
     </span>
    </p>
   </div>
   <div class='ocr_carea' id='block_1_45' title="bbox 159 3000 1792 3072">
    <p class='ocr_par' dir='ltr' id='par_1_45' title="bbox 159 3000 1792 3072">
     <span class='ocr_line' id='line_1_45' title="bbox 159 3000 1792 3072; baseline -0.002 -14"><span class='ocrx_word' id='word_1_327' title='bbox 159 3003 319 3060; x_wconf 85' lang='lat' dir='ltr'>nabat</span> <span class='ocrx_word' id='word_1_328' title='bbox 347 3001 652 3059; x_wconf 88' lang='lat' dir='ltr'>immanis.</span> <span class='ocrx_word' id='word_1_329' title='bbox 683 3001 873 3057; x_wconf 89' lang='lat' dir='ltr'>Jussit</span> <span class='ocrx_word' id='word_1_330' title='bbox 920 3001 1100 3072; x_wconf 88' lang='lat' dir='ltr'>igitur</span> <span class='ocrx_word' id='word_1_331' title='bbox 1148 3016 1282 3056; x_wconf 91' lang='lat' dir='ltr'>eum</span> <span class='ocrx_word' id='word_1_332' title='bbox 1325 3000 1542 3055; x_wconf 88' lang='lat' dir='ltr'>dimitti</span> <span class='ocrx_word' id='word_1_333' title='bbox 1597 3016 1792 3056; x_wconf 81' lang='lat' dir='ltr'>senex.</span> 
     </span>
    </p>
   </div>
   <div class='ocr_carea' id='block_1_46' title="bbox 159 3090 1796 3163">
    <p class='ocr_par' dir='ltr' id='par_1_46' title="bbox 159 3090 1796 3163">
     <span class='ocr_line' id='line_1_46' title="bbox 159 3090 1796 3163; baseline -0.002 -15"><span class='ocrx_word' id='word_1_334' title='bbox 159 3092 350 3149; x_wconf 88' lang='lat' dir='ltr'>Statim</span> <span class='ocrx_word' id='word_1_335' title='bbox 381 3108 516 3149; x_wconf 89' lang='lat' dir='ltr'>vero</span> <span class='ocrx_word' id='word_1_336' title='bbox 544 3095 604 3147; x_wconf 89' lang='lat' dir='ltr'>et</span> <span class='ocrx_word' id='word_1_337' title='bbox 635 3091 737 3162; x_wconf 91' lang='lat' dir='ltr'>qui</span> <span class='ocrx_word' id='word_1_338' title='bbox 768 3090 1152 3158; x_wconf 85' lang='lat' dir='ltr'>adduxerant,</span> <span class='ocrx_word' id='word_1_339' title='bbox 1194 3095 1251 3146; x_wconf 90' lang='lat' dir='ltr'>et</span> <span class='ocrx_word' id='word_1_340' title='bbox 1307 3090 1406 3163; x_wconf 93' lang='lat' dir='ltr'>qui</span> <span class='ocrx_word' id='word_1_341' title='bbox 1467 3106 1599 3145; x_wconf 91' lang='lat' dir='ltr'>cum</span> <span class='ocrx_word' id='word_1_342' title='bbox 1659 3106 1796 3144; x_wconf 87' lang='lat' dir='ltr'>sene</span> 
     </span>
    </p>
   </div>
   <div class='ocr_carea' id='block_1_47' title="bbox 159 3177 1792 3253">
    <p class='ocr_par' dir='ltr' id='par_1_47' title="bbox 159 3177 1792 3253">
     <span class='ocr_line' id='line_1_47' title="bbox 159 3177 1792 3253; baseline -0.004 -14"><span class='ocrx_word' id='word_1_343' title='bbox 159 3188 328 3250; x_wconf 87' lang='lat' dir='ltr'>erant,</span> <span class='ocrx_word' id='word_1_344' title='bbox 362 3198 554 3253; x_wconf 88' lang='lat' dir='ltr'>usque</span> <span class='ocrx_word' id='word_1_345' title='bbox 584 3180 656 3237; x_wconf 91' lang='lat' dir='ltr'>ad</span> <span class='ocrx_word' id='word_1_346' title='bbox 689 3196 872 3237; x_wconf 86' lang='lat' dir='ltr'>unum</span> <span class='ocrx_word' id='word_1_347' title='bbox 908 3196 1112 3236; x_wconf 91' lang='lat' dir='ltr'>omnes</span> <span class='ocrx_word' id='word_1_348' title='bbox 1143 3178 1446 3251; x_wconf 73' lang='lat' dir='ltr'>diffugere.</span> <span class='ocrx_word' id='word_1_349' title='bbox 1484 3179 1657 3234; x_wconf 92' lang='lat' dir='ltr'>Porro</span> <span class='ocrx_word' id='word_1_350' title='bbox 1709 3177 1792 3233; x_wconf 90' lang='lat' dir='ltr'>illi</span> 
     </span>
    </p>
   </div>
   <div class='ocr_carea' id='block_1_48' title="bbox 1915 2021 3572 2096">
    <p class='ocr_par' dir='ltr' id='par_1_48' title="bbox 1915 2021 3572 2096">
     <span class='ocr_line' id='line_1_48' title="bbox 1915 2021 3572 2096; baseline 0 -18"><span class='ocrx_word' id='word_1_351' title='bbox 1915 2028 2110 2080; x_wconf 88' lang='lat' dir='ltr'>autem</span> <span class='ocrx_word' id='word_1_352' title='bbox 2144 2023 2476 2096; x_wconf 84' lang='lat' dir='ltr'>exemplum</span> <span class='ocrx_word' id='word_1_353' title='bbox 2511 2023 2596 2078; x_wconf 91' lang='lat' dir='ltr'>eis</span> <span class='ocrx_word' id='word_1_354' title='bbox 2628 2024 2766 2078; x_wconf 88' lang='lat' dir='ltr'>dare</span> <span class='ocrx_word' id='word_1_355' title='bbox 2796 2026 2854 2078; x_wconf 91' lang='lat' dir='ltr'>et</span> <span class='ocrx_word' id='word_1_356' title='bbox 2901 2021 3279 2088; x_wconf 87' lang='lat' dir='ltr'>humilitatis,</span> <span class='ocrx_word' id='word_1_357' title='bbox 3327 2027 3385 2078; x_wconf 91' lang='lat' dir='ltr'>et</span> <span class='ocrx_word' id='word_1_358' title='bbox 3445 2023 3572 2078; x_wconf 81' lang='lat' dir='ltr'>ofﬁ-</span> 
     </span>
    </p>
   </div>
   <div class='ocr_carea' id='block_1_49' title="bbox 1913 2110 3570 2178">
    <p class='ocr_par' dir='ltr' id='par_1_49' title="bbox 1913 2110 3570 2178">
     <span class='ocr_line' id='line_1_49' title="bbox 1913 2110 3570 2178; baseline -0.001 -10"><span class='ocrx_word' id='word_1_359' title='bbox 1913 2112 2007 2178; x_wconf 91' lang='lat' dir='ltr'>cii,</span> <span class='ocrx_word' id='word_1_360' title='bbox 2042 2113 2210 2169; x_wconf 87' lang='lat' dir='ltr'>statis</span> <span class='ocrx_word' id='word_1_361' title='bbox 2239 2112 2447 2167; x_wconf 91' lang='lat' dir='ltr'>diebus</span> <span class='ocrx_word' id='word_1_362' title='bbox 2487 2115 2624 2167; x_wconf 90' lang='lat' dir='ltr'>ante</span> <span class='ocrx_word' id='word_1_363' title='bbox 2677 2112 3036 2167; x_wconf 87' lang='lat' dir='ltr'>vindemiam</span> <span class='ocrx_word' id='word_1_364' title='bbox 3071 2110 3363 2166; x_wconf 89' lang='lat' dir='ltr'>lustrabat</span> <span class='ocrx_word' id='word_1_365' title='bbox 3389 2110 3570 2167; x_wconf 90' lang='lat' dir='ltr'>cellu-</span> 
     </span>
    </p>
   </div>
   <div class='ocr_carea' id='block_1_50' title="bbox 1912 2201 3572 2273">
    <p class='ocr_par' dir='ltr' id='par_1_50' title="bbox 1912 2201 3572 2273">
     <span class='ocr_line' id='line_1_50' title="bbox 1912 2201 3572 2273; baseline -0.001 -17"><span class='ocrx_word' id='word_1_366' title='bbox 1912 2201 1998 2258; x_wconf 90' lang='lat' dir='ltr'>las</span> <span class='ocrx_word' id='word_1_367' title='bbox 2031 2201 2480 2258; x_wconf 88' lang='lat' dir='ltr'>monachorum.</span> <span class='ocrx_word' id='word_1_368' title='bbox 2541 2201 2704 2265; x_wconf 90' lang='lat' dir='ltr'>Quod</span> <span class='ocrx_word' id='word_1_369' title='bbox 2759 2206 3072 2273; x_wconf 87' lang='lat' dir='ltr'>postquam</span> <span class='ocrx_word' id='word_1_370' title='bbox 3123 2201 3422 2273; x_wconf 87' lang='lat' dir='ltr'>cognitum</span> <span class='ocrx_word' id='word_1_371' title='bbox 3481 2205 3572 2257; x_wconf 89' lang='lat' dir='ltr'>est</span> 
     </span>
    </p>
   </div>
   <div class='ocr_carea' id='block_1_51' title="bbox 1913 2289 3566 2357">
    <p class='ocr_par' dir='ltr' id='par_1_51' title="bbox 1913 2289 3566 2357">
     <span class='ocr_line' id='line_1_51' title="bbox 1913 2289 3566 2357; baseline -0.002 -11"><span class='ocrx_word' id='word_1_372' title='bbox 1913 2308 1947 2346; x_wconf 91' lang='lat' dir='ltr'>a</span> <span class='ocrx_word' id='word_1_373' title='bbox 1977 2291 2279 2357; x_wconf 86' lang='lat' dir='ltr'>fratribus,</span> <span class='ocrx_word' id='word_1_374' title='bbox 2312 2307 2516 2346; x_wconf 84' lang='lat' dir='ltr'>omnes</span> <span class='ocrx_word' id='word_1_375' title='bbox 2546 2290 2619 2345; x_wconf 88' lang='lat' dir='ltr'>ad</span> <span class='ocrx_word' id='word_1_376' title='bbox 2651 2307 2786 2346; x_wconf 89' lang='lat' dir='ltr'>eum</span> <span class='ocrx_word' id='word_1_377' title='bbox 2818 2290 3228 2345; x_wconf 81' lang='lat' dir='ltr'>confluebant:</span> <span class='ocrx_word' id='word_1_378' title='bbox 3272 2294 3328 2344; x_wconf 89' lang='lat' dir='ltr'>et</span> <span class='ocrx_word' id='word_1_379' title='bbox 3385 2289 3566 2344; x_wconf 89' lang='lat' dir='ltr'>comi-</span> 
     </span>
    </p>
   </div>
   <div class='ocr_carea' id='block_1_52' title="bbox 1909 2377 3566 2448">
    <p class='ocr_par' dir='ltr' id='par_1_52' title="bbox 1909 2377 3566 2448">
     <span class='ocr_line' id='line_1_52' title="bbox 1909 2377 3566 2448; baseline -0.001 -14"><span class='ocrx_word' id='word_1_380' title='bbox 1909 2379 2016 2435; x_wconf 89' lang='lat' dir='ltr'>tati</span> <span class='ocrx_word' id='word_1_381' title='bbox 2038 2379 2142 2435; x_wconf 88' lang='lat' dir='ltr'>tali</span> <span class='ocrx_word' id='word_1_382' title='bbox 2173 2381 2342 2448; x_wconf 89' lang='lat' dir='ltr'>duce,</span> <span class='ocrx_word' id='word_1_383' title='bbox 2397 2378 2788 2436; x_wconf 88' lang='lat' dir='ltr'>circumibant</span> <span class='ocrx_word' id='word_1_384' title='bbox 2845 2377 3220 2446; x_wconf 88' lang='lat' dir='ltr'>monasteria,</span> <span class='ocrx_word' id='word_1_385' title='bbox 3282 2377 3566 2433; x_wconf 85' lang='lat' dir='ltr'>habentes</span> 
     </span>
    </p>
   </div>
   <div class='ocr_carea' id='block_1_53' title="bbox 1909 2466 3562 2539">
    <p class='ocr_par' dir='ltr' id='par_1_53' title="bbox 1909 2466 3562 2539">
     <span class='ocr_line' id='line_1_53' title="bbox 1909 2466 3562 2539; baseline 0 -17"><span class='ocrx_word' id='word_1_386' title='bbox 1909 2468 2187 2524; x_wconf 87' lang='lat' dir='ltr'>viaticum</span> <span class='ocrx_word' id='word_1_387' title='bbox 2246 2485 2459 2524; x_wconf 89' lang='lat' dir='ltr'>suum:</span> <span class='ocrx_word' id='word_1_388' title='bbox 2519 2468 2658 2539; x_wconf 88' lang='lat' dir='ltr'>quia</span> <span class='ocrx_word' id='word_1_389' title='bbox 2722 2467 3021 2522; x_wconf 89' lang='lat' dir='ltr'>interdum</span> <span class='ocrx_word' id='word_1_390' title='bbox 3080 2483 3266 2537; x_wconf 90' lang='lat' dir='ltr'>usque</span> <span class='ocrx_word' id='word_1_391' title='bbox 3327 2466 3396 2521; x_wconf 86' lang='lat' dir='ltr'>ad</span> <span class='ocrx_word' id='word_1_392' title='bbox 3446 2466 3562 2522; x_wconf 93' lang='lat' dir='ltr'>duo</span> 
     </span>
    </p>
   </div>
   <div class='ocr_carea' id='block_1_54' title="bbox 1911 2555 3563 2628">
    <p class='ocr_par' dir='ltr' id='par_1_54' title="bbox 1911 2555 3563 2628">
     <span class='ocr_line' id='line_1_54' title="bbox 1911 2555 3563 2628; baseline -0.001 -15"><span class='ocrx_word' id='word_1_393' title='bbox 1911 2557 2097 2613; x_wconf 90' lang='lat' dir='ltr'>millia</span> <span class='ocrx_word' id='word_1_394' title='bbox 2127 2557 2435 2613; x_wconf 89' lang='lat' dir='ltr'>hominum</span> <span class='ocrx_word' id='word_1_395' title='bbox 2495 2557 3020 2628; x_wconf 85' lang='lat' dir='ltr'>congregabantur.</span> <span class='ocrx_word' id='word_1_396' title='bbox 3081 2555 3193 2611; x_wconf 89' lang='lat' dir='ltr'>Sed</span> <span class='ocrx_word' id='word_1_397' title='bbox 3250 2560 3307 2610; x_wconf 88' lang='lat' dir='ltr'>et</span> <span class='ocrx_word' id='word_1_398' title='bbox 3362 2572 3563 2628; x_wconf 88' lang='lat' dir='ltr'>proce-</span> 
     </span>
    </p>
   </div>
   <div class='ocr_carea' id='block_1_55' title="bbox 1908 2643 3560 2719">
    <p class='ocr_par' dir='ltr' id='par_1_55' title="bbox 1908 2643 3560 2719">
     <span class='ocr_line' id='line_1_55' title="bbox 1908 2643 3560 2719; baseline -0.001 -17"><span class='ocrx_word' id='word_1_399' title='bbox 1908 2648 2082 2703; x_wconf 92' lang='lat' dir='ltr'>dente</span> <span class='ocrx_word' id='word_1_400' title='bbox 2113 2652 2394 2719; x_wconf 89' lang='lat' dir='ltr'>tempore,</span> <span class='ocrx_word' id='word_1_401' title='bbox 2421 2663 2784 2718; x_wconf 57' lang='lat' dir='ltr'>unaquaque</span> <span class='ocrx_word' id='word_1_402' title='bbox 2817 2644 2952 2700; x_wconf 88' lang='lat' dir='ltr'>villa</span> <span class='ocrx_word' id='word_1_403' title='bbox 2990 2643 3197 2699; x_wconf 89' lang='lat' dir='ltr'>vicinis</span> <span class='ocrx_word' id='word_1_404' title='bbox 3256 2645 3560 2701; x_wconf 85' lang='lat' dir='ltr'>monachis</span> 
     </span>
    </p>
   </div>
   <div class='ocr_carea' id='block_1_56' title="bbox 1908 2734 3561 2808">
    <p class='ocr_par' dir='ltr' id='par_1_56' title="bbox 1908 2734 3561 2808">
     <span class='ocr_line' id='line_1_56' title="bbox 1908 2734 3561 2808; baseline -0.001 -16"><span class='ocrx_word' id='word_1_405' title='bbox 1908 2738 1979 2792; x_wconf 90' lang='lat' dir='ltr'>ad</span> <span class='ocrx_word' id='word_1_406' title='bbox 2012 2737 2444 2808; x_wconf 87' lang='lat' dir='ltr'>susceptionem</span> <span class='ocrx_word' id='word_1_407' title='bbox 2479 2740 2816 2791; x_wconf 88' lang='lat' dir='ltr'>sanctorum</span> <span class='ocrx_word' id='word_1_408' title='bbox 2848 2735 3112 2808; x_wconf 87' lang='lat' dir='ltr'>gaudens</span> <span class='ocrx_word' id='word_1_409' title='bbox 3145 2734 3305 2790; x_wconf 91' lang='lat' dir='ltr'>cibos</span> <span class='ocrx_word' id='word_1_410' title='bbox 3362 2735 3561 2790; x_wconf 74' lang='lat' dir='ltr'>offere-</span> 
     </span>
    </p>
   </div>
   <div class='ocr_carea' id='block_1_57' title="bbox 1905 2823 3559 2892">
    <p class='ocr_par' dir='ltr' id='par_1_57' title="bbox 1905 2823 3559 2892">
     <span class='ocr_line' id='line_1_57' title="bbox 1905 2823 3559 2892; baseline -0.003 -9"><span class='ocrx_word' id='word_1_411' title='bbox 1905 2827 2025 2883; x_wconf 88' lang='lat' dir='ltr'>bat.</span> <span class='ocrx_word' id='word_1_412' title='bbox 2062 2829 2356 2892; x_wconf 87' lang='lat' dir='ltr'>Quantum</span> <span class='ocrx_word' id='word_1_413' title='bbox 2390 2830 2587 2880; x_wconf 89' lang='lat' dir='ltr'>autem</span> <span class='ocrx_word' id='word_1_414' title='bbox 2622 2824 2796 2880; x_wconf 89' lang='lat' dir='ltr'>fuerit</span> <span class='ocrx_word' id='word_1_415' title='bbox 2827 2825 2884 2879; x_wconf 91' lang='lat' dir='ltr'>in</span> <span class='ocrx_word' id='word_1_416' title='bbox 2916 2840 2984 2879; x_wconf 91' lang='lat' dir='ltr'>eo</span> <span class='ocrx_word' id='word_1_417' title='bbox 3043 2823 3244 2891; x_wconf 90' lang='lat' dir='ltr'>studii,</span> <span class='ocrx_word' id='word_1_418' title='bbox 3302 2828 3365 2878; x_wconf 89' lang='lat' dir='ltr'>ut</span> <span class='ocrx_word' id='word_1_419' title='bbox 3422 2823 3559 2878; x_wconf 91' lang='lat' dir='ltr'>nul-</span> 
     </span>
    </p>
   </div>
   <div class='ocr_carea' id='block_1_58' title="bbox 1906 2913 3559 2987">
    <p class='ocr_par' dir='ltr' id='par_1_58' title="bbox 1906 2913 3559 2987">
     <span class='ocr_line' id='line_1_58' title="bbox 1906 2913 3559 2987; baseline -0.001 -17"><span class='ocrx_word' id='word_1_420' title='bbox 1906 2915 2030 2971; x_wconf 91' lang='lat' dir='ltr'>lum</span> <span class='ocrx_word' id='word_1_421' title='bbox 2064 2916 2300 2972; x_wconf 84' lang='lat' dir='ltr'>fratrem</span> <span class='ocrx_word' id='word_1_422' title='bbox 2334 2915 2604 2987; x_wconf 90' lang='lat' dir='ltr'>quamvis</span> <span class='ocrx_word' id='word_1_423' title='bbox 2649 2913 2955 2980; x_wconf 86' lang='lat' dir='ltr'>humilem,</span> <span class='ocrx_word' id='word_1_424' title='bbox 3017 2913 3284 2986; x_wconf 88' lang='lat' dir='ltr'>quamvis</span> <span class='ocrx_word' id='word_1_425' title='bbox 3342 2929 3559 2986; x_wconf 81' lang='lat' dir='ltr'>paupe-</span> 
     </span>
    </p>
   </div>
   <div class='ocr_carea' id='block_1_59' title="bbox 1906 3001 3560 3078">
    <p class='ocr_par' dir='ltr' id='par_1_59' title="bbox 1906 3001 3560 3078">
     <span class='ocr_line' id='line_1_59' title="bbox 1906 3001 3560 3078; baseline -0.003 -17"><span class='ocrx_word' id='word_1_426' title='bbox 1906 3022 2030 3061; x_wconf 89' lang='lat' dir='ltr'>rem</span> <span class='ocrx_word' id='word_1_427' title='bbox 2060 3005 2399 3078; x_wconf 79' lang='lat' dir='ltr'>praeteriret,</span> <span class='ocrx_word' id='word_1_428' title='bbox 2432 3002 2516 3059; x_wconf 91' lang='lat' dir='ltr'>vel</span> <span class='ocrx_word' id='word_1_429' title='bbox 2550 3003 2698 3058; x_wconf 91' lang='lat' dir='ltr'>illud</span> <span class='ocrx_word' id='word_1_430' title='bbox 2733 3002 2947 3058; x_wconf 90' lang='lat' dir='ltr'>indicio</span> <span class='ocrx_word' id='word_1_431' title='bbox 2981 3007 3090 3069; x_wconf 88' lang='lat' dir='ltr'>est,</span> <span class='ocrx_word' id='word_1_432' title='bbox 3135 3001 3292 3074; x_wconf 90' lang='lat' dir='ltr'>quod</span> <span class='ocrx_word' id='word_1_433' title='bbox 3341 3001 3560 3058; x_wconf 89' lang='lat' dir='ltr'>vadens</span> 
     </span>
    </p>
   </div>
   <div class='ocr_carea' id='block_1_60' title="bbox 1904 3090 3556 3162">
    <p class='ocr_par' dir='ltr' id='par_1_60' title="bbox 1904 3090 3556 3162">
     <span class='ocr_line' id='line_1_60' title="bbox 1904 3090 3556 3162; baseline -0.002 -14"><span class='ocrx_word' id='word_1_434' title='bbox 1904 3094 1962 3149; x_wconf 92' lang='lat' dir='ltr'>in</span> <span class='ocrx_word' id='word_1_435' title='bbox 1995 3096 2292 3151; x_wconf 87' lang='lat' dir='ltr'>desertum</span> <span class='ocrx_word' id='word_1_436' title='bbox 2334 3094 2518 3149; x_wconf 88' lang='lat' dir='ltr'>Cades</span> <span class='ocrx_word' id='word_1_437' title='bbox 2575 3092 2648 3147; x_wconf 88' lang='lat' dir='ltr'>ad</span> <span class='ocrx_word' id='word_1_438' title='bbox 2707 3109 2892 3147; x_wconf 89' lang='lat' dir='ltr'>unum</span> <span class='ocrx_word' id='word_1_439' title='bbox 2945 3092 3014 3146; x_wconf 92' lang='lat' dir='ltr'>de</span> <span class='ocrx_word' id='word_1_440' title='bbox 3067 3090 3373 3162; x_wconf 90' lang='lat' dir='ltr'>discipulis</span> <span class='ocrx_word' id='word_1_441' title='bbox 3430 3091 3556 3146; x_wconf 91' lang='lat' dir='ltr'>suis</span> 
     </span>
    </p>
   </div>
   <div class='ocr_carea' id='block_1_61' title="bbox 1903 3178 3524 3251">
    <p class='ocr_par' dir='ltr' id='par_1_61' title="bbox 1903 3178 3524 3251">
     <span class='ocr_line' id='line_1_61' title="bbox 1903 3178 3524 3251; baseline -0.004 -12"><span class='ocrx_word' id='word_1_442' title='bbox 1903 3183 2234 3249; x_wconf 85' lang='lat' dir='ltr'>visendum,</span> <span class='ocrx_word' id='word_1_443' title='bbox 2270 3199 2402 3238; x_wconf 80' lang='lat' dir='ltr'>cum</span> <span class='ocrx_word' id='word_1_444' title='bbox 2436 3181 2664 3236; x_wconf 82' lang='lat' dir='ltr'>inﬁnito</span> <span class='ocrx_word' id='word_1_445' title='bbox 2697 3180 2932 3251; x_wconf 88' lang='lat' dir='ltr'>agmine</span> <span class='ocrx_word' id='word_1_446' title='bbox 2965 3178 3389 3234; x_wconf 90' lang='lat' dir='ltr'>monachorum</span> <span class='ocrx_word' id='word_1_447' title='bbox 3421 3195 3524 3250; x_wconf 92' lang='lat' dir='ltr'>per</span> 
     </span>
    </p>
   </div>
   <div class='ocr_carea' id='block_1_62' title="bbox 161 3265 3553 3345">
    <p class='ocr_par' dir='ltr' id='par_1_62' title="bbox 161 3265 3553 3345">
     <span class='ocr_line' id='line_1_62' title="bbox 161 3265 3553 3345; baseline -0.001 -18"><span class='ocrx_word' id='word_1_448' title='bbox 161 3271 304 3327; x_wconf 82' lang='lat' dir='ltr'>solus</span> <span class='ocrx_word' id='word_1_449' title='bbox 334 3271 593 3345; x_wconf 86' lang='lat' dir='ltr'>perrexit</span> <span class='ocrx_word' id='word_1_450' title='bbox 622 3269 874 3336; x_wconf 88' lang='lat' dir='ltr'>obviam,</span> <span class='ocrx_word' id='word_1_451' title='bbox 905 3273 962 3326; x_wconf 90' lang='lat' dir='ltr'>et</span> <span class='ocrx_word' id='word_1_452' title='bbox 983 3284 1253 3325; x_wconf 89' lang='lat' dir='ltr'>sermone</span> <span class='ocrx_word' id='word_1_453' title='bbox 1283 3269 1464 3340; x_wconf 87' lang='lat' dir='ltr'>Syro:</span> <span class='ocrx_word' id='word_1_454' title='bbox 1499 3267 1624 3323; x_wconf 91' lang='lat' dir='ltr'>Non</span> <span class='ocrx_word' id='word_1_455' title='bbox 1678 3283 1789 3334; x_wconf 87' lang='lat' dir='ltr'>me,</span> <span class='ocrx_word' id='word_1_456' title='bbox 1824 3265 1866 3332; x_wconf 91' lang='lat' dir='ltr'>C</span> <span class='ocrx_word' id='word_1_457' title='bbox 1905 3272 2063 3328; x_wconf 90' lang='lat' dir='ltr'>venit</span> <span class='ocrx_word' id='word_1_458' title='bbox 2092 3271 2327 3327; x_wconf 78' lang='lat' dir='ltr'>Elusam</span> <span class='ocrx_word' id='word_1_459' title='bbox 2355 3271 2376 3303; x_wconf 80' lang='grc'><strong>²</strong></span> <span class='ocrx_word' id='word_1_460' title='bbox 2409 3269 2514 3342; x_wconf 81' lang='lat' dir='ltr'>[AL</span> <span class='ocrx_word' id='word_1_461' title='bbox 2552 3268 2815 3324; x_wconf 90' lang='lat' dir='ltr'>Elusium</span> <span class='ocrx_word' id='word_1_462' title='bbox 2847 3273 2897 3324; x_wconf 85' lang='lat' dir='ltr'>et</span> <span class='ocrx_word' id='word_1_463' title='bbox 2956 3266 3264 3337; x_wconf 79' lang='lat' dir='ltr'>Eolesan.],</span> <span class='ocrx_word' id='word_1_464' title='bbox 3323 3283 3388 3322; x_wconf 92' lang='lat' dir='ltr'>eo</span> <span class='ocrx_word' id='word_1_465' title='bbox 3440 3267 3553 3322; x_wconf 83' lang='lat' dir='ltr'>tor-</span> 
     </span>
    </p>
   </div>
   <div class='ocr_carea' id='block_1_63' title="bbox 160 3356 1796 3434">
    <p class='ocr_par' dir='ltr' id='par_1_63' title="bbox 160 3356 1796 3434">
     <span class='ocr_line' id='line_1_63' title="bbox 160 3356 1796 3434; baseline -0.002 -18"><span class='ocrx_word' id='word_1_466' title='bbox 160 3360 352 3434; x_wconf 91' lang='lat' dir='ltr'>inquit,</span> <span class='ocrx_word' id='word_1_467' title='bbox 377 3366 589 3426; x_wconf 87' lang='lat' dir='ltr'>terres,</span> <span class='ocrx_word' id='word_1_468' title='bbox 621 3357 869 3427; x_wconf 88' lang='lat' dir='ltr'>diabole,</span> <span class='ocrx_word' id='word_1_469' title='bbox 901 3360 1066 3414; x_wconf 90' lang='lat' dir='ltr'>tanta</span> <span class='ocrx_word' id='word_1_470' title='bbox 1097 3356 1247 3414; x_wconf 88' lang='lat' dir='ltr'>mole</span> <span class='ocrx_word' id='word_1_471' title='bbox 1279 3357 1540 3430; x_wconf 90' lang='lat' dir='ltr'>corporis</span> <span class='ocrx_word' id='word_1_472' title='bbox 1566 3374 1578 3412; x_wconf 90' lang='lat'><strong>:</strong></span> <span class='ocrx_word' id='word_1_473' title='bbox 1625 3361 1682 3412; x_wconf 91' lang='lat' dir='ltr'>et</span> <span class='ocrx_word' id='word_1_474' title='bbox 1735 3356 1796 3412; x_wconf 93' lang='lat' dir='ltr'>in</span> 
     </span>
    </p>
   </div>
   <div class='ocr_carea' id='block_1_64' title="bbox 159 3446 1800 3523">
    <p class='ocr_par' dir='ltr' id='par_1_64' title="bbox 159 3446 1800 3523">
     <span class='ocr_line' id='line_1_64' title="bbox 159 3446 1800 3523; baseline -0.002 -19"><span class='ocrx_word' id='word_1_475' title='bbox 159 3450 466 3523; x_wconf 82' lang='lat' dir='ltr'>vulpecula,</span> <span class='ocrx_word' id='word_1_476' title='bbox 500 3455 559 3508; x_wconf 92' lang='lat' dir='ltr'>et</span> <span class='ocrx_word' id='word_1_477' title='bbox 591 3449 651 3504; x_wconf 93' lang='lat' dir='ltr'>in</span> <span class='ocrx_word' id='word_1_478' title='bbox 673 3447 894 3504; x_wconf 85' lang='lat' dir='ltr'>camelo</span> <span class='ocrx_word' id='word_1_479' title='bbox 943 3464 1096 3503; x_wconf 90' lang='lat' dir='ltr'>unus</span> <span class='ocrx_word' id='word_1_480' title='bbox 1154 3451 1328 3520; x_wconf 90' lang='lat' dir='ltr'>atque</span> <span class='ocrx_word' id='word_1_481' title='bbox 1387 3447 1541 3502; x_wconf 92' lang='lat' dir='ltr'>idem</span> <span class='ocrx_word' id='word_1_482' title='bbox 1584 3461 1665 3500; x_wconf 89' lang='lat' dir='ltr'>es.</span> <span class='ocrx_word' id='word_1_483' title='bbox 1730 3446 1800 3500; x_wconf 87' lang='lat' dir='ltr'>Et</span> 
     </span>
    </p>
   </div>
   <div class='ocr_carea' id='block_1_65' title="bbox 161 3535 1796 3614">
    <p class='ocr_par' dir='ltr' id='par_1_65' title="bbox 161 3535 1796 3614">
     <span class='ocr_line' id='line_1_65' title="bbox 161 3535 1796 3614; baseline -0.004 -19"><span class='ocrx_word' id='word_1_484' title='bbox 161 3539 373 3598; x_wconf 86' lang='lat' dir='ltr'>interim</span> <span class='ocrx_word' id='word_1_485' title='bbox 397 3543 669 3614; x_wconf 88' lang='lat' dir='ltr'>porrecta</span> <span class='ocrx_word' id='word_1_486' title='bbox 688 3537 885 3594; x_wconf 90' lang='lat' dir='ltr'>stabat</span> <span class='ocrx_word' id='word_1_487' title='bbox 905 3553 1102 3592; x_wconf 91' lang='lat' dir='ltr'>manu.</span> <span class='ocrx_word' id='word_1_488' title='bbox 1135 3537 1218 3592; x_wconf 91' lang='lat' dir='ltr'>Ad</span> <span class='ocrx_word' id='word_1_489' title='bbox 1240 3553 1412 3608; x_wconf 91' lang='lat' dir='ltr'>quem</span> <span class='ocrx_word' id='word_1_490' title='bbox 1436 3535 1578 3591; x_wconf 90' lang='lat' dir='ltr'>dum</span> <span class='ocrx_word' id='word_1_491' title='bbox 1597 3535 1796 3590; x_wconf 90' lang='lat' dir='ltr'>furens</span> 
     </span>
    </p>
   </div>
   <div class='ocr_carea' id='block_1_66' title="bbox 161 3616 1793 3702">
    <p class='ocr_par' dir='ltr' id='par_1_66' title="bbox 161 3616 1793 3702">
     <span class='ocr_line' id='line_1_66' title="bbox 161 3616 1793 3702; baseline -0.002 -18"><span class='ocrx_word' id='word_1_492' title='bbox 161 3633 212 3684; x_wconf 92' lang='lat' dir='ltr'>et</span> <span class='ocrx_word' id='word_1_493' title='bbox 235 3631 396 3702; x_wconf 86' lang='lat' dir='ltr'>quasi</span> <span class='ocrx_word' id='word_1_494' title='bbox 427 3616 568 3687; x_wconf 84' lang='lat' dir='ltr'>eum</span> <span class='ocrx_word' id='word_1_495' title='bbox 611 3629 955 3684; x_wconf 86' lang='lat' dir='ltr'>devoratura</span> <span class='ocrx_word' id='word_1_496' title='bbox 1011 3627 1112 3683; x_wconf 72' lang='lat'><strong>26</strong></span> <span class='ocrx_word' id='word_1_497' title='bbox 1167 3625 1360 3682; x_wconf 90' lang='lat' dir='ltr'>bellua</span> <span class='ocrx_word' id='word_1_498' title='bbox 1415 3623 1793 3698; x_wconf 88' lang='lat' dir='ltr'>pervenisset,</span> 
     </span>
    </p>
   </div>
   <div class='ocr_carea' id='block_1_67' title="bbox 161 3716 1798 3789">
    <p class='ocr_par' dir='ltr' id='par_1_67' title="bbox 161 3716 1798 3789">
     <span class='ocr_line' id='line_1_67' title="bbox 161 3716 1798 3789; baseline -0.002 -15"><span class='ocrx_word' id='word_1_499' title='bbox 161 3719 343 3776; x_wconf 86' lang='lat' dir='ltr'>statim</span> <span class='ocrx_word' id='word_1_500' title='bbox 362 3719 587 3776; x_wconf 89' lang='lat' dir='ltr'>corruit</span> <span class='ocrx_word' id='word_1_501' title='bbox 609 3734 622 3772; x_wconf 89' lang='lat'>:</span> <span class='ocrx_word' id='word_1_502' title='bbox 648 3716 1133 3789; x_wconf 90' lang='lat' dir='ltr'>submissumque</span> <span class='ocrx_word' id='word_1_503' title='bbox 1149 3719 1326 3788; x_wconf 91' lang='lat' dir='ltr'>caput</span> <span class='ocrx_word' id='word_1_504' title='bbox 1351 3720 1515 3770; x_wconf 67' lang='lat' dir='ltr'>terrae</span> <span class='ocrx_word' id='word_1_505' title='bbox 1538 3730 1798 3785; x_wconf 60' lang='lat' dir='ltr'>coaequa-</span> 
     </span>
    </p>
   </div>
   <div class='ocr_carea' id='block_1_68' title="bbox 163 3794 1795 3879">
    <p class='ocr_par' dir='ltr' id='par_1_68' title="bbox 163 3794 1795 3879">
     <span class='ocr_line' id='line_1_68' title="bbox 163 3794 1795 3879; baseline -0.002 -18"><span class='ocrx_word' id='word_1_506' title='bbox 163 3807 251 3879; x_wconf 88' lang='lat' dir='ltr'>vit,</span> <span class='ocrx_word' id='word_1_507' title='bbox 280 3808 637 3866; x_wconf 87' lang='lat' dir='ltr'>mirantibus</span> <span class='ocrx_word' id='word_1_508' title='bbox 666 3805 898 3862; x_wconf 90' lang='lat' dir='ltr'>cunctis</span> <span class='ocrx_word' id='word_1_509' title='bbox 936 3806 1034 3879; x_wconf 89' lang='lat' dir='ltr'>qui</span> <span class='ocrx_word' id='word_1_510' title='bbox 1066 3794 1330 3873; x_wconf 87' lang='lat' dir='ltr'>aderant,</span> <span class='ocrx_word' id='word_1_511' title='bbox 1390 3809 1522 3876; x_wconf 90' lang='lat' dir='ltr'>post</span> <span class='ocrx_word' id='word_1_512' title='bbox 1572 3807 1795 3859; x_wconf 88' lang='lat' dir='ltr'>tantam</span> 
     </span>
    </p>
   </div>
   <div class='ocr_carea' id='block_1_69' title="bbox 163 3892 1800 3966">
    <p class='ocr_par' dir='ltr' id='par_1_69' title="bbox 163 3892 1800 3966">
     <span class='ocr_line' id='line_1_69' title="bbox 163 3892 1800 3966; baseline -0.002 -15"><span class='ocrx_word' id='word_1_513' title='bbox 163 3896 440 3966; x_wconf 85' lang='lat' dir='ltr'>ferociam,</span> <span class='ocrx_word' id='word_1_514' title='bbox 473 3901 702 3954; x_wconf 87' lang='lat' dir='ltr'>tantam</span> <span class='ocrx_word' id='word_1_515' title='bbox 735 3894 931 3951; x_wconf 89' lang='lat' dir='ltr'>subito</span> <span class='ocrx_word' id='word_1_516' title='bbox 973 3893 1509 3950; x_wconf 83' lang='lat' dir='ltr'>mansuetudinem.</span> <span class='ocrx_word' id='word_1_517' title='bbox 1544 3892 1800 3948; x_wconf 90' lang='lat' dir='ltr'>Docebat</span> 
     </span>
    </p>
   </div>
   <div class='ocr_carea' id='block_1_70' title="bbox 164 3981 1796 4055">
    <p class='ocr_par' dir='ltr' id='par_1_70' title="bbox 164 3981 1796 4055">
     <span class='ocr_line' id='line_1_70' title="bbox 164 3981 1796 4055; baseline -0.003 -14"><span class='ocrx_word' id='word_1_518' title='bbox 164 3990 343 4044; x_wconf 78' lang='lat' dir='ltr'>autem</span> <span class='ocrx_word' id='word_1_519' title='bbox 373 4004 576 4055; x_wconf 83' lang='lat' dir='ltr'>senex,</span> <span class='ocrx_word' id='word_1_520' title='bbox 612 3985 920 4041; x_wconf 88' lang='lat' dir='ltr'>hominum</span> <span class='ocrx_word' id='word_1_521' title='bbox 953 4000 1132 4040; x_wconf 90' lang='lat' dir='ltr'>causa</span> <span class='ocrx_word' id='word_1_522' title='bbox 1160 3982 1458 4039; x_wconf 88' lang='lat' dir='ltr'>diabolum</span> <span class='ocrx_word' id='word_1_523' title='bbox 1490 3982 1666 4038; x_wconf 90' lang='lat' dir='ltr'>etiam</span> <span class='ocrx_word' id='word_1_524' title='bbox 1702 3981 1796 4052; x_wconf 87' lang='lat' dir='ltr'>ju-</span> 
     </span>
    </p>
   </div>
   <div class='ocr_carea' id='block_1_71' title="bbox 165 4071 1801 4149">
    <p class='ocr_par' dir='ltr' id='par_1_71' title="bbox 165 4071 1801 4149">
     <span class='ocr_line' id='line_1_71' title="bbox 165 4071 1801 4149; baseline -0.004 -18"><span class='ocrx_word' id='word_1_525' title='bbox 165 4081 345 4133; x_wconf 87' lang='lat' dir='ltr'>menta</span> <span class='ocrx_word' id='word_1_526' title='bbox 371 4076 705 4149; x_wconf 89' lang='lat' dir='ltr'>corripere:</span> <span class='ocrx_word' id='word_1_527' title='bbox 739 4079 798 4131; x_wconf 91' lang='lat' dir='ltr'>et</span> <span class='ocrx_word' id='word_1_528' title='bbox 825 4078 985 4130; x_wconf 90' lang='lat' dir='ltr'>tanto</span> <span class='ocrx_word' id='word_1_529' title='bbox 1032 4089 1232 4129; x_wconf 91' lang='lat' dir='ltr'>eorum</span> <span class='ocrx_word' id='word_1_530' title='bbox 1281 4073 1484 4128; x_wconf 90' lang='lat' dir='ltr'>ardere</span> <span class='ocrx_word' id='word_1_531' title='bbox 1523 4071 1677 4140; x_wconf 88' lang='lat' dir='ltr'>odio,</span> <span class='ocrx_word' id='word_1_532' title='bbox 1736 4074 1801 4125; x_wconf 93' lang='lat' dir='ltr'>ut</span> 
     </span>
    </p>
   </div>
   <div class='ocr_carea' id='block_1_72' title="bbox 165 4162 1796 4238">
    <p class='ocr_par' dir='ltr' id='par_1_72' title="bbox 165 4162 1796 4238">
     <span class='ocr_line' id='line_1_72' title="bbox 165 4162 1796 4238; baseline -0.004 -18"><span class='ocrx_word' id='word_1_533' title='bbox 165 4181 268 4222; x_wconf 91' lang='lat' dir='ltr'>non</span> <span class='ocrx_word' id='word_1_534' title='bbox 298 4165 488 4223; x_wconf 88' lang='lat' dir='ltr'>solum</span> <span class='ocrx_word' id='word_1_535' title='bbox 520 4165 702 4238; x_wconf 89' lang='lat' dir='ltr'>ipsos,</span> <span class='ocrx_word' id='word_1_536' title='bbox 736 4164 835 4220; x_wconf 91' lang='lat' dir='ltr'>sed</span> <span class='ocrx_word' id='word_1_537' title='bbox 886 4167 943 4220; x_wconf 89' lang='lat' dir='ltr'>et</span> <span class='ocrx_word' id='word_1_538' title='bbox 963 4179 1031 4220; x_wconf 89' lang='lat' dir='ltr'>ea</span> <span class='ocrx_word' id='word_1_539' title='bbox 1085 4179 1211 4235; x_wconf 77' lang='lat' dir='ltr'>quas</span> <span class='ocrx_word' id='word_1_540' title='bbox 1269 4162 1530 4234; x_wconf 91' lang='lat' dir='ltr'>ipsorum</span> <span class='ocrx_word' id='word_1_541' title='bbox 1580 4164 1796 4225; x_wconf 91' lang='lat' dir='ltr'>essent,</span> 
     </span>
    </p>
   </div>
   <div class='ocr_carea' id='block_1_73' title="bbox 167 4247 1798 4328">
    <p class='ocr_par' dir='ltr' id='par_1_73' title="bbox 167 4247 1798 4328">
     <span class='ocr_line' id='line_1_73' title="bbox 167 4247 1798 4328; baseline -0.003 -19"><span class='ocrx_word' id='word_1_542' title='bbox 167 4261 384 4328; x_wconf 82' lang='lat' dir='ltr'>cuperet</span> <span class='ocrx_word' id='word_1_543' title='bbox 403 4256 461 4311; x_wconf 91' lang='lat' dir='ltr'>in</span> <span class='ocrx_word' id='word_1_544' title='bbox 470 4253 978 4326; x_wconf 89' lang='lat' dir='ltr'>terire.Hujusque</span> <span class='ocrx_word' id='word_1_545' title='bbox 993 4251 1074 4309; x_wconf 90' lang='lat' dir='ltr'>rei</span> <span class='ocrx_word' id='word_1_546' title='bbox 1096 4252 1457 4326; x_wconf 88' lang='lat' dir='ltr'>proponebat</span> <span class='ocrx_word' id='word_1_547' title='bbox 1468 4267 1627 4307; x_wconf 83' lang='lat' dir='ltr'>exem</span> <span class='ocrx_word' id='word_1_548' title='bbox 1635 4247 1691 4322; x_wconf 91' lang='lat' dir='ltr'>pl</span> <span class='ocrx_word' id='word_1_549' title='bbox 1705 4265 1798 4304; x_wconf 92' lang='lat' dir='ltr'>um</span> 
     </span>
    </p>
   </div>
   <div class='ocr_carea' id='block_1_74' title="bbox 165 4341 1800 4418">
    <p class='ocr_par' dir='ltr' id='par_1_74' title="bbox 165 4341 1800 4418">
     <span class='ocr_line' id='line_1_74' title="bbox 165 4341 1800 4418; baseline -0.003 -19"><span class='ocrx_word' id='word_1_550' title='bbox 165 4347 304 4414; x_wconf 88' lang='lat' dir='ltr'>quod</span> <span class='ocrx_word' id='word_1_551' title='bbox 335 4351 655 4418; x_wconf 89' lang='lat' dir='ltr'>antequam</span> <span class='ocrx_word' id='word_1_552' title='bbox 696 4344 936 4400; x_wconf 87' lang='lat' dir='ltr'>beatum</span> <span class='ocrx_word' id='word_1_553' title='bbox 956 4342 1065 4398; x_wconf 86' lang='lat' dir='ltr'>Job</span> <span class='ocrx_word' id='word_1_554' title='bbox 1096 4345 1320 4398; x_wconf 88' lang='lat' dir='ltr'>tentare</span> <span class='ocrx_word' id='word_1_555' title='bbox 1343 4341 1800 4414; x_wconf 89' lang='lat' dir='ltr'>permitteretur,</span> 
     </span>
    </p>
   </div>
   <div class='ocr_carea' id='block_1_75' title="bbox 170 4429 1804 4506">
    <p class='ocr_par' dir='ltr' id='par_1_75' title="bbox 170 4429 1804 4506">
     <span class='ocr_line' id='line_1_75' title="bbox 170 4429 1804 4506; baseline -0.002 -19"><span class='ocrx_word' id='word_1_556' title='bbox 170 4448 384 4490; x_wconf 84' lang='lat' dir='ltr'>omnem</span> <span class='ocrx_word' id='word_1_557' title='bbox 419 4431 820 4490; x_wconf 85' lang='lat' dir='ltr'>substantiam</span> <span class='ocrx_word' id='word_1_558' title='bbox 846 4434 974 4506; x_wconf 86' lang='lat' dir='ltr'>ejus</span> <span class='ocrx_word' id='word_1_559' title='bbox 1005 4430 1377 4487; x_wconf 77' lang='lat' dir='ltr'>interiecerit.</span> <span class='ocrx_word' id='word_1_560' title='bbox 1402 4429 1517 4486; x_wconf 92' lang='lat' dir='ltr'>Nec</span> <span class='ocrx_word' id='word_1_561' title='bbox 1575 4445 1804 4486; x_wconf 92' lang='lat' dir='ltr'>movere</span> 
     </span>
    </p>
   </div>
   <div class='ocr_carea' id='block_1_76' title="bbox 168 4517 1803 4597">
    <p class='ocr_par' dir='ltr' id='par_1_76' title="bbox 168 4517 1803 4597">
     <span class='ocr_line' id='line_1_76' title="bbox 168 4517 1803 4597; baseline -0.004 -18"><span class='ocrx_word' id='word_1_562' title='bbox 168 4524 486 4597; x_wconf 88' lang='lat' dir='ltr'>quempiam</span> <span class='ocrx_word' id='word_1_563' title='bbox 523 4523 755 4591; x_wconf 90' lang='lat' dir='ltr'>debere,</span> <span class='ocrx_word' id='word_1_564' title='bbox 783 4521 938 4594; x_wconf 91' lang='lat' dir='ltr'>quod</span> <span class='ocrx_word' id='word_1_565' title='bbox 968 4520 1197 4578; x_wconf 90' lang='lat' dir='ltr'>Domini</span> <span class='ocrx_word' id='word_1_566' title='bbox 1215 4520 1503 4592; x_wconf 90' lang='lat' dir='ltr'>jussione,</span> <span class='ocrx_word' id='word_1_567' title='bbox 1529 4519 1643 4574; x_wconf 91' lang='lat' dir='ltr'>duo</span> <span class='ocrx_word' id='word_1_568' title='bbox 1669 4517 1803 4572; x_wconf 90' lang='lat' dir='ltr'>mil-</span> 
     </span>
    </p>
   </div>
   <div class='ocr_carea' id='block_1_77' title="bbox 1906 3356 3554 3430">
    <p class='ocr_par' dir='ltr' id='par_1_77' title="bbox 1906 3356 3554 3430">
     <span class='ocr_line' id='line_1_77' title="bbox 1906 3356 3554 3430; baseline -0.003 -12"><span class='ocrx_word' id='word_1_569' title='bbox 1906 3367 1961 3417; x_wconf 91' lang='lat' dir='ltr'>te</span> <span class='ocrx_word' id='word_1_570' title='bbox 2001 3362 2093 3418; x_wconf 70' lang='lat'><strong>27</strong></span> <span class='ocrx_word' id='word_1_571' title='bbox 2160 3361 2273 3424; x_wconf 91' lang='lat' dir='ltr'>die,</span> <span class='ocrx_word' id='word_1_572' title='bbox 2335 3375 2451 3430; x_wconf 94' lang='lat' dir='ltr'>quo</span> <span class='ocrx_word' id='word_1_573' title='bbox 2504 3357 2868 3414; x_wconf 90' lang='lat' dir='ltr'>universaria</span> <span class='ocrx_word' id='word_1_574' title='bbox 2915 3356 3258 3412; x_wconf 89' lang='lat' dir='ltr'>solemnitas</span> <span class='ocrx_word' id='word_1_575' title='bbox 3319 3373 3554 3413; x_wconf 89' lang='lat' dir='ltr'>omnem</span> 
     </span>
    </p>
   </div>
   <div class='ocr_carea' id='block_1_78' title="bbox 1906 3447 3553 3523">
    <p class='ocr_par' dir='ltr' id='par_1_78' title="bbox 1906 3447 3553 3523">
     <span class='ocr_line' id='line_1_78' title="bbox 1906 3447 3553 3523; baseline -0.003 -16"><span class='ocrx_word' id='word_1_576' title='bbox 1906 3450 2105 3523; x_wconf 89' lang='lat' dir='ltr'>oppidi</span> <span class='ocrx_word' id='word_1_577' title='bbox 2136 3448 2417 3522; x_wconf 90' lang='lat' dir='ltr'>populum</span> <span class='ocrx_word' id='word_1_578' title='bbox 2451 3448 2511 3502; x_wconf 90' lang='lat' dir='ltr'>in</span> <span class='ocrx_word' id='word_1_579' title='bbox 2541 3447 2828 3520; x_wconf 90' lang='lat' dir='ltr'>templum</span> <span class='ocrx_word' id='word_1_580' title='bbox 2873 3447 3114 3503; x_wconf 86' lang='lat' dir='ltr'>Veneris</span> <span class='ocrx_word' id='word_1_581' title='bbox 3163 3463 3553 3520; x_wconf 83' lang='lat' dir='ltr'>congregave-</span> 
     </span>
    </p>
   </div>
   <div class='ocr_carea' id='block_1_79' title="bbox 1907 3534 3549 3608">
    <p class='ocr_par' dir='ltr' id='par_1_79' title="bbox 1907 3534 3549 3608">
     <span class='ocr_line' id='line_1_79' title="bbox 1907 3534 3549 3608; baseline -0.002 -12"><span class='ocrx_word' id='word_1_582' title='bbox 1907 3546 2015 3596; x_wconf 90' lang='lat' dir='ltr'>rat.</span> <span class='ocrx_word' id='word_1_583' title='bbox 2049 3541 2261 3597; x_wconf 86' lang='lat' dir='ltr'>Colunt</span> <span class='ocrx_word' id='word_1_584' title='bbox 2292 3543 2489 3594; x_wconf 88' lang='lat' dir='ltr'>autem</span> <span class='ocrx_word' id='word_1_585' title='bbox 2523 3536 2682 3593; x_wconf 86' lang='lat' dir='ltr'>illam</span> <span class='ocrx_word' id='word_1_586' title='bbox 2716 3537 2787 3593; x_wconf 89' lang='lat' dir='ltr'>ob</span> <span class='ocrx_word' id='word_1_587' title='bbox 2810 3537 3163 3604; x_wconf 85' lang='lat' dir='ltr'>Luciferum,</span> <span class='ocrx_word' id='word_1_588' title='bbox 3204 3537 3374 3608; x_wconf 88' lang='lat' dir='ltr'>cujus</span> <span class='ocrx_word' id='word_1_589' title='bbox 3427 3534 3549 3592; x_wconf 89' lang='lat' dir='ltr'>cul-</span> 
     </span>
    </p>
   </div>
   <div class='ocr_carea' id='block_1_80' title="bbox 1907 3625 3555 3699">
    <p class='ocr_par' dir='ltr' id='par_1_80' title="bbox 1907 3625 3555 3699">
     <span class='ocr_line' id='line_1_80' title="bbox 1907 3625 3555 3699; baseline -0.002 -14"><span class='ocrx_word' id='word_1_590' title='bbox 1907 3629 1993 3685; x_wconf 93' lang='lat' dir='ltr'>tui</span> <span class='ocrx_word' id='word_1_591' title='bbox 2025 3631 2446 3685; x_wconf 88' lang='lat' dir='ltr'>Saracenorum</span> <span class='ocrx_word' id='word_1_592' title='bbox 2481 3627 2638 3682; x_wconf 90' lang='lat' dir='ltr'>natio</span> <span class='ocrx_word' id='word_1_593' title='bbox 2670 3627 2865 3682; x_wconf 88' lang='lat' dir='ltr'>dedita</span> <span class='ocrx_word' id='word_1_594' title='bbox 2895 3630 2985 3682; x_wconf 92' lang='lat' dir='ltr'>est</span> <span class='ocrx_word' id='word_1_595' title='bbox 3003 3628 3042 3683; x_wconf 77' lang='lat'>‘.</span> <span class='ocrx_word' id='word_1_596' title='bbox 3076 3627 3186 3682; x_wconf 90' lang='lat' dir='ltr'>Sed</span> <span class='ocrx_word' id='word_1_597' title='bbox 3245 3631 3301 3681; x_wconf 92' lang='lat' dir='ltr'>et</span> <span class='ocrx_word' id='word_1_598' title='bbox 3357 3625 3555 3699; x_wconf 87' lang='lat' dir='ltr'>ipsum</span> 
     </span>
    </p>
   </div>
   <div class='ocr_carea' id='block_1_81' title="bbox 1907 3716 3556 3792">
    <p class='ocr_par' dir='ltr' id='par_1_81' title="bbox 1907 3716 3556 3792">
     <span class='ocr_line' id='line_1_81' title="bbox 1907 3716 3556 3792; baseline -0.002 -18"><span class='ocrx_word' id='word_1_599' title='bbox 1907 3719 2188 3792; x_wconf 90' lang='lat' dir='ltr'>oppidum</span> <span class='ocrx_word' id='word_1_600' title='bbox 2225 3735 2294 3772; x_wconf 85' lang='lat' dir='ltr'>ex</span> <span class='ocrx_word' id='word_1_601' title='bbox 2324 3734 2540 3789; x_wconf 88' lang='lat' dir='ltr'>magna</span> <span class='ocrx_word' id='word_1_602' title='bbox 2569 3721 2731 3788; x_wconf 87' lang='lat' dir='ltr'>parte</span> <span class='ocrx_word' id='word_1_603' title='bbox 2763 3716 3232 3772; x_wconf 87' lang='lat' dir='ltr'>semibarbarum</span> <span class='ocrx_word' id='word_1_604' title='bbox 3271 3719 3360 3771; x_wconf 89' lang='lat' dir='ltr'>est</span> <span class='ocrx_word' id='word_1_605' title='bbox 3417 3732 3556 3788; x_wconf 70' lang='lat' dir='ltr'>pro~</span> 
     </span>
    </p>
   </div>
   <div class='ocr_carea' id='block_1_82' title="bbox 1907 3804 3558 3881">
    <p class='ocr_par' dir='ltr' id='par_1_82' title="bbox 1907 3804 3558 3881">
     <span class='ocr_line' id='line_1_82' title="bbox 1907 3804 3558 3881; baseline -0.003 -17"><span class='ocrx_word' id='word_1_606' title='bbox 1907 3815 2037 3881; x_wconf 87' lang='lat' dir='ltr'>pter</span> <span class='ocrx_word' id='word_1_607' title='bbox 2068 3808 2174 3864; x_wconf 90' lang='lat' dir='ltr'>loci</span> <span class='ocrx_word' id='word_1_608' title='bbox 2211 3807 2413 3863; x_wconf 89' lang='lat' dir='ltr'>situm.</span> <span class='ocrx_word' id='word_1_609' title='bbox 2449 3807 2634 3879; x_wconf 87' lang='lat' dir='ltr'>Igitur</span> <span class='ocrx_word' id='word_1_610' title='bbox 2663 3805 2860 3861; x_wconf 90' lang='lat' dir='ltr'>audito</span> <span class='ocrx_word' id='word_1_611' title='bbox 2893 3806 3048 3876; x_wconf 92' lang='lat' dir='ltr'>quod</span> <span class='ocrx_word' id='word_1_612' title='bbox 3095 3809 3334 3860; x_wconf 89' lang='lat' dir='ltr'>sanctus</span> <span class='ocrx_word' id='word_1_613' title='bbox 3392 3804 3558 3859; x_wconf 80' lang='lat' dir='ltr'>Hila-</span> 
     </span>
    </p>
   </div>
   <div class='ocr_carea' id='block_1_83' title="bbox 1907 3891 3557 3967">
    <p class='ocr_par' dir='ltr' id='par_1_83' title="bbox 1907 3891 3557 3967">
     <span class='ocr_line' id='line_1_83' title="bbox 1907 3891 3557 3967; baseline -0.003 -17"><span class='ocrx_word' id='word_1_614' title='bbox 1907 3895 2038 3951; x_wconf 92' lang='lat' dir='ltr'>rion</span> <span class='ocrx_word' id='word_1_615' title='bbox 2069 3893 2390 3967; x_wconf 74' lang='lat' dir='ltr'>preeteriret</span> <span class='ocrx_word' id='word_1_616' title='bbox 2425 3893 2666 3963; x_wconf 90' lang='lat' dir='ltr'>(multos</span> <span class='ocrx_word' id='word_1_617' title='bbox 2712 3891 2866 3948; x_wconf 89' lang='lat' dir='ltr'>enim</span> <span class='ocrx_word' id='word_1_618' title='bbox 2928 3892 3351 3948; x_wconf 88' lang='lat' dir='ltr'>Saracenorum</span> <span class='ocrx_word' id='word_1_619' title='bbox 3401 3907 3557 3946; x_wconf 91' lang='lat' dir='ltr'>arre-</span> 
     </span>
    </p>
   </div>
   <div class='ocr_carea' id='block_1_84' title="bbox 1909 3980 3558 4058">
    <p class='ocr_par' dir='ltr' id='par_1_84' title="bbox 1909 3980 3558 4058">
     <span class='ocr_line' id='line_1_84' title="bbox 1909 3980 3558 4058; baseline -0.004 -18"><span class='ocrx_word' id='word_1_620' title='bbox 1909 3989 2108 4058; x_wconf 88' lang='lat' dir='ltr'>ptosa</span> <span class='ocrx_word' id='word_1_621' title='bbox 2160 3984 2422 4038; x_wconf 60' lang='lat' dir='ltr'>daemone</span> <span class='ocrx_word' id='word_1_622' title='bbox 2480 3983 2812 4054; x_wconf 87' lang='lat' dir='ltr'>frequenter</span> <span class='ocrx_word' id='word_1_623' title='bbox 2869 3982 3210 4052; x_wconf 83' lang='lat' dir='ltr'>curaverat),</span> <span class='ocrx_word' id='word_1_624' title='bbox 3270 3980 3558 4053; x_wconf 88' lang='lat' dir='ltr'>gregatim</span> 
     </span>
    </p>
   </div>
   <div class='ocr_carea' id='block_1_85' title="bbox 1909 4069 3560 4142">
    <p class='ocr_par' dir='ltr' id='par_1_85' title="bbox 1909 4069 3560 4142">
     <span class='ocr_line' id='line_1_85' title="bbox 1909 4069 3560 4142; baseline -0.002 -13"><span class='ocrx_word' id='word_1_625' title='bbox 1909 4073 1960 4130; x_wconf 89' lang='lat' dir='ltr'>ei</span> <span class='ocrx_word' id='word_1_626' title='bbox 2019 4090 2152 4128; x_wconf 89' lang='lat' dir='ltr'>cum</span> <span class='ocrx_word' id='word_1_627' title='bbox 2216 4072 2495 4128; x_wconf 84' lang='lat' dir='ltr'>uxoribus</span> <span class='ocrx_word' id='word_1_628' title='bbox 2561 4076 2618 4127; x_wconf 91' lang='lat' dir='ltr'>et</span> <span class='ocrx_word' id='word_1_629' title='bbox 2654 4071 2857 4126; x_wconf 88' lang='lat' dir='ltr'>liberis</span> <span class='ocrx_word' id='word_1_630' title='bbox 2916 4069 3143 4126; x_wconf 89' lang='lat' dir='ltr'>obviam</span> <span class='ocrx_word' id='word_1_631' title='bbox 3202 4085 3560 4142; x_wconf 87' lang='lat' dir='ltr'>processere,</span> 
     </span>
    </p>
   </div>
   <div class='ocr_carea' id='block_1_86' title="bbox 1911 4159 3560 4232">
    <p class='ocr_par' dir='ltr' id='par_1_86' title="bbox 1911 4159 3560 4232">
     <span class='ocr_line' id='line_1_86' title="bbox 1911 4159 3560 4232; baseline -0.003 -13"><span class='ocrx_word' id='word_1_632' title='bbox 1911 4163 2325 4219; x_wconf 89' lang='lat' dir='ltr'>submittentes</span> <span class='ocrx_word' id='word_1_633' title='bbox 2354 4160 2525 4230; x_wconf 82' lang='lat' dir='ltr'>colla,</span> <span class='ocrx_word' id='word_1_634' title='bbox 2559 4165 2614 4215; x_wconf 92' lang='lat' dir='ltr'>et</span> <span class='ocrx_word' id='word_1_635' title='bbox 2643 4177 2780 4216; x_wconf 83' lang='lat' dir='ltr'>voce</span> <span class='ocrx_word' id='word_1_636' title='bbox 2829 4160 2972 4232; x_wconf 77' lang='lat' dir='ltr'>Syra</span> <span class='ocrx_word' id='word_1_637' title='bbox 3029 4159 3275 4228; x_wconf 62' lang='lat' dir='ltr'>Banncn,</span> <span class='ocrx_word' id='word_1_638' title='bbox 3336 4160 3393 4214; x_wconf 91' lang='lat' dir='ltr'>id</span> <span class='ocrx_word' id='word_1_639' title='bbox 3452 4165 3560 4228; x_wconf 91' lang='lat' dir='ltr'>est,</span> 
     </span>
    </p>
   </div>
   <div class='ocr_carea' id='block_1_87' title="bbox 1912 4248 3564 4319">
    <p class='ocr_par' dir='ltr' id='par_1_87' title="bbox 1912 4248 3564 4319">
     <span class='ocr_line' id='line_1_87' title="bbox 1912 4248 3564 4319; baseline -0.003 -10"><span class='ocrx_word' id='word_1_640' title='bbox 1912 4252 2151 4319; x_wconf 83' lang='lat' dir='ltr'>benedic,</span> <span class='ocrx_word' id='word_1_641' title='bbox 2185 4251 2591 4308; x_wconf 88' lang='lat' dir='ltr'>inclamantcs.</span> <span class='ocrx_word' id='word_1_642' title='bbox 2627 4252 2780 4317; x_wconf 87' lang='lat' dir='ltr'>Quos</span> <span class='ocrx_word' id='word_1_643' title='bbox 2823 4251 2918 4306; x_wconf 91' lang='lat' dir='ltr'>ille</span> <span class='ocrx_word' id='word_1_644' title='bbox 2965 4249 3176 4305; x_wconf 89' lang='lat' dir='ltr'>blande</span> <span class='ocrx_word' id='word_1_645' title='bbox 3235 4248 3564 4305; x_wconf 86' lang='lat' dir='ltr'>humiliter-</span> 
     </span>
    </p>
   </div>
   <div class='ocr_carea' id='block_1_88' title="bbox 1915 4339 3565 4416">
    <p class='ocr_par' dir='ltr' id='par_1_88' title="bbox 1915 4339 3565 4416">
     <span class='ocr_line' id='line_1_88' title="bbox 1915 4339 3565 4416; baseline -0.004 -18"><span class='ocrx_word' id='word_1_646' title='bbox 1915 4359 2028 4416; x_wconf 90' lang='lat' dir='ltr'>que</span> <span class='ocrx_word' id='word_1_647' title='bbox 2061 4341 2412 4415; x_wconf 87' lang='lat' dir='ltr'>suscipiens,</span> <span class='ocrx_word' id='word_1_648' title='bbox 2445 4341 2789 4396; x_wconf 88' lang='lat' dir='ltr'>obsecrabat</span> <span class='ocrx_word' id='word_1_649' title='bbox 2819 4344 2884 4395; x_wconf 92' lang='lat' dir='ltr'>ut</span> <span class='ocrx_word' id='word_1_650' title='bbox 2915 4346 3094 4395; x_wconf 88' lang='lat' dir='ltr'>Deum</span> <span class='ocrx_word' id='word_1_651' title='bbox 3146 4339 3336 4412; x_wconf 86' lang='lat' dir='ltr'>magis</span> <span class='ocrx_word' id='word_1_652' title='bbox 3385 4354 3565 4410; x_wconf 87' lang='lat' dir='ltr'>quam</span> 
     </span>
    </p>
   </div>
   <div class='ocr_carea' id='block_1_89' title="bbox 1911 4427 3565 4505">
    <p class='ocr_par' dir='ltr' id='par_1_89' title="bbox 1911 4427 3565 4505">
     <span class='ocr_line' id='line_1_89' title="bbox 1911 4427 3565 4505; baseline -0.004 -17"><span class='ocrx_word' id='word_1_653' title='bbox 1911 4432 2143 4505; x_wconf 88' lang='lat' dir='ltr'>lapides</span> <span class='ocrx_word' id='word_1_654' title='bbox 2176 4430 2458 4486; x_wconf 91' lang='lat' dir='ltr'>colerent:</span> <span class='ocrx_word' id='word_1_655' title='bbox 2497 4429 2793 4501; x_wconf 90' lang='lat' dir='ltr'>simulque</span> <span class='ocrx_word' id='word_1_656' title='bbox 2824 4429 3075 4485; x_wconf 90' lang='lat' dir='ltr'>ubertim</span> <span class='ocrx_word' id='word_1_657' title='bbox 3107 4429 3302 4497; x_wconf 85' lang='lat' dir='ltr'>ﬂebat,</span> <span class='ocrx_word' id='word_1_658' title='bbox 3354 4427 3565 4483; x_wconf 78' lang='lat' dir='ltr'>cmlum</span> 
     </span>
    </p>
   </div>
   <div class='ocr_carea' id='block_1_90' title="bbox 1915 4518 3570 4594">
    <p class='ocr_par' dir='ltr' id='par_1_90' title="bbox 1915 4518 3570 4594">
     <span class='ocr_line' id='line_1_90' title="bbox 1915 4518 3570 4594; baseline -0.006 -15"><span class='ocrx_word' id='word_1_659' title='bbox 1915 4526 2211 4594; x_wconf 86' lang='lat' dir='ltr'>spectans,</span> <span class='ocrx_word' id='word_1_660' title='bbox 2244 4525 2300 4575; x_wconf 92' lang='lat' dir='ltr'>et</span> <span class='ocrx_word' id='word_1_661' title='bbox 2330 4518 2636 4592; x_wconf 89' lang='lat' dir='ltr'>pollicens,</span> <span class='ocrx_word' id='word_1_662' title='bbox 2661 4519 2709 4575; x_wconf 88' lang='lat' dir='ltr'>si</span> <span class='ocrx_word' id='word_1_663' title='bbox 2741 4518 2968 4574; x_wconf 86' lang='lat' dir='ltr'>Christo</span> <span class='ocrx_word' id='word_1_664' title='bbox 2995 4518 3318 4584; x_wconf 88' lang='lat' dir='ltr'>crederent,</span> <span class='ocrx_word' id='word_1_665' title='bbox 3351 4519 3422 4573; x_wconf 89' lang='lat' dir='ltr'>ad</span> <span class='ocrx_word' id='word_1_666' title='bbox 3471 4531 3570 4572; x_wconf 91' lang='lat' dir='ltr'>eos</span> 
     </span>
    </p>
   </div>
   <div class='ocr_carea' id='block_1_91' title="bbox 171 4606 3567 4709">
    <p class='ocr_par' dir='ltr' id='par_1_91' title="bbox 171 4606 3567 4709">
     <span class='ocr_line' id='line_1_91' title="bbox 171 4606 3567 4709; baseline -0.004 -44"><span class='ocrx_word' id='word_1_667' title='bbox 171 4609 240 4668; x_wconf 86' lang='lat' dir='ltr'>lia</span> <span class='ocrx_word' id='word_1_668' title='bbox 267 4629 574 4685; x_wconf 91' lang='lat' dir='ltr'>porcorum</span> <span class='ocrx_word' id='word_1_669' title='bbox 608 4629 642 4668; x_wconf 90' lang='lat' dir='ltr'>a</span> <span class='ocrx_word' id='word_1_670' title='bbox 672 4611 1040 4668; x_wconf 62' lang='lat' dir='ltr'>daemonibus</span> <span class='ocrx_word' id='word_1_671' title='bbox 1071 4610 1375 4666; x_wconf 82' lang='lat' dir='ltr'>interfecta</span> <span class='ocrx_word' id='word_1_672' title='bbox 1406 4613 1546 4665; x_wconf 83' lang='lat' dir='ltr'>sunt</span> <span class='ocrx_word' id='word_1_673' title='bbox 1577 4607 1801 4677; x_wconf 74' lang='lat' dir='ltr'>(Matth.</span> <span class='ocrx_word' id='word_1_674' title='bbox 1839 4643 1888 4709; x_wconf 73' lang='grc' dir='ltr'>Β</span> <span class='ocrx_word' id='word_1_675' title='bbox 1922 4628 1982 4668; x_wconf 80' lang='lat' dir='ltr'>se</span> <span class='ocrx_word' id='word_1_676' title='bbox 2015 4611 2217 4666; x_wconf 73' lang='lat' dir='ltr'>crebro</span> <span class='ocrx_word' id='word_1_677' title='bbox 2249 4627 2376 4666; x_wconf 79' lang='lat' dir='ltr'>esse</span> <span class='ocrx_word' id='word_1_678' title='bbox 2404 4613 2739 4664; x_wconf 58' lang='lat' dir='ltr'>venturum</span> <span class='ocrx_word' id='word_1_679' title='bbox 2775 4608 2920 4662; x_wconf 65' lang='lat' dir='ltr'>Mira</span> <span class='ocrx_word' id='word_1_680' title='bbox 2947 4607 3174 4662; x_wconf 75' lang='lat' dir='ltr'>Domini</span> <span class='ocrx_word' id='word_1_681' title='bbox 3209 4606 3416 4679; x_wconf 56' lang='lat' dir='ltr'>gratia,</span> <span class='ocrx_word' id='word_1_682' title='bbox 3450 4620 3567 4659; x_wconf 74' lang='lat' dir='ltr'>non</span> 
     </span>
    </p>
   </div>
   <div class='ocr_carea' id='block_1_92' title="bbox 172 4697 1806 4772">
    <p class='ocr_par' dir='ltr' id='par_1_92' title="bbox 172 4697 1806 4772">
     <span class='ocr_line' id='line_1_92' title="bbox 172 4697 1806 4772; baseline -0.001 -17"><span class='ocrx_word' id='word_1_683' title='bbox 172 4717 277 4768; x_wconf 84' lang='lat' dir='ltr'>vm,</span> <span class='ocrx_word' id='word_1_684' title='bbox 308 4711 356 4759; x_wconf 83' lang='lat' dir='ltr'>et</span> <span class='ocrx_word' id='word_1_685' title='bbox 381 4703 548 4759; x_wconf 76' lang='lat' dir='ltr'>Marc.</span> <span class='ocrx_word' id='word_1_686' title='bbox 581 4699 999 4772; x_wconf 89' lang='lat' dir='ltr'>v);siquidem</span> <span class='ocrx_word' id='word_1_687' title='bbox 1043 4716 1142 4756; x_wconf 92' lang='lat' dir='ltr'>eos</span> <span class='ocrx_word' id='word_1_688' title='bbox 1200 4697 1301 4770; x_wconf 89' lang='lat' dir='ltr'>qui</span> <span class='ocrx_word' id='word_1_689' title='bbox 1357 4698 1640 4763; x_wconf 89' lang='lat' dir='ltr'>viderant,</span> <span class='ocrx_word' id='word_1_690' title='bbox 1691 4713 1806 4753; x_wconf 93' lang='lat' dir='ltr'>non</span> 
     </span>
    </p>
   </div>
   <div class='ocr_carea' id='block_1_93' title="bbox 173 4787 1808 4862">
    <p class='ocr_par' dir='ltr' id='par_1_93' title="bbox 173 4787 1808 4862">
     <span class='ocr_line' id='line_1_93' title="bbox 173 4787 1808 4862; baseline -0.003 -16"><span class='ocrx_word' id='word_1_691' title='bbox 173 4790 415 4862; x_wconf 87' lang='lat' dir='ltr'>potuisse</span> <span class='ocrx_word' id='word_1_692' title='bbox 445 4791 621 4848; x_wconf 88' lang='lat' dir='ltr'>aliter</span> <span class='ocrx_word' id='word_1_693' title='bbox 649 4789 883 4846; x_wconf 89' lang='lat' dir='ltr'>credere</span> <span class='ocrx_word' id='word_1_694' title='bbox 925 4788 1114 4846; x_wconf 87' lang='lat' dir='ltr'>exisse</span> <span class='ocrx_word' id='word_1_695' title='bbox 1162 4789 1232 4844; x_wconf 88' lang='lat' dir='ltr'>de</span> <span class='ocrx_word' id='word_1_696' title='bbox 1289 4787 1530 4844; x_wconf 90' lang='lat' dir='ltr'>homine</span> <span class='ocrx_word' id='word_1_697' title='bbox 1584 4791 1808 4842; x_wconf 87' lang='lat' dir='ltr'>tantam</span> 
     </span>
    </p>
   </div>
   <div class='ocr_carea' id='block_1_94' title="bbox 173 4878 1808 4952">
    <p class='ocr_par' dir='ltr' id='par_1_94' title="bbox 173 4878 1808 4952">
     <span class='ocr_line' id='line_1_94' title="bbox 173 4878 1808 4952; baseline -0.001 -18"><span class='ocrx_word' id='word_1_698' title='bbox 173 4880 487 4939; x_wconf 65' lang='lat' dir='ltr'>daemonum</span> <span class='ocrx_word' id='word_1_699' title='bbox 523 4880 986 4948; x_wconf 86' lang='lat' dir='ltr'>multitudinem,</span> <span class='ocrx_word' id='word_1_700' title='bbox 1039 4879 1152 4935; x_wconf 91' lang='lat' dir='ltr'>nisi</span> <span class='ocrx_word' id='word_1_701' title='bbox 1207 4878 1446 4952; x_wconf 88' lang='lat' dir='ltr'>grandis</span> <span class='ocrx_word' id='word_1_702' title='bbox 1500 4893 1808 4950; x_wconf 87' lang='lat' dir='ltr'>porcorum</span> 
     </span>
    </p>
   </div>
   <div class='ocr_carea' id='block_1_95' title="bbox 175 4966 1808 5044">
    <p class='ocr_par' dir='ltr' id='par_1_95' title="bbox 175 4966 1808 5044">
     <span class='ocr_line' id='line_1_95' title="bbox 175 4966 1808 5044; baseline -0.001 -21"><span class='ocrx_word' id='word_1_703' title='bbox 175 4982 463 5041; x_wconf 90' lang='lat' dir='ltr'>numerus,</span> <span class='ocrx_word' id='word_1_704' title='bbox 497 4976 560 5028; x_wconf 90' lang='lat' dir='ltr'>et</span> <span class='ocrx_word' id='word_1_705' title='bbox 589 4969 756 5044; x_wconf 86' lang='lat' dir='ltr'>quasi</span> <span class='ocrx_word' id='word_1_706' title='bbox 792 4987 825 5027; x_wconf 92' lang='lat' dir='ltr'>a</span> <span class='ocrx_word' id='word_1_707' title='bbox 851 4969 1054 5026; x_wconf 90' lang='lat' dir='ltr'>multis</span> <span class='ocrx_word' id='word_1_708' title='bbox 1085 4974 1271 5038; x_wconf 87' lang='lat' dir='ltr'>actus,</span> <span class='ocrx_word' id='word_1_709' title='bbox 1304 4966 1520 5041; x_wconf 89' lang='lat' dir='ltr'>pariter</span> <span class='ocrx_word' id='word_1_710' title='bbox 1549 4967 1808 5023; x_wconf 90' lang='lat' dir='ltr'>corruis-</span> 
     </span>
    </p>
   </div>
   <div class='ocr_carea' id='block_1_96' title="bbox 173 5061 269 5114">
    <p class='ocr_par' dir='ltr' id='par_1_96' title="bbox 173 5061 269 5114">
     <span class='ocr_line' id='line_1_96' title="bbox 173 5061 269 5114; baseline 0.021 -2"><span class='ocrx_word' id='word_1_711' title='bbox 173 5061 269 5114; x_wconf 89' lang='lat' dir='ltr'>set.</span> 
     </span>
    </p>
   </div>
   <div class='ocr_carea' id='block_1_97' title="bbox 239 5229 1812 5304">
    <p class='ocr_par' dir='ltr' id='par_1_97' title="bbox 239 5229 1812 5304">
     <span class='ocr_line' id='line_1_97' title="bbox 239 5229 1812 5304; baseline -0.003 -15"><span class='ocrx_word' id='word_1_712' title='bbox 239 5231 520 5290; x_wconf 74' lang='lat' dir='ltr'>‘Addunt</span> <span class='ocrx_word' id='word_1_713' title='bbox 574 5250 718 5290; x_wconf 89' lang='lat' dir='ltr'>mss.</span> <span class='ocrx_word' id='word_1_714' title='bbox 783 5233 974 5304; x_wconf 86' lang='lat' dir='ltr'>homo;</span> <span class='ocrx_word' id='word_1_715' title='bbox 1037 5231 1254 5289; x_wconf 88' lang='lat' dir='ltr'>leviora</span> <span class='ocrx_word' id='word_1_716' title='bbox 1330 5229 1598 5304; x_wconf 68' lang='lat' dir='ltr'>quaedam</span> <span class='ocrx_word' id='word_1_717' title='bbox 1661 5230 1812 5286; x_wconf 89' lang='lat' dir='ltr'>infra</span> 
     </span>
    </p>
   </div>
   <div class='ocr_carea' id='block_1_98' title="bbox 177 5306 570 5362">
    <p class='ocr_par' dir='ltr' id='par_1_98' title="bbox 177 5306 570 5362">
     <span class='ocr_line' id='line_1_98' title="bbox 177 5306 570 5362; baseline 0.015 -6"><span class='ocrx_word' id='word_1_718' title='bbox 177 5306 570 5362; x_wconf 86' lang='lat' dir='ltr'>emendamus.</span> 
     </span>
    </p>
   </div>
   <div class='ocr_carea' id='block_1_99' title="bbox 213 5375 1809 5501">
    <p class='ocr_par' dir='ltr' id='par_1_99' title="bbox 213 5375 1809 5501">
     <span class='ocr_line' id='line_1_99' title="bbox 213 5375 1809 5501; baseline -0.003 -69"><span class='ocrx_word' id='word_1_719' title='bbox 213 5375 337 5501; x_wconf 55' lang='lat' dir='ltr'>“:ln</span> <span class='ocrx_word' id='word_1_720' title='bbox 370 5378 600 5501; x_wconf 46' lang='lat' dir='ltr'>agiquot</span> <span class='ocrx_word' id='word_1_721' title='bbox 629 5377 898 5452; x_wconf 82' lang='lat' dir='ltr'>vulgatis.</span> <span class='ocrx_word' id='word_1_722' title='bbox 933 5381 996 5433; x_wconf 86' lang='lat' dir='ltr'>Et</span> <span class='ocrx_word' id='word_1_723' title='bbox 1045 5392 1143 5450; x_wconf 80' lang='lat' dir='ltr'>pro</span> <span class='ocrx_word' id='word_1_724' title='bbox 1197 5375 1397 5447; x_wconf 76' lang='lat' dir='ltr'>affectu</span> <span class='ocrx_word' id='word_1_725' title='bbox 1455 5376 1636 5430; x_wconf 83' lang='lat' dir='ltr'>animi</span> <span class='ocrx_word' id='word_1_726' title='bbox 1690 5376 1809 5429; x_wconf 79' lang='lat' dir='ltr'>sin-</span> 
     </span>
     <span class='ocr_line' id='line_1_100' title="bbox 263 5465 1126 5501; baseline 0 0"><span class='ocrx_word' id='word_1_727' title='bbox 263 5465 336 5501; x_wconf 75' lang='grc'>08.</span> <span class='ocrx_word' id='word_1_728' title='bbox 367 5467 396 5501; x_wconf 88' lang='lat' dir='ltr'>e</span> <span class='ocrx_word' id='word_1_729' title='bbox 429 5467 480 5501; x_wconf 77' lang='grc' dir='ltr'>Ο.</span> <span class='ocrx_word' id='word_1_730' title='bbox 1121 5475 1126 5481; x_wconf 92' lang='grc'><strong>·</strong></span> 
     </span>
    </p>
   </div>
   <div class='ocr_carea' id='block_1_100' title="bbox 180 5456 1126 5514">
    <p class='ocr_par' dir='ltr' id='par_1_100' title="bbox 180 5456 1126 5514">
     <span class='ocr_line' id='line_1_101' title="bbox 180 5456 1126 5514; baseline 0.003 -13"><span class='ocrx_word' id='word_1_731' title='bbox 180 5456 336 5514; x_wconf 75' lang='lat' dir='ltr'>aulas,</span> <span class='ocrx_word' id='word_1_732' title='bbox 367 5456 480 5505; x_wconf 91' lang='lat' dir='ltr'>etc.</span> <span class='ocrx_word' id='word_1_733' title='bbox 1121 5475 1126 5481; x_wconf 94' lang='lat'><strong><em>-</em></strong></span> 
     </span>
    </p>
   </div>
   <div class='ocr_carea' id='block_1_101' title="bbox 239 5518 1814 5578">
    <p class='ocr_par' dir='ltr' id='par_1_101' title="bbox 239 5518 1814 5578">
     <span class='ocr_line' id='line_1_102' title="bbox 239 5518 1814 5578; baseline -0.003 -2"><span class='ocrx_word' id='word_1_734' title='bbox 239 5520 258 5552; x_wconf 90' lang='grc'><em>³</em></span> <span class='ocrx_word' id='word_1_735' title='bbox 292 5524 546 5577; x_wconf 80' lang='lat' dir='ltr'>Pervenit</span> <span class='ocrx_word' id='word_1_736' title='bbox 577 5522 819 5578; x_wconf 77' lang='lat' dir='ltr'>Elusam.</span> <span class='ocrx_word' id='word_1_737' title='bbox 854 5521 1092 5577; x_wconf 88' lang='lat' dir='ltr'>Codices</span> <span class='ocrx_word' id='word_1_738' title='bbox 1123 5535 1268 5577; x_wconf 87' lang='lat' dir='ltr'>mss.</span> <span class='ocrx_word' id='word_1_739' title='bbox 1293 5518 1573 5573; x_wconf 80' lang='lat' dir='ltr'>Avenion.</span> <span class='ocrx_word' id='word_1_740' title='bbox 1612 5523 1668 5573; x_wconf 93' lang='lat' dir='ltr'>et</span> <span class='ocrx_word' id='word_1_741' title='bbox 1697 5518 1814 5573; x_wconf 91' lang='lat' dir='ltr'>To-</span> 
     </span>
    </p>
   </div>
   <div class='ocr_carea' id='block_1_102' title="bbox 184 5587 1669 5651">
    <p class='ocr_par' dir='ltr' id='par_1_102' title="bbox 184 5587 1669 5651">
     <span class='ocr_line' id='line_1_103' title="bbox 184 5587 1669 5651; baseline 0.001 -8"><span class='ocrx_word' id='word_1_742' title='bbox 184 5587 320 5650; x_wconf 88' lang='lat' dir='ltr'>los...</span> <span class='ocrx_word' id='word_1_743' title='bbox 351 5595 606 5651; x_wconf 89' lang='lat' dir='ltr'>retinent</span> <span class='ocrx_word' id='word_1_744' title='bbox 633 5594 878 5650; x_wconf 80' lang='lat' dir='ltr'>Elusium</span> <span class='ocrx_word' id='word_1_745' title='bbox 899 5611 916 5648; x_wconf 92' lang='lat'><em>:</em></span> <span class='ocrx_word' id='word_1_746' title='bbox 950 5592 1050 5649; x_wconf 88' lang='lat' dir='ltr'>alii</span> <span class='ocrx_word' id='word_1_747' title='bbox 1081 5593 1346 5647; x_wconf 83' lang='lat' dir='ltr'>Eolesam.</span> <span class='ocrx_word' id='word_1_748' title='bbox 1383 5590 1669 5646; x_wconf 80' lang='lat' dir='ltr'>MARTIAN.</span> 
     </span>
    </p>
   </div>
   <div class='ocr_carea' id='block_1_103' title="bbox 243 5651 1815 5722">
    <p class='ocr_par' dir='ltr' id='par_1_103' title="bbox 243 5651 1815 5722">
     <span class='ocr_line' id='line_1_104' title="bbox 243 5651 1815 5722; baseline -0.004 0"><span class='ocrx_word' id='word_1_749' title='bbox 243 5664 261 5697; x_wconf 81' lang='lat'><strong>‘</strong></span> <span class='ocrx_word' id='word_1_750' title='bbox 289 5666 442 5722; x_wconf 88' lang='lat' dir='ltr'>Idem</span> <span class='ocrx_word' id='word_1_751' title='bbox 471 5665 805 5722; x_wconf 86' lang='lat' dir='ltr'>Gordianus</span> <span class='ocrx_word' id='word_1_752' title='bbox 837 5663 1164 5722; x_wconf 88' lang='lat' dir='ltr'>monachus</span> <span class='ocrx_word' id='word_1_753' title='bbox 1193 5663 1253 5718; x_wconf 92' lang='lat' dir='ltr'>in</span> <span class='ocrx_word' id='word_1_754' title='bbox 1286 5664 1344 5719; x_wconf 92' lang='lat' dir='ltr'>S.</span> <span class='ocrx_word' id='word_1_755' title='bbox 1396 5662 1614 5719; x_wconf 89' lang='lat' dir='ltr'>Placidi</span> <span class='ocrx_word' id='word_1_756' title='bbox 1662 5651 1815 5717; x_wconf 85' lang='lat' dir='ltr'>Mar-</span> 
     </span>
    </p>
   </div>
   <div class='ocr_carea' id='block_1_104' title="bbox 186 5733 1813 5817">
    <p class='ocr_par' dir='ltr' id='par_1_104' title="bbox 186 5733 1813 5817">
     <span class='ocr_line' id='line_1_105' title="bbox 186 5733 1813 5817; baseline 0.001 -25"><span class='ocrx_word' id='word_1_757' title='bbox 186 5734 312 5817; x_wconf 71' lang='lat' dir='ltr'>tyris</span> <span class='ocrx_word' id='word_1_758' title='bbox 334 5737 471 5798; x_wconf 73' lang='lat' dir='ltr'>Vita</span> <span class='ocrx_word' id='word_1_759' title='bbox 488 5741 760 5808; x_wconf 85' lang='lat' dir='ltr'>testatur,</span> <span class='ocrx_word' id='word_1_760' title='bbox 794 5753 959 5794; x_wconf 91' lang='lat' dir='ltr'>num.</span> <span class='ocrx_word' id='word_1_761' title='bbox 986 5737 1078 5807; x_wconf 83' lang='grc'>61,</span> <span class='ocrx_word' id='word_1_762' title='bbox 1111 5735 1214 5796; x_wconf 89' lang='lat' dir='ltr'>ubi</span> <span class='ocrx_word' id='word_1_763' title='bbox 1242 5735 1314 5796; x_wconf 83' lang='lat' dir='ltr'>de</span> <span class='ocrx_word' id='word_1_764' title='bbox 1359 5733 1587 5796; x_wconf 79' lang='lat' dir='ltr'>Abdala</span> <span class='ocrx_word' id='word_1_765' title='bbox 1641 5733 1813 5798; x_wconf 82' lang='lat' dir='ltr'>Sara-</span> 
     </span>
    </p>
   </div>
   <div class='ocr_carea' id='block_1_105' title="bbox 485 5864 1058 5934">
    <p class='ocr_par' dir='ltr' id='par_1_105' title="bbox 485 5864 1058 5934">
     <span class='ocr_line' id='line_1_106' title="bbox 485 5864 1058 5934; baseline -0.005 0"><span class='ocrx_word' id='word_1_766' title='bbox 485 5868 756 5934; x_wconf 63' lang='lat' dir='ltr'>Paraon.</span> <span class='ocrx_word' id='word_1_767' title='bbox 837 5864 1058 5934; x_wconf 75' lang='lat' dir='ltr'><strong>XXIII.</strong></span> 
     </span>
    </p>
   </div>
   <div class='ocr_carea' id='block_1_106' title="bbox 1921 4692 3568 4774">
    <p class='ocr_par' dir='ltr' id='par_1_106' title="bbox 1921 4692 3568 4774">
     <span class='ocr_line' id='line_1_107' title="bbox 1921 4692 3568 4774; baseline -0.005 -18"><span class='ocrx_word' id='word_1_768' title='bbox 1921 4701 2086 4774; x_wconf 92' lang='lat' dir='ltr'>prius</span> <span class='ocrx_word' id='word_1_769' title='bbox 2118 4700 2278 4755; x_wconf 87' lang='lat' dir='ltr'>abire</span> <span class='ocrx_word' id='word_1_770' title='bbox 2313 4698 2469 4772; x_wconf 75' lang='lat' dir='ltr'>passi</span> <span class='ocrx_word' id='word_1_771' title='bbox 2502 4703 2659 4765; x_wconf 89' lang='lat' dir='ltr'>sunt,</span> <span class='ocrx_word' id='word_1_772' title='bbox 2697 4714 2875 4770; x_wconf 89' lang='lat' dir='ltr'>quam</span> <span class='ocrx_word' id='word_1_773' title='bbox 2908 4699 3114 4752; x_wconf 65' lang='lat' dir='ltr'>futurae</span> <span class='ocrx_word' id='word_1_774' title='bbox 3172 4695 3440 4750; x_wconf 68' lang='lat' dir='ltr'>Ecclesia:</span> <span class='ocrx_word' id='word_1_775' title='bbox 3498 4692 3568 4747; x_wconf 92' lang='lat' dir='ltr'>li-</span> 
     </span>
    </p>
   </div>
   <div class='ocr_carea' id='block_1_107' title="bbox 1921 4783 3568 4856">
    <p class='ocr_par' dir='ltr' id='par_1_107' title="bbox 1921 4783 3568 4856">
     <span class='ocr_line' id='line_1_108' title="bbox 1921 4783 3568 4856; baseline -0.005 -10"><span class='ocrx_word' id='word_1_776' title='bbox 1921 4807 2092 4846; x_wconf 88' lang='lat' dir='ltr'>neam</span> <span class='ocrx_word' id='word_1_777' title='bbox 2124 4790 2413 4856; x_wconf 88' lang='lat' dir='ltr'>mitteret;</span> <span class='ocrx_word' id='word_1_778' title='bbox 2449 4792 2505 4844; x_wconf 90' lang='lat' dir='ltr'>et</span> <span class='ocrx_word' id='word_1_779' title='bbox 2533 4788 2805 4843; x_wconf 89' lang='lat' dir='ltr'>sacerdos</span> <span class='ocrx_word' id='word_1_780' title='bbox 2844 4803 3067 4856; x_wconf 90' lang='lat' dir='ltr'>eorum,</span> <span class='ocrx_word' id='word_1_781' title='bbox 3102 4789 3168 4840; x_wconf 93' lang='lat' dir='ltr'>ut</span> <span class='ocrx_word' id='word_1_782' title='bbox 3222 4787 3346 4840; x_wconf 90' lang='lat' dir='ltr'>erat</span> <span class='ocrx_word' id='word_1_783' title='bbox 3396 4783 3568 4838; x_wconf 88' lang='lat' dir='ltr'>Coro-</span> 
     </span>
    </p>
   </div>
   <div class='ocr_carea' id='block_1_108' title="bbox 1922 4878 3033 4950">
    <p class='ocr_par' dir='ltr' id='par_1_108' title="bbox 1922 4878 3033 4950">
     <span class='ocr_line' id='line_1_109' title="bbox 1922 4878 3033 4950; baseline -0.005 -14"><span class='ocrx_word' id='word_1_784' title='bbox 1922 4885 2096 4936; x_wconf 89' lang='lat' dir='ltr'>natus</span> <span class='ocrx_word' id='word_1_785' title='bbox 2123 4880 2163 4947; x_wconf 77' lang='grc' dir='ltr'>δ,</span> <span class='ocrx_word' id='word_1_786' title='bbox 2194 4878 2409 4934; x_wconf 89' lang='lat' dir='ltr'>Christi</span> <span class='ocrx_word' id='word_1_787' title='bbox 2441 4878 2609 4950; x_wconf 90' lang='lat' dir='ltr'>signo</span> <span class='ocrx_word' id='word_1_788' title='bbox 2641 4879 3033 4934; x_wconf 83' lang='lat' dir='ltr'>denotaretur.</span> 
     </span>
    </p>
   </div>
   <div class='ocr_carea' id='block_1_109' title="bbox 1991 4966 3569 5036">
    <p class='ocr_par' dir='ltr' id='par_1_109' title="bbox 1991 4966 3569 5036">
     <span class='ocr_line' id='line_1_110' title="bbox 1991 4966 3569 5036; baseline -0.004 -13"><span class='ocrx_word' id='word_1_789' title='bbox 1991 4970 2080 5024; x_wconf 83' lang='lat'>26.</span> <span class='ocrx_word' id='word_1_790' title='bbox 2141 4968 2432 5024; x_wconf 81' lang='lat' dir='ltr'>Monachus</span> <span class='ocrx_word' id='word_1_791' title='bbox 2489 4984 2708 5023; x_wconf 78' lang='lat' dir='ltr'>avarus.</span> <span class='ocrx_word' id='word_1_792' title='bbox 2768 4998 2836 5007; x_wconf 83' lang='lat'>——</span> <span class='ocrx_word' id='word_1_793' title='bbox 2895 4966 3018 5021; x_wconf 86' lang='lat' dir='ltr'>Alio</span> <span class='ocrx_word' id='word_1_794' title='bbox 3089 4979 3322 5036; x_wconf 90' lang='lat' dir='ltr'>quoque</span> <span class='ocrx_word' id='word_1_795' title='bbox 3393 4977 3569 5030; x_wconf 88' lang='lat' dir='ltr'>anno,</span> 
     </span>
    </p>
   </div>
   <div class='ocr_carea' id='block_1_110' title="bbox 1922 5050 3571 5116">
    <p class='ocr_par' dir='ltr' id='par_1_110' title="bbox 1922 5050 3571 5116">
     <span class='ocr_line' id='line_1_111' title="bbox 1922 5050 3571 5116; baseline -0.006 -1"><span class='ocrx_word' id='word_1_796' title='bbox 1922 5076 2055 5116; x_wconf 89' lang='lat' dir='ltr'>cum</span> <span class='ocrx_word' id='word_1_797' title='bbox 2090 5058 2352 5114; x_wconf 86' lang='lat' dir='ltr'>exiturus</span> <span class='ocrx_word' id='word_1_798' title='bbox 2384 5063 2540 5114; x_wconf 89' lang='lat' dir='ltr'>esset</span> <span class='ocrx_word' id='word_1_799' title='bbox 2570 5058 2640 5113; x_wconf 89' lang='lat' dir='ltr'>ad</span> <span class='ocrx_word' id='word_1_800' title='bbox 2672 5057 2912 5113; x_wconf 89' lang='lat' dir='ltr'>visenda</span> <span class='ocrx_word' id='word_1_801' title='bbox 2959 5053 3315 5112; x_wconf 86' lang='lat' dir='ltr'>monasteria</span> <span class='ocrx_word' id='word_1_802' title='bbox 3369 5056 3426 5107; x_wconf 90' lang='lat' dir='ltr'>et</span> <span class='ocrx_word' id='word_1_803' title='bbox 3483 5050 3571 5106; x_wconf 89' lang='lat' dir='ltr'>di-</span> 
     </span>
    </p>
   </div>
   <div class='ocr_carea' id='block_1_111' title="bbox 1923 5223 3574 5300">
    <p class='ocr_par' dir='ltr' id='par_1_111' title="bbox 1923 5223 3574 5300">
     <span class='ocr_line' id='line_1_112' title="bbox 1923 5223 3574 5300; baseline -0.005 -14"><span class='ocrx_word' id='word_1_804' title='bbox 1923 5246 2198 5286; x_wconf 91' lang='lat' dir='ltr'>cenorum</span> <span class='ocrx_word' id='word_1_805' title='bbox 2257 5229 2608 5300; x_wconf 89' lang='lat' dir='ltr'>imperatore</span> <span class='ocrx_word' id='word_1_806' title='bbox 2665 5227 2862 5291; x_wconf 89' lang='lat' dir='ltr'>tradit,</span> <span class='ocrx_word' id='word_1_807' title='bbox 2906 5241 3052 5300; x_wconf 82' lang='lat' dir='ltr'>eum</span> <span class='ocrx_word' id='word_1_808' title='bbox 3123 5232 3184 5281; x_wconf 86' lang='lat' dir='ltr'>ut</span> <span class='ocrx_word' id='word_1_809' title='bbox 3241 5223 3574 5300; x_wconf 56' lang='lat' dir='ltr'>Christianae</span> 
     </span>
    </p>
   </div>
   <div class='ocr_carea' id='block_1_112' title="bbox 1925 5295 3571 5372">
    <p class='ocr_par' dir='ltr' id='par_1_112' title="bbox 1925 5295 3571 5372">
     <span class='ocr_line' id='line_1_113' title="bbox 1925 5295 3571 5372; baseline -0.005 -15"><span class='ocrx_word' id='word_1_810' title='bbox 1925 5301 2218 5372; x_wconf 76' lang='lat' dir='ltr'>religionis</span> <span class='ocrx_word' id='word_1_811' title='bbox 2251 5295 2524 5358; x_wconf 72' lang='lat' dir='ltr'>culturam</span> <span class='ocrx_word' id='word_1_812' title='bbox 2580 5301 2833 5371; x_wconf 79' lang='lat' dir='ltr'>fumiitus</span> <span class='ocrx_word' id='word_1_813' title='bbox 2883 5298 2948 5352; x_wconf 85' lang='lat' dir='ltr'>de</span> <span class='ocrx_word' id='word_1_814' title='bbox 3001 5301 3149 5352; x_wconf 84' lang='lat' dir='ltr'>terra</span> <span class='ocrx_word' id='word_1_815' title='bbox 3206 5295 3470 5359; x_wconf 71' lang='lat' dir='ltr'>eraderet,</span> <span class='ocrx_word' id='word_1_816' title='bbox 3521 5300 3571 5350; x_wconf 81' lang='lat' dir='ltr'>et</span> 
     </span>
    </p>
   </div>
   <div class='ocr_carea' id='block_1_113' title="bbox 1923 5373 3569 5445">
    <p class='ocr_par' dir='ltr' id='par_1_113' title="bbox 1923 5373 3569 5445">
     <span class='ocr_line' id='line_1_114' title="bbox 1923 5373 3569 5445; baseline -0.008 -13"><span class='ocrx_word' id='word_1_817' title='bbox 1923 5374 2159 5432; x_wconf 79' lang='lat' dir='ltr'>Molochi</span> <span class='ocrx_word' id='word_1_818' title='bbox 2191 5374 2410 5445; x_wconf 81' lang='lat' dir='ltr'>templa,</span> <span class='ocrx_word' id='word_1_819' title='bbox 2443 5378 2495 5427; x_wconf 76' lang='lat' dir='ltr'>et</span> <span class='ocrx_word' id='word_1_820' title='bbox 2530 5373 2797 5426; x_wconf 72' lang='lat' dir='ltr'>Lumrem</span> <span class='ocrx_word' id='word_1_821' title='bbox 2832 5373 3102 5425; x_wconf 80' lang='lat' dir='ltr'>culturam</span> <span class='ocrx_word' id='word_1_822' title='bbox 3144 5375 3387 5445; x_wconf 69' lang='lat' dir='ltr'>angeret,</span> <span class='ocrx_word' id='word_1_823' title='bbox 3445 5382 3569 5420; x_wconf 77' lang='lat' dir='ltr'>ccn.</span> 
     </span>
    </p>
   </div>
   <div class='ocr_carea' id='block_1_114' title="bbox 1925 5442 3567 5515">
    <p class='ocr_par' dir='ltr' id='par_1_114' title="bbox 1925 5442 3567 5515">
     <span class='ocr_line' id='line_1_115' title="bbox 1925 5442 3567 5515; baseline -0.005 -14"><span class='ocrx_word' id='word_1_824' title='bbox 1925 5457 2041 5503; x_wconf 87' lang='lat' dir='ltr'>tum</span> <span class='ocrx_word' id='word_1_825' title='bbox 2072 5442 2724 5515; x_wconf 70' lang='lat' dir='ltr'>naviumexpeditionem</span> <span class='ocrx_word' id='word_1_826' title='bbox 2761 5459 3129 5512; x_wconf 72' lang='lat' dir='ltr'>congregasse.</span> <span class='ocrx_word' id='word_1_827' title='bbox 3186 5442 3295 5496; x_wconf 87' lang='lat' dir='ltr'>Sed</span> <span class='ocrx_word' id='word_1_828' title='bbox 3336 5445 3392 5495; x_wconf 89' lang='lat' dir='ltr'>et</span> <span class='ocrx_word' id='word_1_829' title='bbox 3417 5455 3567 5515; x_wconf 7' lang='lat' dir='ltr'>unus.</span> 
     </span>
    </p>
   </div>
   <div class='ocr_carea' id='block_1_115' title="bbox 1927 5513 3574 5584">
    <p class='ocr_par' dir='ltr' id='par_1_115' title="bbox 1927 5513 3574 5584">
     <span class='ocr_line' id='line_1_116' title="bbox 1927 5513 3574 5584; baseline -0.005 -10"><span class='ocrx_word' id='word_1_830' title='bbox 1927 5525 2013 5575; x_wconf 89' lang='lat' dir='ltr'>ter</span> <span class='ocrx_word' id='word_1_831' title='bbox 2047 5517 2198 5573; x_wconf 84' lang='lat' dir='ltr'>Hier.</span> <span class='ocrx_word' id='word_1_832' title='bbox 2256 5517 2314 5570; x_wconf 90' lang='lat' dir='ltr'>in</span> <span class='ocrx_word' id='word_1_833' title='bbox 2364 5513 2540 5571; x_wconf 83' lang='lat' dir='ltr'>Amos</span> <span class='ocrx_word' id='word_1_834' title='bbox 2571 5532 2646 5569; x_wconf 90' lang='lat' dir='ltr'>v:</span> <span class='ocrx_word' id='word_1_835' title='bbox 2709 5515 3020 5584; x_wconf 75' lang='lat' dir='ltr'>Luci/erum</span> <span class='ocrx_word' id='word_1_836' title='bbox 3078 5515 3349 5584; x_wconf 77' lang='lat' dir='ltr'>hucusque</span> <span class='ocrx_word' id='word_1_837' title='bbox 3407 5513 3574 5572; x_wconf 73' lang='lat' dir='ltr'>Sara-</span> 
     </span>
    </p>
   </div>
   <div class='ocr_carea' id='block_1_116' title="bbox 1923 5593 2430 5646">
    <p class='ocr_par' dir='ltr' id='par_1_116' title="bbox 1923 5593 2430 5646">
     <span class='ocr_line' id='line_1_117' title="bbox 1923 5593 2430 5646; baseline -0.014 1"><span class='ocrx_word' id='word_1_838' title='bbox 1923 5593 2046 5646; x_wconf 81' lang='lat' dir='ltr'>ceni</span> <span class='ocrx_word' id='word_1_839' title='bbox 2076 5596 2430 5644; x_wconf 78' lang='lat' dir='ltr'>venerantur.</span> 
     </span>
    </p>
   </div>
   <div class='ocr_carea' id='block_1_117' title="bbox 1998 5657 3579 5726">
    <p class='ocr_par' dir='ltr' id='par_1_117' title="bbox 1998 5657 3579 5726">
     <span class='ocr_line' id='line_1_118' title="bbox 1998 5657 3579 5726; baseline 0 -10"><span class='ocrx_word' id='word_1_840' title='bbox 1998 5662 2019 5696; x_wconf 75' lang='grc'>⁸</span> <span class='ocrx_word' id='word_1_841' title='bbox 2060 5658 2288 5716; x_wconf 87' lang='lat' dir='ltr'>Ethnici</span> <span class='ocrx_word' id='word_1_842' title='bbox 2322 5657 2627 5716; x_wconf 90' lang='lat' dir='ltr'>sacerdotii</span> <span class='ocrx_word' id='word_1_843' title='bbox 2661 5659 2801 5714; x_wconf 89' lang='lat' dir='ltr'>ordo</span> <span class='ocrx_word' id='word_1_844' title='bbox 2831 5662 2956 5714; x_wconf 87' lang='lat' dir='ltr'>erat</span> <span class='ocrx_word' id='word_1_845' title='bbox 2988 5657 3401 5726; x_wconf 77' lang='lat' dir='ltr'>Coronatorum,</span> <span class='ocrx_word' id='word_1_846' title='bbox 3433 5671 3579 5725; x_wconf 88' lang='lat' dir='ltr'>quo-</span> 
     </span>
    </p>
   </div>
   <div class='ocr_carea' id='block_1_118' title="bbox 1930 5727 3583 5812">
    <p class='ocr_par' dir='ltr' id='par_1_118' title="bbox 1930 5727 3583 5812">
     <span class='ocr_line' id='line_1_119' title="bbox 1930 5727 3583 5812; baseline -0.004 -20"><span class='ocrx_word' id='word_1_847' title='bbox 1930 5749 2064 5794; x_wconf 87' lang='lat' dir='ltr'>rum</span> <span class='ocrx_word' id='word_1_848' title='bbox 2095 5731 2314 5792; x_wconf 86' lang='lat' dir='ltr'>mentio</span> <span class='ocrx_word' id='word_1_849' title='bbox 2347 5731 2595 5794; x_wconf 84' lang='lat' dir='ltr'>occurrit</span> <span class='ocrx_word' id='word_1_850' title='bbox 2627 5728 2687 5790; x_wconf 89' lang='lat' dir='ltr'>in</span> <span class='ocrx_word' id='word_1_851' title='bbox 2718 5729 2962 5810; x_wconf 87' lang='lat' dir='ltr'>epistola</span> <span class='ocrx_word' id='word_1_852' title='bbox 2989 5729 3312 5790; x_wconf 84' lang='lat' dir='ltr'>Innocentii</span> <span class='ocrx_word' id='word_1_853' title='bbox 3342 5727 3414 5787; x_wconf 87' lang='lat' dir='ltr'>ad</span> <span class='ocrx_word' id='word_1_854' title='bbox 3432 5731 3583 5812; x_wconf 39' lang='lat' dir='ltr'>epist</span> 
     </span>
    </p>
   </div>
   <div class='ocr_carea' id='block_1_119' title="bbox 3225 5858 3262 5924">
    <p class='ocr_par' dir='ltr' id='par_1_119' title="bbox 3225 5858 3262 5924">
     <span class='ocr_line' id='line_1_120' title="bbox 3225 5858 3262 5924; baseline 0 0"><span class='ocrx_word' id='word_1_855' title='bbox 3225 5858 3262 5924; x_wconf 73' lang='grc'>2</span> 
     </span>
    </p>
   </div>
  </div>
