3970 6436
386 388 464 454 43
1636 398 1701 460 S.
1744 392 2055 461 EUSEBII
2100 392 2541 460 HIEBONYMI
3709 382 3788 450 α

332 552 335 553 ν
382 529 609 600 gereret
637 526 698 582 in
728 526 1026 596 schedula,
1062 526 1215 601 apud
1248 542 1395 601 quos
1453 544 1707 598 manere,
1758 547 1907 603 quos
1964 531 2023 586 in
2057 533 2111 599 Α
2144 546 2338 597 senex,
2373 546 2435 585 se
2468 532 2738 601 putorem
2770 528 2899 598 ejus
2930 526 3076 583 ferre
3108 538 3224 580 non
3256 536 3447 596 posse,
3490 518 3787 592 simulque

381 614 636 671 transitu
667 615 901 673 visitare
931 618 1186 686 deberet,
1221 618 1469 675 scientes
1501 619 1768 674 monachi
1821 636 2026 691 quem-

385 704 520 760 dam
550 704 621 760 de
649 705 929 762 fratribus
973 707 1317 779 parciorem,
1372 707 1665 780 simulque
1723 709 2029 780 cupientes

385 792 525 849 vitio
555 794 683 865 ejus
713 794 953 865 mederi,
986 796 1269 869 rogabant
1304 801 1367 851 ut
1418 798 1571 869 apud
1632 814 1767 852 eum
1828 814 2026 853 mane-

386 884 493 937 ret.
519 882 589 937 Et
618 881 715 939 ille
755 882 968 950 :Quid,
1028 883 1242 956 inquit,
1304 884 1481 941 vultis
1537 889 1593 941 et
1648 886 1812 941 vobis
1872 885 2031 958 inju-

388 970 556 1039 riam,
586 974 642 1027 et
673 970 837 1027 fratri
865 973 1224 1029 vexationem
1259 973 1485 1029 facere?
1520 974 1681 1038 Quod
1714 979 2029 1046 postquam

386 1059 566 1115 frater
601 1058 701 1116 ille
757 1076 969 1132 parcus
1028 1062 1269 1129 audivit,
1318 1061 1589 1131 erubuit;
1652 1066 1708 1119 et
1761 1063 2029 1118 anniten-

386 1147 549 1204 tibus
570 1149 817 1218 cunctis,
850 1149 943 1206 vix
975 1150 1046 1206 ab
1086 1150 1267 1206 invito
1327 1151 1675 1223 impetravit,
1738 1156 1801 1207 ut
1858 1167 2033 1207 suum

394 1253 627 1309 quoque
642 1239 1064 1295 monasterium
1099 1239 1156 1294 in
1181 1240 1557 1296 mansionum
1585 1241 1845 1295 ordinem
1868 1257 2042 1312 pone-

390 1328 499 1382 ret.
534 1326 669 1382 Post
692 1326 847 1382 diem
880 1342 1014 1400 ergo
1063 1327 1357 1383 decimum
1408 1332 1691 1384 venerunt
1748 1330 1819 1384 ad
1880 1345 2040 1395 eum,

391 1414 863 1485 oustodibusjam
877 1414 937 1470 in
959 1416 1149 1485 vinea,
1167 1418 1207 1483 ⁸,
1241 1417 1637 1487 quavenirent
1659 1416 1764 1483 illi,
1786 1418 2039 1489 disposi-

393 1501 598 1574 tis,qui
629 1519 765 1558 cum
805 1502 1098 1575 lapidibus
1129 1509 1187 1560 et
1214 1504 1517 1577 glebarum
1549 1506 2044 1578 iactu,fundaaque

392 1590 677 1663 vertigine
752 1592 1095 1647 accedentes
1143 1593 1524 1660 deterrerent,
1585 1594 1711 1650 sine
1768 1611 1870 1650 esu
1922 1611 2043 1649 uvae

392 1695 565 1735 mane
586 1696 790 1735 omnes
821 1679 1058 1752 profecti
1090 1686 1246 1749 sunt,
1282 1681 1509 1738 ridente
1546 1699 1705 1751 sene,
1761 1688 1816 1737 et
1876 1683 2045 1738 dissi-

395 1766 657 1823 mulante
689 1768 835 1823 scire
858 1770 1013 1840 quod
1044 1774 1332 1826 evenerat.

2144 620 2298 675 unde
2329 623 2483 674 esset
2514 618 2755 691 rogavit.
2790 614 3198 688 Respondente
3229 615 3424 667 autem
3475 608 3786 682 Hesychia.

2143 708 2297 779 quod
2330 708 2508 763 frater
2537 707 2775 779 quidam
2808 703 3100 777 primitias
3141 700 3310 773 agelli
3360 699 3451 756 sui
3510 697 3790 753 fratribus

2144 795 2467 851 detulisset.
2501 796 2625 850 Non
2658 794 2861 859 sentis,
2896 791 3380 863 inquit,putorem
3403 785 3788 853 teterrimum,

2145 888 2201 939 et
2231 885 2291 939 in
2322 885 2505 940 cicere
2530 883 2725 938 fmtere
2756 882 3059 937 avaritiam
3080 880 3108 934 ‘t
3163 878 3325 933 Mitte
3381 877 3597 943 bubus,
3656 874 3790 929 mit-

2144 978 2199 1029 te
2230 974 2420 1029 brutis
2452 972 2826 1037 animalibus,
2858 975 2915 1026 et
2944 971 3074 1025 vide
3115 985 3187 1023 an
3238 966 3566 1022 comedent.
3628 962 3793 1027 Quod

2145 1079 2279 1117 cum
2311 1060 2409 1117 ille
2430 1063 2600 1133 juxta
2630 1065 2982 1133 prmceptum
3007 1058 3064 1113 in
3089 1072 3344 1130 praesepe
3375 1054 3798 1128 posuisset,ex—

2150 1151 2334 1207 territi
2366 1152 2539 1207 boves
2569 1154 2625 1205 et
2654 1149 2787 1222 plus
2818 1147 2988 1205 solito
3021 1145 3371 1219 mugientes,
3432 1143 3620 1216 ruptis
3667 1140 3793 1196 vin-

2150 1239 2297 1295 culis
2323 1240 2382 1295 in
2413 1239 2641 1295 diversa
2668 1238 2961 1310 fugerunt.
2986 1236 3245 1292 Habebat
3261 1233 3416 1290 enim
3448 1247 3623 1289 senex
3642 1230 3795 1285 hanc

2152 1328 2421 1401 gratiam,
2453 1332 2519 1383 ut
2547 1344 2614 1383 ex
2646 1328 2821 1382 odore
2850 1341 3160 1398 corporum
3191 1322 3582 1393 vestiumque,
3613 1324 3671 1375 et
3700 1334 3794 1375 ea-

2153 1435 2283 1472 rum
2311 1433 2503 1472 rerum
2536 1432 2682 1489 quas
2714 1416 2846 1487 quis
2876 1411 3163 1486 tetigerat,
3189 1411 3364 1468 sciret
3393 1410 3485 1465 cui
3519 1406 3796 1478 daamoni,

2153 1505 2241 1561 vel
2265 1505 2355 1561 cui
2387 1505 2523 1559 vitio
2547 1505 2892 1575 subjaceret.

2222 1596 2310 1648 29.
2348 1594 2647 1648 Turbamm
2676 1593 2935 1646 inimicus
2963 1596 3082 1645 erat
3108 1590 3219 1644 Ηὶι.
3264 1618 3333 1628 ——
3389 1587 3572 1659 Igitur
3627 1602 3794 1641 sexa-

2153 1682 2375 1755 gesimo
2400 1682 2569 1737 tertio
2594 1681 2725 1736 vitae
2755 1696 2908 1735 anno
2940 1694 3183 1735 cernens
3224 1676 3443 1749 grande
3499 1678 3799 1730 monaste-

2154 1772 2330 1839 rium,
2355 1776 2409 1826 et
2425 1769 2859 1825 multitudinem
2881 1769 3129 1824 fratrum
3153 1781 3351 1823 secum
3369 1764 3799 1831 habitantium;

461 1856 553 1909 27.
580 1855 872 1913 Monachus
920 1858 1108 1929 largus
1166 1858 1356 1914 Sabas.
1426 1891 1490 1900 —
1548 1865 1724 1916 Porro
1784 1861 2043 1933 suscepti
2078 1894 2124 1959 Β
2156 1861 2475 1931 turbasque
2506 1858 2729 1914 eorumi
2761 1857 2860 1929 qui
2890 1854 3568 1959 diversis‘lang‘uo‘ribu‘s,
3600 1856 3658 1959 ent

397 1942 469 2000 ab
491 1942 604 2000 alio
636 1945 942 2012 monacho,
978 1945 1071 2001 cui
1102 1946 1283 2001 Sabas
1312 1947 1662 2003 vocabulum
1719 1952 1809 2004 est
1848 1950 2045 2018 (debe-

398 2048 531 2089 mus
562 2033 777 2106 quippe
806 2034 963 2106 parci
988 2041 1177 2090 tacere
1198 2035 1564 2103 vocabulum,
1613 2036 1761 2110 largi
1793 2037 2041 2107 dicere);

398 2121 536 2194 quia
565 2122 904 2178 Dominicus
918 2123 1614 2190 eratdies,invitahantur
1636 2126 1707 2180 ab
1725 2142 1790 2180 eo
1814 2126 2044 2181 univer-

401 2210 450 2267 si
473 2210 799 2280 invineam,
818 2216 883 2267 ut
902 2215 1035 2268 ante
1057 2211 1262 2268 horam
1284 2212 1398 2268 cibi
1422 2231 1667 2269 uvarum
1694 2220 1863 2286 pastu
1890 2214 2048 2271 labo-

399 2315 524 2355 rem
553 2299 656 2354 vias
679 2299 1148 2356 sublevarent.Et
1170 2306 1436 2358 sanctus:
1464 2303 2046 2377 Maledictus,ait,qui

399 2388 562 2461 prius
592 2388 962 2445 refectionem
996 2390 1253 2460 corporis
1284 2407 1462 2462 quam
1491 2390 1696 2447 animae
1730 2393 2043 2464 qumsicrit.

399 2477 667 2545 Oremus,
700 2477 1043 2549 psallamus,
1074 2479 1388 2535 reddamus
1416 2480 1658 2535 Domino
1691 2480 2047 2549 ofﬁcium,et

400 2566 486 2623 sio
515 2566 588 2622 ad
620 2566 719 2622 28
748 2566 977 2623 vineam
1009 2568 1452 2640 properabimus
1491 2569 1600 2639 [Αἰ.
1635 2570 2044 2641 properabitis]

403 2654 700 2727 Completo
720 2653 917 2727 itaque
946 2655 1292 2725 ministerio,
1326 2656 1386 2711 in
1418 2656 1656 2713 sublimi
1688 2663 1850 2714 stans
1871 2658 2047 2715 bene-

403 2743 549 2799 dixit
578 2744 775 2813 vineaz,
809 2748 865 2799 et
894 2761 1032 2800 suas
1068 2746 1139 2800 ad
1191 2747 1551 2817 pascendum
1608 2746 1832 2802 dimisit
1887 2765 2044 2803 oves.

406 2832 584 2889 Erant
611 2836 808 2889 autem
838 2832 937 2905 qui
970 2834 1376 2904 vescebantur,
1429 2852 1544 2891 non
1602 2837 1800 2891 minus
1858 2836 2049 2893 tribus

405 2919 689 2976 millibus.
722 2920 986 2992 Cumque
1015 2926 1246 2977 centum
1276 2922 1500 2995 lagenis
1531 2924 1819 2979 azstimata
1842 2923 2051 2981 fuisset

403 3007 633 3081 integra
662 3007 852 3064 adhuc
910 3008 1094 3077 vinea,
1147 3014 1280 3082 post
1333 3011 1457 3066 dies
1502 3012 1707 3084 viginti
1755 3016 2048 3069 trecentas

404 3091 561 3154 fecit.
595 3097 769 3151 Porro
798 3096 895 3153 ille
925 3114 1138 3168 parcus
1171 3100 1346 3153 frater
1385 3098 1569 3155 multo
1624 3100 1821 3157 minus
1878 3101 2051 3158 solito

405 3185 705 3259 colligens,
739 3186 915 3242 etiam
945 3186 1002 3241 id
1034 3188 1188 3259 quod
1222 3187 1510 3244 habuerat
1538 3206 1769 3245 versum
1804 3190 1861 3245 in
1919 3208 2052 3247 ace-

2154 1949 2390 2005 mundis
2414 1947 2715 2020 spiritibus
2737 1950 3049 2020 occupatos
3081 1946 3150 2000 ad
3188 1960 3248 1999 se
3280 1943 3666 2009 deducebant,
3717 1941 3801 1995 ita

2155 2042 2219 2093 ut
2250 2038 2407 2093 omni
2431 2052 2638 2109 genere
2667 2035 2974 2091 hominum
3007 2034 3261 2090 solitudo
3293 2049 3396 2105 per
3424 2030 3802 2086 circumitum

2155 2127 2495 2199 repleretur,
2529 2126 2703 2180 flebat
2736 2122 3107 2197 quotidie,et
3134 2120 3463 2177 incredibili
3495 2119 3596 2176 29
3645 2119 3803 2175 desi-

2156 2216 2313 2271 derio
2345 2213 2799 2269 conversationis
2830 2213 3081 2283 antiquae
3128 2210 3563 2266 recordabatur.
3616 2208 3803 2265 Inter-

2154 2309 2392 2377 rogatus
2424 2321 2456 2358 a
2484 2302 2758 2358 fratribus
2790 2300 2928 2373 quid
2977 2300 3235 2363 haberet,
3287 2316 3393 2353 cur
3448 2313 3511 2353 se
3558 2296 3806 2354 confice-

2156 2398 2241 2449 ret
2298 2392 2410 2448 ait:
2472 2393 2728 2447 Rursum
2787 2390 2857 2446 ad
2926 2388 3206 2445 saeculum
3265 2387 3433 2453 redii,
3485 2389 3549 2442 'et
3605 2386 3798 2459 recepi

2157 2482 2481 2537 mercedem
2513 2496 2703 2535 meam
2734 2478 2795 2533 in
2826 2478 2942 2533 vita
2962 2494 3110 2533 mea.
3152 2477 3237 2531 En
3295 2475 3563 2531 homines
3619 2474 3809 2531 Pala-

2155 2572 2310 2640 tina,
2344 2575 2401 2625 et
2422 2570 2619 2624 vicinze
2651 2568 2957 2640 provinciae
3007 2566 3344 2621 existimant
3399 2580 3492 2619 me
3550 2564 3809 2636 alicujus

2158 2677 2285 2716 esse
2308 2658 2586 2714 momenti
2613 2676 2626 2725 ;
2661 2662 2719 2712 et
2749 2673 2853 2728 ego
2885 2657 2994 2712 sub
3026 2659 3305 2726 praztextu
3337 2652 3677 2710 monasterii
3733 2654 3808 2710 ad

2158 2748 2651 2820 dispensationem
2680 2746 2947 2808 fratrum,
2980 2743 3151 2800 vilem
3195 2747 3370 2811 [Fort.
3425 2741 3652 2814 utilem]
3705 2759 3809 2800 su-

2158 2836 2503 2910 pellectilem
2535 2835 2741 2891 habeo.
2774 2835 3126 2891 Servabatur
3162 2839 3358 2888 autem
3421 2849 3454 2887 a
3500 2832 3810 2899 fratribus,

2160 2926 2411 2982 maxime
2445 2926 2515 2981 ab
2549 2923 2830 2997 Hesychio
2862 2923 2960 2995 qui
2995 2922 3144 2977 miro
3193 2937 3390 2977 amare
3447 2920 3812 2978 venerationi

2161 3015 2318 3071 senis
2349 3014 2579 3070 deditus
2610 3017 2755 3069 erat.
2788 3012 3049 3083 Cumque
3078 3011 3161 3066 ita
3187 3009 3425 3066 vixisset
3453 3011 3554 3076 [Αι.
3602 3009 3811 3067 duxis-

2162 3106 2268 3175 set]
2298 3103 2504 3176 lugens
2538 3101 2860 3167 biennium,
2890 3100 3230 3156 Aristaenete
3270 3099 3424 3168 illa",
3480 3100 3650 3171 cujus
3712 3116 3815 3156 su-

2166 3210 2269 3265 pra
2296 3193 2540 3247 fecimus
2572 3190 2948 3254 mentionem,
3000 3188 3249 3260 prmfecti
3291 3192 3429 3243 tunc
3477 3204 3640 3254 uxor,
3703 3189 3814 3245 sed

405 3278 533 3331 tum
555 3258 683 3331 sero
714 3270 918 3331 doluit.
957 3258 1070 3331 Hoc
1101 3277 1303 3332 multis
1352 3277 1626 3333 fratribus
1687 3295 1862 3334 senex
1921 3284 2053 3335 ante
2084 3258 2126 3325 C
2166 3258 2311 3337 nihil
2343 3282 2413 3336 de
2444 3279 2694 3352 praefecti
2734 3278 2959 3334 ambitu
3002 3258 3257 3346 habens,
3306 3278 3464 3333 venit
3520 3277 3591 3332 ad
3645 3293 3816 3344 eum,

408 3363 674 3419 futurum
705 3363 1064 3435 praedixerat.
1099 3365 1503 3421 Delestabatur
1542 3373 1739 3423 autem
1770 3368 2057 3440 pracipue

410 3451 750 3520 monachos,
780 3451 881 3523 qui
911 3452 1254 3510 inﬁdelitate
1284 3456 1538 3525 quadam
1568 3455 1629 3510 in
1662 3456 1926 3512 futurum
1965 3474 2052 3513 re-

412 3544 713 3597 ser‘varent
744 3558 869 3605 sua,
904 3545 960 3597 et
990 3541 1352 3615 diligentiam
1395 3543 1695 3611 haberent,
1752 3545 1837 3600 vel
1899 3563 2056 3601 sum-

413 3634 647 3702 ptuum,
680 3629 766 3686 vel
807 3631 1075 3697 vestitus,
1136 3636 1238 3686 aut
1292 3632 1540 3704 alicujus
1598 3651 1798 3690 earum
1859 3652 2055 3690 rerum

414 3736 543 3792 quas
569 3735 702 3775 cum
733 3718 942 3776 saeculo
971 3723 1299 3777 transeunt.

481 3811 572 3864 28.
615 3810 806 3865 Frater
833 3810 1002 3865 nimis
1031 3814 1244 3866 cautus.
1305 3844 1370 3852 —
1426 3812 1686 3885 Denique
1745 3832 1928 3870 unum
1986 3816 2056 3872 de

411 3897 689 3954 fratribus
719 3898 779 3954 in
813 3898 1018 3970 quinto
1055 3900 1172 3955 fere
1203 3917 1237 3955 a
1283 3918 1346 3956 se
1394 3900 1667 3958 milliario
1697 3907 2053 3973 manentem,

413 3986 554 4058 quia
580 3987 972 4058 comperiebat
1000 3988 1218 4045 hortuli
1251 3990 1341 4046 sui
1379 3991 1556 4047 nimis
1610 3998 1848 4048 cautum
1904 3994 2059 4049 timi-

414 4075 676 4147 dumque
706 4077 1031 4145 custodem,
1056 4082 1113 4133 et
1138 4078 1459 4150 pauxillum
1515 4080 1727 4137 habere
1787 4100 2056 4139 nummo-

414 4179 569 4231 rum,
610 4164 683 4220 ab
714 4164 900 4221 oculis
930 4166 1218 4239 abegerat.
1253 4169 1361 4232 Qui
1390 4169 1587 4226 volens
1635 4171 1747 4226 sibi
1802 4173 2057 4228 reconci-

415 4250 545 4307 liari
604 4270 822 4318 senem,
878 4254 1209 4327 frequenter
1274 4258 1541 4315 veniebat
1584 4260 1655 4315 ad
1714 4260 1942 4327 fratres,
2003 4266 2059 4318 et

413 4341 666 4398 maxime
697 4344 768 4399 ad
802 4344 1151 4417 Hesychium
1182 4348 1224 4414 ²,
1258 4365 1371 4420 quo
1402 4348 1499 4405 ille
1546 4350 2057 4408 vehementissime

416 4428 831 4488 delectabatur.
848 4433 1107 4496 Quadam
1123 4434 1300 4508 igitur
1312 4437 1403 4493 die
1424 4437 1628 4494 ciceris
1645 4439 1859 4496 fascem
1874 4441 2057 4495 viren-

414 4519 513 4590 tis,
545 4519 698 4576 sicut
726 4520 785 4575 in
818 4520 1015 4578 herbis
1044 4529 1165 4579 erat
1196 4525 1421 4581 detulit.
1452 4528 1634 4593 Quem
1683 4545 1818 4584 cum
1878 4529 2057 4603 Hesy-

2165 3369 2363 3425 volens
2394 3368 2567 3424 etiam
2601 3368 2673 3424 ad
2706 3367 3026 3423 Antonium
3059 3382 3314 3439 pergere.
3347 3363 3448 3421 Cui
3473 3363 3570 3419 ille
3624 3364 3816 3422 ﬂens:

2166 3458 2402 3527 Vellem,
2437 3458 2534 3521 ait,
2569 3458 2694 3529 ipse
2725 3472 2958 3528 quoque
2986 3454 3093 3523 ire,
3124 3453 3172 3510 si
3200 3471 3315 3509 non
3359 3468 3586 3510 carcere
3627 3452 3823 3526 hujus

2169 3546 2503 3603 monasterii
2534 3545 2770 3601 clausus
2790 3551 3038 3611 tenerer,
3063 3548 3119 3599 et
3133 3544 3183 3599 si
3200 3543 3375 3598 eundi
3394 3543 3616 3598 fructus
3631 3548 3818 3601 esset.

2168 3636 2450 3691 Biduum‘
2475 3634 2630 3690 enim
2661 3633 2832 3689 hodie
2858 3638 2966 3699 est,
2999 3633 3155 3705 quod
3192 3636 3350 3687 totus
3398 3631 3658 3687 mundus
3705 3633 3821 3689 tali

2165 3727 2403 3797 parente
2434 3724 2673 3779 orbatus
2705 3726 2813 3779 est.
2844 3721 3098 3777 Credidit
3123 3720 3225 3777 illa
3281 3725 3339 3777 et
3388 3720 3674 3777 substitit.
3749 3722 3824 3778 Et

2166 3818 2298 3887 post
2330 3829 2547 3886 paucos
2578 3813 2701 3868 dies
2732 3812 2996 3869 veniente
3024 3810 3253 3878 nuntio,
3306 3809 3539 3866 Antonii
3596 3810 3826 3867 dormi-

2166 3903 2381 3960 tionem
2415 3901 2653 3958 audivit.

2236 3995 2323 4047 30.
2384 3993 2725 4065 Contemptus
2778 3992 2975 4065 gloriae
3026 3992 3324 4046 mirabilis.
3382 3990 3707 4046 Dracontius
3769 4001 3828 4048 et

2169 4081 2328 4138 Philo
2358 4083 2598 4154 episcopi
2627 4082 2862 4138 exsules.
2890 4112 2959 4121 —
3001 4080 3285 4135 Mirentur
3339 4077 3439 4135 alii
3494 4078 3664 4151 signa
3686 4095 3829 4151 qua:

2167 4171 2342 4227 fecit8
2368 4188 2380 4226 :
2416 4170 2704 4227 mirentur
2734 4168 3135 4227 incredibilem
3158 4168 3597 4231 abstinentiam,
3631 4168 3833 4227 scien-

2165 4261 2329 4329 tiam,
2365 4259 2781 4316 humilitatem.
2815 4260 2933 4332 Ego
2955 4257 3103 4313 nihil
3134 4258 3217 4313 ita
3246 4260 3474 4328 stupeo,
3497 4272 3674 4328 quam
3697 4256 3839 4331 glo-

2167 4350 2314 4405 riam
2338 4348 2503 4404 illum
2540 4352 2597 4405 et
2629 4347 2911 4411 honorem
2941 4346 3164 4403 calcare
3212 4344 3488 4418 potuisse.
3552 4344 3826 4403 Concur-

2167 4439 2372 4494 rebant
2396 4438 2671 4510 episcopi,
2704 4436 3049 4510 presbyteri,
3108 4435 3452 4491 clericorum
3503 4439 3561 4491 et
3616 4451 3836 4494 mona-

2167 4528 2410 4584 chorum
2441 4544 2668 4600 greges,
2700 4529 3101 4581 matronarum
3123 4523 3164 4590 ⁸,
3199 4540 3431 4597 quoque
3459 4523 3835 4582 Christiana-

416 4608 583 4666 chius
613 4609 905 4682 posuisset
935 4611 993 4666 in
1022 4629 1225 4669 mensa
1245 4615 1314 4670 ad
1347 4632 1677 4688 vesperum,
1720 4618 2059 4675 exclamavit
2087 4634 2135 4699 D
2165 4633 2297 4673 rum
2329 4616 2591 4689 (grandis
2621 4615 2886 4686 tentatio)
2933 4618 2991 4671 et
3045 4614 3181 4670 hinc
3214 4614 3347 4669 inde
3378 4629 3443 4667 ex
3474 4611 3729 4670 urbibus
3766 4620 3836 4672 et

412 4780 677 4863 cqposin
708 4783 928 4863 synodo
972 4784 1254 4863 Toletana
1308 4785 1675 4863 constitutos,
1729 4790 1826 4845 ubi
1885 4795 2060 4863 negat

414 4850 1269 4934 ad'ecclesiasticumordinem
1321 4858 1520 4934 venire
1579 4850 1749 4934 posse
1805 4878 1903 4934 eos
1960 4850 2060 4934 qui

409 4931 528 4993 post
559 4923 890 4994 baptismum
922 4930 1000 4981 vet
1029 4933 1271 4983 coronati
1299 4931 1530 4993 fuerint,
1560 4923 1644 4985 uel
1697 4923 2058 4988 sacerdotium

414 4994 554 5065 quod
583 4996 786 5073 dicitur
825 5001 1207 5073 sustinuerint.
1259 5000 1327 5053 Et
1378 5000 1594 5055 clarius
1651 5004 1803 5073 apud
1858 5004 2059 5059 Firmi-

415 5080 546 5119 cum
582 5066 719 5123 Mat.
775 5085 788 5123 :
826 5092 853 5119 ‹‹
886 5071 1069 5125 Erunt
1099 5076 1315 5137 autem,
1351 5076 1451 5125 aut
1482 5066 1761 5137 coronati,
1805 5079 1906 5129 aut
1953 5076 2054 5131 Sa-

415 5138 748 5214 cerdotibus
780 5142 1071 5211 przepositi
1127 5148 1228 5196 aut
1275 5159 1575 5197 sacrorum
1631 5145 1811 5214 bajuli
1872 5146 2055 5202 simu-

411 5205 722 5265 lacrorum.
762 5205 787 5259 »ἱ

485 5280 500 5314 ¹
535 5280 664 5356 Dun
698 5283 878 5338 Vatic.
913 5285 1159 5356 codices,
1195 5286 1254 5338 in
1286 5285 1459 5351 vinea,
1493 5288 1651 5355 quasi
1704 5290 1839 5344 vitta
1895 5294 2052 5356 esset,

412 5351 569 5432 abeo
598 5354 895 5432 dispositis,
927 5355 1074 5410 alter
1111 5355 1410 5432 vestutior,
1470 5351 1585 5432 7am
1640 5360 1837 5432 vim-ge,
1896 5351 2057 5432 quasi

412 5424 549 5478 villa
605 5434 741 5480 esset
793 5426 863 5480 ab
919 5442 1000 5491 eo,
1058 5436 1158 5481 etc.
1210 5427 1446 5497 gravius
1514 5429 1571 5482 in
1632 5430 1761 5485 aliis
1826 5424 2056 5488 invenit

410 5498 572 5569 quasi
595 5499 753 5550 vinea
783 5498 967 5551 aliena
996 5506 1147 5563 esset,
1184 5505 1238 5550 et
1267 5501 1434 5569 quasi
1462 5500 1611 5556 tiliae
1668 5514 1839 5557 custos
1896 5510 2048 5561 esset.

446 5567 504 5623 ,³
542 5570 702 5633 Mss.,
760 5569 985 5621 Isicium
1042 5567 1425 5635 constantem,
1486 5571 1839 5631 Sozomenus
1890 5579 2052 5635 Hesu-

410 5638 592 5714 cltam,
627 5644 833 5714 vocat,
868 5639 1024 5714 quod
1054 5656 1122 5695 ex
1143 5640 1417 5714 Syrorum
1452 5646 1922 5714 pronuntiatione
1975 5638 2053 5706 fa-

413 5708 509 5782 cit,
539 5708 641 5784 qui
673 5709 732 5771 in
764 5726 854 5768 am
875 5706 1072 5770 Graeca
1102 5706 1341 5776 nofnina
1362 5706 1801 5791 detorquebant.

2237 4788 2259 4823 ³
2289 4786 2441 4842 Editi
2473 4788 2795 4861 Aristeneta,
2822 4788 2976 4860 quod
3006 4804 3187 4861 supra
3216 4788 3485 4842 notatum
3516 4787 3624 4840 est.
3680 4782 3834 4843 Mox

2167 4861 2281 4915 duo
2315 4876 2457 4915 mss.
2485 4860 2675 4914 habitu
2707 4876 2810 4931 pro
2838 4861 3070 4915 ambitu.

2236 4933 2257 4965 ⁴
2284 4930 2445 5013 lianc
2475 4931 2545 4985 de
2572 4924 2760 5013 Magni
2783 4933 3015 5013 Antonii
3036 4935 3219 4985 morte
3251 4927 3531 5013 visionem
3558 4942 3692 5013 cum
3713 4924 3829 5013 his

2166 5003 2382 5069 confer,
2408 5020 2534 5074 quae
2555 4998 3043 5075 subinsequentis
3066 5001 3294 5056 numeri
3318 5001 3493 5075 tinem
3516 4998 3825 5075 edisserit.

2236 5076 2255 5109 ⁵
2287 5070 2665 5129 Μεε.ὀωηθε
2699 5070 2941 5135 addunt.
2973 5084 3022 5129 et
3050 5076 3335 5143 portenta;
3360 5070 3598 5143 _deinde
3654 5086 3830 5143 unus

2164 5147 2579 5209 humanitatem,
2615 5163 2715 5216 pro
2749 5140 3137 5209 humilitatem,
3162 5150 3218 5199 ct
3243 5140 3415 5214 paulo
3448 5146 3578 5213 post
3630 5141 3832 5200 celare

2164 5217 2339 5273 habet
2371 5235 2471 5289 pro
2501 5219 2731 5273 calcare.

2233 5287 2473 5345 6Nostri
2520 5290 2686 5344 codd.
2748 5306 2878 5345 cum
2934 5287 3213 5355 Victorio,
3273 5289 3545 5343 Matrona?
3599 5298 3830 5356 quoque

2165 5362 2626 5427 Christianorum,
2660 5365 2768 5415 etc.

2235 5466 2301 5475 —
2356 5425 2750 5497 Matronarum,
2807 5438 2915 5487 etc.
2967 5431 3212 5504 Codices
3262 5425 3528 5504 nonnulli
3585 5425 3826 5504 legunt,

2162 5506 2533 5579 Matroiiarum
2576 5520 2791 5579 quoque
2838 5512 2889 5579 et
2949 5502 3408 5579 Chi-istiaiiorum,
3441 5502 3575 5579 _etc.
3633 5501 3830 5555 Gran-

2163 5578 2254 5637 dis
2274 5576 2451 5647 igitur
2472 5580 2559 5630 est
2584 5570 2832 5631 tentatio
2864 5575 2921 5628 in
2948 5574 3233 5647 matronis
3263 5570 3630 5647 Christianis,
3657 5586 3827 5647 quas

2162 5640 2465 5720 propterea
2489 5663 2688 5720 cavere
2720 5647 2932 5702 debent
2962 5644 3232 5701 monachi
3258 5647 3433 5717 atque
3478 5640 3694 5711 clerici,
3760 5646 3826 5706 si

2162 5718 2289 5777 sibi
2304 5718 2560 5798 sapiunt.
2592 5718 2880 5779 Maurus.
