  <div class='ocr_page' id='page_1' title='image "/cluster/home/n/w/nwhite01/storage/ocr_20150623/23/umn.31951d034773078/032.png"; bbox 0 0 3970 6420; ppageno 0'>
   <div class='ocr_carea' id='block_1_1' title="bbox 162 360 231 427">
    <p class='ocr_par' dir='ltr' id='par_1_1' title="bbox 162 360 231 427">
     <span class='ocr_line' id='line_1_1' title="bbox 162 360 231 427; baseline 0 -2"><span class='ocrx_word' id='word_1_1' title='bbox 162 360 231 427; x_wconf 71' lang='grc' dir='ltr'>ιθ</span> 
     </span>
    </p>
   </div>
   <div class='ocr_carea' id='block_1_2' title="bbox 1238 352 2481 428">
    <p class='ocr_par' dir='ltr' id='par_1_2' title="bbox 1238 352 2481 428">
     <span class='ocr_line' id='line_1_2' title="bbox 1238 352 2481 428; baseline -0.005 -1"><span class='ocrx_word' id='word_1_2' title='bbox 1238 356 1423 427; x_wconf 83' lang='lat' dir='ltr'>Vl&#39;l‘A</span> <span class='ocrx_word' id='word_1_3' title='bbox 1467 360 1533 428; x_wconf 87' lang='lat'>8.</span> <span class='ocrx_word' id='word_1_4' title='bbox 1582 354 2037 426; x_wconf 80' lang='lat' dir='ltr'>HILARIONIS</span> <span class='ocrx_word' id='word_1_5' title='bbox 2082 352 2481 424; x_wconf 74' lang='lat' dir='ltr'>EREMlT/E.</span> 
     </span>
    </p>
   </div>
   <div class='ocr_carea' id='block_1_3' title="bbox 3466 362 3547 425">
    <p class='ocr_par' dir='ltr' id='par_1_3' title="bbox 3466 362 3547 425">
     <span class='ocr_line' id='line_1_3' title="bbox 3466 362 3547 425; baseline 0 0"><span class='ocrx_word' id='word_1_6' title='bbox 3466 362 3547 425; x_wconf 69' lang='grc'>46</span> 
     </span>
    </p>
   </div>
   <div class='ocr_carea' id='block_1_4' title="bbox 164 490 3544 569">
    <p class='ocr_par' dir='ltr' id='par_1_4' title="bbox 164 490 3544 569">
     <span class='ocr_line' id='line_1_4' title="bbox 164 490 3544 569; baseline 0 -18"><span class='ocrx_word' id='word_1_7' title='bbox 164 494 299 569; x_wconf 87' lang='lat' dir='ltr'>agris</span> <span class='ocrx_word' id='word_1_8' title='bbox 324 492 538 567; x_wconf 89' lang='lat' dir='ltr'>vulgus</span> <span class='ocrx_word' id='word_1_9' title='bbox 571 493 827 567; x_wconf 81' lang='lat' dir='ltr'>ignobile</span> <span class='ocrx_word' id='word_1_10' title='bbox 859 511 872 549; x_wconf 88' lang='lat'><strong>:</strong></span> <span class='ocrx_word' id='word_1_11' title='bbox 906 496 1009 551; x_wconf 86' lang='lat' dir='ltr'>sed</span> <span class='ocrx_word' id='word_1_12' title='bbox 1040 500 1097 552; x_wconf 91' lang='lat' dir='ltr'>et</span> <span class='ocrx_word' id='word_1_13' title='bbox 1144 499 1410 568; x_wconf 89' lang='lat' dir='ltr'>potentes</span> <span class='ocrx_word' id='word_1_14' title='bbox 1438 495 1567 566; x_wconf 91' lang='lat' dir='ltr'>viri,</span> <span class='ocrx_word' id='word_1_15' title='bbox 1599 500 1659 552; x_wconf 90' lang='lat' dir='ltr'>et</span> <span class='ocrx_word' id='word_1_16' title='bbox 1686 495 1785 566; x_wconf 85' lang='lat' dir='ltr'>ju-</span> <span class='ocrx_word' id='word_1_17' title='bbox 1812 496 1869 563; x_wconf 80' lang='grc' dir='ltr'><strong>Α</strong></span> <span class='ocrx_word' id='word_1_18' title='bbox 1901 511 2038 550; x_wconf 84' lang='lat' dir='ltr'>sane</span> <span class='ocrx_word' id='word_1_19' title='bbox 2071 492 2193 566; x_wconf 87' lang='lat' dir='ltr'>(qui</span> <span class='ocrx_word' id='word_1_20' title='bbox 2224 494 2431 550; x_wconf 83' lang='lat' dir='ltr'>locatis</span> <span class='ocrx_word' id='word_1_21' title='bbox 2461 491 2843 550; x_wconf 90' lang='lat' dir='ltr'>dromadibus</span> <span class='ocrx_word' id='word_1_22' title='bbox 2892 490 3152 561; x_wconf 84' lang='lat' dir='ltr'>camelis,</span> <span class='ocrx_word' id='word_1_23' title='bbox 3184 494 3256 550; x_wconf 92' lang='lat' dir='ltr'>ob</span> <span class='ocrx_word' id='word_1_24' title='bbox 3288 510 3451 566; x_wconf 84' lang='lat' dir='ltr'>aqua</span> <span class='ocrx_word' id='word_1_25' title='bbox 3482 496 3544 553; x_wconf 91' lang='lat' dir='ltr'>in</span> 
     </span>
    </p>
   </div>
   <div class='ocr_carea' id='block_1_5' title="bbox 162 582 1785 657">
    <p class='ocr_par' dir='ltr' id='par_1_5' title="bbox 162 582 1785 657">
     <span class='ocr_line' id='line_1_5' title="bbox 162 582 1785 657; baseline -0.001 -16"><span class='ocrx_word' id='word_1_26' title='bbox 162 586 318 651; x_wconf 83' lang='lat' dir='ltr'>dices,</span> <span class='ocrx_word' id='word_1_27' title='bbox 366 586 430 639; x_wconf 91' lang='lat' dir='ltr'>ut</span> <span class='ocrx_word' id='word_1_28' title='bbox 476 582 850 640; x_wconf 81' lang='lat' dir='ltr'>benedictum</span> <span class='ocrx_word' id='word_1_29' title='bbox 898 583 975 640; x_wconf 89' lang='lat' dir='ltr'>ab</span> <span class='ocrx_word' id='word_1_30' title='bbox 1022 601 1089 641; x_wconf 89' lang='lat' dir='ltr'>eo</span> <span class='ocrx_word' id='word_1_31' title='bbox 1132 586 1403 657; x_wconf 70' lang='lat' dir='ltr'>panem‘,</span> <span class='ocrx_word' id='word_1_32' title='bbox 1446 584 1536 641; x_wconf 90' lang='lat' dir='ltr'>vel</span> <span class='ocrx_word' id='word_1_33' title='bbox 1593 584 1785 641; x_wconf 92' lang='lat' dir='ltr'>oleum</span> 
     </span>
    </p>
   </div>
   <div class='ocr_carea' id='block_1_6' title="bbox 160 671 1786 746">
    <p class='ocr_par' dir='ltr' id='par_1_6' title="bbox 160 671 1786 746">
     <span class='ocr_line' id='line_1_6' title="bbox 160 671 1786 746; baseline -0.001 -15"><span class='ocrx_word' id='word_1_34' title='bbox 160 674 479 746; x_wconf 84' lang='lat' dir='ltr'>acciperent.</span> <span class='ocrx_word' id='word_1_35' title='bbox 512 674 587 728; x_wconf 89' lang='lat' dir='ltr'>At</span> <span class='ocrx_word' id='word_1_36' title='bbox 615 671 716 728; x_wconf 90' lang='lat' dir='ltr'>ille</span> <span class='ocrx_word' id='word_1_37' title='bbox 747 673 896 730; x_wconf 83' lang='lat' dir='ltr'>nihil</span> <span class='ocrx_word' id='word_1_38' title='bbox 918 673 1078 729; x_wconf 83' lang='lat' dir='ltr'>aliud</span> <span class='ocrx_word' id='word_1_39' title='bbox 1109 673 1224 730; x_wconf 83' lang='lat' dir='ltr'>nisi</span> <span class='ocrx_word' id='word_1_40' title='bbox 1254 672 1631 730; x_wconf 84' lang='lat' dir='ltr'>solitudinem</span> <span class='ocrx_word' id='word_1_41' title='bbox 1659 690 1786 729; x_wconf 76' lang='lat' dir='ltr'>me-</span> 
     </span>
    </p>
   </div>
   <div class='ocr_carea' id='block_1_7' title="bbox 159 756 1784 835">
    <p class='ocr_par' dir='ltr' id='par_1_7' title="bbox 159 756 1784 835">
     <span class='ocr_line' id='line_1_7' title="bbox 159 756 1784 835; baseline -0.001 -16"><span class='ocrx_word' id='word_1_42' title='bbox 159 762 450 829; x_wconf 88' lang='lat' dir='ltr'>ditabatur,</span> <span class='ocrx_word' id='word_1_43' title='bbox 481 761 801 830; x_wconf 84' lang='lat' dir='ltr'>intentum,</span> <span class='ocrx_word' id='word_1_44' title='bbox 834 766 900 818; x_wconf 90' lang='lat' dir='ltr'>ut</span> <span class='ocrx_word' id='word_1_45' title='bbox 928 762 1184 834; x_wconf 87' lang='lat' dir='ltr'>quadam</span> <span class='ocrx_word' id='word_1_46' title='bbox 1206 756 1308 817; x_wconf 89' lang='lat' dir='ltr'>die</span> <span class='ocrx_word' id='word_1_47' title='bbox 1345 762 1634 835; x_wconf 85' lang='lat' dir='ltr'>proficisci</span> <span class='ocrx_word' id='word_1_48' title='bbox 1667 765 1784 818; x_wconf 90' lang='lat' dir='ltr'>sta-</span> 
     </span>
    </p>
   </div>
   <div class='ocr_carea' id='block_1_8' title="bbox 158 849 1786 923">
    <p class='ocr_par' dir='ltr' id='par_1_8' title="bbox 158 849 1786 923">
     <span class='ocr_line' id='line_1_8' title="bbox 158 849 1786 923; baseline 0 -16"><span class='ocrx_word' id='word_1_49' title='bbox 158 851 367 907; x_wconf 88' lang='lat' dir='ltr'>tuerit:</span> <span class='ocrx_word' id='word_1_50' title='bbox 418 853 477 906; x_wconf 89' lang='lat' dir='ltr'>et</span> <span class='ocrx_word' id='word_1_51' title='bbox 518 849 774 907; x_wconf 89' lang='lat' dir='ltr'>adducto</span> <span class='ocrx_word' id='word_1_52' title='bbox 820 849 1002 907; x_wconf 85' lang='lat' dir='ltr'>aselle</span> <span class='ocrx_word' id='word_1_53' title='bbox 1059 850 1261 922; x_wconf 89' lang='lat' dir='ltr'>(nimis</span> <span class='ocrx_word' id='word_1_54' title='bbox 1311 851 1529 923; x_wconf 87' lang='lat' dir='ltr'>quippe</span> <span class='ocrx_word' id='word_1_55' title='bbox 1577 867 1786 907; x_wconf 84' lang='lat' dir='ltr'>exesus</span> 
     </span>
    </p>
   </div>
   <div class='ocr_carea' id='block_1_9' title="bbox 151 937 1841 1012">
    <p class='ocr_par' dir='ltr' id='par_1_9' title="bbox 151 937 1841 1012">
     <span class='ocr_line' id='line_1_9' title="bbox 151 937 1841 1012; baseline 0 -17"><span class='ocrx_word' id='word_1_56' title='bbox 151 937 399 1010; x_wconf 88' lang='lat' dir='ltr'>jejuniis,</span> <span class='ocrx_word' id='word_1_57' title='bbox 445 937 538 993; x_wconf 83' lang='lat' dir='ltr'>vix</span> <span class='ocrx_word' id='word_1_58' title='bbox 584 937 814 1012; x_wconf 82' lang='lat' dir='ltr'>ingredi</span> <span class='ocrx_word' id='word_1_59' title='bbox 860 939 1108 1011; x_wconf 82' lang='lat' dir='ltr'>poterat)</span> <span class='ocrx_word' id='word_1_60' title='bbox 1146 939 1257 995; x_wconf 86' lang='lat' dir='ltr'>iter</span> <span class='ocrx_word' id='word_1_61' title='bbox 1301 939 1560 1012; x_wconf 90' lang='lat' dir='ltr'>arripere</span> <span class='ocrx_word' id='word_1_62' title='bbox 1613 956 1785 995; x_wconf 87' lang='lat' dir='ltr'>cona-</span> <span class='ocrx_word' id='word_1_63' title='bbox 1836 984 1841 989; x_wconf 93' lang='lat'>.</span> 
     </span>
    </p>
   </div>
   <div class='ocr_carea' id='block_1_10' title="bbox 158 1026 1783 1100">
    <p class='ocr_par' dir='ltr' id='par_1_10' title="bbox 158 1026 1783 1100">
     <span class='ocr_line' id='line_1_10' title="bbox 158 1026 1783 1100; baseline 0.001 -18"><span class='ocrx_word' id='word_1_64' title='bbox 158 1031 319 1083; x_wconf 87' lang='lat' dir='ltr'>retur.</span> <span class='ocrx_word' id='word_1_65' title='bbox 348 1027 450 1083; x_wconf 74' lang='lat'><strong>80</strong></span> <span class='ocrx_word' id='word_1_66' title='bbox 496 1026 659 1092; x_wconf 87' lang='lat' dir='ltr'>Quod</span> <span class='ocrx_word' id='word_1_67' title='bbox 707 1042 842 1083; x_wconf 92' lang='lat' dir='ltr'>cum</span> <span class='ocrx_word' id='word_1_68' title='bbox 885 1026 1337 1099; x_wconf 90' lang='lat' dir='ltr'>percrebuisset,</span> <span class='ocrx_word' id='word_1_69' title='bbox 1369 1032 1427 1083; x_wconf 90' lang='lat' dir='ltr'>et</span> <span class='ocrx_word' id='word_1_70' title='bbox 1470 1027 1642 1100; x_wconf 87' lang='lat' dir='ltr'>quasi</span> <span class='ocrx_word' id='word_1_71' title='bbox 1686 1045 1783 1083; x_wconf 89' lang='lat' dir='ltr'>va-</span> 
     </span>
    </p>
   </div>
   <div class='ocr_carea' id='block_1_11' title="bbox 157 1116 1786 1189">
    <p class='ocr_par' dir='ltr' id='par_1_11' title="bbox 157 1116 1786 1189">
     <span class='ocr_line' id='line_1_11' title="bbox 157 1116 1786 1189; baseline 0.001 -16"><span class='ocrx_word' id='word_1_72' title='bbox 157 1116 308 1174; x_wconf 86' lang='lat' dir='ltr'>stitas</span> <span class='ocrx_word' id='word_1_73' title='bbox 353 1117 374 1151; x_wconf 83' lang='grc'>²</span> <span class='ocrx_word' id='word_1_74' title='bbox 416 1120 474 1172; x_wconf 91' lang='lat' dir='ltr'>et</span> <span class='ocrx_word' id='word_1_75' title='bbox 512 1116 814 1187; x_wconf 90' lang='lat' dir='ltr'>justitium</span> <span class='ocrx_word' id='word_1_76' title='bbox 861 1116 1180 1173; x_wconf 85' lang='lat' dir='ltr'>Palastina</span> <span class='ocrx_word' id='word_1_77' title='bbox 1228 1116 1603 1184; x_wconf 86' lang='lat' dir='ltr'>indiceretur,</span> <span class='ocrx_word' id='word_1_78' title='bbox 1650 1116 1786 1189; x_wconf 88' lang='lat' dir='ltr'>plus</span> 
     </span>
    </p>
   </div>
   <div class='ocr_carea' id='block_1_12' title="bbox 157 1204 1789 1278">
    <p class='ocr_par' dir='ltr' id='par_1_12' title="bbox 157 1204 1789 1278">
     <span class='ocr_line' id='line_1_12' title="bbox 157 1204 1789 1278; baseline 0.001 -17"><span class='ocrx_word' id='word_1_79' title='bbox 157 1221 314 1278; x_wconf 89' lang='lat' dir='ltr'>quam</span> <span class='ocrx_word' id='word_1_80' title='bbox 360 1205 562 1262; x_wconf 88' lang='lat' dir='ltr'>decem</span> <span class='ocrx_word' id='word_1_81' title='bbox 610 1204 797 1262; x_wconf 89' lang='lat' dir='ltr'>millia</span> <span class='ocrx_word' id='word_1_82' title='bbox 840 1206 1148 1262; x_wconf 87' lang='lat' dir='ltr'>hominum</span> <span class='ocrx_word' id='word_1_83' title='bbox 1206 1206 1443 1263; x_wconf 87' lang='lat' dir='ltr'>diversa</span> <span class='ocrx_word' id='word_1_84' title='bbox 1491 1205 1678 1263; x_wconf 87' lang='lat' dir='ltr'>atatis</span> <span class='ocrx_word' id='word_1_85' title='bbox 1729 1210 1789 1262; x_wconf 92' lang='lat' dir='ltr'>et</span> 
     </span>
    </p>
   </div>
   <div class='ocr_carea' id='block_1_13' title="bbox 156 1295 1784 1369">
    <p class='ocr_par' dir='ltr' id='par_1_13' title="bbox 156 1295 1784 1369">
     <span class='ocr_line' id='line_1_13' title="bbox 156 1295 1784 1369; baseline 0 -18"><span class='ocrx_word' id='word_1_86' title='bbox 156 1311 308 1353; x_wconf 86' lang='lat' dir='ltr'>sexus</span> <span class='ocrx_word' id='word_1_87' title='bbox 350 1295 422 1350; x_wconf 93' lang='lat' dir='ltr'>ad</span> <span class='ocrx_word' id='word_1_88' title='bbox 468 1295 839 1351; x_wconf 91' lang='lat' dir='ltr'>retinendum</span> <span class='ocrx_word' id='word_1_89' title='bbox 888 1312 1023 1352; x_wconf 92' lang='lat' dir='ltr'>eum</span> <span class='ocrx_word' id='word_1_90' title='bbox 1074 1299 1424 1369; x_wconf 89' lang='lat' dir='ltr'>congregata</span> <span class='ocrx_word' id='word_1_91' title='bbox 1462 1300 1619 1352; x_wconf 89' lang='lat' dir='ltr'>sunt.</span> <span class='ocrx_word' id='word_1_92' title='bbox 1669 1297 1784 1351; x_wconf 92' lang='lat' dir='ltr'>Im-</span> 
     </span>
    </p>
   </div>
   <div class='ocr_carea' id='block_1_14' title="bbox 156 1383 1783 1456">
    <p class='ocr_par' dir='ltr' id='par_1_14' title="bbox 156 1383 1783 1456">
     <span class='ocr_line' id='line_1_14' title="bbox 156 1383 1783 1456; baseline 0.001 -15"><span class='ocrx_word' id='word_1_93' title='bbox 156 1383 367 1442; x_wconf 89' lang='lat' dir='ltr'>mobilis</span> <span class='ocrx_word' id='word_1_94' title='bbox 392 1383 492 1441; x_wconf 90' lang='lat' dir='ltr'>ille</span> <span class='ocrx_word' id='word_1_95' title='bbox 522 1384 594 1440; x_wconf 91' lang='lat' dir='ltr'>ad</span> <span class='ocrx_word' id='word_1_96' title='bbox 624 1399 844 1456; x_wconf 84' lang='lat' dir='ltr'>preces,</span> <span class='ocrx_word' id='word_1_97' title='bbox 877 1389 935 1440; x_wconf 90' lang='lat' dir='ltr'>et</span> <span class='ocrx_word' id='word_1_98' title='bbox 964 1383 1171 1441; x_wconf 92' lang='lat' dir='ltr'>baculo</span> <span class='ocrx_word' id='word_1_99' title='bbox 1202 1401 1409 1441; x_wconf 85' lang='lat' dir='ltr'>arenas</span> <span class='ocrx_word' id='word_1_100' title='bbox 1428 1385 1783 1455; x_wconf 83' lang='lat' dir='ltr'>discutiens,</span> 
     </span>
    </p>
   </div>
   <div class='ocr_carea' id='block_1_15' title="bbox 153 1471 1782 1546">
    <p class='ocr_par' dir='ltr' id='par_1_15' title="bbox 153 1471 1782 1546">
     <span class='ocr_line' id='line_1_15' title="bbox 153 1471 1782 1546; baseline 0.001 -19"><span class='ocrx_word' id='word_1_101' title='bbox 153 1471 817 1546; x_wconf 89' lang='lat' dir='ltr'>loquebatur:Fallacem</span> <span class='ocrx_word' id='word_1_102' title='bbox 836 1472 1151 1529; x_wconf 89' lang='lat' dir='ltr'>Dominum</span> <span class='ocrx_word' id='word_1_103' title='bbox 1175 1489 1372 1528; x_wconf 89' lang='lat' dir='ltr'>meum</span> <span class='ocrx_word' id='word_1_104' title='bbox 1405 1490 1521 1529; x_wconf 91' lang='lat' dir='ltr'>non</span> <span class='ocrx_word' id='word_1_105' title='bbox 1543 1474 1782 1542; x_wconf 90' lang='lat' dir='ltr'>faciam;</span> 
     </span>
    </p>
   </div>
   <div class='ocr_carea' id='block_1_16' title="bbox 152 1560 1788 1635">
    <p class='ocr_par' dir='ltr' id='par_1_16' title="bbox 152 1560 1788 1635">
     <span class='ocr_line' id='line_1_16' title="bbox 152 1560 1788 1635; baseline 0.001 -18"><span class='ocrx_word' id='word_1_106' title='bbox 152 1578 254 1617; x_wconf 92' lang='lat' dir='ltr'>non</span> <span class='ocrx_word' id='word_1_107' title='bbox 297 1578 540 1635; x_wconf 91' lang='lat' dir='ltr'>possum</span> <span class='ocrx_word' id='word_1_108' title='bbox 587 1560 789 1618; x_wconf 91' lang='lat' dir='ltr'>videre</span> <span class='ocrx_word' id='word_1_109' title='bbox 848 1562 1160 1619; x_wconf 86' lang='lat' dir='ltr'>subversas</span> <span class='ocrx_word' id='word_1_110' title='bbox 1226 1561 1522 1629; x_wconf 84' lang='lat' dir='ltr'>ecclesias,</span> <span class='ocrx_word' id='word_1_111' title='bbox 1565 1562 1788 1619; x_wconf 89' lang='lat' dir='ltr'>calcata</span> 
     </span>
    </p>
   </div>
   <div class='ocr_carea' id='block_1_17' title="bbox 151 1649 1785 1724">
    <p class='ocr_par' dir='ltr' id='par_1_17' title="bbox 151 1649 1785 1724">
     <span class='ocr_line' id='line_1_17' title="bbox 151 1649 1785 1724; baseline 0 -17"><span class='ocrx_word' id='word_1_112' title='bbox 151 1649 344 1708; x_wconf 87' lang='lat' dir='ltr'>Christi</span> <span class='ocrx_word' id='word_1_113' title='bbox 373 1650 601 1719; x_wconf 80' lang='lat' dir='ltr'>altaria,</span> <span class='ocrx_word' id='word_1_114' title='bbox 634 1650 890 1706; x_wconf 80' lang='lat' dir='ltr'>filiorum</span> <span class='ocrx_word' id='word_1_115' title='bbox 922 1667 1189 1707; x_wconf 89' lang='lat' dir='ltr'>meorum</span> <span class='ocrx_word' id='word_1_116' title='bbox 1237 1651 1612 1724; x_wconf 88' lang='lat' dir='ltr'>sanguinem.</span> <span class='ocrx_word' id='word_1_117' title='bbox 1647 1652 1785 1708; x_wconf 85' lang='lat' dir='ltr'>Uni-</span> 
     </span>
    </p>
   </div>
   <div class='ocr_carea' id='block_1_18' title="bbox 149 1738 1783 1813">
    <p class='ocr_par' dir='ltr' id='par_1_18' title="bbox 149 1738 1783 1813">
     <span class='ocr_line' id='line_1_18' title="bbox 149 1738 1783 1813; baseline 0.003 -20"><span class='ocrx_word' id='word_1_118' title='bbox 149 1739 284 1796; x_wconf 86' lang='lat' dir='ltr'>versi</span> <span class='ocrx_word' id='word_1_119' title='bbox 328 1744 525 1796; x_wconf 90' lang='lat' dir='ltr'>autem</span> <span class='ocrx_word' id='word_1_120' title='bbox 563 1738 667 1812; x_wconf 88' lang='lat' dir='ltr'>qui</span> <span class='ocrx_word' id='word_1_121' title='bbox 716 1739 978 1807; x_wconf 87' lang='lat' dir='ltr'>aderant,</span> <span class='ocrx_word' id='word_1_122' title='bbox 1021 1738 1427 1813; x_wconf 89' lang='lat' dir='ltr'>intelligebant</span> <span class='ocrx_word' id='word_1_123' title='bbox 1464 1741 1783 1798; x_wconf 89' lang='lat' dir='ltr'>revelatum</span> 
     </span>
    </p>
   </div>
   <div class='ocr_carea' id='block_1_19' title="bbox 150 1827 1787 1901">
    <p class='ocr_par' dir='ltr' id='par_1_19' title="bbox 150 1827 1787 1901">
     <span class='ocr_line' id='line_1_19' title="bbox 150 1827 1787 1901; baseline 0.002 -17"><span class='ocrx_word' id='word_1_124' title='bbox 150 1827 195 1884; x_wconf 90' lang='lat' dir='ltr'>ei</span> <span class='ocrx_word' id='word_1_125' title='bbox 228 1828 505 1901; x_wconf 88' lang='lat' dir='ltr'>quiddam</span> <span class='ocrx_word' id='word_1_126' title='bbox 553 1844 683 1885; x_wconf 88' lang='lat' dir='ltr'>esse</span> <span class='ocrx_word' id='word_1_127' title='bbox 713 1828 942 1893; x_wconf 87' lang='lat' dir='ltr'>secreti,</span> <span class='ocrx_word' id='word_1_128' title='bbox 975 1829 1131 1901; x_wconf 92' lang='lat' dir='ltr'>quod</span> <span class='ocrx_word' id='word_1_129' title='bbox 1164 1827 1345 1884; x_wconf 88' lang='lat' dir='ltr'>nollet</span> <span class='ocrx_word' id='word_1_130' title='bbox 1393 1829 1655 1886; x_wconf 82' lang='lat' dir='ltr'>confiteri</span> <span class='ocrx_word' id='word_1_131' title='bbox 1683 1848 1696 1899; x_wconf 92' lang='lat'>;</span> <span class='ocrx_word' id='word_1_132' title='bbox 1729 1834 1787 1887; x_wconf 93' lang='lat' dir='ltr'>et</span> 
     </span>
    </p>
   </div>
   <div class='ocr_carea' id='block_1_20' title="bbox 146 1916 1778 1990">
    <p class='ocr_par' dir='ltr' id='par_1_20' title="bbox 146 1916 1778 1990">
     <span class='ocr_line' id='line_1_20' title="bbox 146 1916 1778 1990; baseline 0.002 -18"><span class='ocrx_word' id='word_1_133' title='bbox 146 1916 517 1975; x_wconf 87' lang='lat' dir='ltr'>nihilominus</span> <span class='ocrx_word' id='word_1_134' title='bbox 546 1916 956 1975; x_wconf 86' lang='lat' dir='ltr'>custodiebant</span> <span class='ocrx_word' id='word_1_135' title='bbox 978 1934 1136 1989; x_wconf 90' lang='lat' dir='ltr'>eum,</span> <span class='ocrx_word' id='word_1_136' title='bbox 1170 1933 1242 1973; x_wconf 89' lang='lat' dir='ltr'>ne</span> <span class='ocrx_word' id='word_1_137' title='bbox 1290 1918 1778 1990; x_wconf 84' lang='lat' dir='ltr'>proficisceretur.</span> 
     </span>
    </p>
   </div>
   <div class='ocr_carea' id='block_1_21' title="bbox 147 2004 1780 2079">
    <p class='ocr_par' dir='ltr' id='par_1_21' title="bbox 147 2004 1780 2079">
     <span class='ocr_line' id='line_1_21' title="bbox 147 2004 1780 2079; baseline 0.002 -19"><span class='ocrx_word' id='word_1_138' title='bbox 147 2004 391 2063; x_wconf 82' lang='lat' dir='ltr'>Decrevit</span> <span class='ocrx_word' id='word_1_139' title='bbox 418 2023 578 2079; x_wconf 87' lang='lat' dir='ltr'>ergo,</span> <span class='ocrx_word' id='word_1_140' title='bbox 613 2004 850 2079; x_wconf 89' lang='lat' dir='ltr'>publica</span> <span class='ocrx_word' id='word_1_141' title='bbox 876 2023 1081 2063; x_wconf 90' lang='lat' dir='ltr'>omnes</span> <span class='ocrx_word' id='word_1_142' title='bbox 1099 2023 1237 2063; x_wconf 91' lang='lat' dir='ltr'>voce</span> <span class='ocrx_word' id='word_1_143' title='bbox 1267 2010 1625 2075; x_wconf 87' lang='lat' dir='ltr'>contestans,</span> <span class='ocrx_word' id='word_1_144' title='bbox 1664 2025 1780 2065; x_wconf 91' lang='lat' dir='ltr'>non</span> 
     </span>
    </p>
   </div>
   <div class='ocr_carea' id='block_1_22' title="bbox 145 2094 1782 2168">
    <p class='ocr_par' dir='ltr' id='par_1_22' title="bbox 145 2094 1782 2168">
     <span class='ocr_line' id='line_1_22' title="bbox 145 2094 1782 2168; baseline 0.002 -19"><span class='ocrx_word' id='word_1_145' title='bbox 145 2094 247 2150; x_wconf 86' lang='lat' dir='ltr'>cibi</span> <span class='ocrx_word' id='word_1_146' title='bbox 275 2111 354 2163; x_wconf 90' lang='lat' dir='ltr'>se,</span> <span class='ocrx_word' id='word_1_147' title='bbox 383 2112 505 2152; x_wconf 91' lang='lat' dir='ltr'>non</span> <span class='ocrx_word' id='word_1_148' title='bbox 536 2099 709 2168; x_wconf 91' lang='lat' dir='ltr'>potus</span> <span class='ocrx_word' id='word_1_149' title='bbox 764 2095 1089 2168; x_wconf 90' lang='lat' dir='ltr'>quidquam</span> <span class='ocrx_word' id='word_1_150' title='bbox 1132 2112 1365 2152; x_wconf 88' lang='lat' dir='ltr'>sumere</span> <span class='ocrx_word' id='word_1_151' title='bbox 1414 2096 1527 2152; x_wconf 89' lang='lat' dir='ltr'>nisi</span> <span class='ocrx_word' id='word_1_152' title='bbox 1576 2097 1782 2153; x_wconf 88' lang='lat' dir='ltr'>dimit-</span> 
     </span>
    </p>
   </div>
   <div class='ocr_carea' id='block_1_23' title="bbox 145 2184 1781 2257">
    <p class='ocr_par' dir='ltr' id='par_1_23' title="bbox 145 2184 1781 2257">
     <span class='ocr_line' id='line_1_23' title="bbox 145 2184 1781 2257; baseline 0.002 -19"><span class='ocrx_word' id='word_1_153' title='bbox 145 2186 365 2241; x_wconf 88' lang='lat' dir='ltr'>teretur.</span> <span class='ocrx_word' id='word_1_154' title='bbox 396 2184 471 2240; x_wconf 88' lang='lat' dir='ltr'>Et</span> <span class='ocrx_word' id='word_1_155' title='bbox 500 2187 634 2257; x_wconf 90' lang='lat' dir='ltr'>post</span> <span class='ocrx_word' id='word_1_156' title='bbox 676 2189 900 2256; x_wconf 84' lang='lat' dir='ltr'>septem</span> <span class='ocrx_word' id='word_1_157' title='bbox 923 2184 1069 2252; x_wconf 89' lang='lat' dir='ltr'>dies,</span> <span class='ocrx_word' id='word_1_158' title='bbox 1098 2185 1305 2241; x_wconf 85' lang='lat' dir='ltr'>inedia</span> <span class='ocrx_word' id='word_1_159' title='bbox 1344 2185 1583 2242; x_wconf 87' lang='lat' dir='ltr'>tandem</span> <span class='ocrx_word' id='word_1_160' title='bbox 1634 2186 1781 2243; x_wconf 91' lang='lat' dir='ltr'>rela-</span> 
     </span>
    </p>
   </div>
   <div class='ocr_carea' id='block_1_24' title="bbox 145 2271 1781 2348">
    <p class='ocr_par' dir='ltr' id='par_1_24' title="bbox 145 2271 1781 2348">
     <span class='ocr_line' id='line_1_24' title="bbox 145 2271 1781 2348; baseline 0.001 -20"><span class='ocrx_word' id='word_1_161' title='bbox 145 2276 317 2343; x_wconf 75' lang='lat' dir='ltr'>xatus,</span> <span class='ocrx_word' id='word_1_162' title='bbox 346 2290 412 2330; x_wconf 91' lang='lat' dir='ltr'>ac</span> <span class='ocrx_word' id='word_1_163' title='bbox 440 2272 775 2330; x_wconf 88' lang='lat' dir='ltr'>valedicens</span> <span class='ocrx_word' id='word_1_164' title='bbox 817 2271 1113 2345; x_wconf 88' lang='lat' dir='ltr'>plurimis,</span> <span class='ocrx_word' id='word_1_165' title='bbox 1146 2290 1280 2330; x_wconf 91' lang='lat' dir='ltr'>cum</span> <span class='ocrx_word' id='word_1_166' title='bbox 1329 2273 1557 2330; x_wconf 82' lang='lat' dir='ltr'>infinite</span> <span class='ocrx_word' id='word_1_167' title='bbox 1596 2275 1781 2348; x_wconf 88' lang='lat' dir='ltr'>agmi-</span> 
     </span>
    </p>
   </div>
   <div class='ocr_carea' id='block_1_25' title="bbox 145 2361 1784 2435">
    <p class='ocr_par' dir='ltr' id='par_1_25' title="bbox 145 2361 1784 2435">
     <span class='ocr_line' id='line_1_25' title="bbox 145 2361 1784 2435; baseline 0.002 -19"><span class='ocrx_word' id='word_1_168' title='bbox 145 2375 209 2417; x_wconf 93' lang='lat' dir='ltr'>ne</span> <span class='ocrx_word' id='word_1_169' title='bbox 229 2362 707 2435; x_wconf 88' lang='lat' dir='ltr'>prosequentium</span> <span class='ocrx_word' id='word_1_170' title='bbox 754 2361 914 2418; x_wconf 87' lang='lat' dir='ltr'>venit</span> <span class='ocrx_word' id='word_1_171' title='bbox 951 2361 1223 2418; x_wconf 91' lang='lat' dir='ltr'>Betilium</span> <span class='ocrx_word' id='word_1_172' title='bbox 1251 2364 1293 2429; x_wconf 78' lang='grc'>⁸,</span> <span class='ocrx_word' id='word_1_173' title='bbox 1329 2362 1427 2418; x_wconf 92' lang='lat' dir='ltr'>ubi</span> <span class='ocrx_word' id='word_1_174' title='bbox 1486 2363 1784 2435; x_wconf 89' lang='lat' dir='ltr'>persuasis</span> 
     </span>
    </p>
   </div>
   <div class='ocr_carea' id='block_1_26' title="bbox 145 2450 1782 2525">
    <p class='ocr_par' dir='ltr' id='par_1_26' title="bbox 145 2450 1782 2525">
     <span class='ocr_line' id='line_1_26' title="bbox 145 2450 1782 2525; baseline 0.002 -20"><span class='ocrx_word' id='word_1_175' title='bbox 145 2452 319 2508; x_wconf 80' lang='lat' dir='ltr'>turbis</span> <span class='ocrx_word' id='word_1_176' title='bbox 354 2455 422 2508; x_wconf 89' lang='lat' dir='ltr'>ut</span> <span class='ocrx_word' id='word_1_177' title='bbox 446 2455 900 2516; x_wconf 87' lang='lat' dir='ltr'>reverterentur,</span> <span class='ocrx_word' id='word_1_178' title='bbox 928 2450 1103 2524; x_wconf 83' lang='lat' dir='ltr'>elegit</span> <span class='ocrx_word' id='word_1_179' title='bbox 1131 2452 1521 2525; x_wconf 87' lang='lat' dir='ltr'>quadraginta</span> <span class='ocrx_word' id='word_1_180' title='bbox 1579 2469 1782 2509; x_wconf 89' lang='lat' dir='ltr'>mona-</span> 
     </span>
    </p>
   </div>
   <div class='ocr_carea' id='block_1_27' title="bbox 147 2538 1781 2613">
    <p class='ocr_par' dir='ltr' id='par_1_27' title="bbox 147 2538 1781 2613">
     <span class='ocr_line' id='line_1_27' title="bbox 147 2538 1781 2613; baseline 0.002 -19"><span class='ocrx_word' id='word_1_181' title='bbox 147 2538 292 2607; x_wconf 88' lang='lat' dir='ltr'>chos,</span> <span class='ocrx_word' id='word_1_182' title='bbox 324 2540 426 2613; x_wconf 91' lang='lat' dir='ltr'>qui</span> <span class='ocrx_word' id='word_1_183' title='bbox 454 2540 745 2597; x_wconf 87' lang='lat' dir='ltr'>haberent</span> <span class='ocrx_word' id='word_1_184' title='bbox 787 2540 1086 2608; x_wconf 89' lang='lat' dir='ltr'>viaticum,</span> <span class='ocrx_word' id='word_1_185' title='bbox 1120 2545 1178 2596; x_wconf 93' lang='lat' dir='ltr'>et</span> <span class='ocrx_word' id='word_1_186' title='bbox 1223 2545 1465 2612; x_wconf 87' lang='lat' dir='ltr'>possent</span> <span class='ocrx_word' id='word_1_187' title='bbox 1504 2541 1781 2613; x_wconf 78' lang='lat' dir='ltr'>jejunae-</span> 
     </span>
    </p>
   </div>
   <div class='ocr_carea' id='block_1_28' title="bbox 149 2627 1782 2703">
    <p class='ocr_par' dir='ltr' id='par_1_28' title="bbox 149 2627 1782 2703">
     <span class='ocr_line' id='line_1_28' title="bbox 149 2627 1782 2703; baseline 0.002 -19"><span class='ocrx_word' id='word_1_188' title='bbox 149 2631 226 2684; x_wconf 86' lang='lat' dir='ltr'>tes</span> <span class='ocrx_word' id='word_1_189' title='bbox 264 2627 520 2703; x_wconf 89' lang='lat' dir='ltr'>ingredi,</span> <span class='ocrx_word' id='word_1_190' title='bbox 568 2629 627 2684; x_wconf 91' lang='lat' dir='ltr'>id</span> <span class='ocrx_word' id='word_1_191' title='bbox 678 2633 786 2697; x_wconf 89' lang='lat' dir='ltr'>est,</span> <span class='ocrx_word' id='word_1_192' title='bbox 817 2633 952 2701; x_wconf 89' lang='lat' dir='ltr'>post</span> <span class='ocrx_word' id='word_1_193' title='bbox 988 2628 1113 2685; x_wconf 91' lang='lat' dir='ltr'>suis</span> <span class='ocrx_word' id='word_1_194' title='bbox 1161 2646 1435 2686; x_wconf 87' lang='lat' dir='ltr'>occasum</span> <span class='ocrx_word' id='word_1_195' title='bbox 1462 2648 1475 2699; x_wconf 89' lang='lat'><strong>;</strong></span> <span class='ocrx_word' id='word_1_196' title='bbox 1507 2630 1782 2687; x_wconf 87' lang='lat' dir='ltr'>visitatis-</span> 
     </span>
    </p>
   </div>
   <div class='ocr_carea' id='block_1_29' title="bbox 147 2717 1783 2790">
    <p class='ocr_par' dir='ltr' id='par_1_29' title="bbox 147 2717 1783 2790">
     <span class='ocr_line' id='line_1_29' title="bbox 147 2717 1783 2790; baseline 0.002 -18"><span class='ocrx_word' id='word_1_197' title='bbox 147 2732 247 2789; x_wconf 89' lang='lat' dir='ltr'>que</span> <span class='ocrx_word' id='word_1_198' title='bbox 274 2718 579 2786; x_wconf 77' lang='lat' dir='ltr'>fratribus,</span> <span class='ocrx_word' id='word_1_199' title='bbox 613 2717 713 2790; x_wconf 90' lang='lat' dir='ltr'>qui</span> <span class='ocrx_word' id='word_1_200' title='bbox 742 2719 803 2773; x_wconf 92' lang='lat' dir='ltr'>in</span> <span class='ocrx_word' id='word_1_201' title='bbox 832 2718 1025 2774; x_wconf 89' lang='lat' dir='ltr'>vicina</span> <span class='ocrx_word' id='word_1_202' title='bbox 1053 2733 1248 2775; x_wconf 90' lang='lat' dir='ltr'>eremo</span> <span class='ocrx_word' id='word_1_203' title='bbox 1279 2722 1537 2788; x_wconf 86' lang='lat' dir='ltr'>erant,et</span> <span class='ocrx_word' id='word_1_204' title='bbox 1566 2719 1625 2775; x_wconf 91' lang='lat' dir='ltr'>in</span> <span class='ocrx_word' id='word_1_205' title='bbox 1656 2719 1783 2776; x_wconf 91' lang='lat' dir='ltr'>loco</span> 
     </span>
    </p>
   </div>
   <div class='ocr_carea' id='block_1_30' title="bbox 147 2805 1786 2881">
    <p class='ocr_par' dir='ltr' id='par_1_30' title="bbox 147 2805 1786 2881">
     <span class='ocr_line' id='line_1_30' title="bbox 147 2805 1786 2881; baseline 0.001 -19"><span class='ocrx_word' id='word_1_206' title='bbox 147 2805 236 2878; x_wconf 90' lang='lat' dir='ltr'>qui</span> <span class='ocrx_word' id='word_1_207' title='bbox 271 2806 488 2863; x_wconf 88' lang='lat' dir='ltr'>dicitur</span> <span class='ocrx_word' id='word_1_208' title='bbox 538 2805 803 2880; x_wconf 79' lang='lat' dir='ltr'>Lychnos</span> <span class='ocrx_word' id='word_1_209' title='bbox 837 2809 860 2842; x_wconf 78' lang='grc'><strong>⁴</strong></span> <span class='ocrx_word' id='word_1_210' title='bbox 904 2808 1306 2877; x_wconf 88' lang='lat' dir='ltr'>morabantur,</span> <span class='ocrx_word' id='word_1_211' title='bbox 1358 2809 1606 2881; x_wconf 86' lang='lat' dir='ltr'>perrexit</span> <span class='ocrx_word' id='word_1_212' title='bbox 1653 2813 1786 2881; x_wconf 89' lang='lat' dir='ltr'>post</span> 
     </span>
    </p>
   </div>
   <div class='ocr_carea' id='block_1_31' title="bbox 145 2894 1784 2962">
    <p class='ocr_par' dir='ltr' id='par_1_31' title="bbox 145 2894 1784 2962">
     <span class='ocr_line' id='line_1_31' title="bbox 145 2894 1784 2962; baseline 0.003 -12"><span class='ocrx_word' id='word_1_213' title='bbox 145 2894 390 2953; x_wconf 86' lang='lat' dir='ltr'>triduum</span> <span class='ocrx_word' id='word_1_214' title='bbox 421 2897 498 2953; x_wconf 89' lang='lat' dir='ltr'>ad</span> <span class='ocrx_word' id='word_1_215' title='bbox 533 2900 793 2952; x_wconf 88' lang='lat' dir='ltr'>castrum</span> <span class='ocrx_word' id='word_1_216' title='bbox 837 2896 1232 2962; x_wconf 90' lang='lat' dir='ltr'>Theubatum,</span> <span class='ocrx_word' id='word_1_217' title='bbox 1265 2902 1330 2954; x_wconf 90' lang='lat' dir='ltr'>ut</span> <span class='ocrx_word' id='word_1_218' title='bbox 1364 2898 1586 2955; x_wconf 89' lang='lat' dir='ltr'>videret</span> <span class='ocrx_word' id='word_1_219' title='bbox 1640 2899 1784 2955; x_wconf 87' lang='lat' dir='ltr'>Dra-</span> 
     </span>
    </p>
   </div>
   <div class='ocr_carea' id='block_1_32' title="bbox 149 2985 1785 3059">
    <p class='ocr_par' dir='ltr' id='par_1_32' title="bbox 149 2985 1785 3059">
     <span class='ocr_line' id='line_1_32' title="bbox 149 2985 1785 3059; baseline 0.002 -18"><span class='ocrx_word' id='word_1_220' title='bbox 149 2985 392 3042; x_wconf 88' lang='lat' dir='ltr'>centium</span> <span class='ocrx_word' id='word_1_221' title='bbox 422 2986 773 3059; x_wconf 87' lang='lat' dir='ltr'>episcopum</span> <span class='ocrx_word' id='word_1_222' title='bbox 804 2989 861 3041; x_wconf 91' lang='lat' dir='ltr'>et</span> <span class='ocrx_word' id='word_1_223' title='bbox 891 2987 1306 3056; x_wconf 83' lang='lat' dir='ltr'>confessorem,</span> <span class='ocrx_word' id='word_1_224' title='bbox 1335 2987 1437 3059; x_wconf 92' lang='lat' dir='ltr'>qui</span> <span class='ocrx_word' id='word_1_225' title='bbox 1484 2988 1568 3043; x_wconf 90' lang='lat' dir='ltr'>ibi</span> <span class='ocrx_word' id='word_1_226' title='bbox 1614 3005 1785 3045; x_wconf 87' lang='lat' dir='ltr'>exsu-</span> 
     </span>
    </p>
   </div>
   <div class='ocr_carea' id='block_1_33' title="bbox 151 3072 1782 3150">
    <p class='ocr_par' dir='ltr' id='par_1_33' title="bbox 151 3072 1782 3150">
     <span class='ocr_line' id='line_1_33' title="bbox 151 3072 1782 3150; baseline 0.004 -23"><span class='ocrx_word' id='word_1_227' title='bbox 151 3072 311 3131; x_wconf 86' lang='lat' dir='ltr'>labat.</span> <span class='ocrx_word' id='word_1_228' title='bbox 341 3074 467 3139; x_wconf 86' lang='lat' dir='ltr'>Quo</span> <span class='ocrx_word' id='word_1_229' title='bbox 510 3074 939 3131; x_wconf 89' lang='lat' dir='ltr'>incredibiliter</span> <span class='ocrx_word' id='word_1_230' title='bbox 976 3075 1272 3132; x_wconf 84' lang='lat' dir='ltr'>consolato</span> <span class='ocrx_word' id='word_1_231' title='bbox 1321 3075 1469 3133; x_wconf 87' lang='lat' dir='ltr'>tanti</span> <span class='ocrx_word' id='word_1_232' title='bbox 1499 3076 1606 3132; x_wconf 89' lang='lat' dir='ltr'>viri</span> <span class='ocrx_word' id='word_1_233' title='bbox 1638 3095 1782 3150; x_wconf 87' lang='lat' dir='ltr'>pra-</span> 
     </span>
    </p>
   </div>
   <div class='ocr_carea' id='block_1_34' title="bbox 148 3163 1783 3238">
    <p class='ocr_par' dir='ltr' id='par_1_34' title="bbox 148 3163 1783 3238">
     <span class='ocr_line' id='line_1_34' title="bbox 148 3163 1783 3238; baseline 0.002 -20"><span class='ocrx_word' id='word_1_234' title='bbox 148 3164 320 3220; x_wconf 86' lang='lat' dir='ltr'>sentia</span> <span class='ocrx_word' id='word_1_235' title='bbox 345 3168 482 3238; x_wconf 89' lang='lat' dir='ltr'>post</span> <span class='ocrx_word' id='word_1_236' title='bbox 512 3163 678 3220; x_wconf 90' lang='lat' dir='ltr'>aliud</span> <span class='ocrx_word' id='word_1_237' title='bbox 710 3163 974 3219; x_wconf 86' lang='lat' dir='ltr'>triduum</span> <span class='ocrx_word' id='word_1_238' title='bbox 1008 3164 1193 3220; x_wconf 91' lang='lat' dir='ltr'>multo</span> <span class='ocrx_word' id='word_1_239' title='bbox 1224 3163 1582 3237; x_wconf 86' lang='lat' dir='ltr'>Babylonem</span> <span class='ocrx_word' id='word_1_240' title='bbox 1621 3165 1783 3222; x_wconf 90' lang='lat' dir='ltr'>labo-</span> 
     </span>
    </p>
   </div>
   <div class='ocr_carea' id='block_1_35' title="bbox 1898 584 3543 655">
    <p class='ocr_par' dir='ltr' id='par_1_35' title="bbox 1898 584 3543 655">
     <span class='ocr_line' id='line_1_35' title="bbox 1898 584 3543 655; baseline 0.002 -16"><span class='ocrx_word' id='word_1_241' title='bbox 1898 600 2093 640; x_wconf 91' lang='lat' dir='ltr'>eremo</span> <span class='ocrx_word' id='word_1_242' title='bbox 2130 584 2436 655; x_wconf 89' lang='lat' dir='ltr'>penuriam</span> <span class='ocrx_word' id='word_1_243' title='bbox 2481 587 2863 640; x_wconf 87' lang='lat' dir='ltr'>consueverat</span> <span class='ocrx_word' id='word_1_244' title='bbox 2886 587 3093 639; x_wconf 89' lang='lat' dir='ltr'>euntes</span> <span class='ocrx_word' id='word_1_245' title='bbox 3122 584 3193 640; x_wconf 93' lang='lat' dir='ltr'>ad</span> <span class='ocrx_word' id='word_1_246' title='bbox 3224 584 3543 642; x_wconf 88' lang='lat' dir='ltr'>Antonium</span> 
     </span>
    </p>
   </div>
   <div class='ocr_carea' id='block_1_36' title="bbox 1896 672 3545 741">
    <p class='ocr_par' dir='ltr' id='par_1_36' title="bbox 1896 672 3545 741">
     <span class='ocr_line' id='line_1_36' title="bbox 1896 672 3545 741; baseline 0.002 -14"><span class='ocrx_word' id='word_1_247' title='bbox 1896 672 2152 741; x_wconf 84' lang='lat' dir='ltr'>ducere),</span> <span class='ocrx_word' id='word_1_248' title='bbox 2185 673 2491 729; x_wconf 87' lang='lat' dir='ltr'>confessus</span> <span class='ocrx_word' id='word_1_249' title='bbox 2527 676 2617 728; x_wconf 90' lang='lat' dir='ltr'>est</span> <span class='ocrx_word' id='word_1_250' title='bbox 2672 672 2953 728; x_wconf 86' lang='lat' dir='ltr'>fratribus</span> <span class='ocrx_word' id='word_1_251' title='bbox 3011 674 3229 729; x_wconf 86' lang='lat' dir='ltr'>instare</span> <span class='ocrx_word' id='word_1_252' title='bbox 3260 675 3353 730; x_wconf 73' lang='grc'>31</span> <span class='ocrx_word' id='word_1_253' title='bbox 3390 674 3545 730; x_wconf 91' lang='lat' dir='ltr'>diem</span> 
     </span>
    </p>
   </div>
   <div class='ocr_carea' id='block_1_37' title="bbox 1897 761 3546 835">
    <p class='ocr_par' dir='ltr' id='par_1_37' title="bbox 1897 761 3546 835">
     <span class='ocr_line' id='line_1_37' title="bbox 1897 761 3546 835; baseline 0.002 -18"><span class='ocrx_word' id='word_1_254' title='bbox 1897 761 2268 818; x_wconf 89' lang='lat' dir='ltr'>dormitionis</span> <span class='ocrx_word' id='word_1_255' title='bbox 2315 762 2471 818; x_wconf 89' lang='lat' dir='ltr'>beati</span> <span class='ocrx_word' id='word_1_256' title='bbox 2510 762 2780 830; x_wconf 83' lang='lat' dir='ltr'>Antonii;</span> <span class='ocrx_word' id='word_1_257' title='bbox 2827 766 2883 817; x_wconf 89' lang='lat' dir='ltr'>et</span> <span class='ocrx_word' id='word_1_258' title='bbox 2929 761 3268 835; x_wconf 89' lang='lat' dir='ltr'>pervigilem</span> <span class='ocrx_word' id='word_1_259' title='bbox 3314 769 3546 820; x_wconf 91' lang='lat' dir='ltr'>noctem</span> 
     </span>
    </p>
   </div>
   <div class='ocr_carea' id='block_1_38' title="bbox 1895 850 3548 923">
    <p class='ocr_par' dir='ltr' id='par_1_38' title="bbox 1895 850 3548 923">
     <span class='ocr_line' id='line_1_38' title="bbox 1895 850 3548 923; baseline 0.002 -18"><span class='ocrx_word' id='word_1_260' title='bbox 1895 850 1955 906; x_wconf 91' lang='lat' dir='ltr'>in</span> <span class='ocrx_word' id='word_1_261' title='bbox 1984 851 2111 923; x_wconf 90' lang='lat' dir='ltr'>ipso</span> <span class='ocrx_word' id='word_1_262' title='bbox 2143 867 2258 922; x_wconf 92' lang='lat' dir='ltr'>quo</span> <span class='ocrx_word' id='word_1_263' title='bbox 2289 850 2599 907; x_wconf 90' lang='lat' dir='ltr'>defunctus</span> <span class='ocrx_word' id='word_1_264' title='bbox 2666 851 2857 906; x_wconf 87' lang='lat' dir='ltr'>fuerat</span> <span class='ocrx_word' id='word_1_265' title='bbox 2886 850 3034 920; x_wconf 90' lang='lat' dir='ltr'>loco,</span> <span class='ocrx_word' id='word_1_266' title='bbox 3063 868 3098 907; x_wconf 86' lang='lat' dir='ltr'>a</span> <span class='ocrx_word' id='word_1_267' title='bbox 3138 868 3199 906; x_wconf 90' lang='lat' dir='ltr'>se</span> <span class='ocrx_word' id='word_1_268' title='bbox 3238 851 3290 908; x_wconf 91' lang='lat' dir='ltr'>ei</span> <span class='ocrx_word' id='word_1_269' title='bbox 3338 853 3548 909; x_wconf 89' lang='lat' dir='ltr'>debere</span> 
     </span>
    </p>
   </div>
   <div class='ocr_carea' id='block_1_39' title="bbox 1895 939 3546 1012">
    <p class='ocr_par' dir='ltr' id='par_1_39' title="bbox 1895 939 3546 1012">
     <span class='ocr_line' id='line_1_39' title="bbox 1895 939 3546 1012; baseline 0.001 -16"><span class='ocrx_word' id='word_1_270' title='bbox 1895 939 2195 996; x_wconf 91' lang='lat' dir='ltr'>celebrari.</span> <span class='ocrx_word' id='word_1_271' title='bbox 2229 939 2443 995; x_wconf 89' lang='lat' dir='ltr'>Tribus</span> <span class='ocrx_word' id='word_1_272' title='bbox 2475 939 2655 1012; x_wconf 87' lang='lat' dir='ltr'>igitur</span> <span class='ocrx_word' id='word_1_273' title='bbox 2685 939 2893 996; x_wconf 87' lang='lat' dir='ltr'>diebus</span> <span class='ocrx_word' id='word_1_274' title='bbox 2936 956 3039 1012; x_wconf 90' lang='lat' dir='ltr'>per</span> <span class='ocrx_word' id='word_1_275' title='bbox 3065 946 3293 995; x_wconf 89' lang='lat' dir='ltr'>vastam</span> <span class='ocrx_word' id='word_1_276' title='bbox 3324 945 3381 997; x_wconf 91' lang='lat' dir='ltr'>et</span> <span class='ocrx_word' id='word_1_277' title='bbox 3411 941 3546 998; x_wconf 89' lang='lat' dir='ltr'>hor-</span> 
     </span>
    </p>
   </div>
   <div class='ocr_carea' id='block_1_40' title="bbox 1895 1028 3546 1096">
    <p class='ocr_par' dir='ltr' id='par_1_40' title="bbox 1895 1028 3546 1096">
     <span class='ocr_line' id='line_1_40' title="bbox 1895 1028 3546 1096; baseline 0.001 -11"><span class='ocrx_word' id='word_1_278' title='bbox 1895 1029 2124 1085; x_wconf 90' lang='lat' dir='ltr'>ribilem</span> <span class='ocrx_word' id='word_1_279' title='bbox 2146 1028 2545 1096; x_wconf 90' lang='lat' dir='ltr'>solitudinem,</span> <span class='ocrx_word' id='word_1_280' title='bbox 2562 1029 2802 1085; x_wconf 79' lang='lat' dir='ltr'>tandem</span> <span class='ocrx_word' id='word_1_281' title='bbox 2820 1030 2893 1085; x_wconf 91' lang='lat' dir='ltr'>ad</span> <span class='ocrx_word' id='word_1_282' title='bbox 2911 1033 3169 1084; x_wconf 90' lang='lat' dir='ltr'>mentem</span> <span class='ocrx_word' id='word_1_283' title='bbox 3186 1029 3546 1087; x_wconf 88' lang='lat' dir='ltr'>altissimum</span> 
     </span>
    </p>
   </div>
   <div class='ocr_carea' id='block_1_41' title="bbox 1894 1117 3547 1191">
    <p class='ocr_par' dir='ltr' id='par_1_41' title="bbox 1894 1117 3547 1191">
     <span class='ocr_line' id='line_1_41' title="bbox 1894 1117 3547 1191; baseline 0 -16"><span class='ocrx_word' id='word_1_284' title='bbox 1894 1121 2302 1191; x_wconf 87' lang='lat' dir='ltr'>pervenerunt,</span> <span class='ocrx_word' id='word_1_285' title='bbox 2336 1117 2581 1191; x_wconf 89' lang='lat' dir='ltr'>repertis</span> <span class='ocrx_word' id='word_1_286' title='bbox 2620 1117 2702 1172; x_wconf 90' lang='lat' dir='ltr'>ibi</span> <span class='ocrx_word' id='word_1_287' title='bbox 2741 1117 2973 1175; x_wconf 90' lang='lat' dir='ltr'>duobus</span> <span class='ocrx_word' id='word_1_288' title='bbox 3022 1117 3328 1174; x_wconf 90' lang='lat' dir='ltr'>monachis</span> <span class='ocrx_word' id='word_1_289' title='bbox 3384 1119 3547 1175; x_wconf 88' lang='lat' dir='ltr'>Isaac</span> 
     </span>
    </p>
   </div>
   <div class='ocr_carea' id='block_1_42' title="bbox 1894 1205 3544 1279">
    <p class='ocr_par' dir='ltr' id='par_1_42' title="bbox 1894 1205 3544 1279">
     <span class='ocr_line' id='line_1_42' title="bbox 1894 1205 3544 1279; baseline 0.001 -16"><span class='ocrx_word' id='word_1_290' title='bbox 1894 1213 1954 1263; x_wconf 88' lang='lat' dir='ltr'>et</span> <span class='ocrx_word' id='word_1_291' title='bbox 1983 1206 2310 1274; x_wconf 87' lang='lat' dir='ltr'>Pelusiano,</span> <span class='ocrx_word' id='word_1_292' title='bbox 2341 1222 2594 1278; x_wconf 88' lang='lat' dir='ltr'>quorum</span> <span class='ocrx_word' id='word_1_293' title='bbox 2624 1205 2789 1263; x_wconf 89' lang='lat' dir='ltr'>Isaac</span> <span class='ocrx_word' id='word_1_294' title='bbox 2819 1207 3108 1279; x_wconf 90' lang='lat' dir='ltr'>interpres</span> <span class='ocrx_word' id='word_1_295' title='bbox 3138 1206 3375 1263; x_wconf 90' lang='lat' dir='ltr'>Antonii</span> <span class='ocrx_word' id='word_1_296' title='bbox 3415 1207 3544 1264; x_wconf 90' lang='lat' dir='ltr'>fue-</span> 
     </span>
    </p>
   </div>
   <div class='ocr_carea' id='block_1_43' title="bbox 1894 1301 2004 1354">
    <p class='ocr_par' dir='ltr' id='par_1_43' title="bbox 1894 1301 2004 1354">
     <span class='ocr_line' id='line_1_43' title="bbox 1894 1301 2004 1354; baseline 0 -2"><span class='ocrx_word' id='word_1_297' title='bbox 1894 1301 2004 1354; x_wconf 89' lang='lat' dir='ltr'>rat.</span> 
     </span>
    </p>
   </div>
   <div class='ocr_carea' id='block_1_44' title="bbox 1964 1383 3547 1457">
    <p class='ocr_par' dir='ltr' id='par_1_44' title="bbox 1964 1383 3547 1457">
     <span class='ocr_line' id='line_1_44' title="bbox 1964 1383 3547 1457; baseline 0.001 -16"><span class='ocrx_word' id='word_1_298' title='bbox 1964 1386 2054 1442; x_wconf 81' lang='grc'>3-1.</span> <span class='ocrx_word' id='word_1_299' title='bbox 2088 1386 2474 1441; x_wconf 83' lang='lat' dir='ltr'>Habitaculum</span> <span class='ocrx_word' id='word_1_300' title='bbox 2504 1385 2560 1440; x_wconf 90' lang='lat' dir='ltr'>S.</span> <span class='ocrx_word' id='word_1_301' title='bbox 2591 1386 2836 1441; x_wconf 78' lang='lat' dir='ltr'>Antonii.</span> <span class='ocrx_word' id='word_1_302' title='bbox 2873 1383 3085 1441; x_wconf 85' lang='lat' dir='ltr'>Cellula</span> <span class='ocrx_word' id='word_1_303' title='bbox 3113 1384 3353 1442; x_wconf 75' lang='lat' dir='ltr'>Antonii.</span> <span class='ocrx_word' id='word_1_304' title='bbox 3390 1391 3547 1457; x_wconf 85' lang='lat' dir='ltr'>Igno-</span> 
     </span>
    </p>
   </div>
   <div class='ocr_carea' id='block_1_45' title="bbox 1895 1473 3548 1547">
    <p class='ocr_par' dir='ltr' id='par_1_45' title="bbox 1895 1473 3548 1547">
     <span class='ocr_line' id='line_1_45' title="bbox 1895 1473 3548 1547; baseline 0 -16"><span class='ocrx_word' id='word_1_305' title='bbox 1895 1481 2014 1531; x_wconf 85' lang='lat' dir='ltr'>tum</span> <span class='ocrx_word' id='word_1_306' title='bbox 2041 1477 2353 1547; x_wconf 82' lang='lat' dir='ltr'>sepulcrum</span> <span class='ocrx_word' id='word_1_307' title='bbox 2383 1476 2446 1529; x_wconf 90' lang='lat' dir='ltr'>B.</span> <span class='ocrx_word' id='word_1_308' title='bbox 2481 1473 2720 1529; x_wconf 80' lang='lat' dir='ltr'>Antonii.</span> <span class='ocrx_word' id='word_1_309' title='bbox 2746 1504 2815 1514; x_wconf 83' lang='lat'>-—</span> <span class='ocrx_word' id='word_1_310' title='bbox 2844 1474 2913 1529; x_wconf 88' lang='lat' dir='ltr'>Et</span> <span class='ocrx_word' id='word_1_311' title='bbox 2945 1474 3085 1544; x_wconf 85' lang='lat' dir='ltr'>quia</span> <span class='ocrx_word' id='word_1_312' title='bbox 3115 1490 3177 1529; x_wconf 90' lang='lat' dir='ltr'>se</span> <span class='ocrx_word' id='word_1_313' title='bbox 3206 1475 3428 1547; x_wconf 83' lang='lat' dir='ltr'>prabet</span> <span class='ocrx_word' id='word_1_314' title='bbox 3457 1492 3548 1531; x_wconf 91' lang='lat' dir='ltr'>oc-</span> 
     </span>
    </p>
   </div>
   <div class='ocr_carea' id='block_1_46' title="bbox 1894 1562 3548 1635">
    <p class='ocr_par' dir='ltr' id='par_1_46' title="bbox 1894 1562 3548 1635">
     <span class='ocr_line' id='line_1_46' title="bbox 1894 1562 3548 1635; baseline -0.001 -15"><span class='ocrx_word' id='word_1_315' title='bbox 1894 1565 2072 1631; x_wconf 89' lang='lat' dir='ltr'>casio,</span> <span class='ocrx_word' id='word_1_316' title='bbox 2092 1569 2148 1620; x_wconf 89' lang='lat' dir='ltr'>et</span> <span class='ocrx_word' id='word_1_317' title='bbox 2180 1565 2250 1619; x_wconf 89' lang='lat' dir='ltr'>ad</span> <span class='ocrx_word' id='word_1_318' title='bbox 2276 1563 2383 1619; x_wconf 91' lang='lat' dir='ltr'>loci</span> <span class='ocrx_word' id='word_1_319' title='bbox 2416 1563 2706 1631; x_wconf 88' lang='lat' dir='ltr'>venimus,</span> <span class='ocrx_word' id='word_1_320' title='bbox 2730 1562 2977 1635; x_wconf 87' lang='lat' dir='ltr'>dignum</span> <span class='ocrx_word' id='word_1_321' title='bbox 2997 1562 3226 1618; x_wconf 90' lang='lat' dir='ltr'>videtur</span> <span class='ocrx_word' id='word_1_322' title='bbox 3246 1563 3405 1619; x_wconf 88' lang='lat' dir='ltr'>brevi</span> <span class='ocrx_word' id='word_1_323' title='bbox 3429 1580 3548 1619; x_wconf 90' lang='lat' dir='ltr'>ser-</span> 
     </span>
    </p>
   </div>
   <div class='ocr_carea' id='block_1_47' title="bbox 1895 1651 3549 1709">
    <p class='ocr_par' dir='ltr' id='par_1_47' title="bbox 1895 1651 3549 1709">
     <span class='ocr_line' id='line_1_47' title="bbox 1895 1651 3549 1709; baseline -0.001 0"><span class='ocrx_word' id='word_1_324' title='bbox 1895 1670 2070 1709; x_wconf 92' lang='lat' dir='ltr'>mone</span> <span class='ocrx_word' id='word_1_325' title='bbox 2100 1651 2505 1709; x_wconf 87' lang='lat' dir='ltr'>habitaculum</span> <span class='ocrx_word' id='word_1_326' title='bbox 2536 1652 2687 1707; x_wconf 89' lang='lat' dir='ltr'>tanti</span> <span class='ocrx_word' id='word_1_327' title='bbox 2715 1651 2823 1707; x_wconf 92' lang='lat' dir='ltr'>viri</span> <span class='ocrx_word' id='word_1_328' title='bbox 2855 1652 3202 1707; x_wconf 90' lang='lat' dir='ltr'>describere.</span> <span class='ocrx_word' id='word_1_329' title='bbox 3238 1652 3458 1708; x_wconf 78' lang='lat' dir='ltr'>Saxeus</span> <span class='ocrx_word' id='word_1_330' title='bbox 3492 1656 3549 1707; x_wconf 92' lang='lat' dir='ltr'>et</span> 
     </span>
    </p>
   </div>
   <div class='ocr_carea' id='block_1_48' title="bbox 1895 1740 3548 1813">
    <p class='ocr_par' dir='ltr' id='par_1_48' title="bbox 1895 1740 3548 1813">
     <span class='ocr_line' id='line_1_48' title="bbox 1895 1740 3548 1813; baseline -0.001 -14"><span class='ocrx_word' id='word_1_331' title='bbox 1895 1741 2168 1799; x_wconf 90' lang='lat' dir='ltr'>sublimis</span> <span class='ocrx_word' id='word_1_332' title='bbox 2199 1758 2369 1797; x_wconf 90' lang='lat' dir='ltr'>mons</span> <span class='ocrx_word' id='word_1_333' title='bbox 2402 1758 2506 1813; x_wconf 91' lang='lat' dir='ltr'>per</span> <span class='ocrx_word' id='word_1_334' title='bbox 2534 1740 2695 1795; x_wconf 88' lang='lat' dir='ltr'>mille</span> <span class='ocrx_word' id='word_1_335' title='bbox 2725 1740 2955 1796; x_wconf 90' lang='lat' dir='ltr'>circiter</span> <span class='ocrx_word' id='word_1_336' title='bbox 2981 1740 3299 1813; x_wconf 88' lang='lat' dir='ltr'>passus,ad</span> <span class='ocrx_word' id='word_1_337' title='bbox 3324 1741 3548 1798; x_wconf 86' lang='lat' dir='ltr'>radices</span> 
     </span>
    </p>
   </div>
   <div class='ocr_carea' id='block_1_49' title="bbox 1895 1827 3546 1903">
    <p class='ocr_par' dir='ltr' id='par_1_49' title="bbox 1895 1827 3546 1903">
     <span class='ocr_line' id='line_1_49' title="bbox 1895 1827 3546 1903; baseline -0.002 -14"><span class='ocrx_word' id='word_1_338' title='bbox 1895 1849 2035 1889; x_wconf 83' lang='lat' dir='ltr'>suas</span> <span class='ocrx_word' id='word_1_339' title='bbox 2056 1847 2242 1903; x_wconf 88' lang='lat' dir='ltr'>aquas</span> <span class='ocrx_word' id='word_1_340' title='bbox 2272 1830 2568 1903; x_wconf 87' lang='lat' dir='ltr'>exprimit,</span> <span class='ocrx_word' id='word_1_341' title='bbox 2601 1846 2849 1901; x_wconf 89' lang='lat' dir='ltr'>quarum</span> <span class='ocrx_word' id='word_1_342' title='bbox 2882 1827 3029 1885; x_wconf 86' lang='lat' dir='ltr'>alias</span> <span class='ocrx_word' id='word_1_343' title='bbox 3062 1846 3250 1886; x_wconf 83' lang='lat' dir='ltr'>arena</span> <span class='ocrx_word' id='word_1_344' title='bbox 3281 1830 3546 1899; x_wconf 87' lang='lat' dir='ltr'>ebibunt,</span> 
     </span>
    </p>
   </div>
   <div class='ocr_carea' id='block_1_50' title="bbox 1893 1917 3558 1991">
    <p class='ocr_par' dir='ltr' id='par_1_50' title="bbox 1893 1917 3558 1991">
     <span class='ocr_line' id='line_1_50' title="bbox 1893 1917 3558 1991; baseline 0 -15"><span class='ocrx_word' id='word_1_345' title='bbox 1893 1921 2018 1977; x_wconf 81' lang='lat' dir='ltr'>alia</span> <span class='ocrx_word' id='word_1_346' title='bbox 2049 1921 2119 1978; x_wconf 93' lang='lat' dir='ltr'>ad</span> <span class='ocrx_word' id='word_1_347' title='bbox 2144 1920 2419 1976; x_wconf 88' lang='lat' dir='ltr'>inferiora</span> <span class='ocrx_word' id='word_1_348' title='bbox 2444 1918 2719 1991; x_wconf 85' lang='lat' dir='ltr'>delapsa,</span> <span class='ocrx_word' id='word_1_349' title='bbox 2736 1917 3015 1991; x_wconf 86' lang='lat' dir='ltr'>paulatim</span> <span class='ocrx_word' id='word_1_350' title='bbox 3041 1918 3231 1974; x_wconf 91' lang='lat' dir='ltr'>rivum</span> <span class='ocrx_word' id='word_1_351' title='bbox 3252 1918 3558 1989; x_wconf 61' lang='lat' dir='ltr'>efﬁciunt;</span> 
     </span>
    </p>
   </div>
   <div class='ocr_carea' id='block_1_51' title="bbox 1828 2006 3550 2083">
    <p class='ocr_par' dir='ltr' id='par_1_51' title="bbox 1828 2006 3550 2083">
     <span class='ocr_line' id='line_1_51' title="bbox 1828 2006 3550 2083; baseline -0.002 -16"><span class='ocrx_word' id='word_1_352' title='bbox 1828 2014 1849 2037; x_wconf 90' lang='lat'><strong><em>&quot;</em></strong></span> <span class='ocrx_word' id='word_1_353' title='bbox 1894 2027 2071 2083; x_wconf 90' lang='lat' dir='ltr'>super</span> <span class='ocrx_word' id='word_1_354' title='bbox 2100 2025 2273 2082; x_wconf 92' lang='lat' dir='ltr'>quem</span> <span class='ocrx_word' id='word_1_355' title='bbox 2306 2025 2374 2064; x_wconf 82' lang='lat' dir='ltr'>ex</span> <span class='ocrx_word' id='word_1_356' title='bbox 2398 2013 2647 2079; x_wconf 89' lang='lat' dir='ltr'>utraque</span> <span class='ocrx_word' id='word_1_357' title='bbox 2677 2006 2804 2079; x_wconf 88' lang='lat' dir='ltr'>ripa</span> <span class='ocrx_word' id='word_1_358' title='bbox 2831 2006 3039 2079; x_wconf 84' lang='lat' dir='ltr'>palma</span> <span class='ocrx_word' id='word_1_359' title='bbox 3087 2006 3550 2064; x_wconf 89' lang='lat' dir='ltr'>innumerabiles</span> 
     </span>
    </p>
   </div>
   <div class='ocr_carea' id='block_1_52' title="bbox 1894 2096 3545 2156">
    <p class='ocr_par' dir='ltr' id='par_1_52' title="bbox 1894 2096 3545 2156">
     <span class='ocr_line' id='line_1_52' title="bbox 1894 2096 3545 2156; baseline -0.002 0"><span class='ocrx_word' id='word_1_360' title='bbox 1894 2099 2148 2156; x_wconf 92' lang='lat' dir='ltr'>multum</span> <span class='ocrx_word' id='word_1_361' title='bbox 2179 2098 2306 2154; x_wconf 91' lang='lat' dir='ltr'>loco</span> <span class='ocrx_word' id='word_1_362' title='bbox 2337 2102 2395 2153; x_wconf 89' lang='lat' dir='ltr'>et</span> <span class='ocrx_word' id='word_1_363' title='bbox 2438 2096 2795 2152; x_wconf 70' lang='lat' dir='ltr'>amoenitatis</span> <span class='ocrx_word' id='word_1_364' title='bbox 2826 2100 2882 2151; x_wconf 91' lang='lat' dir='ltr'>et</span> <span class='ocrx_word' id='word_1_365' title='bbox 2921 2096 3213 2152; x_wconf 91' lang='lat' dir='ltr'>commodi</span> <span class='ocrx_word' id='word_1_366' title='bbox 3257 2097 3545 2153; x_wconf 89' lang='lat' dir='ltr'>tribuunt.</span> 
     </span>
    </p>
   </div>
   <div class='ocr_carea' id='block_1_53' title="bbox 1891 2183 3548 2258">
    <p class='ocr_par' dir='ltr' id='par_1_53' title="bbox 1891 2183 3548 2258">
     <span class='ocr_line' id='line_1_53' title="bbox 1891 2183 3548 2258; baseline -0.002 -16"><span class='ocrx_word' id='word_1_367' title='bbox 1891 2188 2135 2244; x_wconf 88' lang='lat' dir='ltr'>Videres</span> <span class='ocrx_word' id='word_1_368' title='bbox 2166 2203 2367 2243; x_wconf 88' lang='lat' dir='ltr'>senem</span> <span class='ocrx_word' id='word_1_369' title='bbox 2387 2185 2502 2242; x_wconf 92' lang='lat' dir='ltr'>huc</span> <span class='ocrx_word' id='word_1_370' title='bbox 2534 2190 2710 2258; x_wconf 89' lang='lat' dir='ltr'>atque</span> <span class='ocrx_word' id='word_1_371' title='bbox 2729 2183 2867 2241; x_wconf 91' lang='lat' dir='ltr'>illuc</span> <span class='ocrx_word' id='word_1_372' title='bbox 2889 2202 3025 2241; x_wconf 91' lang='lat' dir='ltr'>cum</span> <span class='ocrx_word' id='word_1_373' title='bbox 3057 2185 3363 2258; x_wconf 87' lang='lat' dir='ltr'>discipulis</span> <span class='ocrx_word' id='word_1_374' title='bbox 3394 2186 3548 2242; x_wconf 86' lang='lat' dir='ltr'>beati</span> 
     </span>
    </p>
   </div>
   <div class='ocr_carea' id='block_1_54' title="bbox 1893 2273 3547 2345">
    <p class='ocr_par' dir='ltr' id='par_1_54' title="bbox 1893 2273 3547 2345">
     <span class='ocr_line' id='line_1_54' title="bbox 1893 2273 3547 2345; baseline -0.002 -12"><span class='ocrx_word' id='word_1_375' title='bbox 1893 2276 2124 2333; x_wconf 89' lang='lat' dir='ltr'>Antonii</span> <span class='ocrx_word' id='word_1_376' title='bbox 2158 2275 2506 2332; x_wconf 89' lang='lat' dir='ltr'>discurrere.</span> <span class='ocrx_word' id='word_1_377' title='bbox 2539 2274 2661 2341; x_wconf 86' lang='lat' dir='ltr'>Hic,</span> <span class='ocrx_word' id='word_1_378' title='bbox 2696 2273 2951 2344; x_wconf 88' lang='lat' dir='ltr'>aiebant,</span> <span class='ocrx_word' id='word_1_379' title='bbox 2984 2273 3250 2345; x_wconf 87' lang='lat' dir='ltr'>psallere,</span> <span class='ocrx_word' id='word_1_380' title='bbox 3286 2273 3380 2328; x_wconf 89' lang='lat' dir='ltr'>hic</span> <span class='ocrx_word' id='word_1_381' title='bbox 3419 2290 3547 2331; x_wconf 87' lang='lat' dir='ltr'>ora-</span> 
     </span>
    </p>
   </div>
   <div class='ocr_carea' id='block_1_55' title="bbox 1894 2361 3548 2437">
    <p class='ocr_par' dir='ltr' id='par_1_55' title="bbox 1894 2361 3548 2437">
     <span class='ocr_line' id='line_1_55' title="bbox 1894 2361 3548 2437; baseline -0.002 -15"><span class='ocrx_word' id='word_1_382' title='bbox 1894 2383 1975 2433; x_wconf 90' lang='lat' dir='ltr'>re,</span> <span class='ocrx_word' id='word_1_383' title='bbox 2000 2366 2094 2421; x_wconf 90' lang='lat' dir='ltr'>hic</span> <span class='ocrx_word' id='word_1_384' title='bbox 2124 2364 2370 2437; x_wconf 89' lang='lat' dir='ltr'>operari,</span> <span class='ocrx_word' id='word_1_385' title='bbox 2394 2363 2490 2419; x_wconf 91' lang='lat' dir='ltr'>hic</span> <span class='ocrx_word' id='word_1_386' title='bbox 2523 2364 2715 2418; x_wconf 88' lang='lat' dir='ltr'>fessus</span> <span class='ocrx_word' id='word_1_387' title='bbox 2748 2361 3000 2417; x_wconf 88' lang='lat' dir='ltr'>residere</span> <span class='ocrx_word' id='word_1_388' title='bbox 3032 2362 3240 2418; x_wconf 88' lang='lat' dir='ltr'>solitus</span> <span class='ocrx_word' id='word_1_389' title='bbox 3271 2363 3548 2419; x_wconf 90' lang='lat' dir='ltr'>erat.Has</span> 
     </span>
    </p>
   </div>
   <div class='ocr_carea' id='block_1_56' title="bbox 1892 2449 3549 2523">
    <p class='ocr_par' dir='ltr' id='par_1_56' title="bbox 1892 2449 3549 2523">
     <span class='ocr_line' id='line_1_56' title="bbox 1892 2449 3549 2523; baseline -0.002 -12"><span class='ocrx_word' id='word_1_390' title='bbox 1892 2456 2061 2519; x_wconf 89' lang='lat' dir='ltr'>vites,</span> <span class='ocrx_word' id='word_1_391' title='bbox 2095 2454 2203 2510; x_wconf 90' lang='lat' dir='ltr'>has</span> <span class='ocrx_word' id='word_1_392' title='bbox 2234 2451 2581 2509; x_wconf 87' lang='lat' dir='ltr'>arbusculas</span> <span class='ocrx_word' id='word_1_393' title='bbox 2612 2451 2736 2523; x_wconf 90' lang='lat' dir='ltr'>ipse</span> <span class='ocrx_word' id='word_1_394' title='bbox 2766 2449 3257 2523; x_wconf 89' lang='lat' dir='ltr'>plantavit:illam</span> <span class='ocrx_word' id='word_1_395' title='bbox 3289 2449 3549 2508; x_wconf 86' lang='lat' dir='ltr'>areolam</span> 
     </span>
    </p>
   </div>
   <div class='ocr_carea' id='block_1_57' title="bbox 1894 2539 3545 2613">
    <p class='ocr_par' dir='ltr' id='par_1_57' title="bbox 1894 2539 3545 2613">
     <span class='ocr_line' id='line_1_57' title="bbox 1894 2539 3545 2613; baseline -0.002 -14"><span class='ocrx_word' id='word_1_396' title='bbox 1894 2543 2169 2600; x_wconf 89' lang='lat' dir='ltr'>manibus</span> <span class='ocrx_word' id='word_1_397' title='bbox 2201 2542 2325 2598; x_wconf 90' lang='lat' dir='ltr'>suis</span> <span class='ocrx_word' id='word_1_398' title='bbox 2359 2540 2483 2613; x_wconf 90' lang='lat' dir='ltr'>ipse</span> <span class='ocrx_word' id='word_1_399' title='bbox 2516 2539 2866 2612; x_wconf 90' lang='lat' dir='ltr'>composuit.</span> <span class='ocrx_word' id='word_1_400' title='bbox 2891 2539 3052 2595; x_wconf 88' lang='lat' dir='ltr'>Hanc</span> <span class='ocrx_word' id='word_1_401' title='bbox 3084 2540 3369 2612; x_wconf 90' lang='lat' dir='ltr'>piscinam</span> <span class='ocrx_word' id='word_1_402' title='bbox 3399 2541 3545 2612; x_wconf 81' lang='lat' dir='ltr'>[Mss.</span> 
     </span>
    </p>
   </div>
   <div class='ocr_carea' id='block_1_58' title="bbox 1894 2627 3549 2708">
    <p class='ocr_par' dir='ltr' id='par_1_58' title="bbox 1894 2627 3549 2708">
     <span class='ocr_line' id='line_1_58' title="bbox 1894 2627 3549 2708; baseline -0.001 -20"><span class='ocrx_word' id='word_1_403' title='bbox 1894 2631 2357 2708; x_wconf 88' lang='lat' dir='ltr'>piscinulam]ad</span> <span class='ocrx_word' id='word_1_404' title='bbox 2391 2630 2756 2703; x_wconf 90' lang='lat' dir='ltr'>irrigandum</span> <span class='ocrx_word' id='word_1_405' title='bbox 2787 2627 3090 2684; x_wconf 87' lang='lat' dir='ltr'>hortulum</span> <span class='ocrx_word' id='word_1_406' title='bbox 3122 2629 3306 2685; x_wconf 89' lang='lat' dir='ltr'>multo</span> <span class='ocrx_word' id='word_1_407' title='bbox 3338 2631 3549 2687; x_wconf 90' lang='lat' dir='ltr'>sudore</span> 
     </span>
    </p>
   </div>
   <div class='ocr_carea' id='block_1_59' title="bbox 1894 2718 3548 2779">
    <p class='ocr_par' dir='ltr' id='par_1_59' title="bbox 1894 2718 3548 2779">
     <span class='ocr_line' id='line_1_59' title="bbox 1894 2718 3548 2779; baseline -0.001 -1"><span class='ocrx_word' id='word_1_408' title='bbox 1894 2722 2212 2779; x_wconf 89' lang='lat' dir='ltr'>fabricatus</span> <span class='ocrx_word' id='word_1_409' title='bbox 2227 2725 2335 2776; x_wconf 89' lang='lat' dir='ltr'>est.</span> <span class='ocrx_word' id='word_1_410' title='bbox 2352 2720 2534 2776; x_wconf 89' lang='lat' dir='ltr'>Istum</span> <span class='ocrx_word' id='word_1_411' title='bbox 2554 2718 2853 2775; x_wconf 87' lang='lat' dir='ltr'>sarculum</span> <span class='ocrx_word' id='word_1_412' title='bbox 2876 2719 2948 2774; x_wconf 87' lang='lat' dir='ltr'>ad</span> <span class='ocrx_word' id='word_1_413' title='bbox 2976 2718 3309 2775; x_wconf 90' lang='lat' dir='ltr'>fodiendam</span> <span class='ocrx_word' id='word_1_414' title='bbox 3332 2723 3548 2777; x_wconf 88' lang='lat' dir='ltr'>terram</span> 
     </span>
    </p>
   </div>
   <div class='ocr_carea' id='block_1_60' title="bbox 1894 2807 3552 2885">
    <p class='ocr_par' dir='ltr' id='par_1_60' title="bbox 1894 2807 3552 2885">
     <span class='ocr_line' id='line_1_60' title="bbox 1894 2807 3552 2885; baseline 0.001 -18"><span class='ocrx_word' id='word_1_415' title='bbox 1894 2811 2165 2885; x_wconf 91' lang='lat' dir='ltr'>pluribus</span> <span class='ocrx_word' id='word_1_416' title='bbox 2209 2808 2382 2866; x_wconf 90' lang='lat' dir='ltr'>annis</span> <span class='ocrx_word' id='word_1_417' title='bbox 2426 2808 2651 2864; x_wconf 89' lang='lat' dir='ltr'>habuit.</span> <span class='ocrx_word' id='word_1_418' title='bbox 2683 2807 2922 2864; x_wconf 83' lang='lat' dir='ltr'>Jacebat</span> <span class='ocrx_word' id='word_1_419' title='bbox 2969 2807 3029 2862; x_wconf 90' lang='lat' dir='ltr'>in</span> <span class='ocrx_word' id='word_1_420' title='bbox 3068 2812 3254 2865; x_wconf 91' lang='lat' dir='ltr'>stratu</span> <span class='ocrx_word' id='word_1_421' title='bbox 3312 2811 3462 2882; x_wconf 87' lang='lat' dir='ltr'>ejus,</span> <span class='ocrx_word' id='word_1_422' title='bbox 3495 2817 3552 2868; x_wconf 91' lang='lat' dir='ltr'>et</span> 
     </span>
    </p>
   </div>
   <div class='ocr_carea' id='block_1_61' title="bbox 1894 2896 3550 2974">
    <p class='ocr_par' dir='ltr' id='par_1_61' title="bbox 1894 2896 3550 2974">
     <span class='ocr_line' id='line_1_61' title="bbox 1894 2896 3550 2974; baseline -0.001 -17"><span class='ocrx_word' id='word_1_423' title='bbox 1894 2901 2063 2974; x_wconf 89' lang='lat' dir='ltr'>quasi</span> <span class='ocrx_word' id='word_1_424' title='bbox 2082 2900 2278 2956; x_wconf 90' lang='lat' dir='ltr'>calens</span> <span class='ocrx_word' id='word_1_425' title='bbox 2295 2898 2487 2954; x_wconf 88' lang='lat' dir='ltr'>adhuc</span> <span class='ocrx_word' id='word_1_426' title='bbox 2511 2896 2704 2953; x_wconf 88' lang='lat' dir='ltr'>cubile</span> <span class='ocrx_word' id='word_1_427' title='bbox 2721 2897 3336 2953; x_wconf 87' lang='lat' dir='ltr'>deosculabatur.Erat</span> <span class='ocrx_word' id='word_1_428' title='bbox 3352 2903 3550 2956; x_wconf 90' lang='lat' dir='ltr'>autem</span> 
     </span>
    </p>
   </div>
   <div class='ocr_carea' id='block_1_62' title="bbox 1894 2987 3550 3060">
    <p class='ocr_par' dir='ltr' id='par_1_62' title="bbox 1894 2987 3550 3060">
     <span class='ocr_line' id='line_1_62' title="bbox 1894 2987 3550 3060; baseline -0.001 -13"><span class='ocrx_word' id='word_1_429' title='bbox 1894 2989 2107 3048; x_wconf 91' lang='lat' dir='ltr'>cellula</span> <span class='ocrx_word' id='word_1_430' title='bbox 2136 3006 2251 3045; x_wconf 91' lang='lat' dir='ltr'>non</span> <span class='ocrx_word' id='word_1_431' title='bbox 2271 2988 2402 3060; x_wconf 89' lang='lat' dir='ltr'>plus</span> <span class='ocrx_word' id='word_1_432' title='bbox 2420 3004 2708 3043; x_wconf 84' lang='lat' dir='ltr'>mensura</span> <span class='ocrx_word' id='word_1_433' title='bbox 2727 3003 2830 3059; x_wconf 89' lang='lat' dir='ltr'>per</span> <span class='ocrx_word' id='word_1_434' title='bbox 2841 2987 3130 3059; x_wconf 82' lang='lat' dir='ltr'>quadrum</span> <span class='ocrx_word' id='word_1_435' title='bbox 3144 2990 3351 3043; x_wconf 90' lang='lat' dir='ltr'>tenens</span> <span class='ocrx_word' id='word_1_436' title='bbox 3369 3004 3550 3059; x_wconf 91' lang='lat' dir='ltr'>quam</span> 
     </span>
    </p>
   </div>
   <div class='ocr_carea' id='block_1_63' title="bbox 1893 3075 3551 3148">
    <p class='ocr_par' dir='ltr' id='par_1_63' title="bbox 1893 3075 3551 3148">
     <span class='ocr_line' id='line_1_63' title="bbox 1893 3075 3551 3148; baseline -0.001 -14"><span class='ocrx_word' id='word_1_437' title='bbox 1893 3079 2070 3136; x_wconf 92' lang='lat' dir='ltr'>homo</span> <span class='ocrx_word' id='word_1_438' title='bbox 2102 3078 2400 3135; x_wconf 90' lang='lat' dir='ltr'>dormiens</span> <span class='ocrx_word' id='word_1_439' title='bbox 2431 3076 2663 3132; x_wconf 83' lang='lat' dir='ltr'>extendi</span> <span class='ocrx_word' id='word_1_440' title='bbox 2697 3080 2945 3148; x_wconf 88' lang='lat' dir='ltr'>poterat.</span> <span class='ocrx_word' id='word_1_441' title='bbox 2979 3076 3259 3132; x_wconf 84' lang='lat' dir='ltr'>Praterea</span> <span class='ocrx_word' id='word_1_442' title='bbox 3279 3075 3339 3132; x_wconf 92' lang='lat' dir='ltr'>in</span> <span class='ocrx_word' id='word_1_443' title='bbox 3371 3076 3551 3132; x_wconf 92' lang='lat' dir='ltr'>subli-</span> 
     </span>
    </p>
   </div>
   <div class='ocr_carea' id='block_1_64' title="bbox 1896 3163 3549 3236">
    <p class='ocr_par' dir='ltr' id='par_1_64' title="bbox 1896 3163 3549 3236">
     <span class='ocr_line' id='line_1_64' title="bbox 1896 3163 3549 3236; baseline -0.004 -12"><span class='ocrx_word' id='word_1_444' title='bbox 1896 3168 1977 3224; x_wconf 89' lang='lat' dir='ltr'>mi</span> <span class='ocrx_word' id='word_1_445' title='bbox 2009 3167 2225 3224; x_wconf 90' lang='lat' dir='ltr'>montis</span> <span class='ocrx_word' id='word_1_446' title='bbox 2255 3166 2488 3233; x_wconf 90' lang='lat' dir='ltr'>vertice,</span> <span class='ocrx_word' id='word_1_447' title='bbox 2523 3164 2691 3236; x_wconf 89' lang='lat' dir='ltr'>quasi</span> <span class='ocrx_word' id='word_1_448' title='bbox 2723 3180 2827 3236; x_wconf 89' lang='lat' dir='ltr'>per</span> <span class='ocrx_word' id='word_1_449' title='bbox 2854 3163 3152 3220; x_wconf 87' lang='lat' dir='ltr'>cochleam</span> <span class='ocrx_word' id='word_1_450' title='bbox 3183 3165 3549 3220; x_wconf 84' lang='lat' dir='ltr'>ascendenti-</span> 
     </span>
    </p>
   </div>
   <div class='ocr_carea' id='block_1_65' title="bbox 149 3243 3549 3327">
    <p class='ocr_par' dir='ltr' id='par_1_65' title="bbox 149 3243 3549 3327">
     <span class='ocr_line' id='line_1_65' title="bbox 149 3243 3549 3327; baseline 0.001 -20"><span class='ocrx_word' id='word_1_451' title='bbox 149 3268 201 3307; x_wconf 90' lang='lat' dir='ltr'>re</span> <span class='ocrx_word' id='word_1_452' title='bbox 227 3255 502 3325; x_wconf 90' lang='lat' dir='ltr'>pervenit,</span> <span class='ocrx_word' id='word_1_453' title='bbox 536 3256 607 3309; x_wconf 87' lang='lat' dir='ltr'>ut</span> <span class='ocrx_word' id='word_1_454' title='bbox 632 3252 846 3309; x_wconf 89' lang='lat' dir='ltr'>viseret</span> <span class='ocrx_word' id='word_1_455' title='bbox 875 3251 1175 3309; x_wconf 91' lang='lat' dir='ltr'>Philonem</span> <span class='ocrx_word' id='word_1_456' title='bbox 1210 3255 1548 3327; x_wconf 89' lang='lat' dir='ltr'>episcopum</span> <span class='ocrx_word' id='word_1_457' title='bbox 1593 3260 1651 3311; x_wconf 90' lang='lat' dir='ltr'>et</span> <span class='ocrx_word' id='word_1_458' title='bbox 1695 3254 1780 3327; x_wconf 91' lang='lat' dir='ltr'>ip-</span> <span class='ocrx_word' id='word_1_459' title='bbox 1813 3243 1858 3309; x_wconf 82' lang='lat' dir='ltr'>C</span> <span class='ocrx_word' id='word_1_460' title='bbox 1895 3258 2028 3325; x_wconf 90' lang='lat' dir='ltr'>bus,</span> <span class='ocrx_word' id='word_1_461' title='bbox 2062 3260 2120 3313; x_wconf 91' lang='lat' dir='ltr'>et</span> <span class='ocrx_word' id='word_1_462' title='bbox 2163 3255 2345 3312; x_wconf 91' lang='lat' dir='ltr'>arduo</span> <span class='ocrx_word' id='word_1_463' title='bbox 2393 3253 2559 3310; x_wconf 88' lang='lat' dir='ltr'>valde</span> <span class='ocrx_word' id='word_1_464' title='bbox 2615 3252 2747 3308; x_wconf 87' lang='lat' dir='ltr'>nisu</span> <span class='ocrx_word' id='word_1_465' title='bbox 2787 3252 2893 3323; x_wconf 80' lang='grc' dir='ltr'>[Λι.</span> <span class='ocrx_word' id='word_1_466' title='bbox 2936 3252 3190 3323; x_wconf 79' lang='lat' dir='ltr'>adnisu],</span> <span class='ocrx_word' id='word_1_467' title='bbox 3224 3252 3352 3308; x_wconf 86' lang='lat' dir='ltr'>dua</span> <span class='ocrx_word' id='word_1_468' title='bbox 3399 3254 3549 3324; x_wconf 81' lang='lat' dir='ltr'>ejus~</span> 
     </span>
    </p>
   </div>
   <div class='ocr_carea' id='block_1_66' title="bbox 150 3341 1787 3414">
    <p class='ocr_par' dir='ltr' id='par_1_66' title="bbox 150 3341 1787 3414">
     <span class='ocr_line' id='line_1_66' title="bbox 150 3341 1787 3414; baseline 0.002 -18"><span class='ocrx_word' id='word_1_469' title='bbox 150 3356 267 3397; x_wconf 89' lang='lat' dir='ltr'>sum</span> <span class='ocrx_word' id='word_1_470' title='bbox 307 3342 733 3399; x_wconf 82' lang='lat' dir='ltr'>confessorem.</span> <span class='ocrx_word' id='word_1_471' title='bbox 770 3341 1145 3398; x_wconf 89' lang='lat' dir='ltr'>Constantius</span> <span class='ocrx_word' id='word_1_472' title='bbox 1194 3343 1351 3399; x_wconf 89' lang='lat' dir='ltr'>enim</span> <span class='ocrx_word' id='word_1_473' title='bbox 1391 3359 1511 3414; x_wconf 85' lang='lat' dir='ltr'>rex,</span> <span class='ocrx_word' id='word_1_474' title='bbox 1542 3344 1787 3401; x_wconf 87' lang='lat' dir='ltr'>Ariano-</span> 
     </span>
    </p>
   </div>
   <div class='ocr_carea' id='block_1_67' title="bbox 149 3430 1793 3505">
    <p class='ocr_par' dir='ltr' id='par_1_67' title="bbox 149 3430 1793 3505">
     <span class='ocr_line' id='line_1_67' title="bbox 149 3430 1793 3505; baseline 0.002 -20"><span class='ocrx_word' id='word_1_475' title='bbox 149 3446 266 3486; x_wconf 88' lang='lat' dir='ltr'>rum</span> <span class='ocrx_word' id='word_1_476' title='bbox 294 3431 492 3488; x_wconf 89' lang='lat' dir='ltr'>favens</span> <span class='ocrx_word' id='word_1_477' title='bbox 525 3430 757 3499; x_wconf 82' lang='lat' dir='ltr'>haresi,</span> <span class='ocrx_word' id='word_1_478' title='bbox 794 3434 1114 3503; x_wconf 91' lang='lat' dir='ltr'>utrumque</span> <span class='ocrx_word' id='word_1_479' title='bbox 1162 3431 1222 3487; x_wconf 91' lang='lat' dir='ltr'>in</span> <span class='ocrx_word' id='word_1_480' title='bbox 1262 3448 1330 3488; x_wconf 91' lang='lat' dir='ltr'>ea</span> <span class='ocrx_word' id='word_1_481' title='bbox 1358 3431 1485 3489; x_wconf 91' lang='lat' dir='ltr'>loca</span> <span class='ocrx_word' id='word_1_482' title='bbox 1527 3433 1793 3505; x_wconf 88' lang='lat' dir='ltr'>deporta-</span> 
     </span>
    </p>
   </div>
   <div class='ocr_carea' id='block_1_68' title="bbox 149 3520 1789 3593">
    <p class='ocr_par' dir='ltr' id='par_1_68' title="bbox 149 3520 1789 3593">
     <span class='ocr_line' id='line_1_68' title="bbox 149 3520 1789 3593; baseline 0.002 -20"><span class='ocrx_word' id='word_1_483' title='bbox 149 3524 313 3576; x_wconf 86' lang='lat' dir='ltr'>verat.</span> <span class='ocrx_word' id='word_1_484' title='bbox 358 3521 499 3577; x_wconf 91' lang='lat' dir='ltr'>Inde</span> <span class='ocrx_word' id='word_1_485' title='bbox 555 3520 887 3593; x_wconf 84' lang='lat' dir='ltr'>egrediens,</span> <span class='ocrx_word' id='word_1_486' title='bbox 934 3524 1072 3592; x_wconf 90' lang='lat' dir='ltr'>post</span> <span class='ocrx_word' id='word_1_487' title='bbox 1126 3520 1391 3577; x_wconf 90' lang='lat' dir='ltr'>triduum</span> <span class='ocrx_word' id='word_1_488' title='bbox 1441 3522 1462 3556; x_wconf 76' lang='grc'>⁸</span> <span class='ocrx_word' id='word_1_489' title='bbox 1510 3521 1670 3579; x_wconf 88' lang='lat' dir='ltr'>venit</span> <span class='ocrx_word' id='word_1_490' title='bbox 1716 3520 1789 3577; x_wconf 90' lang='lat' dir='ltr'>ad</span> 
     </span>
    </p>
   </div>
   <div class='ocr_carea' id='block_1_69' title="bbox 155 3609 1790 3683">
    <p class='ocr_par' dir='ltr' id='par_1_69' title="bbox 155 3609 1790 3683">
     <span class='ocr_line' id='line_1_69' title="bbox 155 3609 1790 3683; baseline 0.002 -20"><span class='ocrx_word' id='word_1_491' title='bbox 155 3609 419 3682; x_wconf 89' lang='lat' dir='ltr'>oppidum</span> <span class='ocrx_word' id='word_1_492' title='bbox 447 3609 819 3683; x_wconf 86' lang='lat' dir='ltr'>Aphroditon</span> <span class='ocrx_word' id='word_1_493' title='bbox 853 3626 867 3665; x_wconf 90' lang='lat'><strong>:</strong></span> <span class='ocrx_word' id='word_1_494' title='bbox 903 3609 1000 3665; x_wconf 92' lang='lat' dir='ltr'>ubi</span> <span class='ocrx_word' id='word_1_495' title='bbox 1036 3614 1315 3666; x_wconf 89' lang='lat' dir='ltr'>convento</span> <span class='ocrx_word' id='word_1_496' title='bbox 1364 3610 1608 3667; x_wconf 90' lang='lat' dir='ltr'>diacono</span> <span class='ocrx_word' id='word_1_497' title='bbox 1660 3610 1790 3667; x_wconf 90' lang='lat' dir='ltr'>Bai-</span> 
     </span>
    </p>
   </div>
   <div class='ocr_carea' id='block_1_70' title="bbox 213 3714 1788 3788">
    <p class='ocr_par' dir='ltr' id='par_1_70' title="bbox 213 3714 1788 3788">
     <span class='ocr_line' id='line_1_70' title="bbox 213 3714 1788 3788; baseline 0.003 -18"><span class='ocrx_word' id='word_1_498' title='bbox 213 3714 684 3788; x_wconf 68' lang='lat' dir='ltr'>‘Vetustissima</span> <span class='ocrx_word' id='word_1_499' title='bbox 729 3715 964 3788; x_wconf 88' lang='lat' dir='ltr'>pietatis</span> <span class='ocrx_word' id='word_1_500' title='bbox 993 3716 1359 3788; x_wconf 84' lang='lat' dir='ltr'>consuetudo</span> <span class='ocrx_word' id='word_1_501' title='bbox 1402 3717 1462 3773; x_wconf 90' lang='lat' dir='ltr'>in</span> <span class='ocrx_word' id='word_1_502' title='bbox 1511 3716 1788 3788; x_wconf 90' lang='lat' dir='ltr'>Ecclesia,</span> 
     </span>
    </p>
   </div>
   <div class='ocr_carea' id='block_1_71' title="bbox 152 3786 1791 3919">
    <p class='ocr_par' dir='ltr' id='par_1_71' title="bbox 152 3786 1791 3919">
     <span class='ocr_line' id='line_1_71' title="bbox 153 3786 1791 3862; baseline 0.002 -19"><span class='ocrx_word' id='word_1_503' title='bbox 153 3804 264 3860; x_wconf 83' lang='lat' dir='ltr'>qua</span> <span class='ocrx_word' id='word_1_504' title='bbox 293 3787 433 3845; x_wconf 85' lang='lat' dir='ltr'>viris</span> <span class='ocrx_word' id='word_1_505' title='bbox 486 3786 802 3845; x_wconf 81' lang='lat' dir='ltr'>sanctitate</span> <span class='ocrx_word' id='word_1_506' title='bbox 844 3787 1179 3860; x_wconf 88' lang='lat' dir='ltr'>insignibus</span> <span class='ocrx_word' id='word_1_507' title='bbox 1210 3786 1403 3845; x_wconf 90' lang='lat' dir='ltr'>oleum</span> <span class='ocrx_word' id='word_1_508' title='bbox 1454 3789 1541 3845; x_wconf 91' lang='lat' dir='ltr'>vel</span> <span class='ocrx_word' id='word_1_509' title='bbox 1580 3786 1791 3862; x_wconf 87' lang='lat' dir='ltr'>panem</span> 
     </span>
     <span class='ocr_line' id='line_1_72' title="bbox 152 3858 1791 3919; baseline 0.003 -5"><span class='ocrx_word' id='word_1_510' title='bbox 152 3859 608 3917; x_wconf 86' lang='lat' dir='ltr'>benedicendum</span> <span class='ocrx_word' id='word_1_511' title='bbox 642 3858 938 3919; x_wconf 82' lang='lat' dir='ltr'>offerebat,</span> <span class='ocrx_word' id='word_1_512' title='bbox 972 3859 1081 3916; x_wconf 91' lang='lat' dir='ltr'>sibi</span> <span class='ocrx_word' id='word_1_513' title='bbox 1117 3864 1321 3919; x_wconf 82' lang='lat' dir='ltr'>postea</span> <span class='ocrx_word' id='word_1_514' title='bbox 1349 3860 1420 3915; x_wconf 89' lang='lat' dir='ltr'>ad</span> <span class='ocrx_word' id='word_1_515' title='bbox 1462 3861 1623 3917; x_wconf 89' lang='lat' dir='ltr'>mala</span> <span class='ocrx_word' id='word_1_516' title='bbox 1670 3878 1791 3919; x_wconf 88' lang='lat' dir='ltr'>nro-</span> 
     </span>
    </p>
   </div>
   <div class='ocr_carea' id='block_1_72' title="bbox 152 3877 1796 4016">
    <p class='ocr_par' dir='ltr' id='par_1_72' title="bbox 152 3877 1796 4016">
     <span class='ocr_line' id='line_1_73' title="bbox 154 3877 1795 3934; baseline 0.003 -20"><span class='ocrx_word' id='word_1_517' title='bbox 154 3877 608 3917; x_wconf 79' lang='lat' dir='ltr'>neneuicenaum</span> <span class='ocrx_word' id='word_1_518' title='bbox 642 3877 938 3924; x_wconf 79' lang='lat' dir='ltr'>onerabat,</span> <span class='ocrx_word' id='word_1_519' title='bbox 972 3877 1080 3916; x_wconf 81' lang='lat' dir='ltr'>SlDl</span> <span class='ocrx_word' id='word_1_520' title='bbox 1117 3877 1321 3933; x_wconf 79' lang='lat' dir='ltr'>poetea</span> <span class='ocrx_word' id='word_1_521' title='bbox 1349 3877 1420 3915; x_wconf 86' lang='lat' dir='ltr'>ae</span> <span class='ocrx_word' id='word_1_522' title='bbox 1462 3877 1623 3917; x_wconf 82' lang='lat' dir='ltr'>mala</span> <span class='ocrx_word' id='word_1_523' title='bbox 1669 3878 1795 3934; x_wconf 86' lang='lat' dir='ltr'>pro-</span> 
     </span>
     <span class='ocr_line' id='line_1_74' title="bbox 152 3930 1796 4016; baseline 0.002 -29"><span class='ocrx_word' id='word_1_524' title='bbox 152 3930 863 4016; x_wconf 47' lang='lat' dir='ltr'>pulsanda‘profuturum.</span> <span class='ocrx_word' id='word_1_525' title='bbox 881 3931 1132 4016; x_wconf 70' lang='lat' dir='ltr'>Severus</span> <span class='ocrx_word' id='word_1_526' title='bbox 1164 3930 1462 4016; x_wconf 71' lang='lat' dir='ltr'>Sulpicius</span> <span class='ocrx_word' id='word_1_527' title='bbox 1494 3933 1699 4016; x_wconf 32' lang='lat' dir='ltr'>Di‘aleg</span> <span class='ocrx_word' id='word_1_528' title='bbox 1724 3935 1796 4016; x_wconf 70' lang='lat' dir='ltr'>II,</span> 
     </span>
    </p>
   </div>
   <div class='ocr_carea' id='block_1_73' title="bbox 153 4002 1796 4075">
    <p class='ocr_par' dir='ltr' id='par_1_73' title="bbox 153 4002 1796 4075">
     <span class='ocr_line' id='line_1_75' title="bbox 153 4002 1796 4075; baseline 0.002 -17"><span class='ocrx_word' id='word_1_529' title='bbox 153 4002 195 4075; x_wconf 7' lang='lat' dir='ltr'>cf</span> <span class='ocrx_word' id='word_1_530' title='bbox 226 4003 299 4075; x_wconf 81' lang='lat'>3;</span> <span class='ocrx_word' id='word_1_531' title='bbox 346 4025 376 4055; x_wconf 83' lang='lat'><strong>«</strong></span> <span class='ocrx_word' id='word_1_532' title='bbox 426 4002 561 4060; x_wconf 90' lang='lat' dir='ltr'>Non</span> <span class='ocrx_word' id='word_1_533' title='bbox 604 4002 1169 4075; x_wconf 86' lang='lat' dir='ltr'>pratermittendum</span> <span class='ocrx_word' id='word_1_534' title='bbox 1225 4002 1481 4073; x_wconf 82' lang='lat' dir='ltr'>videtur,</span> <span class='ocrx_word' id='word_1_535' title='bbox 1542 4002 1796 4062; x_wconf 79' lang='lat' dir='ltr'>Avitiani</span> 
     </span>
    </p>
   </div>
   <div class='ocr_carea' id='block_1_74' title="bbox 150 4072 1794 4160">
    <p class='ocr_par' dir='ltr' id='par_1_74' title="bbox 150 4072 1794 4160">
     <span class='ocr_line' id='line_1_76' title="bbox 150 4072 1794 4160; baseline 0.003 -31"><span class='ocrx_word' id='word_1_536' title='bbox 150 4072 376 4160; x_wconf 72' lang='lat' dir='ltr'>Comitis</span> <span class='ocrx_word' id='word_1_537' title='bbox 424 4072 676 4160; x_wconf 64' lang='lat' dir='ltr'>uxorem</span> <span class='ocrx_word' id='word_1_538' title='bbox 726 4074 961 4131; x_wconf 89' lang='lat' dir='ltr'>misisse</span> <span class='ocrx_word' id='word_1_539' title='bbox 991 4073 1240 4131; x_wconf 85' lang='lat' dir='ltr'>Martino</span> <span class='ocrx_word' id='word_1_540' title='bbox 1287 4072 1503 4158; x_wconf 83' lang='lat' dir='ltr'>oleum,</span> <span class='ocrx_word' id='word_1_541' title='bbox 1528 4077 1685 4160; x_wconf 82' lang='lat' dir='ltr'>quod</span> <span class='ocrx_word' id='word_1_542' title='bbox 1721 4078 1794 4160; x_wconf 79' lang='lat' dir='ltr'>ad</span> 
     </span>
    </p>
   </div>
   <div class='ocr_carea' id='block_1_75' title="bbox 152 4146 1799 4215">
    <p class='ocr_par' dir='ltr' id='par_1_75' title="bbox 152 4146 1799 4215">
     <span class='ocr_line' id='line_1_77' title="bbox 152 4146 1799 4215; baseline 0.002 -14"><span class='ocrx_word' id='word_1_543' title='bbox 152 4146 397 4204; x_wconf 88' lang='lat' dir='ltr'>diversas</span> <span class='ocrx_word' id='word_1_544' title='bbox 425 4147 776 4204; x_wconf 89' lang='lat' dir='ltr'>morborum</span> <span class='ocrx_word' id='word_1_545' title='bbox 823 4162 1033 4202; x_wconf 86' lang='lat' dir='ltr'>causas</span> <span class='ocrx_word' id='word_1_546' title='bbox 1078 4146 1502 4215; x_wconf 88' lang='lat' dir='ltr'>necessarium,</span> <span class='ocrx_word' id='word_1_547' title='bbox 1523 4146 1679 4205; x_wconf 72' lang='lat' dir='ltr'>sicut</span> <span class='ocrx_word' id='word_1_548' title='bbox 1707 4153 1799 4205; x_wconf 92' lang='lat' dir='ltr'>est</span> 
     </span>
    </p>
   </div>
   <div class='ocr_carea' id='block_1_76' title="bbox 153 4216 1796 4292">
    <p class='ocr_par' dir='ltr' id='par_1_76' title="bbox 153 4216 1796 4292">
     <span class='ocr_line' id='line_1_78' title="bbox 153 4216 1796 4292; baseline 0.004 -20"><span class='ocrx_word' id='word_1_549' title='bbox 153 4219 522 4292; x_wconf 82' lang='lat' dir='ltr'>consuetudo,</span> <span class='ocrx_word' id='word_1_550' title='bbox 571 4216 959 4292; x_wconf 66' lang='lat' dir='ltr'>benediceret,</span> <span class='ocrx_word' id='word_1_551' title='bbox 994 4240 1029 4292; x_wconf 81' lang='lat'>»_</span> <span class='ocrx_word' id='word_1_552' title='bbox 1048 4218 1125 4292; x_wconf 89' lang='lat' dir='ltr'>_Et</span> <span class='ocrx_word' id='word_1_553' title='bbox 1164 4217 1354 4292; x_wconf 80' lang='lat' dir='ltr'>paulo</span> <span class='ocrx_word' id='word_1_554' title='bbox 1394 4225 1530 4292; x_wconf 89' lang='lat' dir='ltr'>post</span> <span class='ocrx_word' id='word_1_555' title='bbox 1562 4237 1574 4275; x_wconf 90' lang='lat'><strong>:</strong></span> <span class='ocrx_word' id='word_1_556' title='bbox 1618 4243 1647 4269; x_wconf 87' lang='lat'><strong>«</strong></span> <span class='ocrx_word' id='word_1_557' title='bbox 1680 4220 1796 4278; x_wconf 86' lang='lat' dir='ltr'>Vas</span> 
     </span>
    </p>
   </div>
   <div class='ocr_carea' id='block_1_77' title="bbox 152 4287 1793 4361">
    <p class='ocr_par' dir='ltr' id='par_1_77' title="bbox 152 4287 1793 4361">
     <span class='ocr_line' id='line_1_79' title="bbox 152 4287 1793 4361; baseline 0.001 -17"><span class='ocrx_word' id='word_1_558' title='bbox 152 4287 382 4347; x_wconf 85' lang='lat' dir='ltr'>vitreum</span> <span class='ocrx_word' id='word_1_559' title='bbox 433 4307 574 4349; x_wconf 90' lang='lat' dir='ltr'>cum</span> <span class='ocrx_word' id='word_1_560' title='bbox 626 4288 771 4361; x_wconf 87' lang='lat' dir='ltr'>oleo,</span> <span class='ocrx_word' id='word_1_561' title='bbox 804 4289 959 4361; x_wconf 90' lang='lat' dir='ltr'>quod</span> <span class='ocrx_word' id='word_1_562' title='bbox 1010 4287 1297 4346; x_wconf 76' lang='lat' dir='ltr'>Martinus</span> <span class='ocrx_word' id='word_1_563' title='bbox 1334 4287 1735 4361; x_wconf 77' lang='lat' dir='ltr'>benedixerat,</span> <span class='ocrx_word' id='word_1_564' title='bbox 1765 4312 1793 4346; x_wconf 73' lang='grc' dir='ltr'><strong><em>η</em></strong></span> 
     </span>
    </p>
   </div>
   <div class='ocr_carea' id='block_1_78' title="bbox 151 4360 1797 4436">
    <p class='ocr_par' dir='ltr' id='par_1_78' title="bbox 151 4360 1797 4436">
     <span class='ocr_line' id='line_1_80' title="bbox 151 4360 1797 4436; baseline 0.002 -20"><span class='ocrx_word' id='word_1_565' title='bbox 151 4360 530 4436; x_wconf 76' lang='lat' dir='ltr'>videnduset</span> <span class='ocrx_word' id='word_1_566' title='bbox 580 4360 837 4436; x_wconf 75' lang='lat' dir='ltr'>Ruﬁnus</span> <span class='ocrx_word' id='word_1_567' title='bbox 880 4362 1038 4436; x_wconf 63' lang='grc' dir='ltr'>⁸Ηιζςιἶ</span> <span class='ocrx_word' id='word_1_568' title='bbox 1086 4362 1285 4417; x_wconf 75' lang='lat' dir='ltr'>Eccles.</span> <span class='ocrx_word' id='word_1_569' title='bbox 1332 4360 1436 4418; x_wconf 90' lang='lat' dir='ltr'>lib.</span> <span class='ocrx_word' id='word_1_570' title='bbox 1480 4380 1521 4436; x_wconf 75' lang='lat' dir='ltr'>ri</span> <span class='ocrx_word' id='word_1_571' title='bbox 1561 4380 1710 4436; x_wconf 49' lang='lat' dir='ltr'>cap,</span> <span class='ocrx_word' id='word_1_572' title='bbox 1742 4365 1797 4436; x_wconf 83' lang='grc'>4,</span> 
     </span>
    </p>
   </div>
   <div class='ocr_carea' id='block_1_79' title="bbox 158 4431 1800 4517">
    <p class='ocr_par' dir='ltr' id='par_1_79' title="bbox 158 4431 1800 4517">
     <span class='ocr_line' id='line_1_81' title="bbox 158 4431 1800 4517; baseline 0.003 -30"><span class='ocrx_word' id='word_1_573' title='bbox 158 4432 335 4517; x_wconf 67' lang='lat' dir='ltr'>tibide</span> <span class='ocrx_word' id='word_1_574' title='bbox 363 4434 532 4491; x_wconf 86' lang='lat' dir='ltr'>arido</span> <span class='ocrx_word' id='word_1_575' title='bbox 565 4433 852 4517; x_wconf 71' lang='lat' dir='ltr'>membris</span> <span class='ocrx_word' id='word_1_576' title='bbox 879 4431 1126 4517; x_wconf 75' lang='lat' dir='ltr'>homine</span> <span class='ocrx_word' id='word_1_577' title='bbox 1137 4436 1371 4517; x_wconf 64' lang='lat' dir='ltr'>narrat,</span> <span class='ocrx_word' id='word_1_578' title='bbox 1404 4435 1505 4517; x_wconf 74' lang='lat' dir='ltr'>qui</span> <span class='ocrx_word' id='word_1_579' title='bbox 1535 4431 1660 4517; x_wconf 73' lang='lat' dir='ltr'>oleo</span> <span class='ocrx_word' id='word_1_580' title='bbox 1699 4431 1800 4517; x_wconf 58' lang='lat' dir='ltr'>be;</span> 
     </span>
    </p>
   </div>
   <div class='ocr_carea' id='block_1_80' title="bbox 156 4504 1800 4589">
    <p class='ocr_par' dir='ltr' id='par_1_80' title="bbox 156 4504 1800 4589">
     <span class='ocr_line' id='line_1_82' title="bbox 156 4504 1800 4589; baseline 0.002 -28"><span class='ocrx_word' id='word_1_581' title='bbox 156 4504 367 4589; x_wconf 75' lang='lat' dir='ltr'>nedictp</span> <span class='ocrx_word' id='word_1_582' title='bbox 399 4510 735 4589; x_wconf 64' lang='lat' dir='ltr'>perunctus</span> <span class='ocrx_word' id='word_1_583' title='bbox 770 4504 857 4589; x_wconf 58' lang='lat' dir='ltr'>ab</span> <span class='ocrx_word' id='word_1_584' title='bbox 919 4504 1153 4561; x_wconf 84' lang='lat' dir='ltr'>Antonii</span> <span class='ocrx_word' id='word_1_585' title='bbox 1220 4504 1529 4589; x_wconf 68' lang='lat' dir='ltr'>discipulis</span> <span class='ocrx_word' id='word_1_586' title='bbox 1560 4507 1800 4589; x_wconf 56' lang='lat' dir='ltr'>&quot;statim</span> 
     </span>
    </p>
   </div>
   <div class='ocr_carea' id='block_1_81' title="bbox 162 4575 1798 4649">
    <p class='ocr_par' dir='ltr' id='par_1_81' title="bbox 162 4575 1798 4649">
     <span class='ocr_line' id='line_1_83' title="bbox 162 4575 1798 4649; baseline 0.001 -15"><span class='ocrx_word' id='word_1_587' title='bbox 162 4575 462 4638; x_wconf 74' lang='lat' dir='ltr'>convaluit.</span> <span class='ocrx_word' id='word_1_588' title='bbox 523 4577 694 4648; x_wconf 87' lang='lat' dir='ltr'>Quod</span> <span class='ocrx_word' id='word_1_589' title='bbox 770 4575 1127 4633; x_wconf 88' lang='lat' dir='ltr'>Sozomenus</span> <span class='ocrx_word' id='word_1_590' title='bbox 1198 4575 1506 4634; x_wconf 75' lang='lat' dir='ltr'>confirmat</span> <span class='ocrx_word' id='word_1_591' title='bbox 1559 4575 1660 4634; x_wconf 90' lang='lat' dir='ltr'>lib.</span> <span class='ocrx_word' id='word_1_592' title='bbox 1720 4596 1798 4649; x_wconf 79' lang='lat' dir='ltr'>v1,</span> 
     </span>
    </p>
   </div>
   <div class='ocr_carea' id='block_1_82' title="bbox 161 4651 392 4707">
    <p class='ocr_par' dir='ltr' id='par_1_82' title="bbox 161 4651 392 4707">
     <span class='ocr_line' id='line_1_84' title="bbox 161 4651 392 4707; baseline 0.004 -2"><span class='ocrx_word' id='word_1_593' title='bbox 161 4663 273 4707; x_wconf 87' lang='lat' dir='ltr'>can.</span> <span class='ocrx_word' id='word_1_594' title='bbox 310 4651 392 4707; x_wconf 74' lang='lat'>20.</span> 
     </span>
    </p>
   </div>
   <div class='ocr_carea' id='block_1_83' title="bbox 216 4665 1811 4795">
    <p class='ocr_par' dir='ltr' id='par_1_83' title="bbox 216 4665 1811 4795">
     <span class='ocr_line' id='line_1_85' title="bbox 216 4665 1811 4795; baseline 0.001 -18"><span class='ocrx_word' id='word_1_595' title='bbox 216 4665 530 4795; x_wconf 59' lang='lat' dir='ltr'>quasi</span> <span class='ocrx_word' id='word_1_596' title='bbox 572 4724 827 4790; x_wconf 67' lang='lat' dir='ltr'>vastitas,</span> <span class='ocrx_word' id='word_1_597' title='bbox 853 4726 960 4795; x_wconf 79' lang='lat' dir='ltr'>etc.</span> <span class='ocrx_word' id='word_1_598' title='bbox 995 4724 1056 4779; x_wconf 88' lang='lat' dir='ltr'>In</span> <span class='ocrx_word' id='word_1_599' title='bbox 1101 4721 1234 4779; x_wconf 91' lang='lat' dir='ltr'>aliis</span> <span class='ocrx_word' id='word_1_600' title='bbox 1281 4721 1450 4795; x_wconf 89' lang='lat' dir='ltr'>libris</span> <span class='ocrx_word' id='word_1_601' title='bbox 1497 4740 1641 4780; x_wconf 90' lang='lat' dir='ltr'>mss.</span> <span class='ocrx_word' id='word_1_602' title='bbox 1680 4745 1711 4795; x_wconf 17' lang='grc' dir='ltr'>«ν</span> <span class='ocrx_word' id='word_1_603' title='bbox 1741 4724 1811 4781; x_wconf 86' lang='lat' dir='ltr'>Et</span> 
     </span>
    </p>
   </div>
   <div class='ocr_carea' id='block_1_84' title="bbox 163 4793 1809 4874">
    <p class='ocr_par' dir='ltr' id='par_1_84' title="bbox 163 4793 1809 4874">
     <span class='ocr_line' id='line_1_86' title="bbox 163 4793 1809 4874; baseline 0.002 -26"><span class='ocrx_word' id='word_1_604' title='bbox 163 4793 322 4874; x_wconf 63' lang='lat' dir='ltr'>quasi</span> <span class='ocrx_word' id='word_1_605' title='bbox 348 4793 998 4874; x_wconf 37' lang='lat' dir='ltr'>v&#39;astitasﬁetmastitia</span> <span class='ocrx_word' id='word_1_606' title='bbox 1024 4796 1087 4874; x_wconf 80' lang='lat' dir='ltr'>in</span> <span class='ocrx_word' id='word_1_607' title='bbox 1132 4794 1439 4874; x_wconf 76' lang='lat' dir='ltr'>Justitium</span> <span class='ocrx_word' id='word_1_608' title='bbox 1489 4794 1809 4874; x_wconf 65' lang='lat' dir='ltr'>Palaestina</span> 
     </span>
    </p>
   </div>
   <div class='ocr_carea' id='block_1_85' title="bbox 160 4865 1811 4934">
    <p class='ocr_par' dir='ltr' id='par_1_85' title="bbox 160 4865 1811 4934">
     <span class='ocr_line' id='line_1_87' title="bbox 160 4865 1811 4934; baseline 0.003 -15"><span class='ocrx_word' id='word_1_609' title='bbox 160 4865 501 4925; x_wconf 87' lang='lat' dir='ltr'>indiceretur</span> <span class='ocrx_word' id='word_1_610' title='bbox 534 4887 566 4918; x_wconf 82' lang='lat'><strong>»</strong></span> <span class='ocrx_word' id='word_1_611' title='bbox 593 4865 744 4930; x_wconf 88' lang='lat' dir='ltr'>Quid</span> <span class='ocrx_word' id='word_1_612' title='bbox 792 4865 870 4923; x_wconf 89' lang='lat' dir='ltr'>sit</span> <span class='ocrx_word' id='word_1_613' title='bbox 896 4868 1200 4934; x_wconf 72' lang='lat' dir='ltr'>Iustitium,</span> <span class='ocrx_word' id='word_1_614' title='bbox 1232 4867 1450 4924; x_wconf 87' lang='lat' dir='ltr'>videsis</span> <span class='ocrx_word' id='word_1_615' title='bbox 1492 4867 1552 4923; x_wconf 91' lang='lat' dir='ltr'>in</span> <span class='ocrx_word' id='word_1_616' title='bbox 1598 4868 1811 4924; x_wconf 87' lang='lat' dir='ltr'>Dictio-</span> 
     </span>
    </p>
   </div>
   <div class='ocr_carea' id='block_1_86' title="bbox 161 4937 684 4997">
    <p class='ocr_par' dir='ltr' id='par_1_86' title="bbox 161 4937 684 4997">
     <span class='ocr_line' id='line_1_88' title="bbox 161 4937 684 4997; baseline 0.004 -3"><span class='ocrx_word' id='word_1_617' title='bbox 161 4937 350 4997; x_wconf 88' lang='lat' dir='ltr'>uariis.</span> <span class='ocrx_word' id='word_1_618' title='bbox 383 4940 684 4997; x_wconf 72' lang='lat' dir='ltr'>MARTIAN.</span> 
     </span>
    </p>
   </div>
   <div class='ocr_carea' id='block_1_87' title="bbox 218 5007 1807 5080">
    <p class='ocr_par' dir='ltr' id='par_1_87' title="bbox 218 5007 1807 5080">
     <span class='ocr_line' id='line_1_89' title="bbox 218 5007 1807 5080; baseline -0.001 -12"><span class='ocrx_word' id='word_1_619' title='bbox 218 5010 239 5046; x_wconf 85' lang='grc'>⁸</span> <span class='ocrx_word' id='word_1_620' title='bbox 270 5012 421 5070; x_wconf 78' lang='lat' dir='ltr'>Venit</span> <span class='ocrx_word' id='word_1_621' title='bbox 466 5012 773 5069; x_wconf 80' lang='lat' dir='ltr'>Betuliam.</span> <span class='ocrx_word' id='word_1_622' title='bbox 824 5009 977 5067; x_wconf 90' lang='lat' dir='ltr'>Editi</span> <span class='ocrx_word' id='word_1_623' title='bbox 1030 5007 1284 5067; x_wconf 89' lang='lat' dir='ltr'>retinent</span> <span class='ocrx_word' id='word_1_624' title='bbox 1339 5010 1621 5080; x_wconf 84' lang='lat' dir='ltr'>Betilium,</span> <span class='ocrx_word' id='word_1_625' title='bbox 1664 5026 1807 5068; x_wconf 88' lang='lat' dir='ltr'>mss.</span> 
     </span>
    </p>
   </div>
   <div class='ocr_carea' id='block_1_88' title="bbox 165 5081 1811 5156">
    <p class='ocr_par' dir='ltr' id='par_1_88' title="bbox 165 5081 1811 5156">
     <span class='ocr_line' id='line_1_90' title="bbox 165 5081 1811 5156; baseline 0 -17"><span class='ocrx_word' id='word_1_626' title='bbox 165 5084 439 5156; x_wconf 81' lang='lat' dir='ltr'>Betuliam.</span> <span class='ocrx_word' id='word_1_627' title='bbox 472 5083 591 5141; x_wconf 84' lang='lat' dir='ltr'>Alii</span> <span class='ocrx_word' id='word_1_628' title='bbox 646 5081 849 5156; x_wconf 88' lang='lat' dir='ltr'>legunt</span> <span class='ocrx_word' id='word_1_629' title='bbox 886 5082 1224 5156; x_wconf 15' lang='lat' dir='ltr'>ABelhelium,</span> <span class='ocrx_word' id='word_1_630' title='bbox 1255 5083 1342 5156; x_wconf 91' lang='lat' dir='ltr'>d_e_</span> <span class='ocrx_word' id='word_1_631' title='bbox 1375 5100 1491 5155; x_wconf 91' lang='lat' dir='ltr'>quo</span> <span class='ocrx_word' id='word_1_632' title='bbox 1541 5084 1811 5140; x_wconf 88' lang='lat' dir='ltr'>Sozome-</span> 
     </span>
    </p>
   </div>
   <div class='ocr_carea' id='block_1_89' title="bbox 161 5154 1573 5226">
    <p class='ocr_par' dir='ltr' id='par_1_89' title="bbox 161 5154 1573 5226">
     <span class='ocr_line' id='line_1_91' title="bbox 161 5154 1573 5226; baseline 0.001 -18"><span class='ocrx_word' id='word_1_633' title='bbox 161 5169 261 5211; x_wconf 86' lang='lat' dir='ltr'>nus</span> <span class='ocrx_word' id='word_1_634' title='bbox 287 5155 387 5213; x_wconf 89' lang='lat' dir='ltr'>lib.</span> <span class='ocrx_word' id='word_1_635' title='bbox 418 5174 456 5213; x_wconf 93' lang='lat' dir='ltr'>v</span> <span class='ocrx_word' id='word_1_636' title='bbox 478 5154 748 5213; x_wconf 55' lang='lat' dir='ltr'>Historia</span> <span class='ocrx_word' id='word_1_637' title='bbox 777 5154 973 5226; x_wconf 82' lang='lat' dir='ltr'>Eccles.</span> <span class='ocrx_word' id='word_1_638' title='bbox 1005 5170 1134 5226; x_wconf 89' lang='lat' dir='ltr'>cap.</span> <span class='ocrx_word' id='word_1_639' title='bbox 1166 5155 1255 5223; x_wconf 75' lang='lat' dir='ltr'>l5,</span> <span class='ocrx_word' id='word_1_640' title='bbox 1289 5154 1573 5211; x_wconf 69' lang='lat' dir='ltr'>MAnTMN.</span> 
     </span>
    </p>
   </div>
   <div class='ocr_carea' id='block_1_90' title="bbox 221 5225 1811 5286">
    <p class='ocr_par' dir='ltr' id='par_1_90' title="bbox 221 5225 1811 5286">
     <span class='ocr_line' id='line_1_92' title="bbox 221 5225 1811 5286; baseline -0.001 -2"><span class='ocrx_word' id='word_1_641' title='bbox 221 5257 286 5271; x_wconf 88' lang='lat'>—-</span> <span class='ocrx_word' id='word_1_642' title='bbox 314 5226 632 5286; x_wconf 78' lang='lat' dir='ltr'>Betulium.</span> <span class='ocrx_word' id='word_1_643' title='bbox 665 5226 758 5282; x_wconf 88' lang='lat' dir='ltr'>Sic</span> <span class='ocrx_word' id='word_1_644' title='bbox 798 5225 937 5282; x_wconf 92' lang='lat' dir='ltr'>editi</span> <span class='ocrx_word' id='word_1_645' title='bbox 982 5225 1116 5283; x_wconf 88' lang='lat' dir='ltr'>ante</span> <span class='ocrx_word' id='word_1_646' title='bbox 1164 5225 1587 5283; x_wconf 84' lang='lat' dir='ltr'>Martianaum.</span> <span class='ocrx_word' id='word_1_647' title='bbox 1619 5226 1811 5283; x_wconf 82' lang='lat' dir='ltr'>Betili-</span> 
     </span>
    </p>
   </div>
   <div class='ocr_carea' id='block_1_91' title="bbox 163 5296 1814 5382">
    <p class='ocr_par' dir='ltr' id='par_1_91' title="bbox 163 5296 1814 5382">
     <span class='ocr_line' id='line_1_93' title="bbox 163 5296 1814 5382; baseline -0.001 -26"><span class='ocrx_word' id='word_1_648' title='bbox 163 5312 278 5382; x_wconf 51' lang='lat' dir='ltr'>um;</span> <span class='ocrx_word' id='word_1_649' title='bbox 305 5300 434 5382; x_wconf 71' lang='lat' dir='ltr'>ipse</span> <span class='ocrx_word' id='word_1_650' title='bbox 461 5316 607 5382; x_wconf 72' lang='lat' dir='ltr'>vero</span> <span class='ocrx_word' id='word_1_651' title='bbox 640 5298 913 5382; x_wconf 62' lang='lat' dir='ltr'>Betuliqm</span> <span class='ocrx_word' id='word_1_652' title='bbox 942 5296 1085 5382; x_wconf 78' lang='lat' dir='ltr'>legit</span> <span class='ocrx_word' id='word_1_653' title='bbox 1131 5313 1201 5353; x_wconf 90' lang='lat' dir='ltr'>ex</span> <span class='ocrx_word' id='word_1_654' title='bbox 1243 5296 1467 5382; x_wconf 78' lang='lat' dir='ltr'>aliquot</span> <span class='ocrx_word' id='word_1_655' title='bbox 1510 5315 1679 5382; x_wconf 81' lang='lat' dir='ltr'>mss.,</span> <span class='ocrx_word' id='word_1_656' title='bbox 1713 5314 1814 5382; x_wconf 66' lang='lat' dir='ltr'>eu-</span> 
     </span>
    </p>
   </div>
   <div class='ocr_carea' id='block_1_92' title="bbox 162 5368 1815 5454">
    <p class='ocr_par' dir='ltr' id='par_1_92' title="bbox 162 5368 1815 5454">
     <span class='ocr_line' id='line_1_94' title="bbox 162 5368 1815 5454; baseline 0 -29"><span class='ocrx_word' id='word_1_657' title='bbox 162 5368 400 5439; x_wconf 60' lang='lat' dir='ltr'>jusmo&#39;di</span> <span class='ocrx_word' id='word_1_658' title='bbox 430 5370 676 5454; x_wconf 62' lang='lat' dir='ltr'>nullum</span> <span class='ocrx_word' id='word_1_659' title='bbox 707 5386 815 5427; x_wconf 87' lang='lat' dir='ltr'>nos</span> <span class='ocrx_word' id='word_1_660' title='bbox 840 5368 1217 5454; x_wconf 24' lang='lat' dir='ltr'>invenir-nuis;</span> <span class='ocrx_word' id='word_1_661' title='bbox 1261 5368 1443 5454; x_wconf 63' lang='lat' dir='ltr'>nostri</span> <span class='ocrx_word' id='word_1_662' title='bbox 1489 5369 1647 5454; x_wconf 78' lang='lat' dir='ltr'>enim</span> <span class='ocrx_word' id='word_1_663' title='bbox 1694 5368 1815 5441; x_wconf 88' lang='lat' dir='ltr'>ple-</span> 
     </span>
    </p>
   </div>
   <div class='ocr_carea' id='block_1_93' title="bbox 168 5441 1818 5594">
    <p class='ocr_par' dir='ltr' id='par_1_93' title="bbox 168 5441 1818 5594">
     <span class='ocr_line' id='line_1_95' title="bbox 168 5441 1818 5528; baseline 0 -32"><span class='ocrx_word' id='word_1_664' title='bbox 168 5457 395 5517; x_wconf 87' lang='lat' dir='ltr'>rumque</span> <span class='ocrx_word' id='word_1_665' title='bbox 430 5444 716 5528; x_wconf 42' lang='lat' dir='ltr'>Petilium,</span> <span class='ocrx_word' id='word_1_666' title='bbox 758 5441 859 5525; x_wconf 77' lang='lat' dir='ltr'>sed</span> <span class='ocrx_word' id='word_1_667' title='bbox 907 5441 1316 5525; x_wconf 51' lang='lat' dir='ltr'>duo.Vaticani</span> <span class='ocrx_word' id='word_1_668' title='bbox 1355 5442 1628 5524; x_wconf 78' lang='lat' dir='ltr'>Vetulium</span> <span class='ocrx_word' id='word_1_669' title='bbox 1677 5458 1818 5513; x_wconf 83' lang='lat' dir='ltr'>pra-</span> 
     </span>
     <span class='ocr_line' id='line_1_96' title="bbox 170 5511 1814 5594; baseline -0.001 -24"><span class='ocrx_word' id='word_1_670' title='bbox 170 5511 362 5594; x_wconf 48' lang='lat' dir='ltr'>lfrunt.</span> <span class='ocrx_word' id='word_1_671' title='bbox 394 5516 902 5594; x_wconf 58' lang='lat' dir='ltr'>Dicuntunetiam</span> <span class='ocrx_word' id='word_1_672' title='bbox 963 5514 1203 5594; x_wconf 60' lang='lat' dir='ltr'>quidam</span> <span class='ocrx_word' id='word_1_673' title='bbox 1246 5514 1557 5594; x_wconf 39' lang='lat' dir='ltr'>Bel-licitum</span> <span class='ocrx_word' id='word_1_674' title='bbox 1603 5512 1814 5594; x_wconf 49' lang='lat' dir='ltr'>legere,</span> 
     </span>
    </p>
   </div>
   <div class='ocr_carea' id='block_1_94' title="bbox 171 5581 1821 5653">
    <p class='ocr_par' dir='ltr' id='par_1_94' title="bbox 171 5581 1821 5653">
     <span class='ocr_line' id='line_1_97' title="bbox 171 5581 1821 5653; baseline -0.002 -11"><span class='ocrx_word' id='word_1_675' title='bbox 171 5581 435 5645; x_wconf 84' lang='lat' dir='ltr'>Betuliam</span> <span class='ocrx_word' id='word_1_676' title='bbox 485 5589 650 5644; x_wconf 84' lang='lat' dir='ltr'>certe</span> <span class='ocrx_word' id='word_1_677' title='bbox 694 5583 756 5639; x_wconf 89' lang='lat' dir='ltr'>in</span> <span class='ocrx_word' id='word_1_678' title='bbox 813 5581 997 5641; x_wconf 57' lang='lat' dir='ltr'>libro&#39;</span> <span class='ocrx_word' id='word_1_679' title='bbox 1036 5586 1302 5641; x_wconf 86' lang='lat' dir='ltr'>Locorum</span> <span class='ocrx_word' id='word_1_680' title='bbox 1342 5585 1630 5641; x_wconf 89' lang='lat' dir='ltr'>Eusebius</span> <span class='ocrx_word' id='word_1_681' title='bbox 1648 5581 1691 5653; x_wconf 65' lang='grc'>,⁷</span> <span class='ocrx_word' id='word_1_682' title='bbox 1719 5587 1821 5640; x_wconf 92' lang='lat' dir='ltr'>aut</span> 
     </span>
    </p>
   </div>
   <div class='ocr_carea' id='block_1_95' title="bbox 171 5655 1817 5734">
    <p class='ocr_par' dir='ltr' id='par_1_95' title="bbox 171 5655 1817 5734">
     <span class='ocr_line' id='line_1_98' title="bbox 171 5655 1817 5734; baseline -0.001 -19"><span class='ocrx_word' id='word_1_683' title='bbox 171 5656 546 5734; x_wconf 57' lang='lat' dir='ltr'>bisronymus</span> <span class='ocrx_word' id='word_1_684' title='bbox 578 5672 899 5734; x_wconf 53' lang='lat' dir='ltr'>nusquam</span> <span class='ocrx_word' id='word_1_685' title='bbox 949 5658 1321 5734; x_wconf 59' lang='lat' dir='ltr'>memorant;</span> <span class='ocrx_word' id='word_1_686' title='bbox 1356 5655 1817 5734; x_wconf 34' lang='lat' dir='ltr'>Suidashautem</span> 
     </span>
    </p>
   </div>
   <div class='ocr_carea' id='block_1_96' title="bbox 175 5725 1820 5821">
    <p class='ocr_par' dir='ltr' id='par_1_96' title="bbox 175 5725 1820 5821">
     <span class='ocr_line' id='line_1_99' title="bbox 175 5725 1820 5821; baseline 0.001 -30"><span class='ocrx_word' id='word_1_687' title='bbox 175 5725 227 5821; x_wconf 77' lang='lat' dir='ltr'>id</span> <span class='ocrx_word' id='word_1_688' title='bbox 252 5725 433 5796; x_wconf 74' lang='grc' dir='ltr'>ωηιξη</span> <span class='ocrx_word' id='word_1_689' title='bbox 462 5728 658 5794; x_wconf 84' lang='lat' dir='ltr'>tradit</span> <span class='ocrx_word' id='word_1_690' title='bbox 692 5725 986 5789; x_wconf 78' lang='lat' dir='ltr'>civitatem</span> <span class='ocrx_word' id='word_1_691' title='bbox 1035 5726 1110 5791; x_wconf 79' lang='lat' dir='ltr'>ad</span> <span class='ocrx_word' id='word_1_692' title='bbox 1154 5725 1493 5790; x_wconf 75' lang='lat' dir='ltr'>Judaorum</span> <span class='ocrx_word' id='word_1_693' title='bbox 1537 5726 1820 5794; x_wconf 84' lang='lat' dir='ltr'>ditionem</span> 
     </span>
    </p>
   </div>
   <div class='ocr_carea' id='block_1_97' title="bbox 1898 3340 3551 3414">
    <p class='ocr_par' dir='ltr' id='par_1_97' title="bbox 1898 3340 3551 3414">
     <span class='ocr_line' id='line_1_100' title="bbox 1898 3340 3551 3414; baseline -0.002 -12"><span class='ocrx_word' id='word_1_694' title='bbox 1898 3347 2031 3401; x_wconf 91' lang='lat' dir='ltr'>dem</span> <span class='ocrx_word' id='word_1_695' title='bbox 2058 3360 2348 3401; x_wconf 86' lang='lat' dir='ltr'>mensura</span> <span class='ocrx_word' id='word_1_696' title='bbox 2380 3341 2598 3398; x_wconf 88' lang='lat' dir='ltr'>cellula</span> <span class='ocrx_word' id='word_1_697' title='bbox 2618 3340 2984 3397; x_wconf 88' lang='lat' dir='ltr'>visebantur:</span> <span class='ocrx_word' id='word_1_698' title='bbox 3002 3341 3059 3397; x_wconf 91' lang='lat' dir='ltr'>in</span> <span class='ocrx_word' id='word_1_699' title='bbox 3080 3341 3298 3414; x_wconf 91' lang='lat' dir='ltr'>quibus</span> <span class='ocrx_word' id='word_1_700' title='bbox 3319 3342 3551 3399; x_wconf 82' lang='lat' dir='ltr'>venien-</span> 
     </span>
    </p>
   </div>
   <div class='ocr_carea' id='block_1_98' title="bbox 1895 3429 3548 3506">
    <p class='ocr_par' dir='ltr' id='par_1_98' title="bbox 1895 3429 3548 3506">
     <span class='ocr_line' id='line_1_101' title="bbox 1895 3429 3548 3506; baseline -0.001 -16"><span class='ocrx_word' id='word_1_701' title='bbox 1895 3434 2048 3490; x_wconf 88' lang='lat' dir='ltr'>tium</span> <span class='ocrx_word' id='word_1_702' title='bbox 2082 3431 2498 3506; x_wconf 83' lang='lat' dir='ltr'>frequentiam,</span> <span class='ocrx_word' id='word_1_703' title='bbox 2521 3436 2578 3488; x_wconf 88' lang='lat' dir='ltr'>et</span> <span class='ocrx_word' id='word_1_704' title='bbox 2607 3429 3034 3503; x_wconf 89' lang='lat' dir='ltr'>discipulorum</span> <span class='ocrx_word' id='word_1_705' title='bbox 3066 3448 3309 3488; x_wconf 90' lang='lat' dir='ltr'>suorum</span> <span class='ocrx_word' id='word_1_706' title='bbox 3342 3436 3548 3489; x_wconf 90' lang='lat' dir='ltr'>contu-</span> 
     </span>
    </p>
   </div>
   <div class='ocr_carea' id='block_1_99' title="bbox 1898 3521 3548 3596">
    <p class='ocr_par' dir='ltr' id='par_1_99' title="bbox 1898 3521 3548 3596">
     <span class='ocr_line' id='line_1_102' title="bbox 1898 3521 3548 3596; baseline -0.001 -16"><span class='ocrx_word' id='word_1_707' title='bbox 1898 3523 2171 3580; x_wconf 90' lang='lat' dir='ltr'>bernium</span> <span class='ocrx_word' id='word_1_708' title='bbox 2194 3523 2426 3596; x_wconf 83' lang='lat' dir='ltr'>fugiens</span> <span class='ocrx_word' id='word_1_709' title='bbox 2454 3526 2717 3578; x_wconf 86' lang='lat' dir='ltr'>meratus</span> <span class='ocrx_word' id='word_1_710' title='bbox 2746 3521 3089 3578; x_wconf 87' lang='lat' dir='ltr'>est.Verum</span> <span class='ocrx_word' id='word_1_711' title='bbox 3110 3521 3197 3577; x_wconf 84' lang='lat' dir='ltr'>ha</span> <span class='ocrx_word' id='word_1_712' title='bbox 3219 3522 3276 3578; x_wconf 92' lang='lat' dir='ltr'>in</span> <span class='ocrx_word' id='word_1_713' title='bbox 3299 3521 3428 3591; x_wconf 77' lang='lat' dir='ltr'>vivo</span> <span class='ocrx_word' id='word_1_714' title='bbox 3452 3538 3548 3578; x_wconf 87' lang='lat' dir='ltr'>ex-</span> 
     </span>
    </p>
   </div>
   <div class='ocr_carea' id='block_1_100' title="bbox 1900 3610 3560 3683">
    <p class='ocr_par' dir='ltr' id='par_1_100' title="bbox 1900 3610 3560 3683">
     <span class='ocr_line' id='line_1_103' title="bbox 1900 3610 3560 3683; baseline -0.002 -13"><span class='ocrx_word' id='word_1_715' title='bbox 1900 3614 2033 3670; x_wconf 89' lang='lat' dir='ltr'>cisa</span> <span class='ocrx_word' id='word_1_716' title='bbox 2066 3629 2225 3683; x_wconf 82' lang='lat' dir='ltr'>saxo,</span> <span class='ocrx_word' id='word_1_717' title='bbox 2245 3612 2396 3668; x_wconf 91' lang='lat' dir='ltr'>ostia</span> <span class='ocrx_word' id='word_1_718' title='bbox 2424 3614 2656 3667; x_wconf 86' lang='lat' dir='ltr'>tantum</span> <span class='ocrx_word' id='word_1_719' title='bbox 2681 3610 2885 3666; x_wconf 90' lang='lat' dir='ltr'>addita</span> <span class='ocrx_word' id='word_1_720' title='bbox 2904 3610 3219 3666; x_wconf 87' lang='lat' dir='ltr'>habebant.</span> <span class='ocrx_word' id='word_1_721' title='bbox 3242 3610 3560 3683; x_wconf 89' lang='lat' dir='ltr'>Postquam</span> 
     </span>
    </p>
   </div>
   <div class='ocr_carea' id='block_1_101' title="bbox 1903 3721 3564 3795">
    <p class='ocr_par' dir='ltr' id='par_1_101' title="bbox 1903 3721 3564 3795">
     <span class='ocr_line' id='line_1_104' title="bbox 1903 3721 3564 3795; baseline -0.001 -19"><span class='ocrx_word' id='word_1_722' title='bbox 1903 3721 2201 3795; x_wconf 72' lang='lat' dir='ltr'>pertinere</span> <span class='ocrx_word' id='word_1_723' title='bbox 2251 3737 2263 3776; x_wconf 76' lang='grc' dir='ltr'>ε</span> <span class='ocrx_word' id='word_1_724' title='bbox 2326 3726 2591 3776; x_wconf 75' lang='grc' dir='ltr'>Βαιτυλαῖα</span> <span class='ocrx_word' id='word_1_725' title='bbox 2645 3726 2679 3786; x_wconf 80' lang='grc' dir='ltr'><strong>ἡ</strong></span> <span class='ocrx_word' id='word_1_726' title='bbox 2707 3730 2818 3795; x_wconf 36' lang='grc' dir='ltr'>τῶν.</span> <span class='ocrx_word' id='word_1_727' title='bbox 2864 3725 3107 3795; x_wconf 61' lang='grc' dir='ltr'>Ἰουδαίων</span> <span class='ocrx_word' id='word_1_728' title='bbox 3162 3727 3317 3795; x_wconf 36' lang='lat' dir='ltr'>adhic.</span> <span class='ocrx_word' id='word_1_729' title='bbox 3375 3721 3564 3785; x_wconf 80' lang='lat' dir='ltr'>Quare</span> 
     </span>
    </p>
   </div>
   <div class='ocr_carea' id='block_1_102' title="bbox 1905 3789 3561 3862">
    <p class='ocr_par' dir='ltr' id='par_1_102' title="bbox 1905 3789 3561 3862">
     <span class='ocr_line' id='line_1_105' title="bbox 1905 3789 3561 3862; baseline -0.002 -14"><span class='ocrx_word' id='word_1_730' title='bbox 1905 3789 2098 3848; x_wconf 75' lang='lat' dir='ltr'>vicum</span> <span class='ocrx_word' id='word_1_731' title='bbox 2130 3791 2295 3847; x_wconf 91' lang='lat' dir='ltr'>illum</span> <span class='ocrx_word' id='word_1_732' title='bbox 2329 3794 2687 3862; x_wconf 86' lang='lat' dir='ltr'>Gazaorum,</span> <span class='ocrx_word' id='word_1_733' title='bbox 2722 3789 2822 3862; x_wconf 90' lang='lat' dir='ltr'>qui</span> <span class='ocrx_word' id='word_1_734' title='bbox 2862 3794 3183 3862; x_wconf 86' lang='lat' dir='ltr'>Suzomeno</span> <span class='ocrx_word' id='word_1_735' title='bbox 3212 3790 3312 3846; x_wconf 93' lang='lat' dir='ltr'>lib.</span> <span class='ocrx_word' id='word_1_736' title='bbox 3343 3808 3399 3861; x_wconf 91' lang='lat' dir='ltr'>v,</span> <span class='ocrx_word' id='word_1_737' title='bbox 3432 3806 3561 3862; x_wconf 87' lang='lat' dir='ltr'>cap.</span> 
     </span>
    </p>
   </div>
   <div class='ocr_carea' id='block_1_103' title="bbox 1907 3861 3566 3933">
    <p class='ocr_par' dir='ltr' id='par_1_103' title="bbox 1907 3861 3566 3933">
     <span class='ocr_line' id='line_1_106' title="bbox 1907 3861 3566 3933; baseline -0.002 -13"><span class='ocrx_word' id='word_1_738' title='bbox 1907 3865 1994 3933; x_wconf 82' lang='grc'>15,</span> <span class='ocrx_word' id='word_1_739' title='bbox 2054 3871 2230 3931; x_wconf 74' lang='grc' dir='ltr'>Βηθεία</span> <span class='ocrx_word' id='word_1_740' title='bbox 2278 3861 2515 3930; x_wconf 90' lang='lat' dir='ltr'>dicitur,</span> <span class='ocrx_word' id='word_1_741' title='bbox 2576 3861 2755 3918; x_wconf 79' lang='lat' dir='ltr'>facile</span> <span class='ocrx_word' id='word_1_742' title='bbox 2800 3862 3009 3933; x_wconf 92' lang='lat' dir='ltr'>opinor</span> <span class='ocrx_word' id='word_1_743' title='bbox 3062 3861 3332 3916; x_wconf 91' lang='lat' dir='ltr'>indicari.</span> <span class='ocrx_word' id='word_1_744' title='bbox 3393 3861 3566 3916; x_wconf 82' lang='lat' dir='ltr'>Acce-</span> 
     </span>
    </p>
   </div>
   <div class='ocr_carea' id='block_1_104' title="bbox 1905 3932 3565 4005">
    <p class='ocr_par' dir='ltr' id='par_1_104' title="bbox 1905 3932 3565 4005">
     <span class='ocr_line' id='line_1_107' title="bbox 1905 3932 3565 4005; baseline -0.003 -14"><span class='ocrx_word' id='word_1_745' title='bbox 1905 3932 1993 3992; x_wconf 91' lang='lat' dir='ltr'>dit</span> <span class='ocrx_word' id='word_1_746' title='bbox 2040 3936 2388 4005; x_wconf 81' lang='lat' dir='ltr'>conjectura</span> <span class='ocrx_word' id='word_1_747' title='bbox 2447 3940 2813 4005; x_wconf 85' lang='lat' dir='ltr'>momentum</span> <span class='ocrx_word' id='word_1_748' title='bbox 2846 3932 2926 4005; x_wconf 78' lang='lat' dir='ltr'>ex</span> <span class='ocrx_word' id='word_1_749' title='bbox 2981 3932 3201 4005; x_wconf 14' lang='lat' dir='ltr'>eodem,</span> <span class='ocrx_word' id='word_1_750' title='bbox 3244 3933 3565 4005; x_wconf 15' lang='lat' dir='ltr'>Sezgomene</span> 
     </span>
    </p>
   </div>
   <div class='ocr_carea' id='block_1_105' title="bbox 1904 4002 3567 4081">
    <p class='ocr_par' dir='ltr' id='par_1_105' title="bbox 1904 4002 3567 4081">
     <span class='ocr_line' id='line_1_108' title="bbox 1904 4002 3567 4081; baseline -0.001 -19"><span class='ocrx_word' id='word_1_751' title='bbox 1904 4002 2341 4081; x_wconf 74' lang='lat' dir='ltr'>gravissimum,</span> <span class='ocrx_word' id='word_1_752' title='bbox 2364 4006 2519 4081; x_wconf 81' lang='lat' dir='ltr'>quod</span> <span class='ocrx_word' id='word_1_753' title='bbox 2551 4005 2680 4075; x_wconf 90' lang='lat' dir='ltr'>ejus</span> <span class='ocrx_word' id='word_1_754' title='bbox 2710 4004 2821 4060; x_wconf 91' lang='lat' dir='ltr'>loci</span> <span class='ocrx_word' id='word_1_755' title='bbox 2858 4003 3083 4081; x_wconf 88' lang='lat' dir='ltr'>incolas</span> <span class='ocrx_word' id='word_1_756' title='bbox 3116 4002 3567 4081; x_wconf 80' lang='lat' dir='ltr'>a_S._Hilarione</span> 
     </span>
    </p>
   </div>
   <div class='ocr_carea' id='block_1_106' title="bbox 1912 4074 3568 4148">
    <p class='ocr_par' dir='ltr' id='par_1_106' title="bbox 1912 4074 3568 4148">
     <span class='ocr_line' id='line_1_109' title="bbox 1912 4074 3568 4148; baseline -0.002 -13"><span class='ocrx_word' id='word_1_757' title='bbox 1912 4074 1984 4135; x_wconf 71' lang='lat' dir='ltr'>ad</span> <span class='ocrx_word' id='word_1_758' title='bbox 2019 4074 2412 4134; x_wconf 80' lang='lat' dir='ltr'>Christianam</span> <span class='ocrx_word' id='word_1_759' title='bbox 2446 4074 2623 4131; x_wconf 81' lang='lat' dir='ltr'>fidem</span> <span class='ocrx_word' id='word_1_760' title='bbox 2663 4092 2975 4132; x_wconf 88' lang='lat' dir='ltr'>conversos</span> <span class='ocrx_word' id='word_1_761' title='bbox 3022 4074 3568 4148; x_wconf 34' lang='lat' dir='ltr'>tradittipsumque</span> 
     </span>
    </p>
   </div>
   <div class='ocr_carea' id='block_1_107' title="bbox 1910 4146 3569 4220">
    <p class='ocr_par' dir='ltr' id='par_1_107' title="bbox 1910 4146 3569 4220">
     <span class='ocr_line' id='line_1_110' title="bbox 1910 4146 3569 4220; baseline -0.001 -14"><span class='ocrx_word' id='word_1_762' title='bbox 1910 4166 2083 4206; x_wconf 91' lang='lat' dir='ltr'>avum</span> <span class='ocrx_word' id='word_1_763' title='bbox 2117 4166 2292 4206; x_wconf 90' lang='lat' dir='ltr'>suum</span> <span class='ocrx_word' id='word_1_764' title='bbox 2324 4148 2689 4220; x_wconf 87' lang='lat' dir='ltr'>baptismum</span> <span class='ocrx_word' id='word_1_765' title='bbox 2720 4147 2801 4203; x_wconf 92' lang='lat' dir='ltr'>ibi</span> <span class='ocrx_word' id='word_1_766' title='bbox 2850 4147 3201 4220; x_wconf 77' lang='lat' dir='ltr'>suscepisse.</span> <span class='ocrx_word' id='word_1_767' title='bbox 3237 4146 3410 4204; x_wconf 80' lang='lat' dir='ltr'>Porro</span> <span class='ocrx_word' id='word_1_768' title='bbox 3468 4146 3569 4204; x_wconf 82' lang='lat' dir='ltr'>Be-</span> 
     </span>
    </p>
   </div>
   <div class='ocr_carea' id='block_1_108' title="bbox 1908 4218 3567 4293">
    <p class='ocr_par' dir='ltr' id='par_1_108' title="bbox 1908 4218 3567 4293">
     <span class='ocr_line' id='line_1_111' title="bbox 1908 4218 3567 4293; baseline -0.002 -14"><span class='ocrx_word' id='word_1_769' title='bbox 1908 4223 2117 4279; x_wconf 80' lang='lat' dir='ltr'>thelian</span> <span class='ocrx_word' id='word_1_770' title='bbox 2148 4222 2231 4277; x_wconf 91' lang='lat' dir='ltr'>sic</span> <span class='ocrx_word' id='word_1_771' title='bbox 2267 4220 2348 4276; x_wconf 90' lang='lat' dir='ltr'>ait</span> <span class='ocrx_word' id='word_1_772' title='bbox 2386 4218 2669 4293; x_wconf 79' lang='lat' dir='ltr'>appellari</span> <span class='ocrx_word' id='word_1_773' title='bbox 2697 4235 2765 4275; x_wconf 84' lang='lat' dir='ltr'>ex</span> <span class='ocrx_word' id='word_1_774' title='bbox 2796 4218 3055 4275; x_wconf 88' lang='lat' dir='ltr'>Pantheo</span> <span class='ocrx_word' id='word_1_775' title='bbox 3087 4220 3241 4290; x_wconf 91' lang='lat' dir='ltr'>quod</span> <span class='ocrx_word' id='word_1_776' title='bbox 3292 4220 3373 4275; x_wconf 91' lang='lat' dir='ltr'>ibi</span> <span class='ocrx_word' id='word_1_777' title='bbox 3423 4223 3567 4288; x_wconf 90' lang='lat' dir='ltr'>erat,</span> 
     </span>
    </p>
   </div>
   <div class='ocr_carea' id='block_1_109' title="bbox 1908 4298 3571 4365">
    <p class='ocr_par' dir='ltr' id='par_1_109' title="bbox 1908 4298 3571 4365">
     <span class='ocr_line' id='line_1_112' title="bbox 1908 4298 3571 4365; baseline -0.001 -16"><span class='ocrx_word' id='word_1_778' title='bbox 1908 4300 1964 4349; x_wconf 74' lang='grc' dir='ltr'><em>ἐκ</em></span> <span class='ocrx_word' id='word_1_779' title='bbox 2030 4303 2116 4361; x_wconf 77' lang='grc' dir='ltr'>τῆς</span> <span class='ocrx_word' id='word_1_780' title='bbox 2190 4301 2363 4365; x_wconf 79' lang='grc' dir='ltr'>Σύρων</span> <span class='ocrx_word' id='word_1_781' title='bbox 2437 4302 2615 4364; x_wconf 77' lang='grc' dir='ltr'>φωνῆς,</span> <span class='ocrx_word' id='word_1_782' title='bbox 2695 4298 2758 4358; x_wconf 79' lang='grc' dir='ltr'>εἷς</span> <span class='ocrx_word' id='word_1_783' title='bbox 2833 4301 2927 4359; x_wconf 76' lang='grc' dir='ltr'>τὴν</span> <span class='ocrx_word' id='word_1_784' title='bbox 3001 4299 3252 4358; x_wconf 79' lang='grc' dir='ltr'>Ἑλλήνων</span> <span class='ocrx_word' id='word_1_785' title='bbox 3334 4298 3571 4362; x_wconf 77' lang='grc' dir='ltr'>ἑμηνευό-</span> 
     </span>
    </p>
   </div>
   <div class='ocr_carea' id='block_1_110' title="bbox 1908 4370 3566 4437">
    <p class='ocr_par' dir='ltr' id='par_1_110' title="bbox 1908 4370 3566 4437">
     <span class='ocr_line' id='line_1_113' title="bbox 1908 4370 3566 4437; baseline -0.001 -16"><span class='ocrx_word' id='word_1_786' title='bbox 1908 4387 2058 4437; x_wconf 80' lang='grc' dir='ltr'>μενον</span> <span class='ocrx_word' id='word_1_787' title='bbox 2154 4372 2277 4420; x_wconf 77' lang='grc' dir='ltr'>Θεῶν</span> <span class='ocrx_word' id='word_1_788' title='bbox 2368 4370 2650 4437; x_wconf 64' lang='grc' dir='ltr'>οἰκητήριον</span> <span class='ocrx_word' id='word_1_789' title='bbox 2749 4370 3069 4437; x_wconf 62' lang='grc' dir='ltr'>ὀνομάζεσθαι</span> <span class='ocrx_word' id='word_1_790' title='bbox 3158 4370 3236 4437; x_wconf 72' lang='grc' dir='ltr'>διᾲ</span> <span class='ocrx_word' id='word_1_791' title='bbox 3318 4372 3404 4437; x_wconf 75' lang='grc' dir='ltr'>τρν</span> <span class='ocrx_word' id='word_1_792' title='bbox 3479 4373 3566 4420; x_wconf 82' lang='grc' dir='ltr'>τοῦ</span> 
     </span>
    </p>
   </div>
   <div class='ocr_carea' id='block_1_111' title="bbox 1910 4435 3571 4505">
    <p class='ocr_par' dir='ltr' id='par_1_111' title="bbox 1910 4435 3571 4505">
     <span class='ocr_line' id='line_1_114' title="bbox 1910 4435 3571 4505; baseline -0.002 -11"><span class='ocrx_word' id='word_1_793' title='bbox 1910 4435 2130 4494; x_wconf 55' lang='lat' dir='ltr'>autem</span> <span class='ocrx_word' id='word_1_794' title='bbox 2218 4443 2353 4492; x_wconf 83' lang='grc' dir='ltr'>ναόν.</span> <span class='ocrx_word' id='word_1_795' title='bbox 2431 4436 2515 4490; x_wconf 76' lang='lat' dir='ltr'>Ex</span> <span class='ocrx_word' id='word_1_796' title='bbox 2590 4450 2845 4505; x_wconf 86' lang='lat' dir='ltr'>syrorum</span> <span class='ocrx_word' id='word_1_797' title='bbox 2927 4436 3119 4505; x_wconf 84' lang='lat' dir='ltr'>lingua</span> <span class='ocrx_word' id='word_1_798' title='bbox 3192 4436 3253 4489; x_wconf 88' lang='lat' dir='ltr'>in</span> <span class='ocrx_word' id='word_1_799' title='bbox 3331 4435 3571 4491; x_wconf 70' lang='lat' dir='ltr'>Gracam</span> 
     </span>
    </p>
   </div>
   <div class='ocr_carea' id='block_1_112' title="bbox 1909 4505 3573 4588">
    <p class='ocr_par' dir='ltr' id='par_1_112' title="bbox 1909 4505 3573 4588">
     <span class='ocr_line' id='line_1_115' title="bbox 1909 4505 3573 4588; baseline -0.002 -24"><span class='ocrx_word' id='word_1_800' title='bbox 1909 4523 2233 4588; x_wconf 55' lang='lat' dir='ltr'>conversuzn</span> <span class='ocrx_word' id='word_1_801' title='bbox 2302 4522 2518 4588; x_wconf 40' lang='lat' dir='ltr'>noni-en,</span> <span class='ocrx_word' id='word_1_802' title='bbox 2577 4505 2817 4588; x_wconf 60' lang='lat' dir='ltr'>deorum</span> <span class='ocrx_word' id='word_1_803' title='bbox 2896 4505 3243 4561; x_wconf 75' lang='lat' dir='ltr'>domicilium</span> <span class='ocrx_word' id='word_1_804' title='bbox 3297 4507 3573 4579; x_wconf 83' lang='lat' dir='ltr'>appellari</span> 
     </span>
    </p>
   </div>
   <div class='ocr_carea' id='block_1_113' title="bbox 1910 4577 3571 4722">
    <p class='ocr_par' dir='ltr' id='par_1_113' title="bbox 1910 4577 3571 4722">
     <span class='ocr_line' id='line_1_116' title="bbox 1910 4577 3571 4662; baseline -0.005 -26"><span class='ocrx_word' id='word_1_805' title='bbox 1910 4577 2704 4662; x_wconf 64' lang='lat' dir='ltr'>propterPanlhez’lemplum.</span> <span class='ocrx_word' id='word_1_806' title='bbox 2979 4649 2990 4660; x_wconf 40' lang='lat'><em>.</em></span> <span class='ocrx_word' id='word_1_807' title='bbox 3331 4577 3379 4579; x_wconf 57' lang='lat'>&quot;</span> <span class='ocrx_word' id='word_1_808' title='bbox 3436 4648 3470 4661; x_wconf 45' lang='grc' dir='ltr'>η</span> <span class='ocrx_word' id='word_1_809' title='bbox 3562 4649 3571 4658; x_wconf 78' lang='lat'><em>_</em></span> 
     </span>
     <span class='ocr_line' id='line_1_117' title="bbox 1981 4648 3567 4722; baseline -0.003 -15"><span class='ocrx_word' id='word_1_810' title='bbox 1981 4652 2305 4707; x_wconf 72' lang='lat' dir='ltr'>‘Vaticani</span> <span class='ocrx_word' id='word_1_811' title='bbox 2363 4649 2480 4706; x_wconf 90' lang='lat' dir='ltr'>duo</span> <span class='ocrx_word' id='word_1_812' title='bbox 2535 4648 2819 4722; x_wconf 71' lang='lat' dir='ltr'>Lichonos,</span> <span class='ocrx_word' id='word_1_813' title='bbox 2860 4652 3069 4722; x_wconf 80' lang='lat' dir='ltr'>tertius</span> <span class='ocrx_word' id='word_1_814' title='bbox 3125 4652 3340 4722; x_wconf 84' lang='lat' dir='ltr'>Lignos,</span> <span class='ocrx_word' id='word_1_815' title='bbox 3374 4648 3473 4722; x_wconf 77' lang='lat' dir='ltr'>alii</span> <span class='ocrx_word' id='word_1_816' title='bbox 3503 4650 3567 4704; x_wconf 72' lang='grc' dir='ltr'>ιιι</span> 
     </span>
    </p>
   </div>
   <div class='ocr_carea' id='block_1_114' title="bbox 1914 4719 3571 4799">
    <p class='ocr_par' dir='ltr' id='par_1_114' title="bbox 1914 4719 3571 4799">
     <span class='ocr_line' id='line_1_118' title="bbox 1914 4719 3571 4799; baseline -0.004 -19"><span class='ocrx_word' id='word_1_817' title='bbox 1914 4723 2166 4799; x_wconf 69' lang='lat' dir='ltr'>chognos.</span> <span class='ocrx_word' id='word_1_818' title='bbox 2201 4722 2445 4799; x_wconf 84' lang='lat' dir='ltr'>Videtur</span> <span class='ocrx_word' id='word_1_819' title='bbox 2475 4726 2668 4777; x_wconf 89' lang='lat' dir='ltr'>autem</span> <span class='ocrx_word' id='word_1_820' title='bbox 2704 4719 3423 4799; x_wconf 59' lang='lat' dir='ltr'>legendum_l_.ycos_,_quod</span> <span class='ocrx_word' id='word_1_821' title='bbox 3460 4723 3571 4799; x_wconf 81' lang='lat' dir='ltr'>_e_st</span> 
     </span>
    </p>
   </div>
   <div class='ocr_carea' id='block_1_115' title="bbox 1919 4789 3565 4869">
    <p class='ocr_par' dir='ltr' id='par_1_115' title="bbox 1919 4789 3565 4869">
     <span class='ocr_line' id='line_1_119' title="bbox 1919 4789 3565 4869; baseline -0.005 -16"><span class='ocrx_word' id='word_1_822' title='bbox 1919 4789 2201 4869; x_wconf 74' lang='lat' dir='ltr'>oppidum</span> <span class='ocrx_word' id='word_1_823' title='bbox 2251 4794 2308 4869; x_wconf 81' lang='lat' dir='ltr'>in</span> <span class='ocrx_word' id='word_1_824' title='bbox 2345 4798 2604 4869; x_wconf 79' lang='lat' dir='ltr'>extrema</span> <span class='ocrx_word' id='word_1_825' title='bbox 2638 4789 2797 4869; x_wconf 71' lang='lat' dir='ltr'>parte</span> <span class='ocrx_word' id='word_1_826' title='bbox 2822 4789 3162 4869; x_wconf 58' lang='lat' dir='ltr'>Ihebaidis.</span> <span class='ocrx_word' id='word_1_827' title='bbox 3198 4789 3421 4869; x_wconf 68' lang='lat' dir='ltr'>Plinius</span> 
     </span>
    </p>
   </div>
   <div class='ocr_carea' id='block_1_116' title="bbox 1916 4862 3568 4938">
    <p class='ocr_par' dir='ltr' id='par_1_116' title="bbox 1916 4862 3568 4938">
     <span class='ocr_line' id='line_1_120' title="bbox 1916 4862 3568 4938; baseline -0.004 -15"><span class='ocrx_word' id='word_1_828' title='bbox 1916 4862 1975 4933; x_wconf 69' lang='grc' dir='ltr'>νζ</span> <span class='ocrx_word' id='word_1_829' title='bbox 2000 4862 2176 4938; x_wconf 69' lang='lat' dir='ltr'>Lycus</span> <span class='ocrx_word' id='word_1_830' title='bbox 2204 4865 2299 4920; x_wconf 84' lang='lat' dir='ltr'>ubi</span> <span class='ocrx_word' id='word_1_831' title='bbox 2323 4870 2543 4938; x_wconf 15' lang='lat' dir='ltr'>montes,</span> <span class='ocrx_word' id='word_1_832' title='bbox 2561 4862 2784 4938; x_wconf 78' lang='lat' dir='ltr'>ﬁniunt.</span> <span class='ocrx_word' id='word_1_833' title='bbox 2822 4864 2952 4920; x_wconf 84' lang='lat' dir='ltr'>Mox</span> <span class='ocrx_word' id='word_1_834' title='bbox 2981 4881 3212 4937; x_wconf 90' lang='lat' dir='ltr'>quoque</span> <span class='ocrx_word' id='word_1_835' title='bbox 3244 4862 3342 4938; x_wconf 83' lang='lat' dir='ltr'>alii</span> <span class='ocrx_word' id='word_1_836' title='bbox 3398 4862 3568 4918; x_wconf 90' lang='lat' dir='ltr'>codd.</span> 
     </span>
    </p>
   </div>
   <div class='ocr_carea' id='block_1_117' title="bbox 1924 4935 3572 5009">
    <p class='ocr_par' dir='ltr' id='par_1_117' title="bbox 1924 4935 3572 5009">
     <span class='ocr_line' id='line_1_121' title="bbox 1924 4935 3572 5009; baseline -0.004 -14"><span class='ocrx_word' id='word_1_837' title='bbox 1924 4935 2285 5005; x_wconf 75' lang='lat' dir='ltr'>Thonbaston,</span> <span class='ocrx_word' id='word_1_838' title='bbox 2350 4941 2454 5009; x_wconf 34' lang='lat' dir='ltr'>et”</span> <span class='ocrx_word' id='word_1_839' title='bbox 2489 4935 2808 5009; x_wconf 74' lang='lat' dir='ltr'>Thabusion,</span> <span class='ocrx_word' id='word_1_840' title='bbox 2886 4953 3040 4992; x_wconf 91' lang='lat' dir='ltr'>unus</span> <span class='ocrx_word' id='word_1_841' title='bbox 3114 4935 3353 5009; x_wconf 78' lang='lat' dir='ltr'>propius</span> <span class='ocrx_word' id='word_1_842' title='bbox 3436 4950 3572 5009; x_wconf 76' lang='lat' dir='ltr'>vero</span> 
     </span>
    </p>
   </div>
   <div class='ocr_carea' id='block_1_118' title="bbox 1926 5005 3572 5080">
    <p class='ocr_par' dir='ltr' id='par_1_118' title="bbox 1926 5005 3572 5080">
     <span class='ocr_line' id='line_1_122' title="bbox 1926 5005 3572 5080; baseline -0.005 -12"><span class='ocrx_word' id='word_1_843' title='bbox 1926 5006 2711 5080; x_wconf 77' lang='lat' dir='ltr'>Thaubaston;facile_cnim_</span> <span class='ocrx_word' id='word_1_844' title='bbox 2740 5013 3039 5080; x_wconf 83' lang='lat' dir='ltr'>putamus</span> <span class='ocrx_word' id='word_1_845' title='bbox 3087 5005 3285 5080; x_wconf 62' lang='lat'>61565:,</span> <span class='ocrx_word' id='word_1_846' title='bbox 3308 5005 3461 5080; x_wconf 79' lang='lat' dir='ltr'>quod</span> <span class='ocrx_word' id='word_1_847' title='bbox 3512 5005 3572 5060; x_wconf 91' lang='lat' dir='ltr'>in</span> 
     </span>
    </p>
   </div>
   <div class='ocr_carea' id='block_1_119' title="bbox 1918 5076 3576 5209">
    <p class='ocr_par' dir='ltr' id='par_1_119' title="bbox 1918 5076 3576 5209">
     <span class='ocr_line' id='line_1_123' title="bbox 1918 5076 3576 5209; baseline -0.003 -71"><span class='ocrx_word' id='word_1_848' title='bbox 1918 5083 2134 5209; x_wconf 47' lang='lat' dir='ltr'>Argililia</span> <span class='ocrx_word' id='word_1_849' title='bbox 2158 5083 2389 5165; x_wconf 81' lang='lat' dir='ltr'>deserta</span> <span class='ocrx_word' id='word_1_850' title='bbox 2417 5078 2664 5137; x_wconf 86' lang='lat' dir='ltr'>collocat</span> <span class='ocrx_word' id='word_1_851' title='bbox 2692 5076 3056 5150; x_wconf 81' lang='lat' dir='ltr'>Plelemaus,</span> <span class='ocrx_word' id='word_1_852' title='bbox 3080 5096 3207 5151; x_wconf 89' lang='lat' dir='ltr'>cap.</span> <span class='ocrx_word' id='word_1_853' title='bbox 3234 5076 3340 5143; x_wconf 54' lang='lat' dir='ltr'>19f</span> <span class='ocrx_word' id='word_1_854' title='bbox 3362 5076 3576 5133; x_wconf 87' lang='lat' dir='ltr'>debere</span> 
     </span>
     <span class='ocr_line' id='line_1_124' title="bbox 1924 5170 2195 5209; baseline -0.004 0"><span class='ocrx_word' id='word_1_855' title='bbox 1924 5173 1983 5209; x_wconf 82' lang='lat' dir='ltr'>in</span> <span class='ocrx_word' id='word_1_856' title='bbox 2017 5172 2047 5209; x_wconf 91' lang='lat' dir='ltr'>e</span> <span class='ocrx_word' id='word_1_857' title='bbox 2096 5170 2195 5209; x_wconf 67' lang='grc' dir='ltr'>ιρι.</span> 
     </span>
    </p>
   </div>
   <div class='ocr_carea' id='block_1_120' title="bbox 1924 5152 2195 5211">
    <p class='ocr_par' dir='ltr' id='par_1_120' title="bbox 1924 5152 2195 5211">
     <span class='ocr_line' id='line_1_125' title="bbox 1924 5152 2195 5211; baseline 0 0"><span class='ocrx_word' id='word_1_858' title='bbox 1924 5152 2195 5211; x_wconf 71' lang='lat' dir='ltr'>intelligi.</span> 
     </span>
    </p>
   </div>
   <div class='ocr_carea' id='block_1_121' title="bbox 1993 5170 3573 5296">
    <p class='ocr_par' dir='ltr' id='par_1_121' title="bbox 1993 5170 3573 5296">
     <span class='ocr_line' id='line_1_126' title="bbox 2096 5171 2195 5211; baseline 0.02 -3"><span class='ocrx_word' id='word_1_859' title='bbox 2096 5172 2108 5208; x_wconf 88' lang='grc' dir='ltr'>ι</span> <span class='ocrx_word' id='word_1_860' title='bbox 2156 5171 2195 5211; x_wconf 90' lang='grc' dir='ltr'>ι.</span> 
     </span>
     <span class='ocr_line' id='line_1_127' title="bbox 1993 5170 3573 5296; baseline -0.003 -17"><span class='ocrx_word' id='word_1_861' title='bbox 1993 5170 2183 5282; x_wconf 57' lang='lat' dir='ltr'>:e&#39;l‘lrgs</span> <span class='ocrx_word' id='word_1_862' title='bbox 2234 5223 2421 5281; x_wconf 65' lang='lat' dir='ltr'>Vatic.</span> <span class='ocrx_word' id='word_1_863' title='bbox 2485 5240 2650 5296; x_wconf 85' lang='lat' dir='ltr'>mss_.,</span> <span class='ocrx_word' id='word_1_864' title='bbox 2694 5231 2815 5296; x_wconf 83' lang='lat' dir='ltr'>post</span> <span class='ocrx_word' id='word_1_865' title='bbox 2891 5221 3132 5296; x_wconf 75' lang='lat' dir='ltr'>biduum.</span> <span class='ocrx_word' id='word_1_866' title='bbox 3192 5219 3411 5277; x_wconf 87' lang='lat' dir='ltr'>Vitiose</span> <span class='ocrx_word' id='word_1_867' title='bbox 3470 5237 3573 5296; x_wconf 86' lang='lat' dir='ltr'>au-</span> 
     </span>
    </p>
   </div>
   <div class='ocr_carea' id='block_1_122' title="bbox 1923 5292 3575 5374">
    <p class='ocr_par' dir='ltr' id='par_1_122' title="bbox 1923 5292 3575 5374">
     <span class='ocr_line' id='line_1_128' title="bbox 1923 5292 3575 5374; baseline -0.004 -20"><span class='ocrx_word' id='word_1_868' title='bbox 1923 5302 2197 5374; x_wconf 81' lang='lat' dir='ltr'>temerat</span> <span class='ocrx_word' id='word_1_869' title='bbox 2241 5292 2847 5374; x_wconf 59' lang='lat' dir='ltr'>penesMartian&#39;aum</span> <span class='ocrx_word' id='word_1_870' title='bbox 2882 5292 3068 5374; x_wconf 68' lang='lat' dir='ltr'>paulo</span> <span class='ocrx_word' id='word_1_871' title='bbox 3102 5295 3378 5374; x_wconf 68' lang='lat' dir='ltr'>post,_qui</span> <span class='ocrx_word' id='word_1_872' title='bbox 3422 5295 3575 5374; x_wconf 80' lang='lat' dir='ltr'>cquis</span> 
     </span>
    </p>
   </div>
   <div class='ocr_carea' id='block_1_123' title="bbox 1927 5365 3575 5435">
    <p class='ocr_par' dir='ltr' id='par_1_123' title="bbox 1927 5365 3575 5435">
     <span class='ocr_line' id='line_1_129' title="bbox 1927 5365 3575 5435; baseline -0.003 -10"><span class='ocrx_word' id='word_1_873' title='bbox 1927 5371 2135 5435; x_wconf 78' lang='lat' dir='ltr'>locatis,</span> <span class='ocrx_word' id='word_1_874' title='bbox 2160 5365 2529 5434; x_wconf 73' lang='lat' dir='ltr'>dromndibus,</span> <span class='ocrx_word' id='word_1_875' title='bbox 2558 5373 2664 5422; x_wconf 84' lang='lat' dir='ltr'>etc.</span> <span class='ocrx_word' id='word_1_876' title='bbox 2700 5365 2813 5419; x_wconf 84' lang='lat' dir='ltr'>Nec</span> <span class='ocrx_word' id='word_1_877' title='bbox 2854 5366 2997 5421; x_wconf 82' lang='lat' dir='ltr'>satis</span> <span class='ocrx_word' id='word_1_878' title='bbox 3056 5366 3201 5421; x_wconf 90' lang='lat' dir='ltr'>bene</span> <span class='ocrx_word' id='word_1_879' title='bbox 3262 5365 3575 5432; x_wconf 78' lang='lat' dir='ltr'>Victorius,</span> 
     </span>
    </p>
   </div>
   <div class='ocr_carea' id='block_1_124' title="bbox 1960 5436 3577 5508">
    <p class='ocr_par' dir='ltr' id='par_1_124' title="bbox 1960 5436 3577 5508">
     <span class='ocr_line' id='line_1_130' title="bbox 1960 5436 3577 5508; baseline -0.003 -12"><span class='ocrx_word' id='word_1_880' title='bbox 1960 5444 2022 5497; x_wconf 10' lang='lat' dir='ltr'>cui</span> <span class='ocrx_word' id='word_1_881' title='bbox 2055 5442 2240 5496; x_wconf 78' lang='lat' dir='ltr'>locatis</span> <span class='ocrx_word' id='word_1_882' title='bbox 2271 5441 2514 5507; x_wconf 79' lang='lat' dir='ltr'>camelis,</span> <span class='ocrx_word' id='word_1_883' title='bbox 2546 5442 2597 5493; x_wconf 84' lang='lat' dir='ltr'>et</span> <span class='ocrx_word' id='word_1_884' title='bbox 2644 5436 2932 5501; x_wconf 64' lang='lat' dir='ltr'>dromedz’s,</span> <span class='ocrx_word' id='word_1_885' title='bbox 2978 5439 3142 5508; x_wconf 66' lang='lat' dir='ltr'>quasi</span> <span class='ocrx_word' id='word_1_886' title='bbox 3198 5439 3324 5491; x_wconf 78' lang='lat' dir='ltr'>dua</span> <span class='ocrx_word' id='word_1_887' title='bbox 3380 5442 3577 5491; x_wconf 83' lang='lat' dir='ltr'>essent</span> 
     </span>
    </p>
   </div>
   <div class='ocr_carea' id='block_1_125' title="bbox 1968 5507 3575 5581">
    <p class='ocr_par' dir='ltr' id='par_1_125' title="bbox 1968 5507 3575 5581">
     <span class='ocr_line' id='line_1_131' title="bbox 1968 5507 3575 5581; baseline -0.003 -13"><span class='ocrx_word' id='word_1_888' title='bbox 1968 5512 2252 5568; x_wconf 89' lang='lat' dir='ltr'>elluarum</span> <span class='ocrx_word' id='word_1_889' title='bbox 2286 5510 2530 5581; x_wconf 83' lang='lat' dir='ltr'>species,</span> <span class='ocrx_word' id='word_1_890' title='bbox 2564 5513 2765 5564; x_wconf 87' lang='lat' dir='ltr'>contra</span> <span class='ocrx_word' id='word_1_891' title='bbox 2795 5525 2972 5579; x_wconf 88' lang='lat' dir='ltr'>quam</span> <span class='ocrx_word' id='word_1_892' title='bbox 3004 5507 3169 5565; x_wconf 86' lang='lat' dir='ltr'>docet</span> <span class='ocrx_word' id='word_1_893' title='bbox 3200 5508 3479 5581; x_wconf 82' lang='lat' dir='ltr'>Vopiscus</span> <span class='ocrx_word' id='word_1_894' title='bbox 3516 5507 3575 5563; x_wconf 90' lang='lat' dir='ltr'>in</span> 
     </span>
    </p>
   </div>
   <div class='ocr_carea' id='block_1_126' title="bbox 1925 5579 3577 5653">
    <p class='ocr_par' dir='ltr' id='par_1_126' title="bbox 1925 5579 3577 5653">
     <span class='ocr_line' id='line_1_132' title="bbox 1925 5579 3577 5653; baseline -0.002 -14"><span class='ocrx_word' id='word_1_895' title='bbox 1925 5583 2265 5647; x_wconf 87' lang='lat' dir='ltr'>Aureliano,</span> <span class='ocrx_word' id='word_1_896' title='bbox 2290 5579 2526 5636; x_wconf 81' lang='lat' dir='ltr'>Zenobia</span> <span class='ocrx_word' id='word_1_897' title='bbox 2554 5596 2677 5653; x_wconf 72' lang='lat' dir='ltr'>cum</span> <span class='ocrx_word' id='word_1_898' title='bbox 2727 5582 2941 5653; x_wconf 74' lang='lat' dir='ltr'>fugeret</span> <span class='ocrx_word' id='word_1_899' title='bbox 2998 5582 3240 5645; x_wconf 79' lang='lat' dir='ltr'>camelis,</span> <span class='ocrx_word' id='word_1_900' title='bbox 3272 5579 3404 5653; x_wconf 70' lang='lat' dir='ltr'>quos</span> <span class='ocrx_word' id='word_1_901' title='bbox 3447 5579 3577 5635; x_wconf 83' lang='lat' dir='ltr'>dro-</span> 
     </span>
    </p>
   </div>
   <div class='ocr_carea' id='block_1_127' title="bbox 1926 5650 3576 5731">
    <p class='ocr_par' dir='ltr' id='par_1_127' title="bbox 1926 5650 3576 5731">
     <span class='ocr_line' id='line_1_133' title="bbox 1926 5650 3576 5731; baseline -0.001 -18"><span class='ocrx_word' id='word_1_902' title='bbox 1926 5653 2109 5731; x_wconf 63' lang='lat' dir='ltr'>madas</span> <span class='ocrx_word' id='word_1_903' title='bbox 2140 5654 2414 5731; x_wconf 79' lang='lat' dir='ltr'>_vocitant,</span> <span class='ocrx_word' id='word_1_904' title='bbox 2438 5656 2549 5711; x_wconf 90' lang='lat' dir='ltr'>etc.</span> <span class='ocrx_word' id='word_1_905' title='bbox 2599 5650 2735 5713; x_wconf 83' lang='lat' dir='ltr'>Nos</span> <span class='ocrx_word' id='word_1_906' title='bbox 2764 5650 2958 5715; x_wconf 84' lang='lat' dir='ltr'>locum</span> <span class='ocrx_word' id='word_1_907' title='bbox 3008 5668 3038 5713; x_wconf 89' lang='lat' dir='ltr'>e</span> <span class='ocrx_word' id='word_1_908' title='bbox 3087 5669 3233 5713; x_wconf 87' lang='lat' dir='ltr'>mss.</span> <span class='ocrx_word' id='word_1_909' title='bbox 3282 5650 3576 5731; x_wconf 65' lang='lat' dir='ltr'>consensu</span> 
     </span>
    </p>
   </div>
   <div class='ocr_carea' id='block_1_128' title="bbox 1926 5724 2319 5819">
    <p class='ocr_par' dir='ltr' id='par_1_128' title="bbox 1926 5724 2319 5819">
     <span class='ocr_line' id='line_1_134' title="bbox 1926 5724 2319 5819; baseline -0.015 -26"><span class='ocrx_word' id='word_1_910' title='bbox 1926 5724 2319 5819; x_wconf 66' lang='lat' dir='ltr'>restituimusg</span> 
     </span>
    </p>
   </div>
  </div>
