3970 6448
406 372 493 436 ιτ
1655 384 1719 446 S.
1765 382 2076 448 EUSEBII
2121 384 2414 449 HIERON
2426 384 2569 449 YMI

3726 378 3812 444 48

404 512 602 565 autem
624 507 693 566 ad
727 508 1027 568 hortulum
1054 516 1359 571 venerant:
1383 513 1835 589 Videtis,inquit
1860 518 2041 587 Isaac,
2073 522 2130 588 Α
2158 520 2461 593 respondit
2495 537 2508 575 :
2542 519 2759 576 Idcirco
2800 517 2962 575 abire
3010 517 3247 587 festino,
3279 530 3354 573 ne
3400 514 3565 573 vobis
3616 517 3803 573 mole-

404 596 516 653 hoc
544 598 871 670 pomarium
887 601 995 672 [AL
1019 602 1370 676 pomerium]
1384 605 1710 662 arbusculis
1729 607 2043 675 consitum,

405 688 463 741 et
491 684 749 745 oleribus
777 688 971 745 virens
998 708 1011 759 ;
1042 695 1176 747 ante
1201 691 1309 748 hoc
1342 694 1521 750 ferme
1541 695 1860 751 triennium
1913 712 2047 751 cum

405 790 754 848 onagrorum
784 794 921 851 grex
940 783 1214 849 vastaret,
1231 798 1415 838 unum
1438 800 1468 839 e
1483 783 1824 839 ductoribus
1845 799 2049 841 eorum

405 867 561 920 stare
583 866 784 936 jussit,
818 866 1145 941 baculoque
1186 872 1439 927 tundens
1480 871 1692 928 latera:
1720 874 1928 940 Quare,
1961 873 2049 927 in-

405 954 554 1024 quit,
579 955 886 1012 comeditis
916 958 1071 1029 quod
1104 975 1218 1014 non
1241 960 1575 1017 seminastis
1591 960 1619 1015 ?
1640 962 1708 1016 Et
1737 962 1941 1017 exinde
1962 978 2052 1017 ex-

406 1042 589 1114 ceptis
620 1043 812 1118 aquis,
844 1046 915 1101 ad
947 1062 1094 1118 quas
1133 1049 1417 1120 potandas
1464 1049 1846 1122 ventitabant,
1877 1067 2051 1106 num-

406 1147 585 1203 quam
635 1149 733 1189 eos
773 1149 877 1190 nec
925 1136 1318 1204 arbusculam,
1360 1154 1464 1193 nec
1513 1139 1671 1195 olera
1712 1139 2049 1212 contigisse.

409 1219 691 1278 Praeterea
720 1224 962 1296 rogabat
992 1241 1184 1293 senex,
1217 1230 1283 1281 ut
1312 1226 1423 1282 sibi
1453 1226 1645 1283 locum
1680 1228 1893 1284 tumuli
1925 1230 2052 1299 ejus

408 1310 800 1368 ostenderent.
834 1311 939 1375 Qui
969 1329 1103 1369 cum
1159 1330 1426 1371 seorsum
1477 1331 1613 1371 eum
1645 1317 2048 1384 abduxissent,

406 1401 608 1454 utrum
641 1402 1090 1458 monstraverint
1119 1421 1299 1460 necne
1328 1404 1649 1478 ignoratur.
1683 1409 1929 1462 Causam
1962 1424 2057 1463 oc-

405 1486 662 1543 cultandi
686 1489 857 1560 juxta
886 1497 1242 1564 praaceptum
1272 1494 1546 1549 Antonii‘
1580 1495 1761 1551 fuisse
1801 1496 2052 1551 referen-

404 1579 513 1646 tes,
546 1591 617 1632 ne
641 1576 1001 1650 Pergamius,
1035 1580 1137 1652 qui
1168 1582 1270 1638 82
1301 1582 1361 1637 in
1396 1581 1513 1638 illis
1543 1582 1686 1638 locis
1722 1583 2055 1640 ditissimus

405 1665 550 1730 erat,
574 1663 803 1721 sublato
834 1667 906 1722 ad
941 1667 1142 1724 villam
1189 1686 1356 1726 suam
1388 1672 1574 1727 sancti
1600 1689 1861 1745 corpore,
1898 1690 2054 1728 mar-

408 1751 626 1824 tyrium
658 1753 1040 1813 fabricaretur
1054 1759 1095 1812 ³.

476 1840 566 1895 32.
599 1842 858 1899 Pluviam
887 1846 1142 1917 impetrat
1169 1848 1441 1904 Hilarion.
1463 1879 1534 1892 —-
1563 1849 1746 1922 Igitur
1786 1866 2052 1907 reversus

407 1929 479 1986 ad
502 1929 888 2005 Aphroditon,
919 1935 1149 1991 duobus
1188 1953 1388 1993 secum
1408 1942 1638 1995 tantum
1670 1939 1908 1995 retentis
1931 1940 2050 1996 fra-

406 2018 617 2088 tribus,
650 2019 710 2075 in
735 2021 926 2078 vicina
954 2040 1149 2081 eremo
1183 2034 1443 2083 moratus
1491 2031 1580 2083 est
1614 2046 1627 2083 :
1661 2031 1826 2083 tanta
1873 2029 2050 2083 absti-

407 2108 607 2165 nentia
634 2112 692 2165 et
711 2109 960 2178 silentio,
979 2117 1041 2168 ut
1057 2117 1196 2170 tunc
1213 2115 1469 2187 primum
1488 2133 1549 2172 se
1565 2116 1809 2189 coepisse
1821 2116 2050 2172 Christo

406 2196 625 2255 servire
672 2199 906 2257 diceret.
940 2201 1113 2258 Porro
1167 2204 1289 2274 jam
1345 2205 1664 2261 triennium
1715 2211 1857 2275 erat,
1892 2206 2048 2278 quod

405 2286 673 2344 clausum
703 2288 913 2345 cmlum
935 2290 1066 2347 illas
1096 2294 1280 2348 terras
1310 2294 1623 2349 arefecerat
1647 2312 1660 2363 ;
1685 2298 1749 2349 ut
1774 2294 1946 2367 vulgo
1969 2294 2052 2349 di-

405 2380 617 2446 cerent,
648 2378 882 2433 Antonii
913 2382 1156 2435 mortem
1184 2380 1362 2437 etiam
1392 2382 2049 2455 elementalugere.Non

404 2461 575 2519 latuit
604 2464 762 2521 fama
790 2466 1103 2523 Hilarionis
1132 2469 1357 2525 accolas
1390 2487 1619 2543 quoque
1647 2470 1804 2527 illius
1834 2471 1944 2528 loci
1968 2476 2053 2527 :et

407 2554 672 2610 certatim
700 2554 887 2611 virilis
916 2573 983 2611 ac
1032 2557 1337 2615 muliebris
1386 2576 1561 2616 sexus
1605 2578 1702 2616 ore
1760 2560 1959 2629 luridi,
1996 2565 2053 2617 et

412 2643 695 2698 attenuati
745 2643 917 2713 fame,
946 2643 1177 2717 pluvias
1225 2664 1259 2702 a
1299 2664 1461 2703 servo
1509 2648 1743 2715 Christi,
1770 2650 1828 2704 id
1878 2653 1986 2718 est,
2020 2668 2054 2705 a

409 2728 565 2786 beati
600 2730 833 2786 Antonii
862 2748 1197 2789 successore
1237 2734 1719 2806 deprecabantur.
1752 2736 1908 2799 Quos
1956 2735 2053 2791 ille

412 2832 677 2887 cernens,
712 2818 858 2875 mire
887 2820 1095 2876 doluit.
1118 2820 1485 2894 Elevatisque
1516 2822 1573 2878 in
1609 2822 1816 2879 malum
1844 2824 2049 2893 oculis,

408 2910 466 2962 et
495 2911 773 2979 utrasque
802 2907 861 2963 in
894 2909 1147 2967 sublime
1176 2911 1406 2983 erigens
1430 2911 1676 2983 palmas,
1710 2914 1908 2969 statim
1941 2915 2052 2969 im-

407 2995 653 3068 petravit
674 2997 827 3068 quod
860 3003 1221 3073 rogaverunt.
1254 2999 1395 3055 Ecce
1442 3005 1635 3056 autem
1677 3001 1882 3058 sitiens
1928 3019 2052 3058 are-

408 3101 670 3158 nosaque
700 3086 878 3160 regio,
913 3092 1223 3161 postquam
1254 3088 1467 3160 pluviis
1496 3089 1736 3163 irrigata
1784 3096 1891 3155 est,
1929 3096 2053 3147 tan-

406 3177 527 3231 tam
558 3180 894 3248 serpentum
920 3182 977 3232 et
1005 3181 1422 3234 venenatorum
1453 3179 1797 3235 animalium
1823 3197 1890 3236 ex
1950 3182 2055 3236 im-

2158 609 2333 666 stiam
2362 609 2838 682 generem.Certe
2866 623 2934 665 ex
2965 607 3389 681 posterioribus
3418 606 3807 679 cognoscetis,

2159 715 2275 754 non
2308 700 2432 754 sine
2458 715 2635 754 causa
2664 714 2757 754 me
2787 699 2982 753 subito
3015 696 3371 753 ambulasse.
3397 696 3583 768 Igitur
3624 695 3809 752 altera

2159 787 2253 842 die
2281 786 2566 842 Gazenses
2596 803 2731 842 cum
2771 785 3079 841 lictoribus
3128 783 3379 858 praefecti
3410 784 3572 855 (nam
3619 781 3810 855 pridie

2159 892 2292 931 eum
2324 876 2552 931 venisse
2590 876 3002 947 cognoverant)
3041 874 3327 929 intrantes
3359 871 3810 939 monasterium,

2159 980 2294 1019 cum
2326 963 2493 1019 illum
2526 964 2768 1019 minime
2799 963 3161 1019 invenissent
3208 962 3456 1017 invicem
3486 960 3810 1032 loqueban-

2159 1056 2258 1107 tur
2288 1068 2301 1107 :
2335 1052 2538 1108 Nonne
2567 1069 2700 1108 vera
2731 1056 2871 1107 sunt
2899 1069 3025 1123 qua:
3056 1050 3388 1107 audivimus
3408 1050 3437 1105 ?
3465 1066 3676 1123 magus
3698 1053 3811 1121 est,

2162 1149 2218 1197 et
2254 1141 2452 1197 futura
2495 1142 2812 1214 cognoscit.
2847 1141 2995 1197 Urbs
3042 1140 3198 1196 enim
3242 1140 3413 1207 Gaza,
3464 1142 3810 1211 postquam,

2163 1232 2414 1303 profecto
2438 1231 2509 1285 de
2537 1228 2845 1285 Palaestina
2873 1228 3185 1295 Hilarione,
3213 1227 3487 1284 Julianus
3517 1227 3576 1283 in
3623 1228 3811 1300 impe-

2165 1319 2314 1375 rium
2353 1320 2455 1376 88
2487 1322 2866 1385 successerat,
2916 1319 3213 1373 destructo
3262 1316 3615 1372 monasterio
3656 1316 3812 1387 ejus,

2164 1409 2435 1481 precibus
2472 1409 2543 1464 ad
2593 1408 3003 1480 imperatorem
3049 1407 3223 1473 datis,
3273 1412 3331 1462 et
3372 1405 3707 1471 Hilarionis,
3756 1410 3817 1462 et

2165 1497 2432 1570 Hesychii
2466 1500 2712 1552 mortem
2736 1496 3150 1567 impetraverat
3182 1512 3194 1550 :
3224 1495 3517 1567 amboque
3547 1498 3613 1550 ut
3650 1509 3809 1566 quaa-

2164 1589 2449 1653 rerentur,
2484 1589 2605 1641 toto
2636 1584 2773 1640 orbe
2794 1584 3077 1656 scriptum
3108 1587 3254 1639 erat.

2234 1675 2320 1731 34.
2348 1676 2421 1730 De
2448 1674 2686 1729 Adriano
2706 1674 2990 1745 discipulo.
3009 1703 3080 1714 —
3107 1673 3395 1746 Egressus
3422 1688 3559 1745 ergo
3581 1673 3653 1728 de
3669 1672 3820 1729 Bru-

2164 1764 2313 1833 chio,
2347 1780 2450 1835 per
2478 1763 2692 1819 inviam
2721 1762 3102 1818 solitudinem
3132 1761 3372 1817 intravit
3418 1760 3616 1817 Oasim
3647 1779 3665 1816 :
3698 1762 3817 1817 ibi-

2165 1870 2276 1927 que
2309 1870 2461 1909 anno
2509 1852 2641 1925 plus
2689 1852 2887 1908 minus
2925 1855 3143 1920 exacto,
3176 1852 3316 1924 quia
3354 1850 3492 1907 illuc
3520 1852 3543 1886 ⁸
3573 1866 3814 1923 quoque

2160 1959 2268 1998 sua
2298 1942 2455 1997 fama
2483 1944 2840 2013 pervenerat,
2873 1940 3041 2011 quasi
3080 1941 3208 2012 jam
3243 1940 3303 1995 in
3345 1938 3581 1995 Oriente
3628 1938 3814 1996 latere

2112 2014 2129 2031 ’
2159 2048 2274 2087 non
2306 2034 2521 2103 posset,
2555 2030 2655 2086 ubi
2689 2028 2859 2084 multi
2889 2027 3055 2083 illum
3096 2032 3153 2084 et
3203 2028 3495 2099 Opinione,
3528 2031 3588 2083 et
3639 2026 3813 2084 vultu

2160 2125 2457 2187 noverant,
2488 2120 2557 2174 ad
2591 2118 2746 2175 solas
2792 2118 3064 2189 navigare
3112 2116 3339 2172 insulas
3378 2116 3708 2188 cogitabat;
3744 2122 3818 2173 ut

2161 2226 2333 2282 quem
2364 2214 2519 2265 terra
2545 2207 2897 2280 vulgaverat,
2934 2205 3140 2261 saltem
3173 2206 3359 2261 maria
3388 2205 3663 2262 celarent.
3698 2205 3815 2262 Eo-

2160 2301 2293 2355 dem
2327 2298 2505 2353 ferme
2530 2301 2790 2368 tempore
2820 2294 3147 2350 Hadrianus
3195 2293 3521 2366 discipulus
3564 2294 3693 2365 ejus
3737 2293 3817 2350 de

2161 2387 2467 2444 Palaestina
2498 2385 2851 2458 supervenit,
2877 2384 3076 2439 dicens
3104 2382 3406 2438 Julianum
3441 2382 3724 2451 occisum,
3752 2387 3817 2439 et

2160 2476 2560 2532 Christianum
2611 2473 3025 2545 imperatorem
3084 2470 3505 2544 (Jovinianum)
3562 2487 3816 2544 regnare

2160 2565 2441 2638 ccepisse;
2470 2562 2792 2633 revertique
2820 2577 2955 2616 eum
2986 2561 3195 2617 debere
3226 2560 3296 2615 ad
3335 2560 3676 2615 monasterii
3708 2561 3809 2616 sui

2162 2653 2458 2726 reliquias.
2483 2652 2645 2716 Quod
2675 2650 2771 2706 ille
2801 2651 3043 2706 audiens
3074 2650 3394 2705 detestatus
3416 2653 3503 2705 est
3536 2666 3549 2704 :
3582 2653 3642 2705 et
3665 2666 3811 2705 con-

2162 2743 2335 2797 ducto
2366 2741 2609 2806 camelo,
2635 2756 2737 2813 per
2765 2743 2988 2794 vastam
3020 2737 3415 2806 solitudinem,
3443 2736 3702 2811 pervenit
3731 2738 3815 2794 ad

2163 2830 2517 2885 maritimam
2551 2829 2755 2884 urbem
2787 2827 2996 2900 Libyae,
3020 2826 3537 2882 Paretoniumzubi
3571 2826 3817 2882 Hadria-

2162 2936 2274 2976 nus
2305 2918 2503 2973 infelix
2522 2916 2721 2973 volens
2749 2915 3121 2972 Palaestinam
3153 2915 3384 2982 reverti,
3419 2918 3474 2971 et
3495 2915 3816 2987 pristinam

2163 3009 2273 3065 sub
2307 3007 2543 3063 nomine
2591 3004 2855 3077 magistri
2888 3020 3155 3075 quaerens
3196 3003 3464 3077 gloriam,
3492 3002 3709 3059 multas
3761 3005 3817 3061 ei

2162 3098 2295 3154 fecit
2337 3096 2603 3166 injurias.
2645 3096 2727 3149 Ad
2778 3098 3125 3159 extremum,
3181 3092 3509 3148 convasatis
3547 3091 3569 3127 ⁸
3600 3108 3730 3164 qua
3782 3110 3820 3149 a

2163 3188 2440 3243 fratribus
2471 3186 2521 3241 ei
2553 3184 2737 3240 missa
2765 3180 3075 3250 detulerat,
3099 3183 3391 3237 nesciente
3434 3180 3555 3248 illo,
3585 3182 3818 3253 profec-

408 3267 637 3337 proviso
660 3266 923 3322 ebullivit
946 3267 1484 3350 multitudinemmt
1500 3269 1761 3341 percussi
1784 3270 2052 3328 in’nume-
2082 3257 2125 3325 C
2164 3283 2259 3335 tus
2290 3281 2395 3332 est.
2429 3278 2618 3347 Super
2645 3273 2753 3328 hoc
2784 3271 2924 3343 quia
2962 3269 3109 3326 alter
3152 3270 3312 3327 locus
3362 3270 3646 3325 referendi
3694 3287 3818 3327 non

408 3353 643 3422 rabiles,
675 3354 789 3410 nisi
834 3356 906 3411 ad
955 3354 1313 3412 Hilarionom
1360 3358 1811 3427 concurrissent,
1857 3361 2055 3416 statim

412 3442 736 3500 interirent.
770 3443 1079 3500 Benedicto
1109 3444 1306 3516 itaque
1338 3445 1462 3501 oleo
1496 3446 1750 3503 universi
1792 3451 2055 3522 agricolae

413 3541 588 3607 atque
616 3538 879 3608 pastores
912 3537 1214 3607 tangentes
1244 3532 1503 3601 vulnera,
1537 3540 1754 3592 certam
1804 3539 2055 3598 salutem

414 3628 810 3684 resumebant.

480 3718 569 3773 33.
602 3719 791 3788 Pergit
812 3718 874 3773 in
901 3716 1044 3773 alia:
1064 3719 1412 3789 regiones.—
1434 3719 1651 3774 Videns
1682 3718 1855 3774 etiam
1891 3720 1968 3774 ibi
1992 3738 2055 3778 se

411 3809 577 3865 miris
609 3808 933 3866 honoribus
963 3806 1140 3874 affici,
1170 3808 1423 3879 perrexit
1458 3807 1885 3875 Alexandriam,
1920 3808 2055 3865 inde

407 3899 480 3957 ad
542 3897 877 3955 ulteriorem
922 3899 1069 3969 [mea
1133 3896 1487 3968 interiorem]
1542 3896 1737 3954 Oasim
1790 3914 2053 3953 ercmum

406 3988 869 4045 transiturus.Et
890 3987 1029 4059 quia
1046 4004 1367 4059 numquam
1397 4003 1467 4043 ex
1495 4004 1611 4059 quo
1636 3991 1883 4060 coeperat
1901 3992 2056 4044 esset

405 4076 748 4143 monachus,
781 4077 838 4131 in
870 4076 1115 4132 urbibus
1147 4079 1465 4147 manserat,
1497 4075 1728 4131 divertit
1757 4076 1828 4131 ad
1875 4092 2052 4147 quos-

403 4168 539 4223 dam
572 4167 778 4222 fratres
810 4164 920 4221 sibi
978 4169 1147 4221 notos
1192 4166 1250 4220 in
1294 4164 1543 4222 Bruchio
1570 4167 1611 4233 ³,
1643 4165 1800 4221 haud
1853 4164 2053 4237 procul

403 4257 475 4313 ab
501 4253 889 4322 Alexandria;
923 4254 1022 4325 qui
1053 4270 1188 4309 cum
1211 4254 1359 4309 miro
1402 4253 1616 4327 gaudio
1655 4254 2055 4325 suscepissent

401 4360 625 4413 senem,
658 4350 714 4400 et
737 4346 862 4418 jam
902 4343 1089 4400 vicina
1122 4360 1234 4400 nox
1298 4347 1474 4409 esset,
1524 4347 1761 4415 repente
1807 4342 2054 4399 audiunt

402 4433 720 4507 discipulos
751 4435 880 4506 ejus
930 4432 1162 4489 asinum
1208 4436 1487 4502 sternere,
1519 4431 1807 4503 illumque
1849 4449 2052 4504 parare

400 4524 928 4598 proficisci.ltaque
960 4521 1214 4578 advoluti
1248 4522 1818 4594 pedibus,rogabant
1848 4538 1919 4577 ne
1941 4521 2050 4578 hoc

2166 3372 2272 3436 est,
2306 3366 2414 3421 hoc
2461 3368 2689 3419 tantum
2740 3358 2984 3417 dixerim
3032 3360 3092 3416 in
3138 3365 3415 3416 terrorem
3463 3374 3665 3415 eorum
3709 3362 3820 3431 qui

2168 3457 2479 3529 magistros
2502 3449 3034 3524 despiciunt;quod
3056 3455 3187 3522 post
3208 3447 3635 3521 aliquantulum
3665 3452 3820 3504 tem-

2167 3547 2324 3619 poris
2351 3541 2776 3615 computruerit
2804 3540 3007 3595 morbo
3040 3539 3217 3611 regio.

2235 3636 2322 3689 35.
2348 3631 2767 3700 Evangeliorum
2794 3627 3028 3683 codicem
3052 3644 3223 3684 manu
3251 3645 3350 3684 sua
3390 3630 3709 3700 scripserat.
3738 3658 3818 3672 —

2164 3725 2398 3780 Habens
2446 3721 2626 3794 igitur
2671 3720 2893 3776 senex6
2939 3722 3234 3774 Gazanum
3274 3734 3497 3783 secum,
3547 3718 3822 3774 ascendit

2164 3814 2435 3874 classem,
2470 3826 2598 3883 qua:
2637 3808 2893 3865 Siciliam
2926 3806 3255 3880 navigabat.
3289 3811 3550 3879 Cumque
3594 3822 3822 3862 venun-

2163 3905 2298 3960 dato
2328 3899 2773 3973 Evangeliorum
2803 3896 3019 3965 codice,
3046 3913 3220 3969 quem
3252 3913 3429 3952 manu
3453 3913 3561 3952 sua
3591 3894 3824 3953 adoles-

2163 4010 2301 4049 cens
2331 3990 2664 4062 scripserat,
2698 3988 2838 4043 dare
2867 3985 3109 4043 naulum
3142 3985 3480 4057 disponeret
3526 3984 3583 4041 in
3617 3985 3821 4049 medio

2166 4084 2343 4137 ferme
2390 4076 2880 4147 Adriae,naucleri
2928 4074 3084 4131 filius
3139 4078 3407 4146 arreptus
3454 4090 3489 4130 a
3524 4074 3819 4143 daemone,

2163 4171 2415 4228 clamare
2453 4168 2648 4240 cmpit,
2685 4170 2741 4223 et
2791 4165 3021 4221 dicere:
3054 4162 3311 4219 Hilarion
3356 4179 3519 4219 serve
3549 4161 3672 4230 Dei,
3705 4178 3826 4220 cur

2163 4259 2329 4316 nobis
2362 4275 2459 4331 per
2488 4260 2544 4313 te
2574 4260 2632 4312 et
2660 4256 2718 4310 in
2749 4253 2955 4327 pelago
2985 4256 3142 4309 tutos
3172 4269 3301 4309 esse
3346 4268 3461 4307 non
3511 4248 3692 4307 licet?
3721 4250 3824 4311 Ita

2163 4349 2306 4406 mihi
2339 4347 2595 4420 spatium
2627 4345 2810 4400 donec
2831 4343 2903 4401 ad
2933 4346 3150 4399 terram
3171 4339 3423 4407 veniam,
3447 4356 3522 4397 ne
3540 4339 3636 4396 hic
3663 4339 3822 4410 ejec-

2158 4444 2277 4505 tus,
2310 4436 2637 4510 praecipiter
2666 4434 2724 4489 in
2755 4433 3057 4503 abyssum.
3080 4430 3183 4486 Cui
3219 4428 3338 4485 ille:
3357 4429 3415 4485 Si
3434 4428 3588 4485 Deus
3611 4443 3814 4498 meus,

2160 4528 2259 4596 ait,
2292 4526 2397 4583 tibi
2425 4523 2688 4581 concedit
2718 4525 2783 4577 ut
2810 4536 3067 4587 maneas,
3103 4534 3309 4583 mane;
3344 4518 3436 4573 sin
3481 4521 3675 4574 autem
3704 4516 3815 4576 ille

400 4614 653 4682 faceret;
687 4616 742 4669 et
791 4616 925 4669 ante
979 4610 1159 4667 limen
1219 4611 1520 4683 prostrati,
1554 4611 1727 4667 citius
1780 4628 1841 4667 se
1872 4613 2040 4680 mori,
2072 4626 2119 4691 Ι)
2151 4627 2208 4678 te
2238 4617 2417 4689 ejicit,
2450 4614 2590 4688 quid
2620 4610 2767 4667 mihi
2796 4610 3077 4664 invidiam
3100 4608 3263 4675 facis,
3292 4609 3393 4664 34
3415 4604 3639 4662 homini
3673 4622 3814 4679 pec-

396 4720 575 4777 quam
608 4708 769 4761 tanto
792 4718 986 4760 carere
1017 4701 1244 4774 hospite
1275 4701 1660 4757 testabantur.
1693 4700 1917 4765 Quibus
1946 4701 2044 4758 ille

666 4804 695 4835 Ι

464 4948 480 4981 ί
514 4946 644 5002 Vid.
670 4946 728 5002 S.
762 4946 1150 5003 Athanasium
1181 4946 1241 5003 in
1274 4946 1375 5003 Vit.
1411 4946 1464 5003 3.
1499 4947 1738 5003 Antonii.
1774 4948 1927 5007 Infra
1957 4947 2038 5008 le-

388 5019 548 5075 viora
579 5019 846 5087 quaadam
881 5020 1282 5075 emendamus.

458 5089 1307 5162 "Martyr.fabric.Martyrium
1341 5096 1429 5145 est
1464 5092 1743 5162 templum
1778 5093 2035 5150 dicatum

388 5158 763 5233 inhonorem
792 5158 1137 5233 martyrum,
1168 5162 1252 5215 vel
1293 5158 1711 5218 confessorem.
1746 5165 2031 5220 MARTIAN.

457 5231 815 5307 3_P_erperam
848 5238 904 5307 et
926 5231 1133 5307 contra
1164 5250 1305 5307 mss.
1342 5234 1515 5307 fidem
1549 5234 1854 5307 hucusque
1885 5236 2033 5292 obti-

388 5301 516 5357 nuit
546 5301 639 5378 ὴῑό
659 5307 827 5378 atque
850 5304 1002 5378 infra
1026 5306 1235 5378 Brutio.
1258 5305 1372 5378 Sed
1386 5307 1691 5378 Bruchium
1722 5301 2032 5378 legendum

388 5375 614 5429 monuit
644 5377 816 5427 etiam
849 5377 1141 5441 Ammian.
1174 5375 1419 5430 Marcell.
1453 5377 1551 5431 lib.
1588 5395 1726 5441 xxxi,
1761 5375 1805 5431 ὁ
1850 5379 1929 5432 i6.
1967 5379 2033 5432 Et

384 5445 769 5524 Epiphanius,
818 5447 929 5524 qui
973 5445 1217 5520 ’Βρούχιον
1244 5456 1409 5524 gazis,
1464 5450 1519 5503 id
1572 5455 1676 5524 _est
1733 5451 2030 5520 regionem

382 5517 698 5572 Brunchz'on
717 5518 927 5572 dictam
948 5517 1053 5573 sua
1071 5517 1233 5573 actate
1251 5521 1537 5575 desertam
1564 5522 1744 5575 fuiSse
1761 5517 2028 5576 testatur.

2151 4709 2333 4768 catori
2358 4710 2537 4779 atque
2562 4699 2827 4759 mendico
2844 4698 3001 4757 ?Hoc
3022 4702 3216 4754 autem
3248 4695 3499 4767 dicebat,
3517 4711 3589 4751 ne
3607 4700 3807 4753 nautae

2148 4965 2328 5031 δρειαν.
2372 4946 2775 5031 Alexandrinae
2831 4945 3016 5031 urbis.
3052 4940 3208 5028 regio
3267 4943 3395 5031 ista
3436 4940 3564 5010 fuit,
3627 4941 3806 5031 quasi

2145 5012 2413 5103 etiam»
2452 5023 2642 5103 _dicta,
2674 5038 2707 5076 a
2757 5036 2901 5101 quo_
2928 5012 3150 5103 detoria
3206 5032 3312 5103 ξ’οξ
3347 5012 3803 5103 ,Βρῳδχιονίίἀθρ

2148 5054 2301 5103 πυρου
2326 5053 2413 5109 ³ἐιν
2468 5053 2642 5087 Ulcus,
2674 5053 2707 5076 α
2757 5053 2901 5101 quo.
2928 5053 3150 5101 ιξῠιυιηι
3215 5053 3312 5071 vu.\
3370 5053 3632 5095 aveat-un,
3670 5053 3803 5087 ...ε-νγ

2148 5053 2723 5176 ρβτγῆρδιιτφηευπξ.
2743 5089 3137 5176 complacare,
3173 5091 3235 5176 et
3264 5086 3805 5176 Retevleeseetﬁe:

2146 5155 2231 5227 dit
2262 5171 2317 5224 in
2345 5155 2823 5241 annotationibus
2844 5155 3318 5241 inlﬂpiplianium
3339 5162 3411 5217 de
3434 5155 3802 5229 ponderibus

2146 5249 2202 5299 et
2233 5238 2549 5302 mensuris,
2572 5252 2744 5307 quem
2779 5235 2827 5290 si
2859 5232 3020 5288 lubet
3046 5231 3194 5307 vide.

2212 5314 2234 5347 ⁴
2267 5313 2429 5377 Mss.,
2459 5303 2830 5378 Illuc—quoquc
2858 5321 2981 5380 cum
3010 5303 3279 5380 suifama
3314 5304 3708 5380 praeterierat“

2212 5384 2234 5419 ⁵
2265 5384 2385 5437 Duo
2414 5368 2587 5447 mss.,
2621 5368 2925 5433 conuocatis
2970 5368 3229 5447 omnibus
3253 5368 3397 5445 qua},
3449 5368 3793 5447 etc.,__a|ius

2139 5472 2261 5509 cum
2294 5455 2437 5509 vasis
2458 5442 2598 5521 qua},
2634 5455 2740 5521 etc.
2766 5448 2993 5521 Monuit
3021 5442 3319 5521 Victorius
3338 5442 3644 5521 convasatis
3664 5456 3794 5511 per-

2140 5526 2273 5581 inde
2302 5540 2429 5581 esse
2458 5516 2523 5578 ac
2552 5520 2809 5577 collectis
2840 5519 2899 5574 in
2940 5518 3200 5573 sarcinas
3244 5518 3439 5584 rebus,
3469 5516 3537 5569 ut
3584 5527 3791 5586 aspor-

381 5591 597 5647 Auctor
652 5588 789 5643 Vitae
856 5589 1127 5663 Hpollinii
1187 5591 1437 5665 Dyscoli,
1484 5601 1727 5665 Προύγιον
1784 5597 1949 5647 vocat
1979 5599 2030 5648 ἐν

2203 5603 2357 5652 ntur.

377 5668 443 5733 τῇ
498 5669 717 5736 προυχίῳ
774 5672 883 5735 περὶ
936 5672 1020 5719 τὸν
1075 5671 1252 5736 δρέμον
1296 5674 1390 5736 (sic
1457 5674 1611 5735 forte,
1659 5687 1752 5732 την
1798 5671 2026 5737 ἔρημον),

382 5738 435 5800 ὅν
512 5734 659 5813 me
717 5734 845 5794 i5an
896 5744 1006 5811 (sic)
1084 5734 1374 5811 ’καλουμένῳ
1457 5734 1567 5810 mi
1645 5747 1738 5806 τὴν
1802 5734 2028 5811 Ἀλεξάν-

2206 5670 2227 5706 θ
2260 5668 2439 5727 Iidem
2475 5682 2644 5734 mss.,
2676 5664 2868 5723 Senem
2898 5664 3194 5722 Zazanum.
