3970 6418
159 319 224 390 ω
1236 327 1423 393 VITA
1467 328 1533 392 S.
1579 323 2029 392 HILARIONIS
2074 327 2476 394 EREMI'I‘.E.
3460 318 3542 392 50

161 471 207 527 et
230 463 605 540 negotiatores
638 462 738 538 qui
769 461 827 520 in
851 462 980 521 navi
1004 467 1187 534 erant,
1213 481 1276 522 sc
1306 481 1441 521 cum
1465 465 1532 521 ad
1560 469 1778 521 terram
1807 463 1862 530 Α
1893 463 2042 534 ejus,
2076 468 2195 520 toto
2227 481 2426 522 senem
2459 466 2596 524 orbe
2645 467 2962 540 quaerebat,
3014 465 3276 525 lustrans
3313 463 3537 534 littora,

158 557 559 633 pervenissent,
588 555 917 629 proderent.
962 558 1077 612 Nec
1108 553 1297 614 multo
1331 559 1463 630 post
1495 561 1783 630 purgatus
1893 555 2120 612 deserta
2140 559 2482 629 penetrans:
2505 557 2727 615 ethanc
2747 563 2978 616 tantum
2999 557 3224 616 habens
3244 557 3543 622 fiduciam,

158 651 234 705 est
258 663 410 720 puer,
447 649 616 720 patre
646 645 819 702 fidem
844 646 1038 714 dante,
1065 651 1122 702 et
1145 647 1366 702 cmteris
1389 647 1492 718 qui
1516 648 1778 715 aderant,
1892 647 2030 717 quia
2053 646 2410 719 ubicumque
2437 654 2612 715 esset,
2642 649 2743 704 diu
2767 649 2944 705 latere
2960 665 3075 704 non
3093 650 3310 721 posset.
3335 647 3550 702 Trans-

156 736 282 794 nulli
313 752 485 809 super
514 738 645 808 ejus
672 736 906 792 nomine
937 736 1257 793 locuturos.
1891 740 2015 790 acto
2035 735 2352 807 igiturjam
2379 737 2649 805 triennio,
2679 739 2902 795 audivit
2923 738 3204 794 Methone:
3230 755 3264 792 a
3283 736 3543 809 quodam

212 828 294 882 36.
325 828 630 899 Ingressus
679 830 873 881 autem
925 827 1264 899 Pachynum
1313 827 1775 900 promontorium
1889 823 2114 888 Judaco,
2149 825 2307 880 villia
2358 826 2592 898 populis
2623 831 2819 883 scruta
2857 829 3163 895 vendente,
3195 825 3542 897 Prophetam

1889 911 2358 969 Christianorum
2389 915 2733 988 apparuisse
2754 917 2812 971 in
2835 916 3236 982 Sicilia,tanta
3267 911 3552 969 miracula

1886 1006 1942 1056 et
1973 1002 2143 1073 signa
2177 1001 2502 1070 facientem,
2541 1007 2604 1058 ut
2633 1006 2703 1061 de
2730 1005 3024 1060 veteribus
3057 1004 3276 1060 sanctis
3307 1007 3544 1075 putare-

1885 1094 2000 1146 tur.
2035 1093 2406 1163 Interrogans
2430 1094 2449 1126 ⁴
2471 1093 2668 1165 itaque
2689 1093 2957 1150 habitum
2992 1095 3141 1165 ejus,
3171 1093 3467 1148 incessum
3491 1096 3550 1147 et

1882 1180 2168 1252 linguam,
2206 1181 2571 1255 maximeque
2602 1187 2854 1250 aetatem,
2887 1183 3032 1239 nihil
3065 1183 3289 1239 discere
3321 1181 3534 1255 potuit.

1885 1267 1984 1324 Ille
2003 1270 2158 1324 enim
2183 1271 2282 1342 qui
2306 1273 2610 1340 referebat,
2639 1273 2856 1328 famam
2875 1274 2946 1328 ad
2970 1288 3032 1329 se
3050 1272 3280 1328 venisse
3306 1275 3538 1327 tantum

1881 1357 2139 1414 hominis
2170 1361 2512 1415 testabatur.
2548 1361 2854 1433 Ingressus
2895 1362 3075 1433 igitur
3103 1361 3364 1429 Adriam,
3399 1377 3538 1433 pro-

1881 1464 2052 1519 spero
2089 1450 2194 1520 [Αἰ.
2239 1449 2507 1522 propero]
2549 1467 2724 1505 cursu
2753 1449 2908 1505 venit
2936 1450 3314 1519 Pachynum;
3360 1453 3417 1503 et
3465 1449 3527 1504 in

1883 1537 2138 1608 quadam
2162 1536 2321 1592 curvi
2353 1537 2563 1593 littoris
2597 1537 2818 1608 villula,
2845 1539 3061 1594 famam
3091 1536 3248 1593 senis
3275 1536 3535 1592 sciscita-

207 1633 286 1686 37.
318 1633 472 1702 Fugit
508 1631 580 1686 ad
616 1631 1026 1688 mediterranea
1058 1633 1193 1688 loca.
1230 1633 1578 1704 Hydropicus
1606 1651 1766 1690 cura-
1882 1631 1998 1694 tus.
2037 1642 2296 1682 consona
2321 1644 2457 1682 voce
2484 1627 2751 1683 omnium
2777 1628 3047 1700 cognovit
3071 1627 3173 1681 ubi
3199 1631 3375 1692 esset,
3401 1626 3544 1698 quid

147 1725 240 1776 tus.
271 1719 439 1776 Porro
491 1719 822 1792 recogitans
870 1737 942 1777 ne
997 1721 1386 1793 negotiatores
1436 1723 1508 1778 de
1539 1721 1770 1778 Oriente
1881 1720 2116 1787 ageret:
2151 1715 2294 1770 nihil
2330 1716 2386 1771 in
2423 1733 2488 1772 eo
2523 1717 2603 1772 ita
2635 1719 2859 1772 cunctis
2892 1716 3343 1784 admirantibus,
3366 1732 3544 1787 quam

145 1809 412 1866 venientes
468 1827 532 1865 se
591 1815 793 1865 notum
850 1811 1123 1877 facerent,
1173 1813 1245 1866 ad
1299 1813 1721 1868 mediterranea
1752 1814 1766 1846 ¹
1801 1842 1849 1908 Β
1882 1805 2039 1908 quod
2078 1809 2208 1877 post
2239 1809 2402 1906 iunia
2433 1806 2606 1877 signa
2629 1811 2804 1907 atque
2837 1805 3141 1908 miracula,
3179 1823 3249 1862 ne
3276 1805 3543 1904 fragmen

145 1899 274 1971 fugit
300 1898 438 1965 loca,
474 1899 534 1953 id
568 1898 962 1962 est,vicesimo
994 1918 1028 1955 a
1054 1900 1201 1956 mari
1234 1901 1508 1957 milliario
1533 1920 1545 1968 ;
1574 1902 1769 1974 ibique
1801 1894 1848 1908 "
1881 1894 2117 1966 quidem
2147 1895 2314 1967 ponis
2348 1913 2382 1950 a
2418 1912 2724 1968 quoquam
2776 1895 2834 1950 in
2868 1895 2987 1952 illis
3033 1895 3176 1951 locis
3206 1894 3545 1967 accepisset.

145 1987 195 2043 in
215 1988 454 2060 quodam
477 1989 710 2044 deserto
729 1987 935 2061 agello,
955 1988 1250 2062 lignorum
1274 1989 1532 2062 quotidie
1554 1992 1766 2046 fascem
1882 1983 1947 2037 Et
1974 2000 2045 2038 ne
2078 1983 2317 2056 longum
2342 1983 2578 2052 faciam,
2603 1988 2850 2040 sanctus
2869 1983 2958 2039 vir
2987 1983 3310 2056 Hesychius
3328 1983 3399 2039 ad
3426 1999 3542 2038 ma-

147 2075 747 2150 alligans,imponebat
776 2078 948 2134 dorso
969 2078 1403 2150 discipuli.Quo
1427 2080 1484 2134 in
1505 2081 1770 2152 proxima
1874 2071 2041 2144 giSlI‘i
2073 2089 2265 2144 genua
2294 2072 2656 2144 provolutus,
2691 2072 3039 2144 plantasque
3097 2073 3227 2144 ejus
3247 2071 3534 2144 -lacrymis

142 2165 262 2222 villa
286 2167 634 2234 venundato,
666 2170 724 2222 et
755 2165 865 2222 sibi
889 2166 1250 2236 alimoniam,
1284 2172 1341 2224 et
1369 2169 1462 2224 his
1489 2170 1586 2242 qui
1624 2171 1767 2226 forte
1878 2162 2098 2233 rigaDS,
2131 2162 2366 2217 tandem
2401 2161 2472 2216 ab
2506 2178 2572 2216 eo
2597 2161 2958 2230 sublevatus,
2984 2165 3119 2234 post
3143 2161 3308 2217 bidui
3333 2160 3542 2217 tridui-

145 2256 207 2310 ad
233 2272 323 2311 eos
349 2255 678 2325 veniebant,
703 2256 1086 2328 pauvillulum
1120 2258 1289 2329 panis
1334 2259 1628 2315 emebant.
1655 2259 1765 2314 Sed
1877 2266 1990 2321 que
2021 2267 2351 2306 sermonem
2402 2250 2567 2305 audit
2595 2267 2623 2306 ε
2677 2251 2927 2318 Gazam.
2976 2268 3092 2306 non
3139 2267 3309 2322 posse
3340 2267 3538 2307 senem

143 2361 258 2400 vere
279 2346 441 2416 juxta
488 2345 646 2417 quod
692 2346 978 2417 scriptum
1011 2352 1136 2402 est:
1185 2364 1293 2403 non
1342 2353 1514 2419 potest
1575 2350 1766 2404 είυίιαε
1871 2340 1998 2410 jam
2033 2340 2088 2393 in
2125 2339 2244 2394 illis
2275 2339 2540 2394 habitare
2576 2340 2953 2411 regionibus;
2989 2341 3091 2395 sed
3123 2339 3268 2394 velle
3301 2339 3370 2393 ad
3405 2339 3538 2394 bar-

140 2433 293 2490 latere
317 2451 478 2507 super
515 2440 755 2491 montem
778 2438 958 2507 posita
989 2436 1195 2506 (Matth.
1224 2455 1278 2502 v,
1321 2440 1424 2509 1-4),
1471 2438 1764 2494 scutarius
1879 2427 2052 2484 baras
2083 2429 2372 2500 quasdam
2405 2444 2645 2499 pergere
2693 2427 2982 2494 nationes,
3015 2427 3113 2482 ubi
3145 2431 3202 2483 et
3231 2443 3443 2482 nomen
3477 2431 3536 2482 et

143 2522 355 2594 quidam
387 2540 520 2579 cum
555 2523 613 2578 in
650 2523 893 2580 basilica
920 2525 1074 2581 beati
1109 2526 1261 2582 Petri
1303 2527 1498 2582 Romae
1529 2532 1763 2600 torque-
1879 2533 2082 2572 PumOP
2107 2534 2252 2573 SUUS
2287 2516 2620 2587 incognitus
2641 2518 2662 2550 ⁵
2695 2517 2856 2572 foret-

153 915 360 981 Siciliaa,
390 914 602 972 obtulit
632 914 904 973 nauclero
954 915 1333 987 Evangelium
1385 935 1488 989 pro
1535 918 1776 973 subvec-

151 1007 292 1064 tione
321 1022 426 1062 sua
451 1009 508 1060 et
538 1005 774 1061 Gazani.
809 1005 914 1070 Qui
959 1005 1164 1062 nolens
1205 1007 1488 1078 accipere,
1525 1008 1778 1063 maxime

153 1113 270 1153 eum
297 1095 510 1150 videret
533 1094 686 1161 illos,
719 1099 957 1166 excepto
988 1094 1087 1150 illo
1114 1095 1330 1163 codice,
1355 1100 1411 1151 et
1433 1096 1526 1152 his
1557 1096 1776 1168 quibus

151 1185 317 1242 vestiti
344 1189 526 1248 erant,
562 1182 816 1256 amplius
848 1183 993 1239 nihil
1043 1185 1276 1251 habere,
1320 1186 1390 1240 ad
1447 1190 1773 1241 extremum

145 1275 285 1346 jurat
313 1290 372 1330 se
395 1290 510 1329 non
543 1278 940 1346 accepturum.
968 1274 1076 1330 Sed
1110 1278 1167 1328 et
1197 1291 1370 1330 senex
1393 1293 1674 1331 accensus
1708 1277 1773 1331 fi-

151 1363 299 1418 ducia
327 1362 599 1435 pauperis
629 1361 1018 1434 conscientiae,
1044 1363 1101 1418 in
1134 1381 1200 1420 eo
1225 1364 1412 1438 magis
1444 1365 1772 1434 laetabatur,

149 1453 360 1524 etquod
391 1451 540 1508 nihil
573 1451 814 1508 haberet
846 1451 1065 1518 saeculi,
1098 1461 1153 1507 et
1176 1453 1247 1509 ab
1273 1453 1488 1508 accolis
1520 1453 1636 1508 illis
1665 1453 1772 1510 loci

151 1541 429 1598 mendicus
463 1544 788 1614 putaretur.
1396 1541 1404 1550 ’

143 2616 300 2679 retur,
350 2612 626 2669 clamavit
670 2612 729 2668 in
779 2630 845 2670 eo
897 2614 1242 2670 immundus
1290 2615 1572 2688 spiritus:
1617 2618 1763 2672 Ante

143 2717 335 2772 paucos
363 2703 487 2758 dies
512 2701 773 2758 Siciliam
805 2701 1108 2775 ingressus
1140 2711 1227 2760 est
1258 2704 1516 2760 Hilarion
1557 2721 1762 2761 servus

141 2789 348 2858 Christi,
375 2797 431 2848 et
458 2807 630 2847 nemo
686 2807 821 2847 eum
855 2791 1028 2859 novit,
1061 2797 1120 2849 et
1171 2799 1338 2866 putat
1395 2811 1457 2850 se
1503 2811 1631 2850 esse
1672 2812 1760 2850 se-

142 2883 373 2949 cretum;
406 2897 514 2954 ego
543 2880 776 2947 vadam,
817 2886 875 2936 et
923 2883 1166 2954 prodam
1200 2883 1390 2938 illum.
1427 2885 1759 2957 Statimque

141 2984 254 3026 cum
283 2969 523 3027 servulis
547 2971 674 3026 suis
705 2987 947 3027 ascensa
979 2971 1034 3026 in
1068 2977 1238 3044 portu
1273 2989 1436 3040 nave,
1475 2975 1760 3047 appulsus

141 3062 215 3114 est
240 3059 591 3134 Pachynum,
625 3063 683 3115 et
711 3060 1068 3118 deducente'
1100 3079 1161 3119 se
1191 3063 1471 3130 daemone,
1506 3064 1604 3119 ubi
1628 3069 1760 3120 ante

142 3149 414 3221 tugurium
447 3149 610 3206 senis
641 3166 702 3206 se
724 3151 1222 3222 prostravit,illico
1254 3157 1493 3208 curatus
1523 3154 1756 3209 est.Hoe
1795 3212 1828 3222 η
1869 3141 2118 3214 grandes
2151 3141 2286 3207 Sint:
2323 3145 2388 3196 υί
2417 3141 2588 3196 boves
2619 3140 2832 3212 gluma
2865 3143 3110 3210 Βοιθειηῑ,
3144 3157 3376 3196 omnem
3404 3139 3519 3198 Ῐαίθ

141 3235 347 3294 initium
378 3239 684 3312 signorum
719 3239 846 3310 ejus
887 3239 946 3294 in
992 3239 1209 3305 Sicilia,
1260 3241 1754 3298 innumerabilem

1940 3231 2132 3286 stabat
2177 3229 2556 3302 provinciam,
2600 3234 2656 3285 et
2705 3247 2820 3285 non
2843 3229 3032 3286 solum
3057 3233 3323 3286 armenta
3343 3233 3400 3284 et
3417 3246 3522 3301 pe-

141 3325 200 3381 ad
220 3342 340 3384 eum
369 3327 648 3400 deinceps
677 3329 1104 3400 aegrotantium,
1138 3331 1241 3386 sed
1274 3336 1330 3387 et
1352 3331 1756 3402 religiosorum

1945 3321 2044 3375 des
2072 3337 2086 3386 ;
2119 3319 2218 3374 sed
2252 3318 2535 3391 agricolas
2581 3335 2814 3391 quoque
2854 3325 2912 3376 et
2957 3323 3220 3392 pastores
3251 3323 3471 3376 tractos
3496 3321 3518 3356 ⁸

142 3412 417 3472 hominum
461 3417 709 3472 adduxit
754 3419 1194 3475 multitudinem
1228 3438 1240 3474 :
1295 3421 1351 3475 in
1392 3425 1642 3489 tantum,
1695 3426 1759 3477 ut
1868 3409 1938 3464 ad
1974 3424 2034 3462 Se
2067 3408 2118 3461 Vi
2153 3407 2396 3479 Spiritus
2422 3409 2751 3464 absorbeato
2789 3409 2891 3464 (δαί
2915 3426 3045 3464 cum
3072 3425 3273 3481 Pyram
3298 3408 3516 3480 .lUBSiS'

141 3501 203 3560 de
227 3505 571 3576 primoribus
604 3505 741 3561 viris
791 3507 1030 3578 quidam
1067 3512 1301 3565 tumens
1341 3510 1546 3565 morbo
1578 3511 1756 3566 inter-
1867 3503 1956 3553 εει
1985 3499 2318 3569 [imparatis
2375 3503 2431 3553 et
2474 3499 2774 3554 οΓεηίοηθ⁷
2805 3499 2877 3553 ad
2925 3498 3220 3554 Christum
3270 3498 3510 3564 emissa.

139 3592 271 3649 cutis
297 3612 458 3666 aqua;
478 3597 522 3664 ³,
554 3595 758 3651 eodem
809 3595 908 3652 εδ
959 3597 1052 3652 die
1087 3614 1202 3670 quo
1236 3599 1307 3654 ad
1339 3615 1472 3653 eum
1499 3605 1753 3670 venerat,
1867 3591 2098 3642 evocato
2163 3587 2531 3659 prmcepisset
2581 3593 2802 3643 struem
2860 3587 3154 3661 lignorum
3212 3587 3511 3655 scandere,

142 3689 352 3738 curatus
374 3685 468 3740 sit.
497 3683 648 3750 Quia
671 3688 872 3756 postea
890 3685 1140 3742 olferens
1157 3688 1208 3742 ei
1232 3687 1462 3743 infinita
1493 3706 1756 3755 munera,

1939 3694 2062 3730 nem
2114 3677 2425 3748 supposuit
2445 3678 2486 3731 ⁸.
2529 3678 2679 3732 Tum
2715 3677 2910 3749 itaque
2957 3682 3169 3732 cuneta
3217 3680 3515 3749 spectante

1867 3765 2056 3837 plebe,
2108 3765 2427 3820 immanem
2475 3765 2724 3820 bestiam
2775 3765 3185 3821 concremavit.
3226 3767 3324 3822 80
3357 3765 3519 3820 Unde

1868 3858 2147 3920 asstuans,
2183 3854 2324 3924 quid
2375 3854 2605 3921 faceret,
2640 3872 2754 3926 quo
2787 3870 2848 3909 se
2894 3859 3162 3920 verteret,
3208 3853 3384 3909 aliam
3413 3869 3519 3924 pa-

1871 3944 2037 3999 rabat
2060 3943 2290 4015 fugam;
2311 3945 2368 3997 et
2389 3942 2685 3999 solitariae
2709 3950 2893 3999 terras
2917 3947 3110 3997 mente
3133 3940 3519 4014 perlustrans,

1870 4033 2152 4088 maerebat
2182 4033 2288 4102 [AL
2345 4032 2690 4104 mirabatur]
2738 4033 2894 4103 quod
2946 4034 3175 4087 tacente
3206 4030 3276 4086 de
3318 4045 3379 4087 se
3409 4029 3521 4086 lin-

1871 4139 2006 4195 gua,
2035 4119 2320 4176 miracula
2351 4119 2750 4192 loquerentur.

1943 2696 2030 2749 39.
2067 2695 2326 2750 Comburi
2367 2702 2664 2766 serpentem
2719 2695 2874 2750 boam
2929 2695 3157 2752 dictum.
3214 2694 3391 2752 Duxit
3419 2695 3528 2752 ita-

1873 2801 1985 2856 que
2043 2801 2175 2839 eum
2210 2785 2278 2839 ad
2316 2784 2675 2856 Epidaurum
2707 2783 3007 2840 Dalmatiae
3053 2783 3354 2857 oppidum,
3424 2785 3527 2841 ubi

1872 2873 2075 2945 paucis
2107 2872 2314 2928 diebus
2349 2874 2406 2928 in
2436 2873 2626 2928 vicino
2659 2873 2844 2946 agello
2876 2874 3228 2942 mansitans,
3275 2891 3393 2930 non
3425 2891 3528 2947 po-

1870 2962 1985 3017 tuit
2017 2962 2316 3017 abscondi.
2338 2962 2396 3017 Si
2419 2963 2658 3035 quidem
2679 2963 2853 3018 draco
2885 2963 3044 3018 mirae
3071 2962 3520 3036 magnitudinis,

1870 3068 2017 3124 quos
2046 3050 2246 3124 gentili
2281 3067 2551 3106 sermone
2582 3053 2709 3107 boas
2729 3057 2954 3118 vocant,
2988 3053 3059 3108 ab
3105 3069 3170 3108 eo
3199 3053 3355 3124 quod
3404 3056 3525 3108 tam

139 3771 332 3827 audivit
358 3773 586 3830 dictum
619 3773 935 3830 Salvatoris
965 3776 1036 3830 ad
1065 3775 1386 3848 discipulos
1415 3794 1427 3833 :
1465 3780 1642 3834 Gratis
1666 3795 1756 3834 ac-

139 3863 349 3932 cepistis,
384 3865 559 3931 gratis
589 3862 715 3918 date
745 3865 951 3934 (Matth.
985 3882 1040 3930 x,
1072 3868 1146 3936 8).

197 3949 274 4004 38.
303 3952 595 4024 Hesychius
625 3951 929 4024 discipulus
958 3957 1158 4026 quaerit
1200 3956 1558 4011 Hilarionem.
1609 3957 1758 4012 Dum

142 4034 244 4094 haec
272 4039 346 4096 ita
372 4045 662 4113 geruntur
705 4040 761 4097 in
795 4041 1012 4111 Sicilia,
1067 4043 1387 4115 Hesychius
1436 4045 1760 4118 discipulus

204 4163 216 4195 '
245 4162 633 4245 Conferendus
669 4165 1032 4245 _So_z_emenus
1064 4167 1164 4224 lib.
1197 4173 1551 4245 v,__cap._gi_0,
1586 4188 1760 4244 quem

145 4230 417 4316 brevitatis
444 4237 638 4310 gratia
657 4238 869 4316 Latine
891 4244 1221 4316 tantumex
1239 4230 1452 4316 valesii
1485 4230 1765 4316 interpre-

144 4307 846 4388 tationerep'rzesentamus
870 4329 883 4366 :
911 4334 938 4362 ‹‹
960 4313 1271 4388 Paridem,
1290 4313 1502 4386 inquit,
1530 4307 1766 4388 tem-pus

148 4375 191 4458 (ζ
201 4375 620 4458 uliani_scili_cet
639 4381 715 4436 im
726 4382 1042 4458 peratoris)_
1064 4375 1280 4458 Hilario
1303 4375 1536 4458 quoque
1568 4375 1766 4442 mo‘na-

151 4446 324 4530 _c_husa
349 4446 884 4530 Gazaeisquaasitus
926 4455 983 4510 in
1016 4446 1274 4530 Siciliam
1307 4446 1370 4513 se
1411 4446 1644 4530 recepit.
1684 4459 1763 4513 lbi

147 4516 299 4600 ligna
313 4539 377 4578 ex
393 4516 645 4580 desertis
667 4527 968 4600 montibus
983 4527 1263 4600 colligens
1285 4535 1341 4583 et
1360 4516 1620 4587 humeris
1643 4531 1767 4586 suis

149 4589 412 4674 inZUrbem
445 4601 689 4674 portans
727 4599 1035 4674 vendebat,
1064 4589 1248 4674 eouque
1279 4605 1447 4672 pacto
1481 4607 1766 4674 quantum
1798 4589 1844 4653 D

149 4660 209 4744 ad
236 4664 401 4744 vitam
425 4660 666 4744 s-ufficit,
693 4660 1101 4744 quotidianum
1126 4660 1234 4727 sibi
1258 4660 1515 4744 parabat.
1533 4674 1771 4729 alimen-

150 4737 277 4814 tum.
304 4738 559 4814 Tandem
592 4737 726 4795 vero
758 4741 1029 4814 quisnam
1062 4748 1118 4799 et
1165 4737 1354 4814 qualis
1405 4753 1582 4812 esset,
1615 4745 1772 4802 indis

153 4810 295 4862 catus
339 4827 372 4864 a
417 4811 544 4866 viro
592 4810 798 4879 nomn,
853 4813 952 4884 qui
1005 4831 1038 4869 a
1085 4810 1373 4871 daemonio
1421 4810 1769 4884 vexabatur;

153 4884 439 4960 postqpam
455 4899 595 4960 eum
627 4883 933 4960 immundp
956 4886 1163 4960 spiritu
1193 4886 1517 4960 liberasset,
1543 4883 1775 4960 trajecit

154 4949 203 5002 in
231 4949 596 5028 Dalmatiam.
631 4977 658 5028 η
717 4960 824 5011 etc.
887 4957 928 5011 Ε
976 4949 1195 5028 quibus
1245 4959 1361 5015 duo
1392 4949 1532 5017 sunt
1561 4949 1774 5016 inurem

1873 4263 2008 4303 cum
2064 4263 2094 4300 e
2149 4245 2440 4300 contrario
2499 4255 2654 4318 ἄνδρα
2684 4253 2781 4302 τῶν
2813 4254 3111 4317 ἐπιστήμων,
3155 4248 3335 4301 virum
3364 4247 3522 4301 illus-

1874 4329 2032 4384 trem,
2067 4318 2193 4390 sive
2219 4335 2448 4388 genere,
2482 4318 2600 4374 sive
2631 4319 2937 4390 dignitate,
2961 4324 3317 4375 Sozomenus
3337 4321 3524 4383 vocet,

1874 4395 1930 4446 et
1961 4389 2200 4444 scutarii
2234 4406 2445 4445 nomen
2477 4389 2762 4461 designet.

1947 4463 1967 4495 ²
1998 4461 2158 4516 Unus
2192 4478 2356 4525 mss.,
2388 4463 2682 4517 deducente
2708 4478 2766 4517 se
2793 4462 3056 4528 dwmone,
3105 4469 3230 4517 ante
3271 4477 3527 4534 conspec-

1877 4537 1994 4589 tum
2022 4535 2168 4588 senis
2187 4542 2516 4604 prostratus,
2551 4535 2722 4600 illico,
2756 4538 2865 4588 etc.

1945 4605 1968 4640 ³
1998 4603 2213 4660 Vocem
2245 4622 2422 4675 aquae,
2458 4623 2584 4677 quae
2636 4611 2807 4661 antea
2855 4606 3073 4674 deerat,
3127 4603 3466 4660 suffecimus
3496 4619 3527 4660 ο

1881 4694 2024 4733 ωδε.

1952 4751 1974 4782 ⁸
2003 4747 2222 4802 Vitiose
2268 4747 2554 4802 hactenus
2603 4747 2862 4804 obtinuit
2906 4750 3278 4819 Interrogatus
3311 4762 3418 4819 pro
3447 4746 3532 4799 in-

1886 4825 2187 4889 terrogans,
2212 4825 2266 4874 et
2287 4821 2434 4874 nihil
2454 4820 2632 4875 dicere
2649 4837 2751 4891 pro
2782 4819 3006 4885 discere,
3031 4816 3531 4891 quemadmodum

1885 4910 1915 4948 e
1946 4909 2089 4947 mss.
2124 4891 2400 4946 omnibus
2433 4891 2838 4947 emendamus.

1956 4964 1976 4998 ⁵
2009 4965 2151 5018 Mss.
2183 4968 2538 5031 constanter,
2580 4965 2801 5020 Nomem
2850 4968 2899 5019 et
2926 4980 3102 5019 sermo
3131 4979 3261 5019 suus
3300 4963 3533 5030 ignotus,

157 5025 388 5103 postram
420 5026 950 5103 animadvertenda
971 5025 1073 5096 {et
1095 5031 1353 5103 primum
1381 5032 1619 5103 quidem
1653 5032 1775 5088 falli

155 5089 537 5170 Sozomenum,
569 5099 669 5170 qui
701 5097 760 5154 in
794 5089 1053 5156 Siciliam
1087 5089 1499 5160 transfretasse
1528 5105 1776 5160 Hilario-

158 5169 494 5246 neuitradit,
529 5169 603 5246 ut
625 5171 958 5246 Gazaeorum
986 5171 1232 5246 insidias
1273 5176 1611 5241 declinaret,
1644 5194 1776 5232 cum

161 5250 243 5314 per
267 5238 320 5293 id
345 5240 1144 5320 t_emporis_0asi_del_i_tuisse,
1174 5263 1362 5320 usque
1383 5265 1522 5320 quo,
1542 5249 1572 5303 J
1585 5238 1780 5304 uliano

162 5313 483 5393 imperatore
526 5313 740 5393 occiso,
785 5315 1044 5371 Siciliam
1102 5313 1281 5393 venit,
1332 5313 1418 5375 ex.
1448 5313 1781 5393 Hieronymi

164 5384 420 5460 superiori
469 5388 752 5460 contextu
793 5393 1163 5460 compertum
1215 5389 1310 5445 sit.
1360 5393 1574 5447 lterum
1625 5384 1780 5447 hiiud

165 5453 593 5534 recteﬁrqavium
643 5453 954 5534 suspicari,
1004 5459 1303 5516 hominem
1337 5463 1437 5534 qui
1469 5463 1781 5520 Hilarionis

168 5528 512 5605 sanctitatem
561 5528 902 5605 prodiderit,
936 5548 1051 5588 non
1089 5528 1395 5605 scutarium
1426 5535 1632 5605 fuisse,
1664 5537 1784 5592 sive

168 5589 258 5675 legi
287 5597 522 5675 debere,
548 5589 1027 5675 s'edgscrutarium,
1061 5604 1181 5661 sive
1213 5605 1313 5675 qui
1347 5589 1784 5665 scruta-vende;

173 5671 258 5734 ret,
289 5673 350 5724 ut
377 5687 446 5728 ex
475 5671 718 5730 Horatii.
749 5690 944 5732 versu.

303 5749 434 5804 Vilia
459 5752 784 5806 vendentem
812 5755 1052 5808 tunicato
1083 5760 1261 5810 scruta
1292 5759 1537 5824 popello;

1888 5043 1995 5090 etc.

1958 5109 1978 5140 θ
2015 5107 2171 5161 Duos
2204 5125 2370 5173 mss.,
2410 5111 2583 5162 tractu
2614 5109 2749 5163 sccvi
2803 5110 3050 5179 spiritus,
3084 5108 3226 5162 alius
3255 5106 3344 5160 sui
3370 5106 3534 5177 spiri-

1889 5184 1996 5234 tus.
3177 5226 3185 5232 .

1963 5252 1983 5284 7
2017 5251 2078 5304 Et
2107 5253 2358 5306 oratione
2389 5251 2458 5304 ad
2506 5250 2804 5318 Christum,
2834 5255 2944 5305 etc.
2982 5249 3131 5305 Male
3170 5249 3373 5320 legunt
3401 5248 3538 5304 editi

1891 5325 1951 5404 et_
1970 5324 2216 5404 oratione
2244 5323 2314 5376 ad
2356 5324 2629 5404 Christum
2662 5328 2824 5404 inissa
2845 5322 3046 5404 popqu
3074 5326 3321 5404 evocato,
3340 5336 3543 5404 praeco:

1891 5395 2076 5466 pissct,
2110 5399 2219 5466 etc.
2247 5411 2261 5461 ;
2303 5396 2561 5466 evocavit
2589 5395 2744 5448 enim
2796 5399 3128 5465 serpentem
3173 5393 3454 5466 Hilarion,
3488 5395 3546 5448 et

1895 5465 1946 5521 ei
1980 5465 2247 5536 prmcepit
2279 5470 2500 5521 struem
2533 5465 2828 5536 lignorum
2856 5467 3190 5535 ascendere,
3216 5470 3280 5521 ut
3308 5465 3548 5522 combu-

1898 5544 2140 5593 reretur.
2175 5537 2464 5592 Maurum.

1967 5607 2372 5664 8Concinnius
2432 5625 2575 5664 mss.
2632 5612 2689 5663 et
2747 5609 3000 5678 brevius,
3036 5613 3216 5681 ignem
3243 5610 3546 5682 supposuit,

1897 5690 2197 5752 cunctaque
2224 5683 2498 5752 spectante
2523 5682 2697 5752 plebe,
2731 5685 2840 5736 etc.
