3970 6422
412 327 497 405 ’51
1676 347 1743 413 S.
1787 343 2098 413 EUSEBII
2140 338 2587 411 HIERONYMI
3743 336 3826 402 33

498 479 586 538 40.
632 482 920 555 Egressum
955 483 1205 540 laminis
1252 499 1405 540 mare
1446 485 1754 556 compescit.
1807 484 1886 539 Ea
1914 486 2061 538 tem-
2094 481 2150 549 Α
2179 482 2354 538 batur
2380 480 2495 549 his,
2528 483 2585 537 et
2613 477 2999 536 nihilominus
3030 474 3450 551 spumantibus
3476 472 3686 533 rostris
3714 472 3824 532 ho-

429 576 653 642 pestate
673 574 715 642 ¹,
747 578 910 628 terras
942 577 1104 628 motu
1135 572 1316 628 totius
1343 573 1520 640 orbis,
1554 572 1652 645 qui
1691 576 1825 644 post
1852 571 2074 628 Juliani

430 664 677 716 mortem
700 660 930 727 accidit,
965 662 1151 718 maria
1179 680 1410 735 egressa
1430 666 1567 717 sunt
1597 662 1879 717 terminos
1911 678 2069 729 suos,

432 753 491 805 et
511 750 677 818 quasi
708 766 942 805 rursum
973 752 1127 807 Deus
1168 752 1452 807 diluvium
1502 752 1846 818 minaretur,
1892 750 1979 806 vel
2012 750 2071 805 in

431 838 739 909 antiquum
772 839 947 894 chaos
969 840 1226 895 redirent
1245 842 1463 907 omnia,
1488 857 1659 896 naves
1681 840 1752 895 ad
1782 844 2074 912 praerupta

429 925 630 981 delatis
663 928 997 983 montium’
1050 930 1467 1001 pependerunt.
1518 930 1676 994 Quod
1729 946 1862 984 cum
1913 928 2075 983 vide-

428 1019 558 1070 rent
590 1014 1011 1087 Epidauritani,
1041 1018 1355 1074 frementes
1387 1016 1605 1073 scilicet
1639 1018 1852 1072 ﬂuctus
1882 1026 1931 1073 el
1966 1034 2073 1072 un-

430 1103 639 1158 darum
664 1104 866 1171 moles,
891 1110 948 1161 et
971 1110 1195 1161 montes
1217 1106 1511 1178 gurgitum
1530 1106 1825 1161 littoribus
1849 1104 2071 1172 inferri,

430 1198 713 1261 verentes,
746 1196 900 1265 quod
932 1196 1058 1265 jam
1091 1196 1349 1250 evenisse
1398 1195 1736 1263 cernebant,
1786 1211 1857 1250 ne
1909 1194 2074 1266 oppi-

434 1282 575 1335 dum
600 1281 863 1337 funditus
896 1283 1331 1337 subverteretur
1378 1282 1628 1355 ingressi
1661 1284 1839 1338 sunt3
1879 1283 1948 1338 ad
1985 1299 2074 1337 se-

435 1386 605 1425 nem:
639 1375 695 1425 et
724 1370 890 1442 quasi
936 1372 1005 1425 ad
1056 1371 1323 1443 praelium
1374 1372 1832 1444 proﬁciscentes,
1867 1388 2075 1444 posue-

428 1462 570 1513 runt
609 1475 742 1513 eum
783 1459 840 1513 in
898 1457 1111 1515 littore.
1171 1461 1280 1524 Qui
1337 1477 1471 1515 cum
1522 1460 1636 1515 tria
1665 1460 1853 1515 crucis
1906 1460 2075 1531 signa

429 1547 714 1618 pinxisset
773 1547 833 1601 in
876 1548 1104 1613 sabulo,
1166 1565 1492 1620 manusque
1543 1553 1747 1605 contra
1791 1550 2073 1614 tenderet,

428 1634 770 1691 incredibile
799 1635 959 1690 dictu
990 1640 1078 1691 est
1109 1636 1166 1691 in
1201 1642 1483 1708 quantam
1523 1638 1893 1693 altitudinem
1919 1637 2075 1692 intu-

432 1741 698 1780 mescens
729 1741 889 1779 mare
926 1729 1057 1780 ante
1089 1742 1222 1780 eum
1257 1727 1515 1782 steterit:
1568 1743 1633 1782 ac
1665 1726 1765 1783 diu
1798 1727 2074 1793 fremens,

435 1815 493 1912 et
522 1811 691 1883 quasi
726 1812 810 1913 ‘ad
841 1812 1065 1867 obicem
1096 1813 1433 1886 indignans,
1468 1813 1751 1887 paulatim
1777 1815 1837 1869 in
1870 1819 2075 1871 semet-
2107 1848 2154 1913 Β

433 1899 629 1972 ipsum
661 1899 958 1972 relapsum
1006 1906 1113 1957 est.
1149 1902 1265 1957 Hoc
1295 1903 1623 1978 Epidaurus
1656 1908 1714 1959 et
1759 1905 1953 1960 omnis
1978 1903 2079 1959 illa

435 1989 593 2061 regio
647 2005 835 2060 usque
892 1989 1065 2045 hodie
1123 1992 1419 2063 praedicat,
1482 1997 1815 2064 matresque
1870 1993 2080 2049 docent

434 2077 651 2133 liberos
682 2093 820 2133 suos
843 2078 915 2133 ad
933 2080 1275 2135 memoriam
1298 2080 1357 2134 in
1391 2086 1655 2152 posteros
1672 2083 2077 2157 transmitten-

434 2166 592 2222 dam.
619 2166 767 2221 Vere
798 2164 940 2221 illud
976 2168 1132 2239 quod
1164 2169 1235 2223 ad
1264 2169 1570 2240 Apostolos
1600 2171 1824 2226 dictum
1853 2175 1943 2226 est
1971 2188 1983 2225 :
2019 2171 2083 2226 Si

434 2254 797 2323 credideritis,
848 2254 1037 2310 dicetis
1084 2256 1212 2311 huic
1265 2260 1460 2327 monti,
1487 2260 1667 2313 transi
1713 2261 1773 2313 in
1823 2275 1975 2315 mare
2031 2268 2081 2315 et

434 2344 525 2414 ﬁet
556 2344 762 2413 (Matth.
799 2361 933 2414 xvu,
970 2346 1078 2414 19),
1110 2345 1287 2400 etiam
1332 2346 1498 2415 juxta
1547 2346 1806 2403 litteram
1850 2346 2080 2419 impleri

434 2436 646 2505 potest,
680 2431 729 2487 si
756 2438 950 2487 tamen
983 2433 1114 2504 quis
1146 2433 1415 2488 habuerit
1444 2435 1845 2505 apostolorum
1880 2436 2075 2512 ﬁdem,

433 2525 490 2575 et
517 2520 695 2575 talem
733 2520 965 2592 qualem
1012 2521 1125 2576 illis
1158 2522 1489 2578 habendam
1521 2524 1804 2580 Dominus
1836 2525 2083 2597 impera-

434 2608 535 2663 vit.
568 2607 716 2671 Quid
743 2608 903 2663 enim
934 2608 1193 2678 interest,
1233 2614 1427 2665 utrum
1462 2628 1630 2666 mons
1660 2613 1977 2668 descendat
2020 2613 2080 2669 in

435 2712 618 2761 mare,
650 2713 723 2751 an
753 2696 1026 2752 immensi
1055 2698 1348 2754 undarum
1398 2704 1625 2755 montes
1657 2705 1890 2772 repente
1921 2702 2082 2757 obri-

436 2784 688 2857 guerint,
720 2789 777 2841 et
804 2790 936 2840 ante
966 2785 1122 2841 senis
1168 2790 1399 2843 tantum
1446 2788 1623 2860 pedes
1653 2790 1832 2858 saxei,
1865 2807 1933 2846 ex
1964 2789 2080 2846 alia

438 2876 602 2945 parte
634 2872 885 2928 molliter
914 2873 1232 2930 ﬂuxerint?

512 2962 597 3016 41.
639 2963 797 3030 Fugit
828 2962 1085 3034 Cyprum.
1138 2963 1461 3020 Mirabatur
1503 2965 1696 3021 omnis
1746 2964 1971 3035 civitas,
2024 2971 2081 3024 et

438 3050 779 3123 magnitudo
837 3051 990 3123 signi
1055 3052 1284 3108 Salonis
1352 3070 1585 3126 quoque
1649 3056 2077 3127 percrebuerat.

437 3140 599 3203 Quod
629 3138 963 3212 intelligens
994 3157 1187 3208 senex,
1226 3142 1282 3197 in
1314 3143 1469 3198 brevi
1502 3143 1694 3199 lembo
1726 3144 1876 3200 clam
1910 3149 2078 3202 nocte

2183 571 2345 627 stiles
2367 570 2575 625 carinae
2599 570 2705 641 [AL
2728 570 2933 639 turbae]
2964 567 3374 634 imminebant,
3388 566 3556 637 jactu
3584 567 3825 621 tantum

2182 659 2395 731 lapidis
2424 660 2632 713 medio.
2666 659 2838 714 Stetit
2868 675 3003 731 ergo
3035 658 3094 713 in
3124 672 3296 730 prora
3335 656 3441 728 [Αἱ.
3475 654 3599 725 ora]
3633 653 3827 721 navis,

2183 754 2241 804 et
2297 752 2562 819 porrecta
2611 752 2812 803 contra
2857 747 3154 803 venientes
3205 760 3428 801 manu:
3488 743 3826 813 hucusque,

2183 837 2284 904 ait,
2319 838 2546 891 venisse
2594 837 2867 893 sufﬁciat.
2915 836 2959 891 Ο
2996 835 3147 890 mira
3174 850 3370 889 rerum
3405 832 3587 887 ﬁdes!
3623 830 3831 886 statim

2181 925 2460 981 resiluere
2492 924 2786 992 naviculae,
2820 930 2877 981 et
2920 923 3358 997 impellentibus
3388 925 3591 978 contra
3619 918 3826 985 remis,

2184 1014 2255 1069 ad
2297 1014 2540 1085 puppim
2580 1015 2834 1085 impetus
2867 1014 3033 1069 redit.
3081 1012 3445 1067 Mirabautur
3465 1010 3664 1082 piratae
3688 1011 3828 1081 post

2183 1107 2413 1174 tergum
2443 1119 2505 1158 se
2534 1102 2722 1159 redire
2766 1102 3067 1157 nolentes:
3108 1106 3345 1172 totoque
3375 1097 3634 1170 corporis
3664 1097 3828 1162 nisu,

2185 1195 2251 1245 ut
2280 1190 2351 1244 ad
2393 1190 2691 1263 navigium
2745 1190 3131 1262 pervenirent,
3180 1188 3532 1255 laborantes,
3564 1186 3828 1242 velocius

2186 1280 2371 1333 multo
2402 1296 2578 1351 quam
2612 1282 2908 1345 venerant,
2942 1280 3014 1334 ad
3044 1278 3211 1333 littus
3240 1278 3593 1333 ferebantur.

2257 1368 2344 1421 42.
2376 1368 2565 1422 Multos
2593 1367 2659 1422 ab
2692 1367 2994 1423 immundis
3038 1367 3325 1439 spiritibus
3354 1369 3532 1420 curat.
3567 1395 3634 1404 —-
3674 1362 3836 1419 Prae-

2186 1454 2443 1511 termitto
2472 1461 2696 1521 caetera,
2731 1473 2802 1511 ne
2829 1456 3028 1511 videar
3074 1456 3135 1511 in
3158 1455 3491 1510 narratione
3521 1454 3833 1526 signorum

2184 1544 2454 1600 volumen
2482 1545 2807 1600 extendere.
2860 1544 2977 1600 Hoc
3024 1542 3214 1600 solum
3261 1543 3473 1607 dicam,
3506 1541 3661 1613 quod
3692 1557 3838 1613 pro-

2186 1649 2355 1703 spero
2412 1649 2588 1688 cursu
2640 1632 2791 1687 inter
2836 1633 3113 1705 Cycladas
3162 1632 3465 1704 navigans,
3500 1630 3639 1685 hinc
3694 1629 3837 1685 inde

2186 1720 2568 1777 clamantium
2598 1722 2669 1778 de
2701 1722 2944 1777 urbibus
2975 1725 3033 1777 et
3059 1720 3224 1784 vicis,
3257 1724 3314 1775 et
3343 1720 3415 1775 ad
3460 1717 3661 1775 littora
3690 1734 3839 1774 con-

2187 1811 2570 1878 currentium,
2596 1811 3037 1866 immundorum
3080 1808 3396 1882 spirituum
3427 1824 3599 1864 voces
3629 1808 3841 1863 audie-

2185 1900 2285 1955 bat
2304 1900 2344 1953 ⁵.
2381 1901 2684 1971 Ingressus
2714 1916 2850 1972 ergo
2881 1899 3169 1972 Paphum,
3203 1899 3407 1954 urbem
3455 1897 3625 1969 Cypri
3664 1896 3840 1952 nobi-

2187 1986 2303 2043 lem
2360 1988 2721 2043 carminibus
2778 1992 3104 2060 poetarum,
3163 2004 3290 2059 quea
3344 1986 3679 2057 frequenter
3727 1986 3841 2057 [vel

2189 2075 2498 2149 frequenti]
2529 2080 2693 2131 terra:
2726 2080 2887 2131 motu
2936 2075 3123 2148 lapsa,
3173 2091 3328 2131 nunc
3362 2073 3668 2130 ruinarum
3701 2077 3841 2130 tan-

2187 2169 2313 2220 tum
2344 2165 2603 2238 vestigiis
2633 2166 2772 2237 quid
2803 2164 2941 2221 olim
2974 2165 3167 2229 fuerit,
3190 2163 3463 2231 ostendit,
3490 2164 3546 2218 in
3573 2164 3838 2219 secundo

2189 2253 2261 2308 ab
2296 2253 2437 2309 urbe
2467 2253 2717 2309 millario
2761 2254 3063 2310 habitabat
3109 2252 3403 2325 ignobilis,
3445 2252 3838 2325 gaudensque

2189 2343 2345 2413 quod
2379 2343 2581 2415 paucis
2634 2343 2840 2399 diebus
2891 2343 3084 2415 quiete
3113 2342 3345 2397 viveret.
3372 2341 3589 2396 Verum
3613 2357 3732 2396 non
3766 2341 3846 2397 ad

2192 2431 2431 2503 plenum
2460 2431 2667 2504 viginti
2697 2434 2719 2467 ⁶
2766 2432 3052 2487 transiere
3099 2431 3243 2495 dies,
3285 2445 3420 2486 cum
3465 2446 3569 2502 per
3596 2446 3844 2486 omnem

2190 2518 2352 2574 illam
2366 2519 2621 2576 insulam
2638 2520 3344 2593 quicumqueimmundos
3358 2518 3654 2575 habebant
3675 2518 3855 2590 spiri-

2190 2611 2310 2673 tus,
2344 2606 2597 2664 clamare
2621 2613 2940 2681 coeperunt,
2964 2608 3193 2664 venisse
3224 2607 3582 2663 Hilarionem
3608 2622 3851 2663 servum

2188 2694 2425 2771 Christi,
2451 2701 2508 2751 et
2538 2698 2610 2752 ad
2642 2713 2777 2753 eum
2811 2713 2873 2753 se
2902 2697 3112 2753 debere
3152 2711 3481 2769 properare.
3514 2694 3633 2751 Hoc
3681 2694 3852 2752 Sala-

2190 2783 2371 2850 mina,
2399 2783 2507 2840 hoc
2537 2785 2797 2855 Curium,
2843 2785 2952 2842 hoc
3016 2785 3269 2858 Lapetha
3298 2788 3354 2841 et
3384 2784 3556 2840 urbes
3607 2782 3856 2857 reliquae

2189 2872 2653 2942 conclamabant,
2734 2874 3038 2948 plurisque
3114 2873 3515 2930 asserentibus
3571 2871 3725 2928 scire
3784 2890 3852 2930 se

2189 2961 2430 3031 quidem
2462 2962 2844 3030 Hilarionem,
2899 2969 2957 3019 et
3004 2980 3135 3019 vere
3178 2963 3345 3019 illum
3376 2978 3505 3018 esse
3550 2959 3853 3018 famulum

2190 3047 2317 3117 Dei,
2360 3052 2460 3105 sed
2512 3051 2610 3107 ubi
2659 3057 2816 3108 esset
2848 3052 3137 3125 ignorare.
3188 3052 3349 3107 Intra
3389 3049 3635 3123 triginta
3663 3049 3855 3122 igitur

2191 3154 2296 3193 nec
2329 3138 2512 3194 multo
2545 3140 2801 3213 amplius
2831 3141 2977 3207 dies,
3024 3139 3260 3196 ducenti
3311 3140 3514 3206 ferme,
3564 3142 3686 3195 tam
3736 3139 3851 3195 viri

439 3227 611 3300 fugit,
643 3232 700 3283 et
735 3227 970 3285 inventa
1018 3236 1151 3301 post
1197 3230 1441 3287 biduum
1477 3232 1744 3288 oneraria
1781 3233 1936 3299 navi,
1966 3249 2103 3307 per-
2134 3211 2177 3277 (ἶ
2216 3242 2393 3297 quam
2438 3211 2731 3296 mulieres,
2779 3230 2852 3284 ad
2909 3246 3041 3285 eum
3092 3228 3427 3301 congregati
3486 3230 3642 3307 sua}.
3691 3227 3861 3291 QUOS

440 3316 588 3372 rexit
631 3316 905 3387 Cyprum.
936 3316 1198 3389 Cumque
1224 3319 1375 3375 inter
1404 3321 1651 3377 Maleam
1684 3326 1741 3377 et
1770 3323 2083 3392 Cytheram

443 3404 640 3476 piratae
671 3405 943 3461 derelicta
971 3404 1158 3462 classe
1203 3408 1260 3462 in
1292 3408 1504 3475 littore,
1547 3426 1672 3481 qua:
1708 3428 1822 3466 non
1858 3416 2084 3477 antem-

445 3509 540 3560 na,
574 3493 675 3547 sed
719 3498 888 3548 conto
934 3494 1174 3565 regitur,
1227 3496 1458 3551 duobus
1501 3497 1656 3553 haud
1700 3499 1891 3569 parvis
1923 3517 2082 3572 myo-

444 3579 762 3653 paronibus
792 3581 1266 3649 occurrissent,et
1286 3585 1476 3640 denuo
1500 3585 1633 3642 hinc
1666 3586 1799 3642 inde
1834 3588 2047 3643 fluctus
2065 3590 2086 3622 ‘

441 3672 1087 3744 occurrerent,remiges
1119 3690 1321 3729 omnes
1343 3675 1441 3746 qui
1468 3675 1522 3729 in
1554 3677 1683 3732 navi
1710 3682 1877 3732 erant
1905 3678 2082 3749 trepi-

443 3760 600 3826 dare,
652 3760 807 3826 ﬂere,
849 3759 1194 3829 discurrere,
1248 3780 1570 3834 prmparare
1618 3769 1838 3832 contos,
1893 3766 1988 3822 87
2028 3771 2085 3821 et

438 3848 607 3920 quasi
640 3866 753 3903 non
794 3850 1091 3905 sufﬁceret
1138 3868 1293 3906 unus
1324 3852 1589 3923 nuntius,
1642 3853 1904 3909 certatim
1957 3855 2081 3910 seni

438 3937 662 4007 piratas
681 3938 881 3994 adesse
899 3939 1188 3994 dicebant.
1213 3939 1367 4004 Quos
1393 3941 1488 3996 ille
1509 3942 1708 4014 procul
1724 3943 1959 3999 intuens
1982 3961 2080 4000 su-

434 4025 627 4079 brisit.
662 4028 732 4080 Et
778 4043 1092 4083 conversus
1120 4030 1189 4083 ad
1234 4029 1553 4102 discipulos
1586 4031 1769 4086 dixit:
1833 4033 2080 4099 Medicae,

432 4112 647 4185 inquit,
704 4115 849 4182 ﬁdei,
921 4134 1090 4186 quare
1147 4118 1428 4188 trepidulis
1482 4120 1689 4189 (Matth.
1750 4138 1867 4193 xiv,
1940 4121 2081 4192 32)?

432 4200 728 4272 Numquid
755 4202 944 4273 plures
959 4209 1097 4259 sunt
1118 4204 1177 4259 hi
1200 4223 1377 4277 quam
1406 4208 1725 4264 Pharaonis
1749 4209 2036 4264 exercitus
2053 4210 2080 4264 ?

431 4293 645 4345 Tamen
677 4307 880 4347 omnes
913 4292 1026 4348 Deo
1076 4293 1300 4350 volente
1333 4297 1625 4352 submersi
1666 4303 1823 4353 sunt.
1857 4298 2079 4369 Loque-

505 4515 520 4547 ¹
555 4514 632 4585 Ea
659 4519 987 4585 tempestate,
1020 4519 1185 4573 terra?
1229 4526 1400 4574 motu.
1438 4520 1497 4572 In
1547 4518 1849 4575 Chronicis
1898 4522 2070 4577 Euse-

433 4584 625 4659 bianis
674 4577 828 4640 idem
888 4577 1292 4659 Hieronymus,
1343 4606 1495 4645 anno
1550 4589 1943 4649 Valentiniani
2000 4595 2069 4657 II,
2100 4577 2147 4642 D

438 4680 457 4705 α
496 4658 685 4729 Terris
720 4660 877 4713 motu
914 4675 1014 4729 per
1044 4658 1230 4714 totum
1263 4661 1462 4715 orbem
1497 4661 1666 4728 facto,
1705 4679 1874 4719 mane
1906 4664 2072 4721 littus

432 4728 749 4803 egreditur,
778 4734 833 4783 et
863 4728 1091 4803 Siciliae,
1127 4730 1567 4803 multarumque
1608 4733 1936 4790 insularum
1980 4754 2071 4792 ur-

430 4799 554 4875 bes,
583 4804 638 4875 et
667 4799 1130 4875 innumerabiles
1167 4802 1411 4873 populos
1460 4799 1769 4875 oppressit.
1810 4828 1835 4853 ››
1867 4807 1946 4862 De
1976 4826 2070 4864 eo-

430 4872 560 4926 dem
622 4870 741 4946 haec
794 4870 967 4946 habet
998 4873 1082 4946 _in
1116 4870 1260 4946 Alsaf
1310 4890 1435 4946 cap.
1496 4870 1602 4946 iv:
1655 4897 1682 4925 «
1718 4876 1876 4932 Motu
1911 4884 2070 4935 terra:

432 4958 644 5013 magno
676 4941 736 4996 in
763 4958 894 4997 mea
924 4943 1186 5009 infamia,
1237 4941 1471 5015 quando
1503 4945 1686 5002 totius
1717 4949 1874 5005 orbis
1906 4949 2070 5007 littus

428 5018 765 5086 trangressa
795 5018 933 5086 sunt
963 5015 1168 5070 maria.
1200 5038 1228 5065 »
1262 5021 1369 5071 etc.
1425 5017 1559 5072 Vide
1590 5019 1768 5074 etiam
1799 5022 2071 5078 Orosium

430 5082 664 5166 lih._vu,
688 5100 815 5155 cap.
858 5085 942 5140 32.
979 5090 1035 5142 et
1061 5087 1283 5142 Socrat.
1316 5089 1450 5144 Hist.
1477 5090 1670 5145 Eccles.
1706 5091 1803 5146 lib.
1833 5110 1907 5158 IV,
1940 5110 2068 5166 cap.

430 5156 483 5210 3.
500 5155 788 5211 MARTIAN.
1892 5155 1901 5158 ⁷
2012 5155 2037 5187 ⁸·

503 5256 568 5304 -ῖ
594 5228 790 5304 _Terrae
818 5233 1012 5304 motus
1034 5230 1128 5304 hic
1160 5229 1312 5304 idem
1336 5239 1440 5297 est,
1467 5248 1637 5302 quem
1660 5231 1956 5304 eleganter
1977 5236 2073 5290 de-

432 5297 636 5352 scribit
663 5297 1011 5372 Amrnianus
1061 5301 1434 5356 Marcellinus
1474 5297 1541 5357 ad
1579 5297 1885 5361 finemulib.
1917 5324 2067 5372 xxv1,

430 5372 481 5424 et
524 5369 747 5446 consule
780 5369 1175 5446 _l’atentiniano
1218 5376 1464 5444 primum
1493 5392 1614 5430 cum
1644 5378 1820 5446 fratre
1856 5369 2074 5433 Valente

432 5439 713 5521 accidisse
763 5437 922 5521 dicit,
975 5437 1433 5521 quodhret'ertur
1483 5447 1553 5521 ad
1619 5437 1727 5521 an.
1772 5450 1877 5503 365
1919 5449 2072 5518 (vide

431 5512 757 5589 Chronicon
806 5512 873 5565 ad
909 5512 1008 5568 an:
1058 5520 1093 5568 2
1142 5516 1576 5589 Valentiniani),
1630 5524 1685 5573 et
1717 5519 1774 5573 in
1809 5512 2071 5579 Chronico

432 5583 697 5637 Alemand.
722 5601 740 5637 .'
768 5593 929 5655 Τούτῳ
974 5595 1042 5657 τῷ
1092 5596 1186 5643 ἔτει
1222 5597 1254 5656 ἡ
1284 5597 1511 5648 θάλασσα
1538 5583 1613 5645 ’ἐκ
1658 5601 1754 5645 τῶν
1788 5598 1916 5645 ἰδίων
1946 5600 2077 5657 ὅρων

428 5660 593 5720 ἐξῆλθε
625 5667 741 5725 μηνί
773 5646 977 5729 ιιπνέξιῳ
1016 5646 1125 5729 apd,
1174 5646 1531 5731 tﬁ'IualavBthv
1575 5668 1888 5731 Δύγούστων.
1940 5646 2068 5717 Vid.

2196 3331 2327 3370 cum
2360 3316 2617 3386 vidisset,
2647 3317 2851 3374 dolens
2872 3319 3025 3390 quod
3062 3333 3125 3373 se
3157 3334 3273 3374 non
3304 3304 3645 3389 paterentur
3675 3315 3861 3387 quie-

2194 3421 2371 3472 scere,
2424 3411 2480 3461 et
2529 3407 2960 3478 quodammodo
3003 3407 3062 3462 in
3096 3405 3374 3461 ultionem
3424 3404 3518 3460 sui
3569 3403 3859 3479 saeviens,

2193 3497 2358 3549 tanta
2381 3512 2479 3551 eos
2509 3495 2841 3551 orationum
2900 3495 3181 3551 instantia
3218 3492 3550 3567 ﬁagellavit,
3606 3497 3673 3547 ut
3702 3494 3846 3566 qui-

2193 3582 2328 3638 dam
2360 3584 2580 3647 statim,
2630 3583 2728 3638 alii
2778 3587 2908 3655 post
2954 3584 3202 3639 biduum
3241 3583 3599 3649 triduumve,
3628 3596 3845 3641 omnes

2192 3688 2322 3727 vero
2344 3672 2498 3727 intra
2525 3688 2705 3727 unam
2735 3668 3159 3729 hebdomadam
3194 3676 3557 3727 curarentur.

2264 3762 2351 3816 43.
2384 3763 2443 3816 1η
2472 3762 2820 3817 secretiorem
2868 3762 3044 3817 locum
3074 3762 3341 3817 ascendit.
3388 3760 3617 3815 Bucolia
3652 3762 3845 3833 Egy-

2187 3851 2290 3921 pti.
2364 3851 2713 3922 Paratyticus
2781 3859 3021 3907 curatus.
3080 3882 3149 3892 —
3197 3850 3439 3906 Manens
3496 3848 3694 3920 itaque
3747 3849 3839 3906 ibi

2192 3938 2448 4007 biennio,
2480 3943 2536 3994 et
2566 3955 2795 4012 semper
2833 3941 2903 3996 de
2954 3940 3090 4012 fuga
3140 3939 3425 4012 cogitans.
3478 3937 3844 4009 Hesychium

2190 4026 2258 4081 ad
2294 4041 2355 4082 se
2386 4026 2536 4082 veris
2560 4032 2819 4100 tempore
2871 4044 3264 4098 reversurum,
3322 4025 3690 4082 Palaestinam
3752 4029 3835 4083 ad

2189 4113 2601 4172 salutationem
2623 4116 2890 4184 fratrum,
2910 4121 2968 4173 et
2998 4116 3336 4172 monasterii
3356 4115 3446 4171 sui
3471 4114 3571 4171 88
3602 4114 3841 4173 cineres

2186 4204 2456 4259 visendos
2491 4205 2669 4261 misit.
2704 4206 2810 4270 Qui
2840 4222 2973 4261 cum
3024 4205 3378 4270 revertisset,
3412 4202 3670 4276 cupienti
3703 4221 3839 4260 rur-

2186 4310 2318 4348 sum
2351 4294 2421 4349 ad
2452 4295 2761 4367 Egyptum
2811 4295 3103 4368 navigare,
3152 4295 3261 4350 hoc
3289 4297 3398 4360 est,
3451 4293 3523 4349 ad
3571 4308 3641 4350 ea
3684 4291 3846 4353 loca.

2184 4518 2476 4574 Socratem
2510 4518 2615 4575 lib.
2641 4536 2714 4587 IV,
2746 4536 2795 4575 c.
2831 4519 2885 4574 3.

2248 4590 2268 4622 ²
2299 4592 2591 4663 Praerupta
2645 4591 2827 4663 delata
2852 4592 3139 4663 montium.
3183 4590 3299 4646 Hoc
3328 4590 3502 4663 modo
3534 4588 3832 4663 scriptum

2182 4661 2507 4732 reperimus
2544 4663 2603 4717 in
2635 4662 2931 4734 omnibus,
2953 4678 3098 4734 quos
3129 4661 3378 4733 inspexi,
3413 4677 3579 4728 mss.,
3611 4661 3840 4734 codici-

2181 4734 2311 4788 bus.
2366 4733 2663 4806 Marianus
2700 4733 2860 4806 legit,
2899 4732 3282 4806 adpraerupta
3328 4734 3602 4788 montium
3646 4732 3841 4791 delata

2174 4805 2581 4876 pependerunt.
2603 4805 2887 4860 Maurus.

2249 4874 2318 4918 ἒ-
2364 4875 2765 4933 Erasmianam
2816 4876 3123 4933 lectionem
3168 4875 3541 4931 Martianaaus
3583 4888 3653 4929 ex
3714 4874 3842 4932 ﬁde

2181 4963 2323 5002 mss.
2376 4964 2618 5019 suorum
2664 4948 2971 5014 revocavit,
3014 4948 3080 5003 de
3120 4949 3317 5019 latere,
3342 4962 3447 5019 pro
3486 4947 3840 5019 unphverbp

2179 5018 2415 5075 delata:
2481 5018 2647 5092 nobis
2723 5021 3008 5092 probatur
3062 5019 3252 5091 magis
3306 5015 3507 5075 isthaec
3563 5015 3838 5092 Yictorii,

2181 5106 2358 5161 quam
2406 5107 2548 5146 mss.
2582 5091 2653 5146 ad
2704 5086 2889 5147 unum
2936 5086 3195 5159 omnes,"
3213 5106 3362 5161 quos
3391 5086 3837 5162 eonsuluimus,

2181 5162 2552 5217 conﬁrmant.

2250 5234 2272 5267 ³
2302 5238 2454 5306 Erat
2504 5237 2673 5288 antea
2730 5234 3164 5306 ingressihsunt,
3225 5236 3399 5306 certe,
3435 5227 3835 5287 renitentibus

2183 5314 2324 5359 mss.
2352 5304 2483 5359 Vid.
2514 5303 2920 5370 Sozomen'um,
2952 5303 3055 5359 lib.
3086 5321 3142 5369 v,
3176 5320 3303 5376 cap.
3339 5305 3429 5376 20.

2252 5377 2273 5410 ⁴
2304 5376 2465 5431 Unus
2512 5376 2695 5432 Vatic.
2760 5378 2978 5432 Fluctus
3021 5373 3264 5431 vertente
3303 5373 3399 5443 (al.
3441 5373 3707 5443 uerrente)
3739 5389 3836 5429 re-

2180 5449 2342 5515 mige,
2375 5463 2579 5512 omnes,
2612 5453 2744 5513 etc.,
2779 5465 2905 5519 qua:
2938 5446 3391 5519 fortasseverior
3418 5451 3508 5501 est
3534 5443 3727 5500 lectio.

2250 5520 2271 5553 ⁵
2302 5519 2437 5573 Erat
2468 5524 2667 5575 contra
2696 5518 2837 5574 mss.
2866 5520 3060 5583 ﬁdem,
3092 5518 3473 5575 audiebantur.

2218 5590 2271 5716 ιθ
2301 5590 2459 5646 Unus
2492 5592 2695 5658 Vatic.,
2738 5607 2847 5647 non
2872 5592 3001 5664 plus
3021 5607 3041 5651 ;
3073 5589 3223 5646 alius
3244 5606 3351 5645 non
3380 5591 3561 5661 plene,
3593 5587 3830 5657 viginti,

2240 5677 2289 5716 c.

2181 5676 2289 5717 ϐω.
