3970 6402
206 270 280 345 88

1286 280 1472 348 VITA
1517 282 1585 350 Β.
1633 281 2087 352 HILARIONIS
2136 286 2538 354 EREMITJE.

3547 280 3627 353 δι

207 434 330 493 quis
354 420 640 476 vocantur
667 416 904 478 Bucolia
925 418 965 489 ί,
997 435 1065 477 eo
1115 420 1271 494 quod
1320 419 1521 480 nullus
1568 420 1651 479 ibi
1700 420 1857 480 Chri-
1883 426 1942 494 Α
1968 424 2089 497 psit
2113 423 2445 499 epistolam,
2466 442 2673 486 omnes
2694 425 2930 486 divitias
2952 442 3091 487 suas
3111 426 3164 486 ei
3184 424 3622 502 derelinquens,

206 508 526 567 stianorum
577 514 756 579 esset,
789 510 892 568 sed
924 510 1173 570 barbara
1216 517 1449 569 tantum
1482 516 1538 569 et
1570 513 1730 569 ferox
1757 530 1859 569 na-

203 599 302 667 tio,
335 599 524 657 suasit
554 604 620 656 ut
647 600 709 657 in
740 600 870 674 ipsa
902 603 1091 676 magis
1124 603 1320 659 insula
1368 603 1437 659 ad
1490 603 1860 658 secretiorem

201 687 393 746 locum
423 691 905 747 conscenderet’.
933 692 1115 757 Quem
1149 709 1283 748 cum
1317 692 1417 748 diu
1449 692 1711 748 lustrans
1745 704 1863 746 om'

203 778 319 849 nia,
354 780 692 852 reperisset,
732 781 1006 854 perduxit
1052 798 1188 838 eum
1238 782 1548 839 duodecim
1602 780 1864 838 millibus

78 880 92 888 ‘
202 869 412 926 amari
443 869 649 942 procul
702 870 855 926 inter
898 875 1153 928 secretos
1201 888 1558 944 asperosque
1609 876 1861 946 montes,

202 961 257 1014 et
287 974 404 1030 quo
431 959 525 1015 vix
564 960 853 1032 reptando
903 961 1179 1017 manibus
1225 963 1616 1034 genubusque
1665 958 1864 1033 posset

204 1048 459 1104 ascendi.
493 1048 604 1115 Qui
652 1049 1076 1123 introgressus,
1127 1051 1578 1125 contemplatus,
1624 1050 1864 1124 quidem

202 1141 285 1193 est
330 1137 661 1195 terribilem
713 1138 881 1197 valde
928 1144 985 1196 et
1027 1145 1321 1197 remotum
1371 1140 1590 1207 locum,
1638 1137 1862 1196 arbori-

201 1225 308 1284 bus
374 1227 516 1284 hinc
576 1227 715 1285 inde
786 1229 1253 1297 circumdatum,
1313 1230 1629 1287 habentem
1687 1228 1862 1285 etiam

202 1332 381 1390 aquas
416 1317 733 1390 supercilio
764 1318 933 1377 collis
963 1319 1239 1394 irriguas,
1273 1325 1330 1376 et
1368 1319 1661 1377 hortulum
1694 1335 1860 1391 pera-

202 1422 494 1477 moznum,
546 1412 605 1464 et
659 1408 927 1481 pomaria
981 1409 1260 1482 plurima,
1294 1427 1546 1482 quorum
1606 1410 1864 1490 fructum

201 1512 510 1569 nunquam
555 1496 616 1553 in
666 1497 796 1554 cibo
845 1499 1151 1572 sumpsit:
1186 1500 1287 1556 sed
1346 1504 1402 1555 et
1458 1497 1861 1571 antiquissiml

192 1583 363 1655 juxta
394 1585 603 1659 templi
653 1586 886 1644 ruinam
919 1604 989 1644 ex
1025 1605 1140 1661 quo
1172 1590 1260 1661 (ut
1305 1589 1432 1662 ipse
1489 1590 1773 1647 referebat
1802 1602 1860 1652 et

203 1675 327 1747 ejus
357 1674 639 1749 discipuli
671 1680 966 1733 testantur
984 1678 1026 1749 3)
1048 1682 1169 1733 tam
1201 1677 1723 1735 innumerabilium
1756 1696 1859 1751 per

1970 515 2373 590 (Evangelium
2423 518 2666 587 scilicet,
2700 522 2756 576 et
2795 518 3054 578 tunicam
3102 535 3393 587 sacceam,
3427 516 3627 574 cucul-

1969 603 2086 659 lam
2117 611 2171 660 et
2205 606 2556 680 palliolum),
2590 626 2725 664 nam
2777 608 3047 665 minister
3075 610 3204 682 ejus
3243 612 3378 665 ante
3405 622 3625 681 paucos

1970 693 2095 749 dies
2135 696 2377 751 obierat.
2409 697 2711 753 Venerunt
2760 698 2953 770 itaque
3001 699 3072 753 ad
3122 701 3505 770 aegrotantem
3553 696 3625 752 de

1971 781 2166 854 Papho
2199 784 2372 840 multi
2414 785 2674 859 religiosi
2704 786 2841 856 viri;
2876 790 2931 843 et
2980 786 3232 843 maxime
3279 786 3436 858 quod
3486 800 3623 842 eum

1970 871 2188 928 dixisse
2236 875 2566 947 audierant,
2589 878 2717 948 jam
2762 894 2823 932 se
2872 878 2942 933 ad
2990 875 3306 932 Dominum
3346 874 3627 947 migratu-

1970 979 2124 1031 rum,
2160 967 2217 1018 et
2263 964 2335 1019 de
2380 966 2639 1037 corporis
2686 965 2936 1022 vinculis
2985 964 3384 1034 liberandum;
3416 964 3518 1020 sed
3566 966 3625 1020 et

1970 1051 2309 1110 Comtantia
2340 1055 2605 1126 quaedam
2636 1058 2841 1111 sancta
2871 1055 3109 1122 femina,
3138 1056 3308 1127 cujus
3338 1068 3621 1127 generum

1970 1146 2027 1197 et
2056 1142 2237 1198 filiam
2271 1144 2343 1199 de
2372 1147 2557 1200 morte
2588 1143 2936 1201 liberaverat
2964 1143 3240 1201 unctione
3278 1142 3389 1199 olei
3425 1159 3438 1199 :
3473 1157 3621 1214 quos

1969 1248 2173 1288 omnes
2205 1233 2514 1303 adjuravit,
2548 1237 2612 1288 ut
2649 1250 2722 1290 ne
2754 1238 2970 1307 puncto
3001 1233 3238 1306 quidem
3288 1232 3442 1289 horae
3486 1234 3623 1304 post

1969 1326 2218 1377 mortem
2251 1326 2673 1390 reservaretur;
2715 1322 2817 1378 sed
2864 1322 3063 1379 statim
3121 1337 3257 1378 eum
3304 1321 3365 1377 in
3413 1320 3620 1377 eodem

1967 1409 2202 1467 hortulo
2233 1415 2387 1467 terra
2432 1410 2744 1483 operirent,
2780 1410 2933 1466 sicut
2960 1410 3210 1467 vestitus
3254 1413 3379 1466 erat
3424 1409 3485 1465 in
3531 1414 3623 1465 tu-

1968 1500 2100 1555 nica
2130 1500 2362 1556 cilicina
2388 1505 2445 1556 et
2474 1498 2724 1570 cuculla,
2746 1504 2803 1555 et
2832 1515 2971 1571 sago
3005 1498 3247 1555 rustico.

2036 1591 2125 1645 45.
2158 1590 2407 1661 Jamque
2451 1590 2718 1646 modicus
2767 1588 2925 1647 calor
2978 1587 3211 1661 tepebat
3257 1586 3315 1641 in
3363 1589 3615 1659 pectore,

1965 1696 2070 1735 nec
2101 1685 2311 1752 praeter
2338 1696 2579 1735 sensum
2604 1679 2929 1751 quidquam
2952 1677 3066 1733 vivi
3096 1675 3354 1733 hominis
3386 1692 3619 1748 supere-

200 1768 394 1864 noctes
454 1769 514 1822 et
570 1766 697 1864 dies
754 1767 1088 1823 daemonum
1140 1784 1312 1824 voces
1368 1768 1744 1837 resonabant,
1791 1773 1856 1824 ut
1883 1798 1932 1864 B
1962 1774 2073 1836 rat,
2107 1774 2163 1825 et
2188 1773 2383 1825 tamen
2419 1769 2638 1841 apertis
2666 1766 2854 1824 oculis
2884 1767 3271 1864 loquebaturf
3304 1766 3611 1864 Egredere,

197 1853 509 1911 exercitum
540 1854 826 1912 crederes.
862 1857 986 1921 Quo
1037 1856 1134 1913 ille
1163 1856 1329 1913 valde
1360 1858 1707 1925 delectatus,
1729 1874 1845 1930 quo

198 1942 409 2000 scilicet
442 1945 854 2018 antagonistas
884 1945 1126 2003 haberet
1157 1946 1217 2002 in
1250 1948 1535 2019 proximo,
1564 1947 1847 2004 habitavit

198 2031 272 2089 ibi
318 2050 420 2106 per
466 2050 652 2091 annos
685 2034 968 2108 quinque,
1000 2040 1058 2092 et
1096 2053 1247 2110 saepe
1293 2037 1576 2092 invisente
1623 2054 1684 2093 se
1732 2041 1845 2093 He-

198 2121 410 2194 sychio,
453 2122 516 2178 in
573 2123 683 2180 hoc
734 2129 991 2181 extremo
1040 2126 1168 2197 jam
1227 2125 1353 2181 vitae
1410 2144 1529 2182 sua
1585 2131 1846 2198 tempore

198 2210 547 2269 refocillatus
578 2216 689 2279 est,
723 2214 877 2286 quod
910 2219 1149 2286 propter
1186 2214 1561 2286 asperitatem
1594 2216 1843 2271 difﬁcul-

195 2303 488 2375 tatemque
538 2302 673 2369 loci,
703 2307 763 2359 et
794 2302 1136 2359 umbrarum
1169 2304 1259 2376 (ut
1306 2304 1600 2360 ferebatur
1647 2304 1843 2377 vulgo)

198 2389 655 2460 multitudinem,
681 2396 783 2448 aut
811 2392 1033 2459 nullus,
1066 2397 1168 2449 aut
1200 2410 1367 2449 rarus
1400 2394 1471 2449 ad
1505 2410 1567 2449 se
1599 2392 1685 2448 vel
1716 2411 1845 2465 pus-

197 2483 296 2546 set,
346 2479 432 2536 vel
499 2481 744 2537 auderet
800 2482 1136 2540 ascendere.
1172 2483 1435 2548 Quodam
1495 2488 1691 2539 autem
1748 2483 1842 2538 die

196 2583 458 2641 egressus
503 2569 827 2638 hortulum,
860 2571 1009 2627 vidit
1063 2571 1363 2628 hominem
1420 2577 1539 2629 toto
1600 2589 1842 2645 corpore

198 2657 574 2733 paralyticum
615 2660 911 2732 jacentem
950 2664 1086 2717 ante
1116 2662 1291 2719 fores.
1346 2662 1841 2737 Interrogavitque

196 2747 544 2822 Hesychium
596 2748 871 2821 quisnam
930 2754 1106 2818 esset,
1137 2750 1225 2807 vel
1283 2752 1577 2823 quomodo
1635 2751 1842 2807 fuisset

199 2836 497 2895 adductus.
528 2837 639 2902 Qui
697 2840 1077 2911 respondens,
1129 2840 1229 2908 ait,
1280 2845 1717 2912 procuratorem
1778 2857 1839 2896 se

201 2925 306 2983 tuis
334 2943 396 2983 se
422 2926 666 2997 villula,
698 2928 770 2984 ad
815 2929 986 3001 cujus
1009 2930 1113 3001 jus
1145 2929 1418 2986 hortulus
1440 2932 1461 2965 ⁴
1490 2947 1745 3003 quoque,
1778 2930 1836 2986 in

201 3032 304 3087 quo
352 3016 465 3090 ipsi
524 3021 712 3087 erant,
763 3018 1098 3090 pertineret.
1143 3019 1211 3074 Et
1264 3018 1362 3076 ille
1413 3020 1838 3093 collacrymans

201 3106 552 3179 tendensque
611 3107 683 3162 ad
724 3108 1019 3178 jacentem
1069 3125 1309 3164 manum
1358 3127 1371 3164 :
1426 3110 1575 3176 Tibi,
1620 3110 1834 3181 inquit,

203 3194 317 3252 dico
345 3196 403 3252 in
434 3195 677 3253 nomine
702 3195 932 3252 Domini
964 3197 1151 3253 nostri
1194 3198 1336 3254 Jesu
1368 3198 1603 3266 Christi,
1630 3215 1832 3271 surge,
1867 3170 1910 3237 (ἶ

203 3288 253 3339 et
277 3283 530 3344 ambula.
563 3285 712 3342 Mira
748 3284 1043 3342 velocitas.
1075 3287 1282 3343 Adhuc
1328 3288 1505 3343 verba
1535 3288 1593 3342 in
1626 3304 1723 3343 ore
1753 3287 1834 3342 lo-

206 3374 422 3446 quentis
461 3374 866 3443 volvebantur,
898 3380 956 3431 et
988 3377 1115 3448 jam
1170 3378 1435 3432 membra
1487 3376 1738 3432 solidata
1766 3377 1837 3432 ad

206 3464 488 3532 standum,
529 3464 832 3521 hominem
879 3466 1275 3538 surrigebant.
1309 3468 1473 3531 Quod
1527 3471 1837 3540 postquam

207 3553 454 3610 auditum
475 3558 588 3623 est,
612 3555 789 3611 etiam
810 3555 1219 3612 difficultatem
1242 3555 1375 3625 luci,
1410 3562 1466 3611 et
1488 3556 1597 3612 iter
1618 3556 1837 3611 invium

206 3640 578 3713 plurimorum
626 3644 765 3701 vicit
808 3645 1147 3701 necessitas.
1186 3646 1344 3702 Nihil
1381 3663 1544 3718 aeque
1580 3645 1839 3718 per.cir-

208 3732 471 3790 eumitum
532 3733 762 3791 cunctis
808 3733 966 3791 villis
1013 3735 1485 3805 observantibus,
1519 3752 1697 3807 quam
1743 3753 1841 3791 ne-

209 3835 309 3892 quo
359 3823 531 3879 modo
582 3821 929 3880 elaberetur.
982 3824 1481 3881 Disseminaverat
1527 3824 1684 3880 enim
1734 3824 1843 3880 hoc

209 3909 271 3966 de
296 3927 358 3968 eo
389 3929 612 3981 rumor,
645 3913 747 3969 diu
779 3929 914 3969 eum
947 3913 1006 3969 in
1036 3914 1239 3971 eodem
1288 3914 1415 3970 loco
1462 3931 1696 3971 manere
1727 3931 1839 3970 non

211 4014 383 4071 posse.
413 4002 578 4068 Quod
627 4002 726 4059 ille
759 4019 872 4060 non
908 4002 1140 4060 levitate
1171 4005 1450 4077 quadam,
1483 4009 1586 4061 aut
1636 4003 1845 4077 puerili

211 4104 371 4147 sensu
400 4091 591 4148 victus
619 4091 899 4161 faciebat;
932 4093 1035 4149 sed
1068 4093 1351 4150 honorem
1387 4093 1618 4167 fugiens
1648 4098 1705 4149 ct
1734 4094 1843 4149 im-

212 4180 643 4250 portunitatem;
667 4199 900 4255 semper
927 4184 1028 4240 89
1058 4183 1215 4239 enim
1248 4182 1548 4240 silentium
1580 4188 1638 4240 et
1668 4184 1845 4239 vitam

212 4265 511 4341 ignobilem
543 4271 935 4329 desiderabat.

279 4359 359 4415 44.
414 4354 819 4418 Testamentum
899 4363 1236 4418 Hilarionis.
1291 4395 1357 4402 —
1411 4361 1529 4418 Olei
1598 4363 1853 4418 unctione

215 4451 380 4505 curati
404 4449 533 4522 ﬁlia
561 4460 613 4507 et
640 4466 812 4523 gener
860 4451 1214 4509 Constantia.
1260 4452 1447 4525 Igitur
1493 4450 1849 4524 octogesimo

1961 1858 2101 1931 quid
2136 1858 2348 1913 times?
2378 1858 2673 1929 egredere,
2710 1856 2908 1913 anima
2952 1872 3103 1925 mea,
3132 1854 3273 1928 quid
3327 1854 3614 1911 dubitas?

1955 1948 2338 2020 Septuaginta
2368 1963 2551 2019 prope
2598 1945 2771 2001 annis
2802 1943 3033 2001 servisti
3083 1942 3337 2008 Christo,
3369 1945 3427 1998 et
3455 1958 3615 1999 mor-

1954 2042 2075 2093 tem
2106 2037 2316 2093 times?
2348 2038 2411 2091 In
2442 2036 2563 2091 haec
2611 2036 2787 2091 verba
2816 2033 3109 2090 exhalavit
3156 2032 3450 2105 spiritum.
3483 2032 3611 2089 Sta-

1954 2127 2180 2199 timque
2220 2127 2402 2183 humo
2430 2126 2729 2193 obrutum,
2752 2128 2887 2180 ante
2919 2122 3050 2179 urbi
3082 2121 3404 2194 sepultum,
3430 2136 3611 2194 quam

1954 2222 2252 2272 mortuum
2284 2216 2722 2272 nuntiaverunt.

2026 2308 2128 2363 40
2176 2307 2265 2362 46.
2315 2305 2609 2377 Hesychius
2654 2309 2889 2375 [uratur
2934 2319 3129 2374 corpus
3174 2302 3232 2356 S.
3280 2302 3605 2357 Hilarionis.

1951 2397 2233 2464 [ntegrum
2262 2410 2456 2466 corpus
2487 2395 2791 2449 Hilarionis
2820 2401 2870 2448 et
2899 2393 3098 2449 illaesa?
3125 2396 3319 2446 vestes.
3346 2421 3415 2429 —
3444 2389 3606 2455 Quod

1952 2488 2267 2557 postquam
2300 2488 2542 2539 sanctus
2576 2481 2663 2538 vir
2708 2480 2931 2537 audivit
2978 2478 3321 2551 Hesychius,
3355 2477 3608 2550 perrexit

1951 2573 2021 2628 ad
2054 2576 2330 2646 Cyprum,
2352 2576 2409 2627 et
2430 2570 2718 2627 simulans
2745 2587 2807 2626 se
2836 2568 2983 2625 velle
3012 2567 3281 2624 habitare
3310 2567 3370 2622 in
3400 2567 3605 2624 eodem

1950 2662 2205 2731 hortulo,
2234 2668 2299 2718 ut
2328 2662 2629 2735 diligentis
2654 2660 2933 2716 custodiae
2966 2658 3362 2731 suspicionem
3393 2656 3605 2715 accolis

1948 2751 2200 2820 tolleret,
2225 2769 2359 2808 cum
2392 2752 2614 2825 ingenti
2643 2750 2769 2805 vitae
2795 2766 2912 2805 suae
2939 2745 3216 2821 periculo,
3242 2749 3375 2819 post
3403 2747 3604 2803 decem

1950 2842 2067 2898 fere
2098 2858 2331 2898 menses
2362 2858 2577 2914 corpus
2623 2842 2751 2912 ejus
2797 2840 3027 2894 furatus
3056 2840 3163 2893 est.
3198 2836 3361 2903 Quod
3410 2836 3605 2907 Maju—

1950 2948 2107 2988 mam
2159 2933 2446 3001 deferens,
2489 2932 2625 2987 totis
2673 2928 3098 2994 monachorum
3148 2929 3206 2982 et
3253 2924 3603 2999 oppidorum

1947 3021 2139 3078 turbis
2171 3021 2686 3094 prosequentibus,
2720 3018 2778 3073 in
2811 3016 3053 3088 antiquo
3085 3013 3443 3071 monasterio
3475 3024 3606 3070 cnn-

1948 3110 2127 3178 didit;
2160 3110 2341 3167 illaesa
2372 3110 2593 3175 tunica,
2618 3107 2869 3174 cuculla,
2893 3110 2950 3161 et
2972 3103 3230 3178 palliolo,
3255 3108 3313 3160 et
3341 3107 3463 3159 toto
3485 3119 3604 3158 cor-

1948 3217 2108 3272 pore,
2142 3200 2311 3271 quasi
2363 3199 2555 3254 adhuc
2593 3198 2825 3263 viveret,
2860 3194 3107 3265 integro,
3141 3190 3439 3262 tantisque
3484 3191 3602 3247 fra-

1946 3295 2152 3363 grante
2183 3288 2482 3353 odoribus,
2516 3292 2580 3341 ut
2618 3285 2948 3341 delibutum
2981 3279 3299 3355 unguentis
3338 3282 3598 3352 putares.

2020 3380 2109 3435 47.
2166 3380 2489 3436 Constantia
2542 3375 2732 3432 dolore
2782 3377 3002 3430 mortua
3062 3374 3284 3444 propter
3348 3372 3602 3442 furatum

1948 3486 2141 3542 corpus
2175 3468 2229 3525 S.
2271 3469 2595 3523 Hilarionis.
2622 3465 2836 3520 —Non
2888 3461 3033 3518 mihi
3079 3461 3309 3517 videtur
3338 3459 3398 3515 in
3446 3458 3601 3516 calce

1948 3558 2083 3614 libri
2117 3559 2362 3614 tacenda
2392 3555 2745 3612 Constantine
2789 3552 2948 3609 illius
2978 3550 3365 3608 sanctissimae
3399 3547 3605 3605 mulie-

1952 3647 2033 3704 ris
2065 3647 2315 3715 devotio,
2340 3664 2469 3718 quae
2502 3644 2724 3719 perlato
2758 3643 2827 3699 ad
2860 3659 2922 3699 se
2954 3642 3183 3709 nuntio,
3217 3640 3372 3711 quod
3395 3656 3607 3711 corpu-

1952 3738 2185 3795 sculum
2217 3736 2536 3793 Hilarionis
2585 3732 2909 3790 Palaestinae
2950 3735 3123 3797 esset,
3158 3728 3359 3785 statim
3409 3726 3612 3784 exani-

1955 3835 2112 3885 mata
2153 3831 2263 3893 est,
2292 3842 2490 3882 veram
2526 3825 2584 3879 in
2617 3838 2848 3879 servum
2880 3820 2983 3877 Dei
3033 3818 3403 3874 dilectionem
3433 3815 3612 3873 etiam

1955 3923 2143 3974 morte
2174 3916 2586 3989 comprobans.
2620 3912 2755 3967 Erat
2800 3910 2955 3965 enim
3006 3906 3176 3964 solita
3207 3904 3520 3978 pervigiles
3550 3903 3612 3959 in

1954 4006 2221 4081 sepulcro
2247 4006 2375 4076 ejus
2401 4007 2597 4059 noctes
2630 4001 2861 4067 ducere,
2886 4001 2945 4053 et
2975 3996 3146 4069 quasi
3167 4011 3303 4050 cum
3326 3996 3613 4067 praesente

1955 4098 2027 4153 ad
2060 4094 2423 4167 adjuvandus
2453 4090 2745 4147 orationes
2776 4104 2918 4144 suas
2959 4082 3360 4142 sermocinari.
3393 4082 3610 4140 Cernas

1958 4201 2144 4258 usque
2194 4183 2366 4239 hodie
2414 4182 2625 4237 miram
2671 4180 2825 4235 inter
2870 4175 3217 4233 Palaestinos
3266 4178 3323 4229 et
3370 4170 3610 4247 Cyprios

1957 4273 2414 4341 contentionem,
2447 4271 2542 4326 his
2572 4285 2785 4342 corpus
2814 4264 3153 4331 Hilarionis,
3188 4262 3305 4319 illis
3334 4261 3609 4336 spiritum

1959 4384 2022 4422 se
2087 4365 2300 4420 habere
2366 4359 2746 4417 certantibus.
2816 4357 2883 4411 Et
2956 4359 3154 4411 tamen
3220 4351 3281 4407 in
3345 4350 3611 4422 utrisque

1960 4454 2103 4511 locis
2133 4469 2350 4526 magna
2407 4448 2668 4523 quotidie
2725 4446 2897 4519 signa
2952 4445 3135 4512 fiunt;
3176 4441 3276 4499 sed
3308 4440 3500 4514 magis
3550 4438 3607 4495 in

219 4537 386 4595 etatis
441 4557 560 4597 suae
602 4557 777 4610 anno,
832 4557 966 4598 cum
1028 4542 1241 4599 absens
1298 4547 1455 4598 esset
1507 4541 1852 4615 Hesychius,
1883 4550 1931 4616 ι)
1961 4542 2194 4601 hortulo
2222 4540 2411 4615 Cypri,
2446 4537 2685 4595 forsitan
2716 4535 2852 4607 quia
2895 4533 3030 4606 plus
3078 4530 3248 4588 illum
3298 4528 3495 4586 locum
3524 4526 3612 4585 di-

219 4629 373 4698 quasi
401 4631 737 4688 testamenti
767 4630 889 4688 vice
937 4631 1171 4689 brevem
1202 4648 1383 4688 manu
1434 4632 1667 4705 propria
1714 4630 1853 4688 scri-

283 4807 387 4865 ‘ln
435 4810 661 4883 aliquot
715 4828 884 4881 mss.,
934 4813 1209 4869 Batholia.
1274 4812 1619 4869 Heliodorus
1650 4821 1856 4870 Βουκόλι

420 4890 660 4967 nixa-neat
685 4893 803 4957 πρὸς
826 4891 1098 4967 Δίγυπτξων
1125 4892 1151 4941 ὁ
1179 4892 1349 4967 tostos,
1365 4890 1474 4940 etc.
1501 4884 1852 4967 Illinchetiam

222 4948 440 5040 ﬁggolici
464 4948 674 5040 milites
701 4948 801 5038 per
826 4948 1125 5040 [Epyp‘t‘uni
1152 4948 1434 5040 notantur
1465 4975 1499 5013 a
1518 4958 1853 5040 Capitolino

220 5017 448 5104 aliisque
487 5043 525 5104 a
567 5017 795 5101 vulgari
846 5017 1237 5102 appellatione
1285 5028 1467 5101 hujus
1517 5017 1853 5103 loci,quem

219 5095 554 5155 insidebant.

1962 4633 2166 4691 lexerit
2186 4633 2224 4687 ¹.

2032 4816 2054 4849 ι
2079 4813 2243 4869 Unus
2272 4810 2487 4878 Vatic.,
2517 4805 2841 4863 concederet.
2936 4872 2949 4878 _
3156 4876 3162 4878 Α
3353 4869 3363 4878 ,

2034 4887 2055 4920 ³
2087 4868 2250 4948 Mss,
2294 4868 2665 4939 testabantur;
2713 4881 2771 4933 et
2815 4872 2991 4949 paulo
3041 4876 3173 4945 post
3224 4869 3365 4943 quod
3409 4868 3617 4923 scilicet

1963 4962 2139 5014 tantos
2171 4957 2449 5025 agonislus
2477 4953 2721 5025 haberet,
2753 4953 2863 5025 etc.

2036 5033 2057 5064 ι
2086 5015 2401 5092 νὶοὼτίυε,
2434 5024 2504 5080 ad
2531 5024 2687 5094 cujus
2708 5015 2956 5096 conﬁnia
2986 5015 3395 5096 liortulus,_etc.
3427 5085 3436 5094 .

2038 5103 2057 5137 δ
2088 5101 2251 5157 Unus
2281 5083 2489 5166 Vatic.,
2522 5083 2655 5167 quia
2689 5083 2960 5167 pusillum
2989 5090 3165 5146 locum
3192 5083 3477 5142 dilexerit.
