3970 6422
191 299 262 386 ri
987 355 994 362 -
1405 307 1589 382 VITA
1635 307 1931 379 MALCHI
1975 309 2356 377 MONACHI.
3506 312 3588 378 ss

193 459 424 539 repertis
453 457 779 528 monachis,
811 474 1013 517 eorum
1053 474 1145 516 me
1196 455 1536 532 magisterio
1578 451 1817 519 tradidi,
1849 450 1904 517 Α
1934 465 2084 506 mus.
2120 451 2336 507 Carnes
2367 451 2728 523 semicrudae,
2762 451 2969 522 cibus;
3001 457 3059 510 et
3097 451 3185 511 lac
3224 452 3580 513 camelorum

195 573 466 615 manuum
520 553 723 611 labore
749 552 967 608 victum
1008 549 1344 624 quaeritans,
1406 545 1825 614 lasciviamque

195 648 376 706 carnis
398 647 702 704 refrenans
726 640 992 715 jejuniis.
1014 643 1152 697 Post
1173 639 1391 696 multos
1414 653 1599 694 annos
1620 633 1824 689 incidit

195 737 331 796 mihi
380 735 738 793 desiderium
785 735 823 801 ¹,
885 737 952 788 ut
981 732 1051 787 ad
1096 731 1346 803 patriam
1395 741 1716 800 pergerem.
1761 723 1830 777 Et

195 829 329 886 dum
372 825 562 882 adhuc
606 825 818 880 viveret
849 825 951 880 43
1005 826 1213 888 mater,
1257 820 1384 891 jam
1415 817 1571 874 enim
1604 819 1828 887 patrem

196 921 482 975 mortuum
530 915 864 981 audieram;
918 911 1138 968 solarer
1180 910 1522 965 viduitatem
1578 906 1728 976 ejus,
1775 905 1832 956 et

196 1007 392 1064 exinde
407 1005 739 1062 venundata
759 1000 1261 1075 possessiuncula,
1286 1003 1510 1072 partem
1529 1007 1830 1065 erogarem

198 1095 562 1170 pauperibus.
621 1098 846 1166 partem
897 1094 920 1128 ³
971 1089 1324 1147 monasterio
1373 1086 1829 1149 constituerem;

199 1185 328 1260 quid
357 1184 636 1241 erubesco
666 1181 926 1239 conﬁteri
968 1179 1375 1236 infidelitatem
1418 1191 1607 1231 meam
1632 1175 1659 1228 ?
1692 1189 1831 1245 par-

198 1281 304 1332 tem
361 1275 421 1330 in
460 1277 810 1345 sumptuum
864 1287 1128 1326 meorum
1179 1267 1394 1325 solatia
1452 1278 1828 1320 reservarem.

199 1363 448 1422 Clamare
478 1361 654 1434 coepit
690 1361 870 1417 abbas
899 1377 1087 1425 meus,
1135 1357 1351 1414 diaboli
1383 1373 1510 1410 esse
1557 1352 1832 1409 tentatio-

200 1469 342 1520 nem,
375 1455 432 1509 et
460 1453 572 1508 sub
612 1450 870 1506 honestae
900 1449 981 1505 rei
1026 1448 1350 1510 occasione,
1384 1446 1562 1500 latere
1607 1441 1829 1513 antiqui

199 1541 374 1599 hostis
395 1540 666 1598 insidias.
699 1543 818 1594 Hoc
849 1555 998 1604 esse,
1030 1537 1237 1592 reverti
1277 1551 1481 1591 canem
1526 1532 1594 1587 ad
1645 1532 1833 1586 vomi-

199 1635 314 1688 tum
361 1647 558 1687 suum.
611 1630 703 1686 Sic
735 1627 953 1684 multos
997 1626 1420 1683 monachorum
1471 1640 1600 1679 esse
1630 1623 1834 1692 decep-

201 1725 302 1789 tos,
334 1735 639 1792 nunquam
673 1717 971 1774 diabolum
1005 1720 1204 1789 aperta
1246 1716 1434 1770 fronte
1476 1731 1537 1770 se
1567 1712 1832 1784 prodere.

1935 545 2110 612 potus
2140 546 2282 597 erat.

2004 637 2057 690 5.
2122 640 2350 692 Pascere
2399 652 2517 691 oves
2565 637 2811 708 jubetur.
2859 638 3121 694 Tandem
3174 639 3382 711 grandi
3413 656 3585 696 amne

1936 727 2691 799 transmisso,pervenimus
2722 728 2795 783 ad
2819 728 3157 785 interiorem
3182 728 3583 798 solitudinem,

1938 818 2040 874 ubi
2106 818 2405 873 dominam
2451 817 2783 890 liberosque
2814 837 2882 874 ex
2920 836 3081 875 more
3112 819 3302 890 gentis
3344 819 3587 876 adorare

1933 908 2109 979 jussi,
2145 909 2394 964 cervices
2427 909 2859 966 flectimus.Hic
2889 911 3056 982 quasi
3076 910 3314 966 clausus
3335 927 3586 976 carcere,

1941 1002 2165 1054 mutato
2197 998 2422 1062 habitu,
2458 997 2510 1053 id
2533 1004 2641 1063 est,
2677 1001 2871 1055 nudus
2893 999 3196 1055 ambulare
3220 999 3399 1055 disco.
3437 1000 3584 1055 Nam

1941 1087 2090 1143 aeris
2123 1103 2355 1159 quoque
2387 1088 2760 1159 intemperies
2789 1091 2829 1155 ⁵,
2865 1088 3009 1143 nihil
3050 1088 3208 1144 aliud
3244 1092 3450 1159 praeter
3479 1105 3586 1159 pu-

1941 1177 2130 1232 denda
2159 1176 2334 1232 velari
2369 1176 2722 1248 patiebatur.
2756 1179 3098 1234 Traduntur
3119 1178 3262 1234 mihi
3281 1178 3587 1250 pascendae

1941 1281 2094 1331 oves,
2131 1269 2187 1319 et
2216 1265 2274 1319 in
2309 1265 2598 1320 malorum
2631 1267 3068 1338 comparatione
3100 1256 3402 1322 hoc’fruor
3433 1265 3590 1321 sola-

1940 1353 2040 1419 tio,
2077 1354 2229 1426 quod
2258 1355 2526 1409 dominos
2558 1371 2738 1421 meos,
2773 1360 2828 1410 et
2860 1372 3170 1412 conservos
3193 1356 3382 1412 rarius
3405 1355 3587 1410 video.

1939 1443 2194 1500 Videbar
2224 1443 2367 1498 mihi
2401 1443 2619 1516 aliquid
2651 1445 2863 1500 habere
2894 1445 3076 1500 sancti
3098 1446 3300 1512 Jacob,
3331 1445 3592 1501 recorda-

1943 1534 2049 1587 bar
2095 1532 2300 1604 Moysi,
2347 1532 2445 1604 qui
2498 1537 2554 1587 et
2585 1533 2695 1603 ipsi
2746 1534 2803 1588 in
2835 1550 3030 1589 eremo
3081 1535 3378 1606 quondam
3433 1536 3594 1592 fuere

1943 1628 2226 1694 pastores.
2261 1625 2550 1678 Vescebar
2588 1623 2803 1678 recenti
2835 1641 3002 1680 caseo
3034 1629 3090 1680 et
3125 1624 3270 1680 lacte
3306 1644 3317 1681 :
3352 1627 3592 1682 orabam

1935 1713 2176 1784 jugiter,
2210 1713 2492 1768 canebam
2524 1713 2806 1784 psalmos,
2839 1731 2987 1785 quos
3019 1715 3077 1769 in
3119 1715 3470 1771 monasterio
3501 1717 3594 1770 di—

199 1805 552 1882 Proponebat
579 1807 723 1864 mihi
755 1807 1019 1878 exempla
1047 1807 1118 1861 de
1166 1805 1481 1876 Scripturis
1529 1801 1786 1875 plurima
1817 1818 1829 1855 :
1864 1830 1912 1896 Β
1945 1803 2220 1857 diceram.
2251 1802 2581 1857 Delectabat
2600 1819 2691 1858 me
2710 1805 3016 1875 captivitas
3039 1821 3168 1860 mea
3195 1823 3207 1872 ;
3234 1805 3597 1877 agebamque

200 1897 342 1954 inter
396 1911 524 1971 quae
573 1895 739 1963 illud,
799 1895 954 1968 quod
1009 1894 1176 1948 initio
1233 1894 1419 1949 Adam
1489 1907 1722 1963 quoque
1779 1893 1838 1944 et

200 1985 364 2043 Evam
381 2003 484 2059 spe
505 1985 832 2042 divinitatis
854 1983 1335 2056 supplantaverit.
1360 1983 1574 2036 Etcum
1603 1995 1837 2052 persua-

201 2075 325 2132 dere
353 2093 467 2132 non
518 2078 735 2149 posset,
785 2074 1126 2148 provolutus
1170 2071 1418 2145 genibus
1450 2070 1832 2135 obsecrabat;

201 2181 267 2221 ne
308 2181 368 2221 se
404 2165 754 2232 desererem,
789 2180 862 2219 ne
899 2179 994 2219 me
1023 2162 1349 2235 perderem,
1395 2177 1522 2228 nec,
1575 2163 1836 2214 aratrum

201 2257 413 2325 tenens,
446 2259 582 2327 post
610 2259 839 2326 tergum
870 2253 1245 2327 respicerem.
1282 2250 1375 2306 Vae
1407 2251 1623 2304 misero
1664 2247 1835 2313 mihi,

202 2341 299 2400 vici
329 2325 678 2400 monitorem
708 2325 960 2415 pessima
993 2325 1255 2407 victoria,
1277 2345 1492 2412 putans
1522 2338 1691 2393 illum
1722 2353 1838 2391 non

203 2450 380 2490 meam
424 2432 680 2489 salutem
733 2433 882 2505 [Mss.
929 2430 1288 2501 utilitatem],
1333 2430 1433 2485 sed
1479 2444 1654 2484 suum
1688 2426 1836 2481 sola-

203 2521 339 2578 tium
375 2538 652 2595 quaarere.
683 2522 1038 2577 Prosecutus
1067 2536 1204 2592 ergo
1235 2535 1328 2574 me
1358 2519 1430 2574 de
1460 2515 1838 2582 monasterio,

204 2612 360 2685 quasi
401 2612 584 2667 funus
615 2611 862 2676 efferret,
894 2615 952 2665 et
982 2611 1054 2665 ad
1086 2614 1411 2665 extremum
1458 2605 1789 2662 valedicens
1825 2621 1837 2658 :

204 2699 388 2770 Video,
423 2701 526 2770 ait,
563 2704 618 2756 te
650 2698 753 2756 ﬁlii
792 2700 1019 2756 Satanas
1067 2698 1326 2754 cauterio
1378 2700 1642 2752 notatum
1678 2712 1689 2750 :
1725 2711 1841 2749 non

207 2805 385 2863 quaero
415 2806 629 2845 causas
669 2789 1071 2844 excusationes
1119 2804 1232 2842 non
1277 2785 1510 2858 recipio.
1552 2784 1685 2838 Ovis
1716 2800 1841 2855 qua:

206 2879 269 2935 de
316 2879 516 2935 ovibus
567 2877 885 2951 egreditur,
943 2876 1067 2950 lupi
1117 2876 1314 2933 statim
1378 2875 1677 2930 morsibus
1734 2872 1839 2943 [ΑΙ.

206 2967 480 3041 faucibus]
513 2971 692 3041 patet.
1716 3013 1718 3018 .

271 3059 320 3112 4.
354 3055 608 3130 Captivus
637 3056 940 3113 adducitur.
977 3088 1042 3098 —
1074 3056 1156 3112 De
1183 3057 1364 3111 Beroa
1391 3055 1536 3112 Edes
1618 3074 1675 3111 m
1710 3073 1844 3128 per-

209 3147 486 3219 gentibus,
519 3146 714 3202 vicina
759 3150 847 3202 est
878 3143 1112 3218 publico
1161 3145 1357 3200 itineri
1411 3146 1687 3212 solitudo,
1741 3163 1843 3218 per

210 3253 372 3308 quam
427 3235 704 3292 Saraceni
755 3236 993 3291 incertis
1047 3235 1287 3291 sedibus
1334 3234 1449 3290 huc
1481 3240 1657 3307 atque
1704 3235 1842 3290 illuc

211 3341 423 3399 semper
451 3330 759 3399 vagantur.
783 3326 918 3390 Quae
949 3325 1208 3396 suspicio
1233 3325 1619 3395 frequentiam
1643 3325 1700 3379 in
1729 3325 1845 3380 illis

211 3412 336 3471 locis
364 3415 656 3471 viatorum
687 3417 1022 3488 congregat,
1057 3417 1120 3469 ut
1150 3414 1469 3469 imminens
1518 3413 1842 3486 periculum

213 3501 407 3560 auxilio
436 3509 648 3560 mutuo
679 3502 1022 3559 declinetur.
1063 3505 1242 3558 Erant
1286 3503 1344 3557 in
1385 3503 1665 3558 comitatu
1717 3519 1846 3557 meo

212 3592 326 3658 viri,
348 3594 596 3660 feminae,
631 3607 820 3659 senes,
847 3593 1115 3664 juvenes,
1148 3590 1397 3664 parvuli,
1442 3609 1686 3647 numero
1734 3592 1844 3646 cir-

214 3681 341 3738 citer
369 3681 762 3756 septuaginta.
795 3681 866 3737 Et
897 3696 1027 3737 ecce
1060 3681 1253 3737 subito
1287 3697 1573 3753 equorum
1602 3682 1623 3716 ⁸
1654 3697 1845 3736 came-

211 3767 501 3844 lorumque
545 3785 806 3828 sessores
838 3769 1147 3826 Iamaelitae
1189 3769 1443 3838 irruunt,
1478 3770 1707 3825 crinitis
1735 3769 1845 3824 vit-

213 3859 446 3934 tatisque
475 3861 790 3932 capitibus,
825 3876 891 3916 ac
926 3859 1235 3916 seminudo
1283 3876 1542 3932 corpore,
1584 3859 1763 3931 pallia
1793 3864 1851 3916 et

213 3945 344 4006 latas
391 3950 610 4024 caligas
675 3949 978 4006 trahentes
1032 3967 1046 4004 :
1096 3949 1428 4020 pendebant
1474 3966 1543 4004 ex
1600 3948 1846 4004 humero

212 4035 515 4108 pharetras;
568 4039 732 4095 laxos
780 4055 950 4095 arsus
1001 4039 1323 4104 vibrantes,
1375 4038 1612 4094 hastilia
1672 4038 1846 4111 longa

215 4130 541 4198 portabant;
575 4143 691 4185 non
725 4121 908 4185 entim
940 4128 1011 4184 ad
1045 4127 1561 4200 pugnandum,sed
1595 4128 1664 4183 ad
1700 4145 1842 4201 prte-

213 4209 332 4271 dam
370 4222 665 4274 venerant.
718 4217 1023 4290 Rapimur,
1051 4217 1470 4289 dispergimur,
1519 4217 1578 4272 in
1621 4216 1848 4272 diversa

211 4305 500 4363 trahimur.
534 4307 652 4381 Ego
683 4307 912 4363 interim
947 4306 1120 4379 longo
1146 4305 1508 4378 postliminio
1539 4305 1844 4362 haeredita-

210 4389 319 4449 rius
379 4409 706 4468 possessor,
745 4401 803 4452 et
856 4413 986 4451 sero
1051 4395 1198 4450 mihi
1257 4395 1486 4451 consilii
1533 4396 1842 4467 paenitens,

213 4489 326 4537 eum
382 4484 562 4541 altera
621 4483 968 4540 muliercula
1005 4485 1064 4539 in
1113 4483 1290 4540 unius
1345 4484 1468 4539 heri
1498 4486 1838 4541 servitutem

1945 1891 2045 1947 Dei
2070 1891 2295 1961 judicio
2327 1891 2565 1964 gratias,
2601 1893 2756 1964 quod
2792 1893 3168 1961 monachum,
3203 1911 3376 1967 quem
3409 1894 3466 1950 in
3496 1913 3596 1968 pa-

1944 1980 2058 2036 tria
2091 1980 2312 2036 fueram
2342 1981 2700 2053 perditurns,
2737 1981 2795 2036 in
2831 1999 3026 2040 eremo
3058 1972 3415 2040 inveneram.

2017 2070 2069 2124 6.
2107 2071 2437 2126 Conservam
2479 2074 2538 2126 in
2569 2089 2795 2128 uxorem
2838 2075 3050 2145 cogitur
3089 2077 3354 2146 accipere.
3413 2078 3600 2132 Virtus

1943 2162 2175 2230 femina”;
2203 2162 2451 2233 captivae.
2493 2161 2536 2216 Ο
2577 2161 2723 2216 nihil
2757 2180 3018 2234 unquam
3063 2167 3254 2220 tutum
3288 2167 3441 2237 apud
3477 2165 3600 2221 dia-

1948 2249 2176 2306 bolum!
2212 2267 2243 2305 o
2286 2249 2641 2321 multiplices
2673 2256 2730 2306 et
2777 2251 3102 2308 ineffabiles
3154 2254 3279 2323 ejus
3331 2254 3596 2311 insidia!

1950 2337 2043 2394 Sic
2075 2356 2307 2411 quoque
2339 2339 2617 2394 latentem
2651 2357 2743 2395 me
2775 2341 2995 2396 invenit
3026 2342 3262 2398 invidia.
3314 2344 3600 2400 Dominus

1950 2429 2158 2484 videns
2191 2444 2425 2501 gregem
2458 2445 2633 2484 suum
2667 2446 2946 2494 crescere,
2981 2430 3245 2502 nihilque
3276 2432 3336 2486 in
3378 2449 3470 2487 me
3500 2434 3601 2488 de-

1953 2517 2736 2589 prehendensfraudulentiae
2757 2519 3039 2587 (sciebam
3070 2519 3225 2574 enim
3258 2521 3598 2592 Apostolum

1953 2605 2296 2677 praecepisse
2329 2607 2545 2678 (Ephes.
2578 2625 2656 2674 vr,
2692 2607 2848 2679 etc.),
2872 2608 3128 2664 dominis
3159 2608 3242 2665 sic
3282 2610 3451 2680 quasi
3484 2611 3601 2668 Deo

1953 2694 2200 2750 fideliter
2247 2696 2664 2764 serviendum),
2717 2701 2773 2752 et
2819 2696 3020 2753 volens
3063 2715 3155 2754 me
3204 2714 3600 2768 remunerare,

1952 2801 2069 2856 quo
2101 2785 2282 2840 fidum
2316 2785 2426 2840 sibi
2462 2787 2650 2860 magis
2693 2787 2925 2857 faceret,
2977 2788 3220 2844 tradidit
3263 2789 3407 2845 mihi
3441 2789 3602 2846 illam

1953 2890 2290 2930 conservam
2325 2892 2539 2941 meam,
2563 2875 2880 2948 aliquando
2911 2878 3218 2948 captivam.
3241 2879 3461 2934 Etcum
3498 2897 3603 2953 ego

1951 2964 2290 3031 refutarem,
2325 2965 2696 3038 diceremque
2727 2983 2820 3022 me
2841 2966 3262 3037 Christianum,
3297 2985 3402 3024 nec
3432 2969 3606 3025 licere

1954 3053 2097 3108 mihi
2148 3071 2386 3110 uxorem
2437 3055 2682 3112 viventis
2722 3056 2917 3111 mariti
2976 3057 3237 3129 accipere
3288 3057 3602 3130 (siquidem

1956 3147 2162 3214 captus
2193 3144 2502 3199 nobiscum
2531 3145 2620 3199 vir
2657 3147 2804 3215 ejus,
2853 3145 2924 3199 ab
2976 3145 3088 3201 alio
3131 3147 3368 3202 domino
3418 3149 3607 3204 fuerat

1956 3233 2287 3301 abductus),
2342 3233 2518 3288 herus
2556 3235 2577 3268 ⁸
2636 3233 2731 3288 ille
2789 3233 3179 3305 implacabilis
3237 3235 3296 3289 in
3347 3236 3604 3292 furorem

1957 3337 2180 3390 versus,
2208 3322 2512 3392 evaginato
2545 3339 2636 3378 me
2668 3322 2841 3392 cmpit
2891 3327 3082 3394 petere
3129 3323 3344 3395 gladio.
3381 3325 3448 3380 Et
3493 3323 3604 3380 nisi

1957 3411 2263 3466 confestim
2323 3411 2564 3467 brachia
2613 3413 2882 3478 tendens,
2947 3413 3252 3470 mulierem
3315 3431 3605 3486 praeoccu-

1959 3517 2190 3573 passem
2221 3503 2262 3570 τ,
2294 3500 2449 3556 illico
2505 3499 2754 3558 fudisset
2803 3503 3172 3575 sanguinem.
3235 3503 3369 3560 Jam
3423 3504 3607 3577 igitur

1959 3596 2192 3646 venerat
2221 3591 2582 3647 tenebrosior
2612 3591 2804 3658 solito,
2828 3597 2885 3648 et
2917 3592 3060 3647 mihi
3093 3593 3344 3649 nimium
3377 3599 3610 3650 matura

1958 3680 2262 3736 nox.Duco
2300 3681 2358 3734 in
2403 3681 2744 3752 speluncam
2778 3682 3145 3749 semirutam,
3180 3699 3388 3739 novam
3411 3686 3609 3755 conju-

1958 3785 2088 3842 gem
2125 3786 2137 3823 :
2172 3774 2228 3825 et
2257 3771 2628 3842 pronubante
2677 3771 2848 3826 nobis
2882 3771 3179 3839 mcestitia,
3230 3775 3478 3845 uterque
3510 3773 3608 3827 de-

1959 3863 2247 3915 testamur
2274 3859 2523 3916 alterum
2554 3861 2597 3926 3,
2631 3877 2734 3916 nec
2766 3861 3035 3916 fatemur.
3079 3863 3242 3916 Tunc
3286 3877 3419 3916 vere
3449 3861 3608 3917 sensi

1957 3947 2354 4021 captivitatem
2414 3966 2644 4017 meam;
2697 3953 3141 4021 prostratusque
3196 3949 3363 4004 humi
3404 3965 3606 4006 mona-

1957 4037 2290 4109 chumcocpi
2319 4037 2612 4109 plangere,
2630 4054 2802 4109 quem
2828 4037 3143 4110 perdebam
3166 4037 3604 4094 dicens:Hucci-

1958 4144 2028 4182 ne
2059 4127 2240 4182 miser
2270 4131 2532 4181 servatus
2553 4125 2798 4181 sum?ad
2831 4125 2940 4183 hoc
2959 4142 3049 4183 me
3083 4143 3213 4183 mea
3235 4126 3455 4183 scelera
3476 4145 3604 4200 per-

1955 4217 2266 4283 duxerunt,
2310 4220 2374 4271 ut
2412 4216 2815 4272 incanescente
2857 4217 2983 4287 jam
3037 4218 3246 4289 capite,
3302 4215 3403 4274 45
3445 4219 3604 4292 virgo

1956 4307 2204 4362 maritus
2263 4305 2502 4362 ﬁerem?
2533 4305 2681 4370 Quid
2725 4307 2962 4378 prodest
2995 4310 3287 4379 parentes,
3330 4307 3602 4379 patriam,

1956 4413 2075 4452 rem
2109 4394 2458 4450 familiarem
2512 4395 2939 4465 contempsisse
2970 4413 3074 4469 pro
3116 4395 3384 4464 Domino,
3417 4396 3466 4452 si
3497 4397 3604 4454 hoc

1954 4486 2121 4552 facio,
2165 4485 2319 4556 quod
2355 4500 2427 4540 ne
2457 4483 2729 4548 facerem,
2758 4483 2860 4540 illa
2891 4485 3219 4558 contempsi
3252 4503 3264 4540 :
3298 4485 3413 4540 nisi
3445 4487 3602 4557 quod

210 4571 426 4630 sortitus
464 4574 652 4631 venio.
686 4573 990 4640 Ducimur,
1038 4573 1158 4630 imo
1199 4579 1506 4646 portamur
1553 4575 1839 4630 sublimes
1871 4579 1916 4646 D
1950 4576 2095 4631 forte
2128 4578 2429 4647 propterea
2461 4573 2582 4628 haec
2605 4571 2889 4641 sustineo,
2923 4575 3062 4645 quia
3092 4573 3339 4646 patriam
3373 4573 3601 4630 deside-

211 4656 261 4714 in
307 4663 576 4734 camelis;
633 4667 690 4720 et
720 4677 822 4736 per
861 4665 1083 4719 vastam
1132 4666 1234 4719 44
1286 4679 1547 4720 eremum
1605 4681 1839 4737 semper

211 4748 418 4809 ruinam
465 4753 762 4822 timentes,
817 4753 1144 4826 pendemus
1171 4753 1194 4786 ‘
1223 4753 1418 4826 potius
1459 4770 1638 4826 quam
1681 4755 1839 4810 sede-

274 5017 433 5093 ?Pari
481 5036 772 5078 consensu
830 5038 974 5078 mss.
1028 5037 1254 5093 omnes,
1309 5021 1504 5078 incidit
1558 5024 1701 5079 mihi
1745 5041 1836 5080 co-

213 5088 402 5213 gitatio,
459 5095 537 5161 ut,
586 5098 696 5150 etc.
757 5088 1257 5165 quemadmodum
1287 5099 1345 5150 et
1405 5111 1585 5168 supra
1617 5096 1674 5150 in
1707 5097 1837 5154 Vita

251 5199 264 5212 .
299 5160 451 5213 Pauli
483 5182 541 5213 n-
571 5167 606 5213 7
646 5165 761 5213 haec
789 5167 849 5213 in
877 5173 1118 5213 mentem
1146 5168 1263 5213 eius
1309 5169 1568 5213 canit/11in
1616 5169 1813 5213 incidit

251 5199 264 5240 τ
299 5160 452 5240 Pauli
483 5160 541 5220 n7.
571 5167 606 5219 7
646 5160 849 5221 hacin
877 5173 1118 5222 mentem
1146 5168 1263 5238 ejus
1309 5160 1568 5236 cogitatio
1616 5169 1834 5239 incidit,

211 5238 290 5393 αξ
493 5317 661 5393 mss.,-
692 5311 777 5393 Εές
800 5313 958 5393 parte
995 5309 1395 5393 mmsterium
1442 5315 1832 5393 construerem.

269 5375 288 5408 ⁸
316 5377 468 5435 Unus
495 5375 681 5455 Yatic.
705 5375 888 5455 addit,
912 5383 1290 5455 Barbarorum
1317 5398 1538 5455 manus,
1570 5387 1627 5439 et
1657 5385 1835 5455 paulo

213 5446 478 5522 διεδ-ωδε.
511 5452 720 5508 Gallica
743 5450 961 5510 habent
991 5469 1094 5522 pro
1121 5453 1364 5522 Caligas,
1416 5446 1570 5511 alius
1599 5446 1835 5514 ca'llicu-

216 5469 312 5504 nes
339 5469 478 5507 mss.
511 5469 720 5508 uauica
744 5469 961 5510 nanent
1032 5471 1094 5510 ro
1121 5469 1364 5522 caligas,

214 5515 445 5599 la{._Yid.
477 5523 628 5594 infra
658 5525 940 5599 Regulam
1065 5523 1388 5599 Pachumii.

270 5591 288 5625 ⁸
312 5591 442 5672 lges.
475 5591 1002 5672 omnesdizremus
1033 5596 1242 5672 potius,
1271 5601 1381 5672 etc.

321 5664 453 5724 Tres
495 5683 639 5726 mss.
688 5664 836 5727 Nam
888 5664 1048 5728 acris'
1094 5671 1199 5728 loci
1256 5669 1413 5725 illius
1477 5672 1827 5744 intemperies

1947 4663 2087 4719 ravi.
2122 4663 2268 4726 Quid
2301 4663 2556 4734 agimus,
2581 4661 2824 4717 anima?
2854 4661 3133 4734 perimus,
3161 4679 3232 4717 an
3265 4661 3602 4717 vincimus?

1947 4751 2367 4825 Exspectamus
2393 4768 2632 4807 manum
2665 4751 2916 4818 Domini,
2952 4768 3024 4807 an
3059 4751 3290 4823 proprio
3321 4767 3601 4808 mucrone

1942 5022 2495 5097 praeter-pudicitiam
2528 5020 2673 5076 nihil
2703 5021 2881 5088 aliud,
2911 5025 3020 5097 etc.
3056 5025 3220 5076 Unus
3267 5023 3572 5097 temperies,

2017 5097 2038 5129 θ
2092 5090 2181 5149 Ita
2227 5111 2370 5149 mss.
2424 5109 2775 5149 consensum
2826 5111 2891 5148 ac
2940 5095 3115 5148 fidem
3171 5090 3596 5150 emend'amusi

1948 5166 2254 5238 hucusque
2286 5165 2459 5238 enim
2514 5165 2676 5233 editi,
2721 5166 2992 5238 adverbio
3039 5181 3232 5220 rursus
3261 5168 3594 5238 praeposito,

1947 5240 2101 5312 quod
2154 5237 2397 5312 minime
2430 5237 2523 5312 ad
2575 5253 2698 5294 rem
2733 5236 2890 5306 facit,
2936 5237 3142 5308 legunt
3181 5236 3417 5310 queque
3443 5240 3596 5310 ferus

1947 5310 2051 5368 ille
2079 5319 2130 5366 et
2156 5310 2527 5382 inplacabilis.

2017 5385 2036 5418 ⁷
2071 5384 2332 5447 Quatuor
2387 5398 2558 5446 mss.,
2604 5382 2664 5435 Et
2688 5381 2804 5434 nisi
2849 5381 3081 5448 festinus
3142 5381 3362 5436 brachio
3413 5385 3597 5438 tenere

1946 5457 2234 5511 mulierem
2259 5467 2722 5526 prmoccupassem
2757 5469 2770 5506 :
2803 5451 2976 5518 alius,
3025 5453 3147 5508 Nisi
3192 5454 3429 5524 festinus
3470 5471 3592 5509 mu-

1947 5529 2138 5586 lierem
2167 5534 2428 5590 tenerem,
2463 5525 2682 5580 brachio
2715 5539 3056 5596 occuparem,
3089 5529 3198 5580 etc.

2015 5602 2035 5634 ⁸
2066 5599 2191 5656 Duo
2225 5613 2372 5653 mss.
2405 5598 2764 5664 Alterutrum,
2798 5613 2896 5653 nec
2923 5600 3184 5669 fatemur.
