3970 6444
370 306 454 373 39
1626 306 1689 371 S.
1736 304 2049 372 EUSEBII
2091 304 2540 373 HIERONYMI

3700 296 3787 368 οο

375 443 794 501 confodimur?
823 442 996 501 Verte
1025 440 1084 500 in
1115 446 1171 501 te
1192 441 1491 517 gladium;
1525 446 1626 499 tua
1649 440 1835 513 magis
1866 458 2024 498 mors
2052 448 2103 512 Α
2133 442 2432 500 laboratur
2476 443 2536 498 in
2596 442 2879 512 medium,
2937 455 3191 514 cumque
3218 436 3365 496 nihil
3422 437 3780 512 cujusquam

374 532 636 590 timenda
666 538 775 602 est,
812 551 988 606 quam
1010 536 1290 607 corporis.
1315 534 1499 588 Habet
1518 538 1575 587 et
1604 536 1826 587 servata
1850 530 2017 602 pudi-

373 623 511 678 citia
541 640 718 677 suum
751 623 1119 695 martyrium.
1170 623 1369 677 Jaccat
1426 620 1755 690 insepultus
1805 619 2017 674 Christi

374 712 538 766 testis
568 712 628 766 in
659 728 874 778 eremo,
907 712 1018 783 ipsi
1050 711 1193 766 mihi
1227 727 1322 766 ero
1354 716 1407 765 ct
1435 714 1767 782 persecutor
1795 713 1851 762 et
1873 724 2021 762 mar-

372 803 482 871 tyr.
514 800 605 855 Sic
637 801 810 866 fatus,
843 800 1015 856 eduxi
1049 800 1108 855 in
1142 800 1403 855 tenebris
1432 814 1662 870 quoque
1704 797 2018 851 micantem

372 887 656 961 gladium,
697 894 754 944 et
784 890 1054 945 acumine
1085 893 1292 944 contra
1333 905 1424 942 me
1454 904 1619 942 verso
1655 904 1667 941 :
1716 884 1876 951 Vale,
1930 883 2019 939 in-

372 994 571 1049 quam,
604 977 805 1033 infelix
836 978 1086 1046 mulier;
1122 978 1330 1033 habeto
1355 994 1445 1031 me
1476 978 1790 1046 martyrem
1826 973 2019 1045 potius

370 1083 549 1139 quam
583 1067 882 1122 maritum.
914 1068 1075 1122 Tunc
1096 1066 1196 1121 illa
1224 1066 1468 1137 pedibus
1492 1064 1638 1118 meis
1671 1061 1970 1134 provoluta
2001 1078 2013 1115 :

370 1155 585 1211 Precor
640 1160 717 1221 te,
778 1157 989 1227 inquit,
1050 1173 1153 1227 per
1205 1156 1407 1210 Jesum
1466 1152 1786 1215 Christum,
1832 1154 1888 1205 et
1918 1166 2021 1221 per

373 1245 553 1315 hujus
582 1244 736 1299 horae
769 1245 1171 1300 necessitatem
1202 1244 1429 1313 adjuro,
1464 1259 1534 1297 ne
1565 1241 1831 1296 effundas
1884 1257 2019 1293 san-

289 1369 299 1380 ο
374 1333 610 1406 guinem
647 1338 814 1388 tuum
847 1333 904 1387 in
935 1333 1153 1387 crimen
1188 1348 1381 1387 meum
1416 1331 1451 1384 ί.
1489 1329 1583 1386 Vel
1617 1329 1664 1383 si
1702 1328 1847 1383 mari
1892 1326 2015 1398 pla-

370 1426 481 1487 cet,
531 1420 589 1475 in
638 1438 729 1475 me
784 1422 1042 1492 primum
1094 1425 1250 1476 verte
1300 1435 1662 1475 mucronem.
1706 1418 1800 1473 Sic
1850 1415 2020 1471 nobis

367 1509 563 1581 potius
594 1509 1040 1581 conjungamur.
1060 1509 1247 1563 Etiam
1272 1507 1320 1563 si
1350 1508 1436 1562 vir
1459 1524 1623 1562 meus
1646 1507 1716 1561 ad
1745 1522 1833 1561 me
1870 1503 2019 1559 redi-

365 1602 471 1665 ret,
508 1614 796 1653 servarem
828 1598 1180 1664 castitatem,
1210 1613 1386 1669 quam
1442 1613 1535 1651 me
1568 1595 1873 1667 captivitas
1923 1595 2020 1648 do~

365 1686 515 1752 cuit;
563 1685 655 1741 vel
704 1686 1004 1741 interirem
1056 1687 1251 1757 potius
1290 1702 1466 1756 quam
1532 1684 1854 1756 perderem.
1905 1682 2021 1737 Cur

2130 534 2434 605 pr0prium
2468 534 2563 599 sit,
2590 533 2855 588 omnium
2889 532 3089 589 omnia
3118 534 3279 587 sunt.

2198 625 2382 692 Fugit.
2431 652 2502 664 -—
2547 623 2826 693 Regi-csso
2878 622 2949 676 ad
3000 618 3191 677 cubile
3222 618 3473 676 occurrit
3501 615 3714 674 mulier
3757 634 3770 671 :

2128 710 2431 765 tristitiam
2463 711 2642 766 animi
2663 710 2825 765 vultu
2849 708 3222 765 dissimulare
3241 724 3355 764 non
3377 706 3561 779 potui.
3586 706 3776 779 Rogat

2128 816 2233 855 cur
2261 800 2342 855 ita
2370 800 2735 854 exanimatus
2758 798 2892 854 sim.
2927 798 3106 854 Audit
3126 797 3384 853 causas"
3416 812 3429 852 :
3464 795 3666 851 hortor
3697 793 3774 850 ad

2128 890 2327 961 fugam
2363 906 2374 943 :
2410 905 2524 943 non
2575 892 2938 960 aspernatur.
2992 891 3128 941 Peto
3177 884 3478 941 silentium
3529 900 3543 939 :
3599 883 3779 939 ﬁdem

2126 978 2332 1033 tribuit
2364 996 2377 1033 :
2403 983 2460 1032 et
2481 977 2610 1049 jugi
2633 976 3045 1033 susurrointer
3066 992 3230 1046 spem
3258 978 3314 1029 et
3350 978 3574 1029 metum
3597 970 3780 1027 medii

2129 1068 2501 1122 ﬂuctuamus.
2552 1068 2730 1121 Erant
2774 1066 2917 1121 mihi
2972 1066 3031 1120 in
3072 1080 3245 1136 grege
3277 1063 3390 1118 duo
3432 1061 3578 1118 hirci
3611 1060 3778 1117 mira:

2128 1155 2573 1228 magnitudinis,
2606 1156 2823 1227 quibus
2854 1155 3088 1218 occisis,
3132 1158 3291 1208 utres
3332 1151 3503 1218 facio,
3549 1166 3785 1206 eorum-

2127 1264 2240 1317 que
2270 1261 2470 1300 cernes
2504 1243 2709 1299 viatico
2738 1260 3019 1315 praeparo.
3056 1243 3123 1297 Et
3154 1241 3343 1314 primo
3384 1239 3634 1311 vesperi,
3668 1256 3779 1311 pu-

2126 1334 2387 1390 tantibus
2417 1333 2673 1388 dominis
2707 1350 2811 1387 nos
2845 1335 3069 1387 secreto
3114 1330 3395 1397 cubitare,
3442 1328 3780 1384 invadimus

2126 1424 2256 1490 iter,
2305 1428 2461 1479 utres
2493 1427 2550 1478 et
2581 1426 2777 1494 partes
2830 1420 3092 1477 carnium
3143 1422 3460 1491 portantes.
3510 1420 3781 1488 Cumque

2128 1513 2599 1586 pervenissemus
2628 1512 2700 1567 ad
2742 1510 3011 1578 ﬂuvium,
3061 1524 3199 1564 nam
3253 1508 3451 1563 decem
3506 1504 3780 1562 millibus

2129 1604 2360 1669 aberat;
2411 1601 2629 1656 inﬂatis
2688 1598 3110 1670 consensisque
3169 1595 3422 1661 utribus,
3464 1592 3635 1667 aquis
3668 1610 3778 1651 nos

2128 1692 2441 1756 credimus,
2507 1689 2790 1762 paulatim
2840 1687 3089 1760 pedibus
3146 1683 3639 1756 subremigantes,
3709 1686 3782 1739 ut

364 1773 633 1844 moreris,
665 1791 738 1830 ne
769 1774 911 1830 mihi
935 1775 1257 1847 iungaris?
1305 1776 1422 1846 Ego
1465 1790 1738 1840 morerer,
1775 1773 1823 1827 si
1872 1771 2013 1826 mihi
2045 1811 2091 1875 Β
2126 1781 2400 1835 deorsum
2434 1796 2539 1834 nos
2581 1778 2821 1833 flumine
2853 1777 3167 1842 deferente,
3204 1778 3261 1829 et
3307 1772 3492 1828 multo
3538 1770 3779 1845 longius

354 1861 530 1935 jungi
560 1862 758 1919 velles.
796 1863 1012 1919 Habeto
1047 1880 1139 1918 me
1171 1880 1307 1935 ergo
1339 1864 1648 1934 conjugem
1682 1861 2007 1934 pudicitiae;

364 1958 421 2009 et
451 1951 639 2024 magis
678 1952 887 2008 animae
919 1951 1188 2024 ecpulam
1222 1957 1438 2016 amato,
1491 1968 1669 2022 quam
1727 1951 2005 2021 corporis.

364 2042 607 2113 Sperent
632 2040 855 2096 domini
879 2041 1177 2096 maritum.
1211 2040 1477 2095 Christus
1494 2040 1716 2094 noverit
1747 2039 2004 2094 fratrem.

366 2129 555 2186 Facile
591 2130 970 2186 suadebimus
1025 2130 1283 2202 nuptias,
1334 2146 1466 2184 cum
1511 2146 1617 2185 nos
1647 2128 1896 2183 viderint
1925 2128 2008 2184 sic

362 2236 579 2275 amare.
639 2220 861 2283 Fateor,
895 2219 1216 2289 obstupui;
1251 2224 1309 2273 et
1353 2218 1683 2273 admiratus
1733 2216 2006 2273 virtutem

364 2308 614 2375 feminas,
672 2309 979 2380 conjugem
1032 2307 1166 2380 plus
1197 2307 1407 2362 amavi.
1457 2307 1769 2379 Nunquam
1812 2311 2006 2360 tamen

362 2395 518 2453 illius
550 2397 774 2452 nudum
808 2413 1019 2468 corpus
1050 2396 1301 2455 intuitus
1330 2412 1460 2451 sum
1489 2414 1501 2460 ;
1547 2411 1850 2466 nunquam
1880 2396 2007 2465 ejus

362 2502 594 2542 carnem
644 2485 845 2557 attigi;
895 2486 1111 2551 timens
1161 2487 1218 2540 in
1265 2501 1406 2557 pace
1454 2485 1709 2555 perdere,
1761 2484 1917 2555 quod
1948 2484 2007 2538 in

360 2574 546 2648 prolio
587 2590 973 2630 servaveram.
1018 2575 1348 2629 Transeunt
1390 2574 1448 2627 in
1481 2572 1579 2627 tali
1632 2573 2006 2627 matrimonio

361 2663 487 2719 dies
518 2662 793 2735 plurimi;
843 2662 1215 2718 amabiliores
1262 2680 1371 2717 nos
1433 2662 1692 2717 dominis
1749 2660 2008 2716 fecerant

361 2752 600 2824 nuptiae.
649 2749 823 2807 Nulla
870 2750 1017 2823 fugae
1050 2751 1330 2823 suspicio,
1380 2750 1674 2805 interdum
1722 2756 1776 2805 et
1808 2766 2008 2805 mense

362 2844 484 2896 toto
514 2839 752 2895 aberam
777 2839 931 2895 ﬁdus
954 2839 1147 2912 gregis
1178 2843 1372 2911 pastor
1400 2855 1502 2909 per
1531 2838 1933 2893 solitudinem.

436 2930 491 2982 7.
521 2929 894 2983 Formicarum
922 2928 1167 2999 exemplo
1194 2930 1481 2983 excitatur.
1515 2958 1580 2967 —
1622 2928 1758 2982 Post
1788 2927 2009 2999 grande

361 3014 737 3072 intervallum
791 3017 931 3072 dum
964 3016 1127 3072 solus
1158 3018 1214 3071 in
1243 3033 1436 3072 eremo
1471 3017 1661 3083 sedeo,
1697 3022 1751 3071 et
1801 3020 2010 3087 praeter

361 3106 571 3162 ccelum
604 3109 937 3177 terramque
966 3105 1110 3160 nihil
1143 3106 1327 3171 video,
1355 3104 1498 3177 ccepi
1530 3121 1760 3160 mecum
1792 3106 2008 3160 tacitus

359 3193 603 3260 volvere,
632 3198 688 3249 et
717 3194 869 3249 inter
898 3194 1103 3259 multa,
1135 3194 1497 3249 contubernii
1539 3211 1772 3265 quoque
1806 3211 2009 3249 mona-
2040 3177 2083 3243 C

352 3285 606 3340 chorum
637 3281 946 3350 recordari,
989 3282 1363 3354 maximeque
1393 3282 1619 3337 vultum
1654 3282 1840 3337 Patris
1874 3281 2009 3344 mei,

364 3372 465 3445 qui
516 3387 608 3426 me
660 3371 973 3439 erudierat,
1028 3375 1296 3426 tenuerat
1345 3373 1386 3436 ’,
1418 3372 1770 3443 perdiderat.
1802 3370 2012 3441 Sicque

365 3459 650 3532 cogitans,
682 3458 899 3531 aspicio
932 3458 1303 3515 formicarum
1335 3476 1570 3532 gregem
1593 3464 1842 3531 angusto
1868 3458 2012 3514 calle

364 3548 601 3604 fervere.
637 3547 877 3603 Videres
905 3566 1087 3604 onera
1118 3550 1342 3620 majora
1374 3566 1549 3620 quam
1574 3565 1835 3619 corpora.
1879 3546 2011 3602 Aliae

367 3636 684 3692 herbarum
716 3637 982 3708 quaedam
1016 3637 1249 3693 semina
1279 3638 1379 3692 40
1413 3636 1626 3708 forcipe
1657 3635 1777 3691 oris
1810 3635 2011 3691 trahe-

363 3726 507 3781 bant
531 3744 544 3794 ;
577 3725 704 3782 aliae
732 3726 1046 3798 egerebant
1067 3726 1314 3781 humum
1348 3727 1418 3781 de
1450 3726 1629 3781 foveis
1643 3729 1699 3780 et
1720 3741 2011 3797 aquarum

362 3819 593 3871 meatus
621 3815 934 3889 aggeribus
955 3815 1357 3871 excludebant.
1382 3814 1495 3869 Illae
1519 3819 1771 3870 ventura:
1802 3813 2012 3869 hiemis

363 3921 675 3971 memores,
709 3921 781 3961 ne
811 3904 1143 3961 madefacta
1191 3904 1408 3958 humus
1438 3903 1497 3958 in
1530 3903 1773 3959 herbam
1806 3902 2015 3958 horrea

360 3998 627 4060 verteret,
660 3992 822 4048 illata
849 3992 1077 4049 semina
1107 3992 1524 4064 praecidebant;
1560 3991 1648 4046 his
1678 3990 1840 4047 luctu
1872 3990 2014 4047 cele-

363 4082 472 4149 bri,
506 4097 749 4153 corpora
779 4081 1051 4135 defuncta
1081 4080 1486 4153 deportabant.
1513 4080 1792 4151 Quodque
1825 4079 2013 4152 magis

364 4169 580 4224 mirum
609 4173 701 4224 est
730 4170 788 4223 in
811 4173 974 4223 tanto
996 4168 1249 4240 agmine,
1270 4168 1574 4241 egrediens
1602 4186 1716 4224 non
1743 4169 2015 4224 obstabat

362 4256 607 4312 intranti
636 4274 648 4325 ;
684 4256 825 4328 quin
848 4256 1041 4329 potius
1064 4256 1113 4312 si
1143 4273 1320 4328 quam
1344 4257 1630 4313 vidissent
1653 4259 1763 4314 sub
1787 4257 1942 4314 fasce
1960 4262 2015 4313 et

364 4361 539 4402 onere
571 4344 917 4413 concidisse,
949 4345 1270 4417 suppositis
1319 4345 1585 4402 humeris
1632 4347 2009 4418 adjuvabant.

365 4434 515 4499 Quid
549 4434 738 4490 multa
759 4434 788 4489 ?
817 4434 1126 4507 pulchrum
1161 4433 1308 4491 mihi
1328 4434 1725 4508 spectaculum
1759 4436 1883 4492 dies
1912 4435 2015 4491 illa

2121 1886 2297 1941 quam
2330 1869 2881 1932 conscenderamus,
2918 1866 2977 1919 in
3011 1863 3255 1920 alteram
3297 1879 3404 1917 nos
3449 1865 3779 1933 exponente

2120 1959 2329 2029 ripam,
2360 1956 2671 2029 vestigium
2725 1958 3039 2026 sequentes
3083 1952 3416 2024 perderent.
3464 1949 3575 2005 Sed
3622 1949 3780 2006 inter

2119 2047 2237 2102 hinc
2268 2047 2602 2102 madefacta:
2634 2060 2861 2111 carnes,
2894 2047 2951 2098 et
2987 2058 3057 2097 ex
3087 2044 3250 2112 parte
3294 2038 3493 2109 lapsae,
3543 2036 3633 2094 vix
3667 2036 3775 2093 tri-

2117 2136 2218 2191 dui
2245 2136 2443 2191 cibum
2474 2134 2922 2206 pollicebantur.
2947 2130 3213 2187 Bibimus
3235 2144 3423 2199 usque
3435 2127 3506 2183 ad
3531 2126 3774 2183 satieta-

2118 2230 2257 2294 tem,
2292 2225 2497 2279 futurce
2549 2240 2655 2279 nos
2687 2222 2781 2277 siti
2813 2221 3228 2293 przrparantes.
3276 2215 3604 2282 Currimus,
3636 2219 3775 2287 post

2116 2319 2345 2385 tergum
2378 2329 2609 2385 semper
2633 2310 2981 2381 aspicimus;
3018 2312 3074 2363 et
3114 2305 3302 2379 magis
3333 2304 3604 2361 noctibus
3635 2321 3773 2376 pro-

2117 2418 2421 2458 movemus
2454 2402 2493 2467 5,
2528 2416 2705 2472 quam
2737 2398 2966 2463 diebus,
2999 2394 3088 2451 vel
3118 2399 3354 2467 propter
3374 2393 3623 2449 insidias
3656 2392 3775 2450 late

2114 2490 2455 2563 vagantium
2487 2489 2930 2552 Saracenorum,
2956 2484 3044 2538 vel
3077 2487 3312 2555 propter
3332 2482 3602 2537 ardorem
3629 2480 3775 2539 solis

2116 2580 2390 2635 nimium.
2444 2582 2691 2632 Pavescs
2728 2577 2749 2609 δ
2784 2574 2962 2629 miser
3008 2573 3185 2628 etiam
3236 2571 3492 2627 referens
3549 2588 3561 2626 :
3612 2574 3671 2626 et
3721 2569 3775 2626 si

2115 2672 2236 2724 tota
2284 2672 2481 2722 mente
2518 2680 2784 2731 securus,
2833 2666 2955 2718 tota
2995 2664 3190 2717 tamen
3239 2675 3480 2732 corpore
3525 2657 3771 2731 perhor-

2117 2773 2304 2812 resco.

2188 2847 2242 2902 9.
2291 2847 2463 2902 Herus
2509 2846 2810 2916 fugientem
2854 2842 3127 2911 occcupat.
3160 2869 3227 2878 —-
3258 2840 3397 2893 Post
3436 2834 3594 2893 diem
3638 2852 3776 2893 vero

2118 2934 2377 3000 tertium,
2411 2932 2589 2988 dubio
2640 2934 2954 3004 prospectu
3007 2924 3210 2999 procul
3249 2924 3572 2997 aspicimus
3623 2924 3777 2982 duos

2119 3023 2359 3081 camelis
2409 3021 2735 3078 insidentes
2761 3018 2955 3074 venire
3009 3016 3264 3072 concitos
3296 3016 3448 3087 [mea
3501 3013 3774 3085 concita].

2120 3113 2448 3184 Statimque
2469 3128 2635 3167 mens
2666 3107 2802 3164 mali
2839 3122 3119 3179 praesaga,
3144 3108 3348 3177 putare
3378 3102 3553 3175 cmpit
3582 3102 3777 3158 domi-

2124 3220 2267 3259 num
2300 3204 2396 3258 41
2435 3199 2702 3256 meditari
2735 3200 3005 3264 mortem,
3048 3194 3229 3251 solem
3281 3209 3516 3249 cernere
3574 3190 3774 3264 nigre-

2122 3296 2398 3347 scentem.
2434 3292 2702 3360 Dumque
2724 3287 3023 3351 timemus,
3051 3288 3107 3339 et
3135 3282 3398 3354 vestigiis
3427 3297 3531 3353 per
3560 3296 3774 3337 arenas

2122 3399 2227 3435 nos
2279 3380 2537 3451 proditos
2587 3375 2994 3446 intelligimus,
3055 3373 3294 3428 offertur
3350 3370 3423 3426 ad
3465 3370 3773 3426 dexteram

2122 3474 2385 3525 nostram
2417 3465 2697 3539 spelunca
2725 3463 2894 3534 longe
2914 3462 3024 3518 sub
3046 3464 3260 3515 terram
3284 3461 3620 3531 penetrans.
3653 3457 3776 3530 Igi-

2124 3562 2221 3613 tur
2251 3558 2527 3612 timentes
2548 3556 2833 3609 venenata
2854 3548 3134 3608 animalia
3151 3548 3309 3620 (nam
3332 3545 3523 3602 solent
3539 3545 3777 3619 viperea,

2123 3645 2330 3717 reguli,
2364 3649 2417 3705 et
2449 3643 2809 3714 scorpiones,
2843 3643 3163 3710 caeteraque
3187 3634 3619 3708 hujuscemodi,
3652 3635 3778 3692 fer-

2120 3751 2317 3791 vorem
2350 3735 2369 3767 ⁷
2402 3731 2543 3788 solis
2574 3728 2948 3800 declinantia,
2980 3729 3221 3783 umbras
3268 3726 3483 3799 petere)
3528 3724 3783 3781 intravi-

2123 3840 2257 3880 mus
2287 3821 2524 3894 quidem
2558 3819 2895 3892 speluncam
2921 3834 2935 3885 ;
2960 3818 3061 3872 sed
3096 3816 3294 3872 statim
3314 3815 3373 3870 in
3404 3814 3531 3887 ipso
3563 3813 3783 3870 introi-

2122 3917 2207 3981 tu,
2241 3912 2492 3968 sinistrae
2524 3927 2630 3966 nos
2651 3910 2824 3965 foveae.
2857 3906 3234 3974 credidimus,
3280 3920 3654 3977 nequaquam
3686 3903 3779 3960 ul-

2120 4006 2211 4057 tra
2240 4000 2698 4073 progredientes,
2732 4013 2803 4053 ne
2827 3997 2971 4052 dum
2994 3999 3242 4051 mortem
3264 3993 3547 4066 fugimus,
3580 3992 3780 4049 incur-

2122 4108 2319 4147 remus
2362 4090 2421 4145 in
2463 4092 2748 4155 mortem;
2804 4084 3072 4157 illudque
3133 4083 3443 4140 nobiscum
3496 4084 3779 4154 reputan-

2122 4184 2231 4245 tes,
2264 4178 2309 4234 si
2335 4178 2505 4250 juvat
2536 4175 2817 4233 Dominus
2860 4173 3129 4241 miseros,
3164 4171 3453 4227 habemus
3485 4166 3779 4241 salutem;

2123 4269 2173 4325 si
2202 4267 2449 4340 deepicit
2497 4270 2850 4338 peccatores,
2893 4261 3182 4318 habemus
3230 4259 3588 4332 sepulcrum.
3626 4257 3779 4324 Quid

2123 4361 2295 4431 putas
2326 4356 2507 4412 fuisse
2538 4355 2710 4411 nobis
2753 4351 2958 4419 animi,
2992 4349 3133 4424 quid
3177 4347 3443 4418 terroris,
3474 4363 3611 4405 cum
3641 4351 3780 4405 ante

2124 4445 2483 4520 speluncam,
2519 4462 2625 4500 nec
2665 4443 2837 4515 longe
2886 4443 3115 4497 starent
3144 4436 3422 4495 dominus
3452 4440 3512 4494 et
3536 4452 3775 4493 conser-

368 4523 636 4615 Pra-‘b‘ﬁt;
664 4522 849 4615 _Und_e
906 4524 1249 4615 recordétw
1294 4522 1623 4615 Salomonis
1654 4525 1842 4615 (Ρνρυ.
1875 4541 1929 4580 VI
1959 4528 2015 4615 et
2043 4550 2090 4615 D
2118 4554 2246 4605 vus,
2280 4540 2336 4592 et
2358 4534 2596 4607 vestigio
2628 4532 2820 4587 indice
2837 4531 2960 4601 jam
2984 4529 3055 4585 ad
3088 4528 3345 4585 latebras
3364 4525 3779 4600 pervenisset?

366 4613 522 4685 xxx),
556 4613 628 4669 ad
654 4613 1032 4669 formicarum
1054 4612 1353 4669 solertiam
1381 4630 1489 4668 nos
1512 4613 1818 4682 mittentis,
1843 4619 1899 4669 et
1928 4614 2011 4686 pi-

365 4718 500 4776 gras
532 4705 758 4759 mentes
792 4702 893 4759 tali
923 4702 1186 4774 exemplo
1219 4702 1581 4771 suscitantis,
1614 4703 1759 4775 coepi
1800 4704 2011 4760 taedere

366 4792 740 4863 captivitatis,
773 4796 829 4848 et
860 4791 1199 4847 monasterii
1231 4790 1473 4847 cellulas
1502 4808 1777 4863 quaerere,
1810 4810 1875 4849 ac
1904 4794 2013 4850 for-

369 4881 650 4937 micarum
691 4879 927 4936 illarum
969 4880 1301 4937 desiderare
1330 4880 1352 4913 ³
1391 4880 1863 4952 similitudinem,
1911 4883 2012 4939 ubi

442 5131 457 5164 ¹
491 5130 709 5186 Iterum
741 5132 858 5206 du_o_
880 5129 1072 5206 codd,
1105 5128 1444 5206 Sanguinem
1488 5136 1641 5188 tuum
1690 5135 1750 5189 in
1781 5138 2014 5206 sangui-

371 5218 499 5277 nem
524 5217 749 5277 meum;
787 5201 960 5277 alius,
991 5200 1272 5277 Sanguine
1313 5211 1402 5259 tuo
1444 5207 1779 5275 sanguinem
1800 5200 2014 5276 meum;

371 5274 623 5398 quartust
678 5273 942 5329 absolute
998 5272 1173 5329 habet
1227 5272 1563 5346 Sanguinem
1619 5282 1795 5344 tuum,
1857 5280 1937 5334 vel
1966 5272 2018 5334 si

371 5361 534 5398 mort.
568 5360 598 5398 e
627 5359 677 5398 c.

370 5361 534 5409 mort,
568 5359 677 5399 etc.

444 5417 465 5450 ²
484 5415 850 5493 ΔΜωνιίηδειιιε,
880 5417 945 5472 Et
958 5418 1267 5493 nutrierat,
1289 5426 1341 5493 et
1351 5418 1684 5491 perdiderat.
1709 5419 1799 5493 Sic
1813 5437 2019 5493 quoque

372 5488 644 5560 cogitante
690 5502 794 5554 me,
844 5490 1069 5560 aspicio,
1123 5494 1230 5545 etc.
1281 5488 1496 5547 Contra
1545 5508 1690 5547 mss.
1723 5488 2019 5559 ﬁdem,‘ut

374 5564 583 5614 cetera
616 5558 763 5615 bene
794 5558 1011 5616 essent.

443 5631 465 5665 ³
495 5630 636 5687 Tres
679 5647 821 5689 mss.
880 5632 1193 5691 desiderare
1239 5633 1691 5700 sollicitudinem,
1724 5651 1755 5690 e
1802 5634 2020 5705 quibus

2120 4625 2163 4682 Ο
2221 4624 2405 4680 multo
2465 4622 2695 4696 gravior
2746 4622 3066 4691 expectata,
3125 4633 3306 4691 quam
3361 4615 3528 4673 illata
3569 4617 3772 4673 mors!

2120 4715 2346 4770 Rursus
2393 4730 2527 4767 cum
2585 4709 2782 4766 labore
2838 4712 2895 4763 et
2950 4708 3161 4764 timore
3214 4705 3420 4779 lingua
3475 4702 3775 4774 balbutit;

2120 4809 2177 4861 et
2199 4804 2368 4875 quasi
2398 4801 2688 4857 clamante
2718 4797 2977 4865 domino,
3005 4796 3219 4853 mutire
3235 4812 3350 4853 non
3382 4794 3594 4852 audeo.
3634 4794 3777 4851 Mit-

2122 4894 2195 4950 tit
2224 4907 2484 4961 seavum,
2517 4895 2584 4945 ut
2613 4906 2720 4945 nos
2748 4888 2818 4943 de
2849 4904 3029 4960 specu
3060 4886 3291 4943 trahat:
3343 4885 3472 4960 ipse
3510 4883 3775 4941 camelos

2127 5159 2303 5205 unus,
2342 5142 2441 5197 ubi
2469 5147 2549 5196 est
2579 5139 2734 5194 labor
2761 5140 2824 5193 in
2850 5137 3115 5194 meduim.

2196 5217 2219 5250 ⁴
2246 5213 2485 5279 Victor.,
2523 5211 2697 5268 amdit
2724 5224 2952 5266 causas:
2995 5207 3249 5279 hortatur
3294 5206 3505 5279 fugam.
3540 5205 3669 5261 Peto
3696 5207 3779 5261 si-

2128 5287 2287 5344 lentii
2313 5277 2515 5356 ﬁdem:
2555 5298 2667 5338 non
2704 5287 3096 5355 aspernantur,
3136 5284 3188 5334 et
3207 5277 3339 5349 jugi
3374 5292 3593 5344 mauro,
3623 5279 3739 5333 etc.

2197 5359 2218 5393 ⁵
2248 5357 2431 5427 Idem,
2456 5356 2824 5427 provehimur.

2196 5431 2218 5465 θ
2249 5420 2427 5484 Ηιιιιέ
2454 5420 2662 5496 Vatic.,
2692 5427 2876 5499 pavito
2906 5437 3080 5499 meser
3127 5420 3296 5477 etiam
3348 5435 3613 5483 securus;
3654 5421 3779 5478 tres

2131 5500 2229 5559 alii
2249 5516 2417 5571 paveo
2446 5500 2615 5555 miser
2650 5495 2916 5571 referens,
2942 5495 3110 5571 etiam
3137 5508 3409 5571 δαείω-με.-
3476 5563 3517 5571 __
3642 5526 3679 5571 _.

2200 5576 2219 5609 ⁷
2250 5563 2373 5629 Duo
2401 5575 2534 5629 vctu
2563 5563 2741 5629 tiores
2769 5566 2955 5638 Vatis,
2985 5568 3198 5638 fervore
3224 5565 3356 5623 satis
3374 5563 3703 5622 declinante.
