  <div class='ocr_page' id='page_1' title='image "/cluster/home/n/w/nwhite01/storage/ocr_20150623/23/umn.31951d034773078/040.png"; bbox 0 0 3970 6402; ppageno 0'>
   <div class='ocr_carea' id='block_1_1' title="bbox 229 308 3623 384">
    <p class='ocr_par' dir='ltr' id='par_1_1' title="bbox 229 308 3623 384">
     <span class='ocr_line' id='line_1_1' title="bbox 229 308 3623 384; baseline -0.002 -5"><span class='ocrx_word' id='word_1_1' title='bbox 229 309 299 379; x_wconf 73' lang='grc'><strong>61</strong></span> <span class='ocrx_word' id='word_1_2' title='bbox 1120 308 1756 379; x_wconf 78' lang='lat' dir='ltr'>INTERPRETATIO</span> <span class='ocrx_word' id='word_1_3' title='bbox 1799 312 2138 379; x_wconf 66' lang='lat' dir='ltr'>REGULJE</span> <span class='ocrx_word' id='word_1_4' title='bbox 2183 314 2248 376; x_wconf 93' lang='lat' dir='ltr'>S.</span> <span class='ocrx_word' id='word_1_5' title='bbox 2294 312 2701 379; x_wconf 84' lang='lat' dir='ltr'>PACHOMII.</span> <span class='ocrx_word' id='word_1_6' title='bbox 3584 318 3623 384; x_wconf 66' lang='grc' dir='ltr'><strong>ς</strong></span> 
     </span>
    </p>
   </div>
   <div class='ocr_carea' id='block_1_2' title="bbox 232 446 3621 523">
    <p class='ocr_par' dir='ltr' id='par_1_2' title="bbox 232 446 3621 523">
     <span class='ocr_line' id='line_1_2' title="bbox 232 446 3621 523; baseline 0.001 -18"><span class='ocrx_word' id='word_1_7' title='bbox 232 449 412 517; x_wconf 85' lang='lat' dir='ltr'>tenet;</span> <span class='ocrx_word' id='word_1_8' title='bbox 443 450 499 504; x_wconf 87' lang='lat' dir='ltr'>et</span> <span class='ocrx_word' id='word_1_9' title='bbox 527 446 832 519; x_wconf 82' lang='lat' dir='ltr'>evaginato</span> <span class='ocrx_word' id='word_1_10' title='bbox 861 447 1080 521; x_wconf 88' lang='lat' dir='ltr'>gladio,</span> <span class='ocrx_word' id='word_1_11' title='bbox 1123 452 1390 506; x_wconf 89' lang='lat' dir='ltr'>nostrum</span> <span class='ocrx_word' id='word_1_12' title='bbox 1422 453 1716 522; x_wconf 81' lang='lat' dir='ltr'>exspectat</span> <span class='ocrx_word' id='word_1_13' title='bbox 1762 449 1862 505; x_wconf 91' lang='lat' dir='ltr'>ad-</span> <span class='ocrx_word' id='word_1_14' title='bbox 1892 450 1949 518; x_wconf 83' lang='grc' dir='ltr'><strong>Α</strong></span> <span class='ocrx_word' id='word_1_15' title='bbox 1978 448 2410 520; x_wconf 80' lang='lat' dir='ltr'>apprehensum</span> <span class='ocrx_word' id='word_1_16' title='bbox 2442 449 2741 506; x_wconf 82' lang='lat' dir='ltr'>mordicus</span> <span class='ocrx_word' id='word_1_17' title='bbox 2772 446 3033 505; x_wconf 86' lang='lat' dir='ltr'>catulum</span> <span class='ocrx_word' id='word_1_18' title='bbox 3065 447 3357 508; x_wconf 91' lang='lat' dir='ltr'>matutina</span> <span class='ocrx_word' id='word_1_19' title='bbox 3385 450 3550 509; x_wconf 74' lang='lat' dir='ltr'>eﬁert</span> <span class='ocrx_word' id='word_1_20' title='bbox 3579 453 3621 523; x_wconf 70' lang='lat'>‘,</span> 
     </span>
    </p>
   </div>
   <div class='ocr_carea' id='block_1_3' title="bbox 232 537 1862 608">
    <p class='ocr_par' dir='ltr' id='par_1_3' title="bbox 232 537 1862 608">
     <span class='ocr_line' id='line_1_3' title="bbox 232 537 1862 608; baseline -0.001 -14"><span class='ocrx_word' id='word_1_21' title='bbox 232 541 480 594; x_wconf 90' lang='lat' dir='ltr'>ventum.</span> <span class='ocrx_word' id='word_1_22' title='bbox 513 538 740 594; x_wconf 83' lang='lat' dir='ltr'>Interea</span> <span class='ocrx_word' id='word_1_23' title='bbox 770 538 960 594; x_wconf 90' lang='lat' dir='ltr'>tribus</span> <span class='ocrx_word' id='word_1_24' title='bbox 991 537 1171 594; x_wconf 78' lang='lat' dir='ltr'>ferme</span> <span class='ocrx_word' id='word_1_25' title='bbox 1219 538 1307 594; x_wconf 87' lang='lat' dir='ltr'>vel</span> <span class='ocrx_word' id='word_1_26' title='bbox 1356 545 1607 608; x_wconf 83' lang='lat' dir='ltr'>quatuor</span> <span class='ocrx_word' id='word_1_27' title='bbox 1653 537 1862 594; x_wconf 83' lang='lat' dir='ltr'>cubitis</span> 
     </span>
    </p>
   </div>
   <div class='ocr_carea' id='block_1_4' title="bbox 233 626 1866 700">
    <p class='ocr_par' dir='ltr' id='par_1_4' title="bbox 233 626 1866 700">
     <span class='ocr_line' id='line_1_4' title="bbox 233 626 1866 700; baseline 0 -18"><span class='ocrx_word' id='word_1_28' title='bbox 233 627 581 700; x_wconf 85' lang='lat' dir='ltr'>introgresso</span> <span class='ocrx_word' id='word_1_29' title='bbox 613 626 853 694; x_wconf 79' lang='lat' dir='ltr'>famulo,</span> <span class='ocrx_word' id='word_1_30' title='bbox 885 627 1055 682; x_wconf 89' lang='lat' dir='ltr'>nobis</span> <span class='ocrx_word' id='word_1_31' title='bbox 1099 645 1166 683; x_wconf 82' lang='lat' dir='ltr'>ex</span> <span class='ocrx_word' id='word_1_32' title='bbox 1219 629 1442 683; x_wconf 90' lang='lat' dir='ltr'>occulto</span> <span class='ocrx_word' id='word_1_33' title='bbox 1476 634 1704 700; x_wconf 79' lang='lat' dir='ltr'>tergum</span> <span class='ocrx_word' id='word_1_34' title='bbox 1739 629 1866 697; x_wconf 82' lang='lat' dir='ltr'>ejus</span> 
     </span>
    </p>
   </div>
   <div class='ocr_carea' id='block_1_5' title="bbox 231 714 1864 787">
    <p class='ocr_par' dir='ltr' id='par_1_5' title="bbox 231 714 1864 787">
     <span class='ocr_line' id='line_1_5' title="bbox 231 714 1864 787; baseline -0.001 -15"><span class='ocrx_word' id='word_1_35' title='bbox 231 715 554 772; x_wconf 79' lang='lat' dir='ltr'>videntibus</span> <span class='ocrx_word' id='word_1_36' title='bbox 584 716 742 787; x_wconf 89' lang='lat' dir='ltr'>(nam</span> <span class='ocrx_word' id='word_1_37' title='bbox 773 714 1076 772; x_wconf 89' lang='lat' dir='ltr'>oculorum</span> <span class='ocrx_word' id='word_1_38' title='bbox 1121 716 1453 773; x_wconf 86' lang='lat' dir='ltr'>istiusmodi</span> <span class='ocrx_word' id='word_1_39' title='bbox 1506 723 1716 773; x_wconf 90' lang='lat' dir='ltr'>natura</span> <span class='ocrx_word' id='word_1_40' title='bbox 1757 721 1864 783; x_wconf 87' lang='lat' dir='ltr'>est,</span> 
     </span>
    </p>
   </div>
   <div class='ocr_carea' id='block_1_6' title="bbox 233 804 1868 877">
    <p class='ocr_par' dir='ltr' id='par_1_6' title="bbox 233 804 1868 877">
     <span class='ocr_line' id='line_1_6' title="bbox 233 804 1868 877; baseline -0.001 -16"><span class='ocrx_word' id='word_1_41' title='bbox 233 809 294 861; x_wconf 85' lang='lat' dir='ltr'>ut</span> <span class='ocrx_word' id='word_1_42' title='bbox 321 810 448 877; x_wconf 90' lang='lat' dir='ltr'>post</span> <span class='ocrx_word' id='word_1_43' title='bbox 476 804 659 861; x_wconf 90' lang='lat' dir='ltr'>solem</span> <span class='ocrx_word' id='word_1_44' title='bbox 683 805 1476 873; x_wconf 86' lang='lat' dir='ltr'>umbrasintrantibus,caeca</span> <span class='ocrx_word' id='word_1_45' title='bbox 1505 807 1625 862; x_wconf 87' lang='lat' dir='ltr'>sint</span> <span class='ocrx_word' id='word_1_46' title='bbox 1648 805 1868 877; x_wconf 84' lang='lat' dir='ltr'>omnia)</span> 
     </span>
    </p>
   </div>
   <div class='ocr_carea' id='block_1_7' title="bbox 231 895 1869 967">
    <p class='ocr_par' dir='ltr' id='par_1_7' title="bbox 231 895 1869 967">
     <span class='ocr_line' id='line_1_7' title="bbox 231 895 1869 967; baseline 0.001 -18"><span class='ocrx_word' id='word_1_47' title='bbox 231 909 336 951; x_wconf 81' lang='lat' dir='ltr'>vox</span> <span class='ocrx_word' id='word_1_48' title='bbox 362 911 460 967; x_wconf 87' lang='lat' dir='ltr'>per</span> <span class='ocrx_word' id='word_1_49' title='bbox 485 898 720 951; x_wconf 85' lang='lat' dir='ltr'>antrum</span> <span class='ocrx_word' id='word_1_50' title='bbox 750 900 920 951; x_wconf 90' lang='lat' dir='ltr'>sonat</span> <span class='ocrx_word' id='word_1_51' title='bbox 952 913 964 950; x_wconf 95' lang='lat'>:</span> <span class='ocrx_word' id='word_1_52' title='bbox 1000 895 1181 962; x_wconf 87' lang='lat' dir='ltr'>Exite,</span> <span class='ocrx_word' id='word_1_53' title='bbox 1216 895 1500 962; x_wconf 81' lang='lat' dir='ltr'>furciferi;</span> <span class='ocrx_word' id='word_1_54' title='bbox 1543 895 1710 962; x_wconf 87' lang='lat' dir='ltr'>exite,</span> <span class='ocrx_word' id='word_1_55' title='bbox 1745 912 1869 950; x_wconf 91' lang='lat' dir='ltr'>mo-</span> 
     </span>
    </p>
   </div>
   <div class='ocr_carea' id='block_1_8' title="bbox 237 982 1867 1055">
    <p class='ocr_par' dir='ltr' id='par_1_8' title="bbox 237 982 1867 1055">
     <span class='ocr_line' id='line_1_8' title="bbox 237 982 1867 1055; baseline -0.001 -17"><span class='ocrx_word' id='word_1_56' title='bbox 237 982 397 1038; x_wconf 88' lang='lat' dir='ltr'>rituri</span> <span class='ocrx_word' id='word_1_57' title='bbox 429 1000 442 1038; x_wconf 90' lang='lat'><strong>:</strong></span> <span class='ocrx_word' id='word_1_58' title='bbox 475 982 614 1055; x_wconf 89' lang='lat' dir='ltr'>quid</span> <span class='ocrx_word' id='word_1_59' title='bbox 642 983 854 1038; x_wconf 81' lang='lat' dir='ltr'>statis?</span> <span class='ocrx_word' id='word_1_60' title='bbox 884 983 1023 1054; x_wconf 91' lang='lat' dir='ltr'>quid</span> <span class='ocrx_word' id='word_1_61' title='bbox 1069 984 1425 1040; x_wconf 82' lang='lat' dir='ltr'>moramini?</span> <span class='ocrx_word' id='word_1_62' title='bbox 1471 985 1640 1052; x_wconf 83' lang='lat' dir='ltr'>exite,</span> <span class='ocrx_word' id='word_1_63' title='bbox 1678 983 1867 1038; x_wconf 89' lang='lat' dir='ltr'>domi-</span> 
     </span>
    </p>
   </div>
   <div class='ocr_carea' id='block_1_9' title="bbox 235 1072 1868 1145">
    <p class='ocr_par' dir='ltr' id='par_1_9' title="bbox 235 1072 1868 1145">
     <span class='ocr_line' id='line_1_9' title="bbox 235 1072 1868 1145; baseline 0 -18"><span class='ocrx_word' id='word_1_64' title='bbox 235 1088 340 1127; x_wconf 89' lang='lat' dir='ltr'>nus</span> <span class='ocrx_word' id='word_1_65' title='bbox 370 1075 552 1137; x_wconf 87' lang='lat' dir='ltr'>vocat,</span> <span class='ocrx_word' id='word_1_66' title='bbox 578 1072 865 1143; x_wconf 82' lang='lat' dir='ltr'>patienter</span> <span class='ocrx_word' id='word_1_67' title='bbox 892 1076 1188 1144; x_wconf 85' lang='lat' dir='ltr'>exspectat</span> <span class='ocrx_word' id='word_1_68' title='bbox 1217 1073 1471 1129; x_wconf 70' lang='lat' dir='ltr'>‘.Adhuc</span> <span class='ocrx_word' id='word_1_69' title='bbox 1500 1073 1868 1145; x_wconf 85' lang='lat' dir='ltr'>loquebatur,</span> 
     </span>
    </p>
   </div>
   <div class='ocr_carea' id='block_1_10' title="bbox 235 1161 1872 1234">
    <p class='ocr_par' dir='ltr' id='par_1_10' title="bbox 235 1161 1872 1234">
     <span class='ocr_line' id='line_1_10' title="bbox 235 1161 1872 1234; baseline 0 -18"><span class='ocrx_word' id='word_1_70' title='bbox 235 1166 288 1216; x_wconf 89' lang='lat' dir='ltr'>et</span> <span class='ocrx_word' id='word_1_71' title='bbox 325 1177 454 1216; x_wconf 87' lang='lat' dir='ltr'>ecce</span> <span class='ocrx_word' id='word_1_72' title='bbox 483 1177 586 1233; x_wconf 91' lang='lat' dir='ltr'>per</span> <span class='ocrx_word' id='word_1_73' title='bbox 625 1163 896 1217; x_wconf 83' lang='lat' dir='ltr'>tenebras</span> <span class='ocrx_word' id='word_1_74' title='bbox 946 1162 1267 1234; x_wconf 86' lang='lat' dir='ltr'>aspicimus</span> <span class='ocrx_word' id='word_1_75' title='bbox 1298 1161 1540 1218; x_wconf 85' lang='lat' dir='ltr'>leaenam</span> <span class='ocrx_word' id='word_1_76' title='bbox 1589 1162 1872 1218; x_wconf 88' lang='lat' dir='ltr'>invasisse</span> 
     </span>
    </p>
   </div>
   <div class='ocr_carea' id='block_1_11' title="bbox 235 1249 1868 1323">
    <p class='ocr_par' dir='ltr' id='par_1_11' title="bbox 235 1249 1868 1323">
     <span class='ocr_line' id='line_1_11' title="bbox 235 1249 1868 1323; baseline 0 -18"><span class='ocrx_word' id='word_1_77' title='bbox 235 1249 546 1320; x_wconf 87' lang='lat' dir='ltr'>hominem,</span> <span class='ocrx_word' id='word_1_78' title='bbox 578 1254 636 1305; x_wconf 88' lang='lat' dir='ltr'>et</span> <span class='ocrx_word' id='word_1_79' title='bbox 662 1255 896 1323; x_wconf 83' lang='lat' dir='ltr'>gutture</span> <span class='ocrx_word' id='word_1_80' title='bbox 928 1251 1541 1321; x_wconf 77' lang='lat' dir='ltr'>suﬂ&#39;ocato,cruentum</span> <span class='ocrx_word' id='word_1_81' title='bbox 1575 1251 1726 1307; x_wconf 91' lang='lat' dir='ltr'>intro</span> <span class='ocrx_word' id='word_1_82' title='bbox 1753 1257 1868 1306; x_wconf 85' lang='lat' dir='ltr'>tra-</span> 
     </span>
    </p>
   </div>
   <div class='ocr_carea' id='block_1_12' title="bbox 234 1338 1868 1413">
    <p class='ocr_par' dir='ltr' id='par_1_12' title="bbox 234 1338 1868 1413">
     <span class='ocr_line' id='line_1_12' title="bbox 234 1338 1868 1413; baseline 0.001 -19"><span class='ocrx_word' id='word_1_83' title='bbox 234 1339 385 1395; x_wconf 92' lang='lat' dir='ltr'>here.</span> <span class='ocrx_word' id='word_1_84' title='bbox 423 1338 563 1395; x_wconf 84' lang='lat' dir='ltr'>Jesu</span> <span class='ocrx_word' id='word_1_85' title='bbox 611 1339 780 1407; x_wconf 90' lang='lat' dir='ltr'>bone,</span> <span class='ocrx_word' id='word_1_86' title='bbox 813 1340 954 1411; x_wconf 89' lang='lat' dir='ltr'>quid</span> <span class='ocrx_word' id='word_1_87' title='bbox 1004 1345 1144 1396; x_wconf 87' lang='lat' dir='ltr'>tunc</span> <span class='ocrx_word' id='word_1_88' title='bbox 1191 1341 1430 1396; x_wconf 89' lang='lat' dir='ltr'>terroris</span> <span class='ocrx_word' id='word_1_89' title='bbox 1485 1341 1676 1406; x_wconf 90' lang='lat' dir='ltr'>nobis,</span> <span class='ocrx_word' id='word_1_90' title='bbox 1727 1340 1868 1413; x_wconf 90' lang='lat' dir='ltr'>quid</span> 
     </span>
    </p>
   </div>
   <div class='ocr_carea' id='block_1_13' title="bbox 233 1427 1868 1501">
    <p class='ocr_par' dir='ltr' id='par_1_13' title="bbox 233 1427 1868 1501">
     <span class='ocr_line' id='line_1_13' title="bbox 233 1427 1868 1501; baseline 0 -16"><span class='ocrx_word' id='word_1_91' title='bbox 233 1427 421 1501; x_wconf 80' lang='lat' dir='ltr'>gaudii</span> <span class='ocrx_word' id='word_1_92' title='bbox 470 1427 607 1485; x_wconf 86' lang='lat' dir='ltr'>fuit!</span> <span class='ocrx_word' id='word_1_93' title='bbox 641 1429 1082 1501; x_wconf 85' lang='lat' dir='ltr'>Spectabamus,</span> <span class='ocrx_word' id='word_1_94' title='bbox 1117 1429 1353 1485; x_wconf 91' lang='lat' dir='ltr'>domino</span> <span class='ocrx_word' id='word_1_95' title='bbox 1403 1431 1718 1500; x_wconf 85' lang='lat' dir='ltr'>nesciente,</span> <span class='ocrx_word' id='word_1_96' title='bbox 1760 1430 1868 1485; x_wconf 80' lang='lat' dir='ltr'>ho-</span> 
     </span>
    </p>
   </div>
   <div class='ocr_carea' id='block_1_14' title="bbox 233 1518 1872 1591">
    <p class='ocr_par' dir='ltr' id='par_1_14' title="bbox 233 1518 1872 1591">
     <span class='ocr_line' id='line_1_14' title="bbox 233 1518 1872 1591; baseline 0 -17"><span class='ocrx_word' id='word_1_97' title='bbox 233 1523 374 1574; x_wconf 77' lang='lat' dir='ltr'>stem</span> <span class='ocrx_word' id='word_1_98' title='bbox 406 1522 673 1575; x_wconf 89' lang='lat' dir='ltr'>nostrum</span> <span class='ocrx_word' id='word_1_99' title='bbox 705 1518 922 1591; x_wconf 85' lang='lat' dir='ltr'>perire;</span> <span class='ocrx_word' id='word_1_100' title='bbox 949 1519 1048 1590; x_wconf 88' lang='lat' dir='ltr'>qui</span> <span class='ocrx_word' id='word_1_101' title='bbox 1073 1535 1206 1574; x_wconf 91' lang='lat' dir='ltr'>cum</span> <span class='ocrx_word' id='word_1_102' title='bbox 1228 1519 1452 1575; x_wconf 90' lang='lat' dir='ltr'>videret</span> <span class='ocrx_word' id='word_1_103' title='bbox 1481 1519 1650 1574; x_wconf 90' lang='lat' dir='ltr'>illum</span> <span class='ocrx_word' id='word_1_104' title='bbox 1676 1535 1872 1575; x_wconf 90' lang='lat' dir='ltr'>moras</span> 
     </span>
    </p>
   </div>
   <div class='ocr_carea' id='block_1_15' title="bbox 236 1607 1875 1678">
    <p class='ocr_par' dir='ltr' id='par_1_15' title="bbox 236 1607 1875 1678">
     <span class='ocr_line' id='line_1_15' title="bbox 236 1607 1875 1678; baseline 0.001 -16"><span class='ocrx_word' id='word_1_105' title='bbox 236 1607 430 1673; x_wconf 79' lang='lat' dir='ltr'>facere,</span> <span class='ocrx_word' id='word_1_106' title='bbox 469 1608 806 1678; x_wconf 86' lang='lat' dir='ltr'>suspicatus</span> <span class='ocrx_word' id='word_1_107' title='bbox 853 1612 943 1664; x_wconf 89' lang='lat' dir='ltr'>est</span> <span class='ocrx_word' id='word_1_108' title='bbox 990 1609 1138 1663; x_wconf 90' lang='lat' dir='ltr'>duos</span> <span class='ocrx_word' id='word_1_109' title='bbox 1186 1609 1290 1663; x_wconf 91' lang='lat' dir='ltr'>uni</span> <span class='ocrx_word' id='word_1_110' title='bbox 1349 1609 1638 1664; x_wconf 89' lang='lat' dir='ltr'>resistere.</span> <span class='ocrx_word' id='word_1_111' title='bbox 1674 1609 1784 1664; x_wconf 91' lang='lat' dir='ltr'>Sed</span> <span class='ocrx_word' id='word_1_112' title='bbox 1818 1613 1875 1663; x_wconf 90' lang='lat' dir='ltr'>et</span> 
     </span>
    </p>
   </div>
   <div class='ocr_carea' id='block_1_16' title="bbox 234 1691 1874 1770">
    <p class='ocr_par' dir='ltr' id='par_1_16' title="bbox 234 1691 1874 1770">
     <span class='ocr_line' id='line_1_16' title="bbox 234 1691 1874 1770; baseline 0.001 -20"><span class='ocrx_word' id='word_1_113' title='bbox 234 1694 370 1751; x_wconf 89' lang='lat' dir='ltr'>iram</span> <span class='ocrx_word' id='word_1_114' title='bbox 402 1691 634 1752; x_wconf 70' lang='lat' dir='ltr'>differre</span> <span class='ocrx_word' id='word_1_115' title='bbox 665 1713 780 1752; x_wconf 91' lang='lat' dir='ltr'>non</span> <span class='ocrx_word' id='word_1_116' title='bbox 813 1696 1035 1763; x_wconf 89' lang='lat' dir='ltr'>valens,</span> <span class='ocrx_word' id='word_1_117' title='bbox 1067 1696 1220 1752; x_wconf 88' lang='lat' dir='ltr'>sicut</span> <span class='ocrx_word' id='word_1_118' title='bbox 1248 1697 1480 1752; x_wconf 90' lang='lat' dir='ltr'>tenebat</span> <span class='ocrx_word' id='word_1_119' title='bbox 1510 1696 1774 1770; x_wconf 83' lang='lat' dir='ltr'>gladium</span> <span class='ocrx_word' id='word_1_120' title='bbox 1802 1698 1874 1752; x_wconf 89' lang='lat' dir='ltr'>ad</span> 
     </span>
    </p>
   </div>
   <div class='ocr_carea' id='block_1_17' title="bbox 232 1783 1875 1857">
    <p class='ocr_par' dir='ltr' id='par_1_17' title="bbox 232 1783 1875 1857">
     <span class='ocr_line' id='line_1_17' title="bbox 232 1783 1875 1857; baseline 0.001 -17"><span class='ocrx_word' id='word_1_121' title='bbox 232 1783 565 1857; x_wconf 82' lang='lat' dir='ltr'>speluncam</span> <span class='ocrx_word' id='word_1_122' title='bbox 596 1785 696 1842; x_wconf 68' lang='lat'><strong>48</strong></span> <span class='ocrx_word' id='word_1_123' title='bbox 723 1787 910 1854; x_wconf 89' lang='lat' dir='ltr'>venit;</span> <span class='ocrx_word' id='word_1_124' title='bbox 944 1791 1001 1841; x_wconf 91' lang='lat' dir='ltr'>et</span> <span class='ocrx_word' id='word_1_125' title='bbox 1030 1786 1282 1841; x_wconf 90' lang='lat' dir='ltr'>clamore</span> <span class='ocrx_word' id='word_1_126' title='bbox 1331 1787 1535 1842; x_wconf 89' lang='lat' dir='ltr'>rabido</span> <span class='ocrx_word' id='word_1_127' title='bbox 1588 1787 1738 1842; x_wconf 86' lang='lat' dir='ltr'>servi</span> <span class='ocrx_word' id='word_1_128' title='bbox 1786 1787 1875 1842; x_wconf 83' lang='lat' dir='ltr'>in-</span> 
     </span>
    </p>
   </div>
   <div class='ocr_carea' id='block_1_18' title="bbox 233 1874 1878 1948">
    <p class='ocr_par' dir='ltr' id='par_1_18' title="bbox 233 1874 1878 1948">
     <span class='ocr_line' id='line_1_18' title="bbox 233 1874 1878 1948; baseline 0 -18"><span class='ocrx_word' id='word_1_129' title='bbox 233 1890 468 1947; x_wconf 84' lang='lat' dir='ltr'>crepans</span> <span class='ocrx_word' id='word_1_130' title='bbox 498 1874 828 1931; x_wconf 86' lang='lat' dir='ltr'>socordiam</span> <span class='ocrx_word' id='word_1_131' title='bbox 859 1875 1072 1942; x_wconf 73' lang='lat' dir='ltr'>&#39;,prius</span> <span class='ocrx_word' id='word_1_132' title='bbox 1105 1892 1138 1930; x_wconf 89' lang='lat' dir='ltr'>a</span> <span class='ocrx_word' id='word_1_133' title='bbox 1166 1875 1288 1931; x_wconf 87' lang='lat' dir='ltr'>fera</span> <span class='ocrx_word' id='word_1_134' title='bbox 1317 1879 1568 1943; x_wconf 89' lang='lat' dir='ltr'>tenetur,</span> <span class='ocrx_word' id='word_1_135' title='bbox 1594 1893 1772 1948; x_wconf 91' lang='lat' dir='ltr'>quam</span> <span class='ocrx_word' id='word_1_136' title='bbox 1805 1876 1878 1930; x_wconf 88' lang='lat' dir='ltr'>ad</span> 
     </span>
    </p>
   </div>
   <div class='ocr_carea' id='block_1_19' title="bbox 235 1948 1880 2036">
    <p class='ocr_par' dir='ltr' id='par_1_19' title="bbox 235 1948 1880 2036">
     <span class='ocr_line' id='line_1_19' title="bbox 235 1948 1880 2036; baseline 0.001 -17"><span class='ocrx_word' id='word_1_137' title='bbox 235 1968 454 2020; x_wconf 88' lang='lat' dir='ltr'>nostras</span> <span class='ocrx_word' id='word_1_138' title='bbox 485 1963 738 2020; x_wconf 86' lang='lat' dir='ltr'>latebras</span> <span class='ocrx_word' id='word_1_139' title='bbox 769 1964 1266 2036; x_wconf 86' lang='lat' dir='ltr'>perveniret.Quis</span> <span class='ocrx_word' id='word_1_140' title='bbox 1300 1964 1407 2019; x_wconf 89' lang='lat' dir='ltr'>hoc</span> <span class='ocrx_word' id='word_1_141' title='bbox 1439 1948 1880 2036; x_wconf 42' lang='lat' dir='ltr'>umquamhre-</span> 
     </span>
    </p>
   </div>
   <div class='ocr_carea' id='block_1_20' title="bbox 234 2052 1878 2125">
    <p class='ocr_par' dir='ltr' id='par_1_20' title="bbox 234 2052 1878 2125">
     <span class='ocr_line' id='line_1_20' title="bbox 234 2052 1878 2125; baseline 0.002 -18"><span class='ocrx_word' id='word_1_142' title='bbox 234 2052 405 2121; x_wconf 87' lang='lat' dir='ltr'>deret,</span> <span class='ocrx_word' id='word_1_143' title='bbox 439 2056 504 2108; x_wconf 94' lang='lat' dir='ltr'>ut</span> <span class='ocrx_word' id='word_1_144' title='bbox 540 2056 672 2108; x_wconf 89' lang='lat' dir='ltr'>ante</span> <span class='ocrx_word' id='word_1_145' title='bbox 705 2069 770 2109; x_wconf 91' lang='lat' dir='ltr'>os</span> <span class='ocrx_word' id='word_1_146' title='bbox 799 2058 1095 2120; x_wconf 88' lang='lat' dir='ltr'>nostrum,</span> <span class='ocrx_word' id='word_1_147' title='bbox 1130 2053 1318 2109; x_wconf 90' lang='lat' dir='ltr'>bestia</span> <span class='ocrx_word' id='word_1_148' title='bbox 1357 2070 1460 2125; x_wconf 91' lang='lat' dir='ltr'>pro</span> <span class='ocrx_word' id='word_1_149' title='bbox 1494 2053 1664 2109; x_wconf 90' lang='lat' dir='ltr'>nobis</span> <span class='ocrx_word' id='word_1_150' title='bbox 1705 2055 1878 2110; x_wconf 92' lang='lat' dir='ltr'>dimi-</span> 
     </span>
    </p>
   </div>
   <div class='ocr_carea' id='block_1_21' title="bbox 235 2139 1879 2209">
    <p class='ocr_par' dir='ltr' id='par_1_21' title="bbox 235 2139 1879 2209">
     <span class='ocr_line' id='line_1_21' title="bbox 235 2139 1879 2209; baseline 0.002 -13"><span class='ocrx_word' id='word_1_151' title='bbox 235 2141 420 2196; x_wconf 80' lang='lat' dir='ltr'>caret?</span> <span class='ocrx_word' id='word_1_152' title='bbox 449 2139 693 2197; x_wconf 89' lang='lat' dir='ltr'>Sublato</span> <span class='ocrx_word' id='word_1_153' title='bbox 723 2147 920 2198; x_wconf 91' lang='lat' dir='ltr'>autem</span> <span class='ocrx_word' id='word_1_154' title='bbox 951 2142 1050 2198; x_wconf 93' lang='lat' dir='ltr'>illo</span> <span class='ocrx_word' id='word_1_155' title='bbox 1084 2146 1264 2209; x_wconf 89' lang='lat' dir='ltr'>metu,</span> <span class='ocrx_word' id='word_1_156' title='bbox 1299 2141 1515 2197; x_wconf 86' lang='lat' dir='ltr'>similia</span> <span class='ocrx_word' id='word_1_157' title='bbox 1555 2146 1688 2198; x_wconf 88' lang='lat' dir='ltr'>ante</span> <span class='ocrx_word' id='word_1_158' title='bbox 1741 2160 1879 2199; x_wconf 87' lang='lat' dir='ltr'>ocu-</span> 
     </span>
    </p>
   </div>
   <div class='ocr_carea' id='block_1_22' title="bbox 237 2229 1880 2303">
    <p class='ocr_par' dir='ltr' id='par_1_22' title="bbox 237 2229 1880 2303">
     <span class='ocr_line' id='line_1_22' title="bbox 237 2229 1880 2303; baseline 0.002 -19"><span class='ocrx_word' id='word_1_159' title='bbox 237 2229 318 2286; x_wconf 87' lang='lat' dir='ltr'>los</span> <span class='ocrx_word' id='word_1_160' title='bbox 347 2235 580 2286; x_wconf 90' lang='lat' dir='ltr'>nostros</span> <span class='ocrx_word' id='word_1_161' title='bbox 610 2231 954 2287; x_wconf 87' lang='lat' dir='ltr'>versabatur</span> <span class='ocrx_word' id='word_1_162' title='bbox 984 2231 1288 2298; x_wconf 87' lang='lat' dir='ltr'>interitus;</span> <span class='ocrx_word' id='word_1_163' title='bbox 1324 2231 1435 2285; x_wconf 89' lang='lat' dir='ltr'>nisi</span> <span class='ocrx_word' id='word_1_164' title='bbox 1461 2232 1617 2303; x_wconf 90' lang='lat' dir='ltr'>quod</span> <span class='ocrx_word' id='word_1_165' title='bbox 1641 2233 1837 2303; x_wconf 87' lang='lat' dir='ltr'>potius</span> <span class='ocrx_word' id='word_1_166' title='bbox 1859 2235 1880 2267; x_wconf 80' lang='grc'><strong>³</strong></span> 
     </span>
    </p>
   </div>
   <div class='ocr_carea' id='block_1_23' title="bbox 237 2318 1870 2392">
    <p class='ocr_par' dir='ltr' id='par_1_23' title="bbox 237 2318 1870 2392">
     <span class='ocr_line' id='line_1_23' title="bbox 237 2318 1870 2392; baseline 0.002 -17"><span class='ocrx_word' id='word_1_167' title='bbox 237 2322 352 2375; x_wconf 87' lang='lat' dir='ltr'>erat</span> <span class='ocrx_word' id='word_1_168' title='bbox 380 2319 604 2376; x_wconf 88' lang='lat' dir='ltr'>rabiem</span> <span class='ocrx_word' id='word_1_169' title='bbox 631 2318 838 2389; x_wconf 87' lang='lat' dir='ltr'>leonis,</span> <span class='ocrx_word' id='word_1_170' title='bbox 874 2337 1052 2392; x_wconf 90' lang='lat' dir='ltr'>quam</span> <span class='ocrx_word' id='word_1_171' title='bbox 1084 2320 1233 2376; x_wconf 90' lang='lat' dir='ltr'>iram</span> <span class='ocrx_word' id='word_1_172' title='bbox 1264 2319 1522 2375; x_wconf 88' lang='lat' dir='ltr'>hominis</span> <span class='ocrx_word' id='word_1_173' title='bbox 1552 2322 1870 2379; x_wconf 91' lang='lat' dir='ltr'>sustinere.</span> 
     </span>
    </p>
   </div>
   <div class='ocr_carea' id='block_1_24' title="bbox 235 2408 1880 2480">
    <p class='ocr_par' dir='ltr' id='par_1_24' title="bbox 235 2408 1880 2480">
     <span class='ocr_line' id='line_1_24' title="bbox 235 2408 1880 2480; baseline 0.001 -16"><span class='ocrx_word' id='word_1_174' title='bbox 235 2408 510 2464; x_wconf 86' lang='lat' dir='ltr'>Pavemus</span> <span class='ocrx_word' id='word_1_175' title='bbox 536 2408 927 2478; x_wconf 84' lang='lat' dir='ltr'>intrinsecus;</span> <span class='ocrx_word' id='word_1_176' title='bbox 979 2413 1035 2464; x_wconf 89' lang='lat' dir='ltr'>et</span> <span class='ocrx_word' id='word_1_177' title='bbox 1087 2426 1159 2464; x_wconf 90' lang='lat' dir='ltr'>ne</span> <span class='ocrx_word' id='word_1_178' title='bbox 1207 2425 1435 2465; x_wconf 85' lang='lat' dir='ltr'>movere</span> <span class='ocrx_word' id='word_1_179' title='bbox 1485 2409 1721 2480; x_wconf 90' lang='lat' dir='ltr'>quidem</span> <span class='ocrx_word' id='word_1_180' title='bbox 1775 2427 1880 2465; x_wconf 91' lang='lat' dir='ltr'>nos</span> 
     </span>
    </p>
   </div>
   <div class='ocr_carea' id='block_1_25' title="bbox 237 2497 1882 2572">
    <p class='ocr_par' dir='ltr' id='par_1_25' title="bbox 237 2497 1882 2572">
     <span class='ocr_line' id='line_1_25' title="bbox 237 2497 1882 2572; baseline 0 -18"><span class='ocrx_word' id='word_1_181' title='bbox 237 2497 379 2565; x_wconf 83' lang='lat' dir='ltr'>ausi,</span> <span class='ocrx_word' id='word_1_182' title='bbox 409 2497 898 2570; x_wconf 69' lang='lat' dir='ltr'>praestolabamur</span> <span class='ocrx_word' id='word_1_183' title='bbox 925 2503 1197 2554; x_wconf 88' lang='lat' dir='ltr'>eventum</span> <span class='ocrx_word' id='word_1_184' title='bbox 1229 2497 1334 2565; x_wconf 90' lang='lat' dir='ltr'>rei,</span> <span class='ocrx_word' id='word_1_185' title='bbox 1360 2499 1511 2553; x_wconf 86' lang='lat' dir='ltr'>inter</span> <span class='ocrx_word' id='word_1_186' title='bbox 1541 2503 1704 2554; x_wconf 89' lang='lat' dir='ltr'>tanta</span> <span class='ocrx_word' id='word_1_187' title='bbox 1737 2499 1882 2572; x_wconf 91' lang='lat' dir='ltr'>peri-</span> 
     </span>
    </p>
   </div>
   <div class='ocr_carea' id='block_1_26' title="bbox 237 2585 1878 2660">
    <p class='ocr_par' dir='ltr' id='par_1_26' title="bbox 237 2585 1878 2660">
     <span class='ocr_line' id='line_1_26' title="bbox 237 2585 1878 2660; baseline 0 -18"><span class='ocrx_word' id='word_1_188' title='bbox 237 2585 683 2658; x_wconf 68' lang='lat' dir='ltr'>cula,pudicitiaa</span> <span class='ocrx_word' id='word_1_189' title='bbox 713 2592 942 2643; x_wconf 89' lang='lat' dir='ltr'>tantum</span> <span class='ocrx_word' id='word_1_190' title='bbox 976 2587 1332 2644; x_wconf 84' lang='lat' dir='ltr'>conscientia</span> <span class='ocrx_word' id='word_1_191' title='bbox 1363 2603 1465 2658; x_wconf 92' lang='lat' dir='ltr'>pro</span> <span class='ocrx_word' id='word_1_192' title='bbox 1491 2604 1656 2644; x_wconf 89' lang='lat' dir='ltr'>muro</span> <span class='ocrx_word' id='word_1_193' title='bbox 1707 2589 1878 2660; x_wconf 89' lang='lat' dir='ltr'>septi.</span> 
     </span>
    </p>
   </div>
   <div class='ocr_carea' id='block_1_27' title="bbox 235 2675 1878 2745">
    <p class='ocr_par' dir='ltr' id='par_1_27' title="bbox 235 2675 1878 2745">
     <span class='ocr_line' id='line_1_27' title="bbox 235 2675 1878 2745; baseline 0.001 -13"><span class='ocrx_word' id='word_1_194' title='bbox 235 2680 425 2732; x_wconf 67' lang='lat' dir='ltr'>Leana</span> <span class='ocrx_word' id='word_1_195' title='bbox 451 2675 704 2733; x_wconf 90' lang='lat' dir='ltr'>insidias</span> <span class='ocrx_word' id='word_1_196' title='bbox 735 2693 966 2745; x_wconf 88' lang='lat' dir='ltr'>cavens,</span> <span class='ocrx_word' id='word_1_197' title='bbox 998 2682 1056 2734; x_wconf 89' lang='lat' dir='ltr'>et</span> <span class='ocrx_word' id='word_1_198' title='bbox 1104 2677 1293 2733; x_wconf 89' lang='lat' dir='ltr'>visam</span> <span class='ocrx_word' id='word_1_199' title='bbox 1334 2692 1464 2733; x_wconf 89' lang='lat' dir='ltr'>esse</span> <span class='ocrx_word' id='word_1_200' title='bbox 1506 2694 1568 2733; x_wconf 89' lang='lat' dir='ltr'>se</span> <span class='ocrx_word' id='word_1_201' title='bbox 1598 2678 1878 2744; x_wconf 88' lang='lat' dir='ltr'>sentiens,</span> 
     </span>
    </p>
   </div>
   <div class='ocr_carea' id='block_1_28' title="bbox 305 2865 1882 2938">
    <p class='ocr_par' dir='ltr' id='par_1_28' title="bbox 305 2865 1882 2938">
     <span class='ocr_line' id='line_1_28' title="bbox 305 2865 1882 2938; baseline 0 -16"><span class='ocrx_word' id='word_1_202' title='bbox 305 2867 320 2900; x_wconf 88' lang='grc'>¹</span> <span class='ocrx_word' id='word_1_203' title='bbox 352 2865 479 2922; x_wconf 64' lang='lat' dir='ltr'>Haec</span> <span class='ocrx_word' id='word_1_204' title='bbox 522 2867 802 2938; x_wconf 72' lang='lat' dir='ltr'>patienter</span> <span class='ocrx_word' id='word_1_205' title='bbox 847 2873 1155 2938; x_wconf 54' lang='lat' dir='ltr'>aspectat,</span> <span class='ocrx_word' id='word_1_206' title='bbox 1184 2880 1492 2938; x_wconf 86' lang='lat' dir='ltr'>perperam</span> <span class='ocrx_word' id='word_1_207' title='bbox 1543 2865 1772 2922; x_wconf 89' lang='lat' dir='ltr'>intrusa</span> <span class='ocrx_word' id='word_1_208' title='bbox 1800 2866 1882 2922; x_wconf 90' lang='lat' dir='ltr'>vi-</span> 
     </span>
    </p>
   </div>
   <div class='ocr_carea' id='block_1_29' title="bbox 242 2935 1496 3005">
    <p class='ocr_par' dir='ltr' id='par_1_29' title="bbox 242 2935 1496 3005">
     <span class='ocr_line' id='line_1_29' title="bbox 242 2935 1496 3005; baseline -0.003 -12"><span class='ocrx_word' id='word_1_209' title='bbox 242 2935 695 3005; x_wconf 37' lang='lat' dir='ltr'>deanturfcerte</span> <span class='ocrx_word' id='word_1_210' title='bbox 724 2937 783 2992; x_wconf 90' lang='lat' dir='ltr'>in</span> <span class='ocrx_word' id='word_1_211' title='bbox 806 2935 966 2992; x_wconf 87' lang='lat' dir='ltr'>nullo</span> <span class='ocrx_word' id='word_1_212' title='bbox 996 2953 1108 2992; x_wconf 91' lang='lat' dir='ltr'>ms.</span> <span class='ocrx_word' id='word_1_213' title='bbox 1143 2935 1496 2993; x_wconf 83' lang='lat' dir='ltr'>invenimus.</span> 
     </span>
    </p>
   </div>
   <div class='ocr_carea' id='block_1_30' title="bbox 304 3007 1884 3082">
    <p class='ocr_par' dir='ltr' id='par_1_30' title="bbox 304 3007 1884 3082">
     <span class='ocr_line' id='line_1_30' title="bbox 304 3007 1884 3082; baseline 0.002 -21"><span class='ocrx_word' id='word_1_214' title='bbox 304 3010 326 3043; x_wconf 86' lang='grc'>²</span> <span class='ocrx_word' id='word_1_215' title='bbox 354 3008 588 3082; x_wconf 89' lang='lat' dir='ltr'>Vulgati</span> <span class='ocrx_word' id='word_1_216' title='bbox 618 3008 750 3064; x_wconf 91' lang='lat' dir='ltr'>libri</span> <span class='ocrx_word' id='word_1_217' title='bbox 779 3008 1107 3082; x_wconf 83' lang='lat' dir='ltr'>vecordiam,</span> <span class='ocrx_word' id='word_1_218' title='bbox 1133 3007 1513 3082; x_wconf 84' lang='lat' dir='ltr'>renuentibus</span> <span class='ocrx_word' id='word_1_219' title='bbox 1546 3009 1884 3065; x_wconf 89' lang='lat' dir='ltr'>ms.Deinde</span> 
     </span>
    </p>
   </div>
   <div class='ocr_carea' id='block_1_31' title="bbox 243 3079 1525 3153">
    <p class='ocr_par' dir='ltr' id='par_1_31' title="bbox 243 3079 1525 3153">
     <span class='ocr_line' id='line_1_31' title="bbox 243 3079 1525 3153; baseline -0.001 -20"><span class='ocrx_word' id='word_1_220' title='bbox 243 3079 495 3153; x_wconf 46' lang='lat' dir='ltr'>Victam.-</span> <span class='ocrx_word' id='word_1_221' title='bbox 511 3083 632 3153; x_wconf 80' lang='lat' dir='ltr'>Qui</span> <span class='ocrx_word' id='word_1_222' title='bbox 658 3081 932 3153; x_wconf 86' lang='lat' dir='ltr'>sunt,_qui</span> <span class='ocrx_word' id='word_1_223' title='bbox 962 3081 1059 3135; x_wconf 87' lang='lat' dir='ltr'>hoc</span> <span class='ocrx_word' id='word_1_224' title='bbox 1085 3079 1381 3145; x_wconf 83' lang='lat' dir='ltr'>crederint,</span> <span class='ocrx_word' id='word_1_225' title='bbox 1417 3085 1525 3135; x_wconf 88' lang='lat' dir='ltr'>etc.</span> 
     </span>
    </p>
   </div>
   <div class='ocr_carea' id='block_1_32' title="bbox 308 3151 1344 3224">
    <p class='ocr_par' dir='ltr' id='par_1_32' title="bbox 308 3151 1344 3224">
     <span class='ocr_line' id='line_1_32' title="bbox 308 3151 1344 3224; baseline -0.003 -17"><span class='ocrx_word' id='word_1_226' title='bbox 308 3152 330 3186; x_wconf 85' lang='grc'>³</span> <span class='ocrx_word' id='word_1_227' title='bbox 362 3152 510 3207; x_wconf 87' lang='lat' dir='ltr'>Editi</span> <span class='ocrx_word' id='word_1_228' title='bbox 534 3151 665 3208; x_wconf 51' lang='lat' dir='ltr'>&#39;Nisi</span> <span class='ocrx_word' id='word_1_229' title='bbox 694 3151 843 3224; x_wconf 85' lang='lat' dir='ltr'>quod</span> <span class='ocrx_word' id='word_1_230' title='bbox 864 3153 1035 3206; x_wconf 80' lang='lat' dir='ltr'>tutius</span> <span class='ocrx_word' id='word_1_231' title='bbox 1065 3155 1205 3216; x_wconf 90' lang='lat' dir='ltr'>erat,</span> <span class='ocrx_word' id='word_1_232' title='bbox 1237 3155 1344 3205; x_wconf 91' lang='lat' dir='ltr'>etc.</span> 
     </span>
    </p>
   </div>
   <div class='ocr_carea' id='block_1_33' title="bbox 309 3203 1955 3294">
    <p class='ocr_par' dir='ltr' id='par_1_33' title="bbox 309 3203 1955 3294">
     <span class='ocr_line' id='line_1_33' title="bbox 309 3203 1955 3294; baseline -0.001 -16"><span class='ocrx_word' id='word_1_233' title='bbox 309 3225 330 3256; x_wconf 78' lang='grc'><strong>⁸</strong></span> <span class='ocrx_word' id='word_1_234' title='bbox 359 3224 452 3279; x_wconf 92' lang='lat' dir='ltr'>Sic</span> <span class='ocrx_word' id='word_1_235' title='bbox 484 3240 632 3280; x_wconf 87' lang='lat' dir='ltr'>mss.</span> <span class='ocrx_word' id='word_1_236' title='bbox 666 3203 850 3278; x_wconf 59' lang='lat' dir='ltr'>nbstri</span> <span class='ocrx_word' id='word_1_237' title='bbox 881 3239 1106 3290; x_wconf 90' lang='lat' dir='ltr'>omnes,</span> <span class='ocrx_word' id='word_1_238' title='bbox 1143 3203 1205 3277; x_wconf 69' lang='lat' dir='ltr'>et</span> <span class='ocrx_word' id='word_1_239' title='bbox 1236 3226 1487 3294; x_wconf 86' lang='lat' dir='ltr'>quatuor</span> <span class='ocrx_word' id='word_1_240' title='bbox 1516 3221 1633 3294; x_wconf 86' lang='lat' dir='ltr'>alii,</span> <span class='ocrx_word' id='word_1_241' title='bbox 1666 3222 1881 3293; x_wconf 91' lang='lat' dir='ltr'>quibus</span> <span class='ocrx_word' id='word_1_242' title='bbox 1913 3203 1955 3268; x_wconf 68' lang='grc' dir='ltr'><strong>Ο</strong></span> 
     </span>
    </p>
   </div>
   <div class='ocr_carea' id='block_1_34' title="bbox 246 3293 1884 3421">
    <p class='ocr_par' dir='ltr' id='par_1_34' title="bbox 246 3293 1884 3421">
     <span class='ocr_line' id='line_1_34' title="bbox 246 3293 1884 3421; baseline -0.002 -70"><span class='ocrx_word' id='word_1_243' title='bbox 246 3293 613 3351; x_wconf 72' lang='lat' dir='ltr'>Martianaeus</span> <span class='ocrx_word' id='word_1_244' title='bbox 654 3311 798 3351; x_wconf 89' lang='lat' dir='ltr'>usus</span> <span class='ocrx_word' id='word_1_245' title='bbox 829 3299 937 3362; x_wconf 90' lang='lat' dir='ltr'>est,</span> <span class='ocrx_word' id='word_1_246' title='bbox 971 3295 1071 3366; x_wconf 92' lang='lat' dir='ltr'>qui</span> <span class='ocrx_word' id='word_1_247' title='bbox 1103 3293 1299 3349; x_wconf 87' lang='lat' dir='ltr'>tamen</span> <span class='ocrx_word' id='word_1_248' title='bbox 1333 3299 1544 3348; x_wconf 86' lang='lat' dir='ltr'>mature</span> <span class='ocrx_word' id='word_1_249' title='bbox 1587 3293 1728 3365; x_wconf 83' lang='lat' dir='ltr'>legit</span> <span class='ocrx_word' id='word_1_250' title='bbox 1782 3311 1884 3421; x_wconf 51' lang='lat' dir='ltr'>Ero</span> 
     </span>
     <span class='ocr_line' id='line_1_35' title="bbox 246 3366 1884 3421; baseline -0.001 0"><span class='ocrx_word' id='word_1_251' title='bbox 246 3369 530 3421; x_wconf 86' lang='lat' dir='ltr'>matutina.</span> <span class='ocrx_word' id='word_1_252' title='bbox 565 3366 876 3421; x_wconf 89' lang='lat' dir='ltr'>Victorius.</span> <span class='ocrx_word' id='word_1_253' title='bbox 900 3383 1086 3421; x_wconf 86' lang='lat' dir='ltr'>eouue</span> <span class='ocrx_word' id='word_1_254' title='bbox 1116 3366 1460 3421; x_wconf 89' lang='lat' dir='ltr'>vetustiores</span> <span class='ocrx_word' id='word_1_255' title='bbox 1482 3370 1754 3420; x_wconf 88' lang='lat' dir='ltr'>neutrum</span> <span class='ocrx_word' id='word_1_256' title='bbox 1833 3382 1884 3420; x_wconf 88' lang='lat' dir='ltr'>a-</span> 
     </span>
    </p>
   </div>
   <div class='ocr_carea' id='block_1_35' title="bbox 245 3366 1886 3492">
    <p class='ocr_par' dir='ltr' id='par_1_35' title="bbox 245 3366 1886 3492">
     <span class='ocr_line' id='line_1_36' title="bbox 245 3366 1886 3492; baseline -0.001 -70"><span class='ocrx_word' id='word_1_257' title='bbox 245 3369 530 3492; x_wconf 54' lang='lat' dir='ltr'>rgutatina.</span> <span class='ocrx_word' id='word_1_258' title='bbox 565 3366 876 3435; x_wconf 89' lang='lat' dir='ltr'>Victorius,</span> <span class='ocrx_word' id='word_1_259' title='bbox 900 3383 1086 3439; x_wconf 86' lang='lat' dir='ltr'>eoque</span> <span class='ocrx_word' id='word_1_260' title='bbox 1116 3366 1460 3421; x_wconf 89' lang='lat' dir='ltr'>vetustiores</span> <span class='ocrx_word' id='word_1_261' title='bbox 1482 3370 1754 3420; x_wconf 88' lang='lat' dir='ltr'>neutrum</span> <span class='ocrx_word' id='word_1_262' title='bbox 1788 3366 1886 3421; x_wconf 88' lang='lat' dir='ltr'>ha-</span> 
     </span>
     <span class='ocr_line' id='line_1_37' title="bbox 286 3454 398 3492; baseline 0 0"><span class='ocrx_word' id='word_1_263' title='bbox 286 3454 352 3492; x_wconf 87' lang='lat' dir='ltr'>en</span> <span class='ocrx_word' id='word_1_264' title='bbox 385 3482 398 3492; x_wconf 93' lang='lat'>.</span> 
     </span>
    </p>
   </div>
   <div class='ocr_carea' id='block_1_36' title="bbox 286 3443 398 3494">
    <p class='ocr_par' dir='ltr' id='par_1_36' title="bbox 286 3443 398 3494">
     <span class='ocr_line' id='line_1_38' title="bbox 286 3443 398 3494; baseline 0.018 -2"><span class='ocrx_word' id='word_1_265' title='bbox 286 3443 398 3494; x_wconf 87' lang='lat' dir='ltr'>ent.</span> 
     </span>
    </p>
   </div>
   <div class='ocr_carea' id='block_1_37' title="bbox 304 3507 1882 3580">
    <p class='ocr_par' dir='ltr' id='par_1_37' title="bbox 304 3507 1882 3580">
     <span class='ocr_line' id='line_1_39' title="bbox 304 3507 1882 3580; baseline -0.002 -14"><span class='ocrx_word' id='word_1_266' title='bbox 304 3540 367 3552; x_wconf 89' lang='lat'>-—</span> <span class='ocrx_word' id='word_1_267' title='bbox 395 3510 658 3567; x_wconf 79' lang='lat' dir='ltr'>Catulum</span> <span class='ocrx_word' id='word_1_268' title='bbox 713 3513 950 3564; x_wconf 87' lang='lat' dir='ltr'>mature.</span> <span class='ocrx_word' id='word_1_269' title='bbox 997 3509 1060 3563; x_wconf 92' lang='lat' dir='ltr'>In</span> <span class='ocrx_word' id='word_1_270' title='bbox 1094 3512 1348 3580; x_wconf 88' lang='lat' dir='ltr'>quatuor</span> <span class='ocrx_word' id='word_1_271' title='bbox 1379 3524 1522 3562; x_wconf 87' lang='lat' dir='ltr'>mss.</span> <span class='ocrx_word' id='word_1_272' title='bbox 1558 3507 1882 3580; x_wconf 84' lang='lat' dir='ltr'>codicibus,</span> 
     </span>
    </p>
   </div>
   <div class='ocr_carea' id='block_1_38' title="bbox 239 3579 1886 3706">
    <p class='ocr_par' dir='ltr' id='par_1_38' title="bbox 239 3579 1886 3706">
     <span class='ocr_line' id='line_1_40' title="bbox 239 3579 1886 3706; baseline -0.002 -69"><span class='ocrx_word' id='word_1_273' title='bbox 239 3597 335 3706; x_wconf 60' lang='lat' dir='ltr'>pro</span> <span class='ocrx_word' id='word_1_274' title='bbox 361 3585 576 3638; x_wconf 87' lang='lat' dir='ltr'>mature</span> <span class='ocrx_word' id='word_1_275' title='bbox 606 3581 858 3653; x_wconf 85' lang='lat' dir='ltr'>legimus</span> <span class='ocrx_word' id='word_1_276' title='bbox 887 3579 1180 3648; x_wconf 81' lang='lat' dir='ltr'>matutina,</span> <span class='ocrx_word' id='word_1_277' title='bbox 1209 3581 1268 3635; x_wconf 91' lang='lat' dir='ltr'>id</span> <span class='ocrx_word' id='word_1_278' title='bbox 1300 3585 1407 3646; x_wconf 87' lang='lat' dir='ltr'>est,</span> <span class='ocrx_word' id='word_1_279' title='bbox 1440 3579 1683 3634; x_wconf 85' lang='lat' dir='ltr'>catulum</span> <span class='ocrx_word' id='word_1_280' title='bbox 1713 3588 1886 3634; x_wconf 87' lang='lat' dir='ltr'>matu-</span> 
     </span>
     <span class='ocr_line' id='line_1_41' title="bbox 261 3651 1738 3706; baseline -0.001 0"><span class='ocrx_word' id='word_1_281' title='bbox 261 3669 351 3706; x_wconf 87' lang='lat' dir='ltr'>ma</span> <span class='ocrx_word' id='word_1_282' title='bbox 380 3654 556 3706; x_wconf 63' lang='lat' dir='ltr'>effert.</span> <span class='ocrx_word' id='word_1_283' title='bbox 1450 3651 1738 3706; x_wconf 74' lang='lat' dir='ltr'>MARTIAN.</span> 
     </span>
    </p>
   </div>
   <div class='ocr_carea' id='block_1_39' title="bbox 261 3651 1738 3726">
    <p class='ocr_par' dir='ltr' id='par_1_39' title="bbox 261 3651 1738 3726">
     <span class='ocr_line' id='line_1_42' title="bbox 261 3651 1738 3726; baseline -0.002 -18"><span class='ocrx_word' id='word_1_284' title='bbox 261 3654 556 3726; x_wconf 65' lang='lat' dir='ltr'>inae/fert.</span> <span class='ocrx_word' id='word_1_285' title='bbox 570 3724 584 3726; x_wconf 96' lang='lat'><em>_</em></span> <span class='ocrx_word' id='word_1_286' title='bbox 653 3651 688 3726; x_wconf 50' lang='lat'>_&#39;</span> <span class='ocrx_word' id='word_1_287' title='bbox 848 3724 858 3726; x_wconf 96' lang='lat'>_</span> <span class='ocrx_word' id='word_1_288' title='bbox 1233 3722 1241 3726; x_wconf 86' lang='lat'><em>_</em></span> <span class='ocrx_word' id='word_1_289' title='bbox 1261 3724 1267 3726; x_wconf 92' lang='lat'>_</span> <span class='ocrx_word' id='word_1_290' title='bbox 1450 3651 1738 3706; x_wconf 60' lang='lat' dir='ltr'>Murrus.</span> 
     </span>
    </p>
   </div>
   <div class='ocr_carea' id='block_1_40' title="bbox 303 3722 1883 3792">
    <p class='ocr_par' dir='ltr' id='par_1_40' title="bbox 303 3722 1883 3792">
     <span class='ocr_line' id='line_1_43' title="bbox 303 3722 1883 3792; baseline -0.002 -11"><span class='ocrx_word' id='word_1_291' title='bbox 303 3725 323 3759; x_wconf 83' lang='grc'>⁸</span> <span class='ocrx_word' id='word_1_292' title='bbox 353 3722 515 3781; x_wconf 79' lang='lat' dir='ltr'>Unus</span> <span class='ocrx_word' id='word_1_293' title='bbox 533 3723 747 3790; x_wconf 87' lang='lat' dir='ltr'>Vatic.,</span> <span class='ocrx_word' id='word_1_294' title='bbox 766 3724 859 3778; x_wconf 85' lang='lat' dir='ltr'>sed</span> <span class='ocrx_word' id='word_1_295' title='bbox 878 3726 1188 3792; x_wconf 78' lang='lat' dir='ltr'>spectamus</span> <span class='ocrx_word' id='word_1_296' title='bbox 1207 3722 1338 3784; x_wconf 87' lang='lat' dir='ltr'>diu;</span> <span class='ocrx_word' id='word_1_297' title='bbox 1361 3727 1490 3778; x_wconf 91' lang='lat' dir='ltr'>tum</span> <span class='ocrx_word' id='word_1_298' title='bbox 1513 3740 1719 3778; x_wconf 90' lang='lat' dir='ltr'>omnes</span> <span class='ocrx_word' id='word_1_299' title='bbox 1747 3724 1883 3792; x_wconf 83' lang='lat' dir='ltr'>ﬁgu-</span> 
     </span>
    </p>
   </div>
   <div class='ocr_carea' id='block_1_41' title="bbox 237 3796 970 3870">
    <p class='ocr_par' dir='ltr' id='par_1_41' title="bbox 237 3796 970 3870">
     <span class='ocr_line' id='line_1_44' title="bbox 237 3796 970 3870; baseline 0.001 -21"><span class='ocrx_word' id='word_1_300' title='bbox 237 3811 415 3870; x_wconf 70' lang='lat' dir='ltr'>ramus</span> <span class='ocrx_word' id='word_1_301' title='bbox 445 3813 553 3870; x_wconf 75' lang='lat' dir='ltr'>prg</span> <span class='ocrx_word' id='word_1_302' title='bbox 563 3796 970 3870; x_wconf 71' lang='lat' dir='ltr'>ﬁgurabamus.</span> 
     </span>
    </p>
   </div>
   <div class='ocr_carea' id='block_1_42' title="bbox 300 3865 1880 3936">
    <p class='ocr_par' dir='ltr' id='par_1_42' title="bbox 300 3865 1880 3936">
     <span class='ocr_line' id='line_1_45' title="bbox 300 3865 1880 3936; baseline -0.001 -14"><span class='ocrx_word' id='word_1_303' title='bbox 300 3868 320 3901; x_wconf 78' lang='grc'>⁵</span> <span class='ocrx_word' id='word_1_304' title='bbox 344 3865 502 3924; x_wconf 81' lang='lat' dir='ltr'>Idem</span> <span class='ocrx_word' id='word_1_305' title='bbox 529 3865 715 3922; x_wconf 81' lang='lat' dir='ltr'>Vatic.</span> <span class='ocrx_word' id='word_1_306' title='bbox 747 3866 858 3920; x_wconf 86' lang='lat' dir='ltr'>Sub</span> <span class='ocrx_word' id='word_1_307' title='bbox 885 3867 992 3920; x_wconf 84' lang='lat' dir='ltr'>tali</span> <span class='ocrx_word' id='word_1_308' title='bbox 1021 3881 1145 3936; x_wconf 87' lang='lat' dir='ltr'>ergo</span> <span class='ocrx_word' id='word_1_309' title='bbox 1175 3865 1422 3920; x_wconf 84' lang='lat' dir='ltr'>custodia</span> <span class='ocrx_word' id='word_1_310' title='bbox 1468 3873 1519 3921; x_wconf 88' lang='lat' dir='ltr'>ct</span> <span class='ocrx_word' id='word_1_311' title='bbox 1566 3867 1668 3921; x_wconf 82' lang='lat' dir='ltr'>illa</span> <span class='ocrx_word' id='word_1_312' title='bbox 1698 3868 1880 3921; x_wconf 85' lang='lat' dir='ltr'>trans-</span> 
     </span>
    </p>
   </div>
   <div class='ocr_carea' id='block_1_43' title="bbox 239 3937 1571 4006">
    <p class='ocr_par' dir='ltr' id='par_1_43' title="bbox 239 3937 1571 4006">
     <span class='ocr_line' id='line_1_46' title="bbox 239 3937 1571 4006; baseline -0.002 -13"><span class='ocrx_word' id='word_1_313' title='bbox 239 3946 354 3994; x_wconf 82' lang='lat' dir='ltr'>acta</span> <span class='ocrx_word' id='word_1_314' title='bbox 380 3941 500 3996; x_wconf 84' lang='lat' dir='ltr'>dies</span> <span class='ocrx_word' id='word_1_315' title='bbox 516 3956 538 4002; x_wconf 87' lang='lat'><em>;</em></span> <span class='ocrx_word' id='word_1_316' title='bbox 571 3937 742 3993; x_wconf 89' lang='lat' dir='ltr'>alius.</span> <span class='ocrx_word' id='word_1_317' title='bbox 776 3937 885 3993; x_wconf 90' lang='lat' dir='ltr'>Sub</span> <span class='ocrx_word' id='word_1_318' title='bbox 915 3938 1020 3994; x_wconf 84' lang='lat' dir='ltr'>tali</span> <span class='ocrx_word' id='word_1_319' title='bbox 1044 3953 1173 4006; x_wconf 87' lang='lat' dir='ltr'>ergo</span> <span class='ocrx_word' id='word_1_320' title='bbox 1202 3946 1432 4003; x_wconf 81' lang='lat' dir='ltr'>terrore,</span> <span class='ocrx_word' id='word_1_321' title='bbox 1465 3943 1571 3992; x_wconf 86' lang='lat' dir='ltr'>etc.</span> 
     </span>
    </p>
   </div>
   <div class='ocr_carea' id='block_1_44' title="bbox 301 4008 1883 4080">
    <p class='ocr_par' dir='ltr' id='par_1_44' title="bbox 301 4008 1883 4080">
     <span class='ocr_line' id='line_1_47' title="bbox 301 4008 1883 4080; baseline -0.001 -17"><span class='ocrx_word' id='word_1_322' title='bbox 301 4010 551 4067; x_wconf 70' lang='lat' dir='ltr'>7Verius</span> <span class='ocrx_word' id='word_1_323' title='bbox 582 4009 804 4079; x_wconf 71' lang='lat' dir='ltr'>isthmc,</span> <span class='ocrx_word' id='word_1_324' title='bbox 856 4008 913 4064; x_wconf 86' lang='lat' dir='ltr'>id</span> <span class='ocrx_word' id='word_1_325' title='bbox 965 4017 1043 4065; x_wconf 87' lang='lat' dir='ltr'>est</span> <span class='ocrx_word' id='word_1_326' title='bbox 1090 4025 1334 4076; x_wconf 87' lang='lat' dir='ltr'>annona,</span> <span class='ocrx_word' id='word_1_327' title='bbox 1369 4009 1524 4080; x_wconf 90' lang='lat' dir='ltr'>quod</span> <span class='ocrx_word' id='word_1_328' title='bbox 1576 4008 1742 4064; x_wconf 91' lang='lat' dir='ltr'>scioli</span> <span class='ocrx_word' id='word_1_329' title='bbox 1795 4012 1883 4064; x_wconf 90' lang='lat' dir='ltr'>est</span> 
     </span>
    </p>
   </div>
   <div class='ocr_carea' id='block_1_45' title="bbox 236 4079 1804 4156">
    <p class='ocr_par' dir='ltr' id='par_1_45' title="bbox 236 4079 1804 4156">
     <span class='ocr_line' id='line_1_48' title="bbox 236 4079 1804 4156; baseline -0.002 -20"><span class='ocrx_word' id='word_1_330' title='bbox 236 4079 477 4156; x_wconf 76' lang='lat' dir='ltr'>alicujus</span> <span class='ocrx_word' id='word_1_331' title='bbox 504 4081 820 4156; x_wconf 78' lang='lat' dir='ltr'>glossema,</span> <span class='ocrx_word' id='word_1_332' title='bbox 854 4079 1464 4156; x_wconf 65' lang='lat' dir='ltr'>praestantioresmss.</span> <span class='ocrx_word' id='word_1_333' title='bbox 1500 4081 1804 4156; x_wconf 74' lang='lat' dir='ltr'>omittunt.</span> 
     </span>
    </p>
   </div>
   <div class='ocr_carea' id='block_1_46' title="bbox 300 4100 1882 4224">
    <p class='ocr_par' dir='ltr' id='par_1_46' title="bbox 300 4100 1882 4224">
     <span class='ocr_line' id='line_1_49' title="bbox 300 4100 1804 4156; baseline -0.002 -19"><span class='ocrx_word' id='word_1_334' title='bbox 300 4100 374 4138; x_wconf 74' lang='lat' dir='ltr'>lcu</span> <span class='ocrx_word' id='word_1_335' title='bbox 407 4101 477 4139; x_wconf 92' lang='lat' dir='ltr'>us</span> <span class='ocrx_word' id='word_1_336' title='bbox 504 4100 820 4156; x_wconf 72' lang='lat' dir='ltr'>glossema,</span> <span class='ocrx_word' id='word_1_337' title='bbox 854 4100 1290 4152; x_wconf 63' lang='lat' dir='ltr'>praesranuores</span> <span class='ocrx_word' id='word_1_338' title='bbox 1322 4100 1464 4135; x_wconf 88' lang='lat' dir='ltr'>mss.</span> <span class='ocrx_word' id='word_1_339' title='bbox 1500 4100 1804 4136; x_wconf 77' lang='lat' dir='ltr'>omittunt.</span> 
     </span>
     <span class='ocr_line' id='line_1_50' title="bbox 300 4100 1882 4224; baseline -0.003 -14"><span class='ocrx_word' id='word_1_340' title='bbox 300 4155 319 4188; x_wconf 78' lang='grc'><em>³</em></span> <span class='ocrx_word' id='word_1_341' title='bbox 347 4100 509 4221; x_wconf 48' lang='lat' dir='ltr'>Dies”</span> <span class='ocrx_word' id='word_1_342' title='bbox 544 4155 640 4209; x_wconf 85' lang='lat' dir='ltr'>Rei</span> <span class='ocrx_word' id='word_1_343' title='bbox 669 4152 916 4209; x_wconf 77' lang='lat' dir='ltr'>ordinem</span> <span class='ocrx_word' id='word_1_344' title='bbox 939 4153 1259 4224; x_wconf 81' lang='lat' dir='ltr'>pandimus,</span> <span class='ocrx_word' id='word_1_345' title='bbox 1294 4153 1528 4224; x_wconf 64' lang='lat' dir='ltr'>inieque</span> <span class='ocrx_word' id='word_1_346' title='bbox 1565 4153 1882 4206; x_wconf 78' lang='lat' dir='ltr'>transmissi</span> 
     </span>
    </p>
   </div>
   <div class='ocr_carea' id='block_1_47' title="bbox 236 4222 1876 4296">
    <p class='ocr_par' dir='ltr' id='par_1_47' title="bbox 236 4222 1876 4296">
     <span class='ocr_line' id='line_1_51' title="bbox 236 4222 1876 4296; baseline -0.001 -16"><span class='ocrx_word' id='word_1_347' title='bbox 236 4222 300 4296; x_wconf 74' lang='lat' dir='ltr'>ad</span> <span class='ocrx_word' id='word_1_348' title='bbox 327 4224 742 4292; x_wconf 86' lang='lat' dir='ltr'>Sabanianum;</span> <span class='ocrx_word' id='word_1_349' title='bbox 774 4224 911 4280; x_wconf 91' lang='lat' dir='ltr'>olim</span> <span class='ocrx_word' id='word_1_350' title='bbox 939 4222 1073 4280; x_wconf 76' lang='lat' dir='ltr'>erat</span> <span class='ocrx_word' id='word_1_351' title='bbox 1110 4226 1398 4290; x_wconf 86' lang='lat' dir='ltr'>Sabinum,</span> <span class='ocrx_word' id='word_1_352' title='bbox 1428 4222 1484 4279; x_wconf 84' lang='lat' dir='ltr'>et</span> <span class='ocrx_word' id='word_1_353' title='bbox 1510 4240 1690 4296; x_wconf 89' lang='lat' dir='ltr'>penes</span> <span class='ocrx_word' id='word_1_354' title='bbox 1721 4224 1876 4278; x_wconf 86' lang='lat' dir='ltr'>Mar-</span> 
     </span>
    </p>
   </div>
   <div class='ocr_carea' id='block_1_48' title="bbox 238 4294 1873 4379">
    <p class='ocr_par' dir='ltr' id='par_1_48' title="bbox 238 4294 1873 4379">
     <span class='ocr_line' id='line_1_52' title="bbox 238 4294 1873 4379; baseline 0 -30"><span class='ocrx_word' id='word_1_355' title='bbox 238 4294 467 4379; x_wconf 59' lang='lat' dir='ltr'>tinuum</span> <span class='ocrx_word' id='word_1_356' title='bbox 527 4298 698 4379; x_wconf 48' lang='lat' dir='ltr'>forte</span> <span class='ocrx_word' id='word_1_357' title='bbox 730 4296 1230 4379; x_wconf 49' lang='lat' dir='ltr'>typo‘graphorum</span> <span class='ocrx_word' id='word_1_358' title='bbox 1286 4312 1480 4352; x_wconf 90' lang='lat' dir='ltr'>errore</span> <span class='ocrx_word' id='word_1_359' title='bbox 1511 4294 1873 4379; x_wconf 58' lang='lat' dir='ltr'>&#39;.§abianum.</span> 
     </span>
    </p>
   </div>
   <div class='ocr_carea' id='block_1_49' title="bbox 237 4367 1876 4426">
    <p class='ocr_par' dir='ltr' id='par_1_49' title="bbox 237 4367 1876 4426">
     <span class='ocr_line' id='line_1_53' title="bbox 237 4367 1876 4426; baseline 0.001 -6"><span class='ocrx_word' id='word_1_360' title='bbox 237 4369 575 4426; x_wconf 74' lang='lat' dir='ltr'>Ammianus</span> <span class='ocrx_word' id='word_1_361' title='bbox 642 4367 1018 4425; x_wconf 74' lang='lat' dir='ltr'>Marcellinus</span> <span class='ocrx_word' id='word_1_362' title='bbox 1087 4367 1187 4424; x_wconf 89' lang='lat' dir='ltr'>lib.</span> <span class='ocrx_word' id='word_1_363' title='bbox 1266 4385 1405 4425; x_wconf 81' lang='lat' dir='ltr'>xvm</span> <span class='ocrx_word' id='word_1_364' title='bbox 1466 4384 1478 4422; x_wconf 91' lang='lat'>:</span> <span class='ocrx_word' id='word_1_365' title='bbox 1541 4368 1876 4422; x_wconf 79' lang='lat' dir='ltr'>Sabinianus</span> 
     </span>
    </p>
   </div>
   <div class='ocr_carea' id='block_1_50' title="bbox 1977 537 3616 611">
    <p class='ocr_par' dir='ltr' id='par_1_50' title="bbox 1977 537 3616 611">
     <span class='ocr_line' id='line_1_54' title="bbox 1977 537 3616 611; baseline 0.004 -19"><span class='ocrx_word' id='word_1_366' title='bbox 1977 537 2262 609; x_wconf 90' lang='lat' dir='ltr'>nobisque</span> <span class='ocrx_word' id='word_1_367' title='bbox 2291 538 2445 594; x_wconf 89' lang='lat' dir='ltr'>cedit</span> <span class='ocrx_word' id='word_1_368' title='bbox 2475 537 2818 610; x_wconf 86' lang='lat' dir='ltr'>hospitium.</span> <span class='ocrx_word' id='word_1_369' title='bbox 2852 538 3053 611; x_wconf 90' lang='lat' dir='ltr'>Neque</span> <span class='ocrx_word' id='word_1_370' title='bbox 3083 544 3278 596; x_wconf 89' lang='lat' dir='ltr'>tamen</span> <span class='ocrx_word' id='word_1_371' title='bbox 3307 541 3451 597; x_wconf 87' lang='lat' dir='ltr'>satis</span> <span class='ocrx_word' id='word_1_372' title='bbox 3495 559 3616 599; x_wconf 85' lang='lat' dir='ltr'>cre-</span> 
     </span>
    </p>
   </div>
   <div class='ocr_carea' id='block_1_51' title="bbox 1977 627 3617 700">
    <p class='ocr_par' dir='ltr' id='par_1_51' title="bbox 1977 627 3617 700">
     <span class='ocr_line' id='line_1_55' title="bbox 1977 627 3617 700; baseline 0.004 -18"><span class='ocrx_word' id='word_1_373' title='bbox 1977 627 2122 693; x_wconf 85' lang='lat' dir='ltr'>duli,</span> <span class='ocrx_word' id='word_1_374' title='bbox 2158 628 2358 681; x_wconf 86' lang='lat' dir='ltr'>statim</span> <span class='ocrx_word' id='word_1_375' title='bbox 2405 627 2772 699; x_wconf 88' lang='lat' dir='ltr'>erumpimus</span> <span class='ocrx_word' id='word_1_376' title='bbox 2808 645 2819 683; x_wconf 91' lang='lat'><strong>:</strong></span> <span class='ocrx_word' id='word_1_377' title='bbox 2855 628 2957 683; x_wconf 83' lang='lat' dir='ltr'>sed</span> <span class='ocrx_word' id='word_1_378' title='bbox 3005 634 3411 700; x_wconf 85' lang='lat' dir='ltr'>exspectantes</span> <span class='ocrx_word' id='word_1_379' title='bbox 3441 633 3460 667; x_wconf 79' lang='grc'><strong><em>⁵</em></strong></span> <span class='ocrx_word' id='word_1_380' title='bbox 3491 633 3617 699; x_wconf 89' lang='lat' dir='ltr'>diu,</span> 
     </span>
    </p>
   </div>
   <div class='ocr_carea' id='block_1_52' title="bbox 1978 716 3627 790">
    <p class='ocr_par' dir='ltr' id='par_1_52' title="bbox 1978 716 3627 790">
     <span class='ocr_line' id='line_1_56' title="bbox 1978 716 3627 790; baseline 0.003 -18"><span class='ocrx_word' id='word_1_381' title='bbox 1978 720 2033 772; x_wconf 91' lang='lat' dir='ltr'>et</span> <span class='ocrx_word' id='word_1_382' title='bbox 2062 717 2256 788; x_wconf 85' lang='lat' dir='ltr'>egredi</span> <span class='ocrx_word' id='word_1_383' title='bbox 2286 717 2632 788; x_wconf 85' lang='lat' dir='ltr'>cogitantes,</span> <span class='ocrx_word' id='word_1_384' title='bbox 2666 716 2826 772; x_wconf 90' lang='lat' dir='ltr'>illius</span> <span class='ocrx_word' id='word_1_385' title='bbox 2857 717 3025 774; x_wconf 91' lang='lat' dir='ltr'>nobis</span> <span class='ocrx_word' id='word_1_386' title='bbox 3076 718 3480 790; x_wconf 84' lang='lat' dir='ltr'>ﬁgurabamus</span> <span class='ocrx_word' id='word_1_387' title='bbox 3523 737 3627 777; x_wconf 84' lang='lat' dir='ltr'>oc-</span> 
     </span>
    </p>
   </div>
   <div class='ocr_carea' id='block_1_53' title="bbox 1980 823 2242 861">
    <p class='ocr_par' dir='ltr' id='par_1_53' title="bbox 1980 823 2242 861">
     <span class='ocr_line' id='line_1_57' title="bbox 1980 823 2242 861; baseline -0.004 0"><span class='ocrx_word' id='word_1_388' title='bbox 1980 823 2242 861; x_wconf 90' lang='lat' dir='ltr'>cursum.</span> 
     </span>
    </p>
   </div>
   <div class='ocr_carea' id='block_1_54' title="bbox 2051 896 3626 956">
    <p class='ocr_par' dir='ltr' id='par_1_54' title="bbox 2051 896 3626 956">
     <span class='ocr_line' id='line_1_58' title="bbox 2051 896 3626 956; baseline 0.004 -6"><span class='ocrx_word' id='word_1_389' title='bbox 2051 896 2137 950; x_wconf 71' lang='grc'>40.</span> <span class='ocrx_word' id='word_1_390' title='bbox 2170 897 2420 951; x_wconf 82' lang='lat' dir='ltr'>Pericula</span> <span class='ocrx_word' id='word_1_391' title='bbox 2452 896 2713 952; x_wconf 84' lang='lat' dir='ltr'>liberatus</span> <span class='ocrx_word' id='word_1_392' title='bbox 2741 897 2810 951; x_wconf 90' lang='lat' dir='ltr'>ad</span> <span class='ocrx_word' id='word_1_393' title='bbox 2841 897 3129 952; x_wconf 83' lang='lat' dir='ltr'>mana-chos</span> <span class='ocrx_word' id='word_1_394' title='bbox 3177 899 3336 954; x_wconf 85' lang='lat' dir='ltr'>redit.</span> <span class='ocrx_word' id='word_1_395' title='bbox 3372 931 3440 941; x_wconf 89' lang='lat'>-—</span> <span class='ocrx_word' id='word_1_396' title='bbox 3470 901 3626 956; x_wconf 84' lang='lat' dir='ltr'>Sub-</span> 
     </span>
    </p>
   </div>
   <div class='ocr_carea' id='block_1_55' title="bbox 1980 984 3630 1060">
    <p class='ocr_par' dir='ltr' id='par_1_55' title="bbox 1980 984 3630 1060">
     <span class='ocr_line' id='line_1_59' title="bbox 1980 984 3630 1060; baseline 0.004 -22"><span class='ocrx_word' id='word_1_397' title='bbox 1980 984 2094 1039; x_wconf 90' lang='lat' dir='ltr'>lato</span> <span class='ocrx_word' id='word_1_398' title='bbox 2126 1002 2261 1057; x_wconf 88' lang='lat' dir='ltr'>ergo</span> <span class='ocrx_word' id='word_1_399' title='bbox 2291 985 2549 1051; x_wconf 88' lang='lat' dir='ltr'>horrore,</span> <span class='ocrx_word' id='word_1_400' title='bbox 2583 990 2639 1040; x_wconf 92' lang='lat' dir='ltr'>et</span> <span class='ocrx_word' id='word_1_401' title='bbox 2666 985 2766 1040; x_wconf 91' lang='lat' dir='ltr'>illa</span> <span class='ocrx_word' id='word_1_402' title='bbox 2795 990 3093 1041; x_wconf 89' lang='lat' dir='ltr'>transacta</span> <span class='ocrx_word' id='word_1_403' title='bbox 3123 987 3215 1042; x_wconf 92' lang='lat' dir='ltr'>die</span> <span class='ocrx_word' id='word_1_404' title='bbox 3244 989 3630 1060; x_wconf 72' lang='lat' dir='ltr'>°,egredimur</span> 
     </span>
    </p>
   </div>
   <div class='ocr_carea' id='block_1_56' title="bbox 1981 1074 3628 1148">
    <p class='ocr_par' dir='ltr' id='par_1_56' title="bbox 1981 1074 3628 1148">
     <span class='ocr_line' id='line_1_60' title="bbox 1981 1074 3628 1148; baseline 0.003 -20"><span class='ocrx_word' id='word_1_405' title='bbox 1981 1075 2052 1128; x_wconf 88' lang='lat' dir='ltr'>ad</span> <span class='ocrx_word' id='word_1_406' title='bbox 2086 1091 2420 1146; x_wconf 89' lang='lat' dir='ltr'>vesperam;</span> <span class='ocrx_word' id='word_1_407' title='bbox 2444 1074 2818 1147; x_wconf 89' lang='lat' dir='ltr'>vidimusque</span> <span class='ocrx_word' id='word_1_408' title='bbox 2842 1075 3271 1148; x_wconf 87' lang='lat' dir='ltr'>camelos,quos</span> <span class='ocrx_word' id='word_1_409' title='bbox 3288 1078 3361 1132; x_wconf 92' lang='lat' dir='ltr'>ob</span> <span class='ocrx_word' id='word_1_410' title='bbox 3387 1077 3628 1133; x_wconf 87' lang='lat' dir='ltr'>nimiam</span> 
     </span>
    </p>
   </div>
   <div class='ocr_carea' id='block_1_57' title="bbox 1980 1163 3631 1237">
    <p class='ocr_par' dir='ltr' id='par_1_57' title="bbox 1980 1163 3631 1237">
     <span class='ocr_line' id='line_1_61' title="bbox 1980 1163 3631 1237; baseline 0.003 -20"><span class='ocrx_word' id='word_1_411' title='bbox 1980 1163 2345 1219; x_wconf 89' lang='lat' dir='ltr'>velocitatem</span> <span class='ocrx_word' id='word_1_412' title='bbox 2392 1164 2794 1220; x_wconf 87' lang='lat' dir='ltr'>dromedarios</span> <span class='ocrx_word' id='word_1_413' title='bbox 2837 1169 3064 1232; x_wconf 86' lang='lat' dir='ltr'>vocant,</span> <span class='ocrx_word' id='word_1_414' title='bbox 3099 1165 3420 1237; x_wconf 66' lang='lat' dir='ltr'>praeteritos</span> <span class='ocrx_word' id='word_1_415' title='bbox 3470 1166 3631 1222; x_wconf 91' lang='lat' dir='ltr'>cibos</span> 
     </span>
    </p>
   </div>
   <div class='ocr_carea' id='block_1_58' title="bbox 1982 1253 3626 1317">
    <p class='ocr_par' dir='ltr' id='par_1_58' title="bbox 1982 1253 3626 1317">
     <span class='ocr_line' id='line_1_62' title="bbox 1982 1253 3626 1317; baseline 0.002 -11"><span class='ocrx_word' id='word_1_416' title='bbox 1982 1253 2040 1306; x_wconf 89' lang='lat' dir='ltr'>in</span> <span class='ocrx_word' id='word_1_417' title='bbox 2073 1269 2169 1307; x_wconf 92' lang='lat' dir='ltr'>ore</span> <span class='ocrx_word' id='word_1_418' title='bbox 2201 1253 2443 1317; x_wconf 88' lang='lat' dir='ltr'>volvere,</span> <span class='ocrx_word' id='word_1_419' title='bbox 2465 1258 2521 1307; x_wconf 87' lang='lat' dir='ltr'>et</span> <span class='ocrx_word' id='word_1_420' title='bbox 2549 1253 2607 1307; x_wconf 91' lang='lat' dir='ltr'>in</span> <span class='ocrx_word' id='word_1_421' title='bbox 2633 1253 2828 1308; x_wconf 91' lang='lat' dir='ltr'>alvum</span> <span class='ocrx_word' id='word_1_422' title='bbox 2853 1254 3033 1310; x_wconf 91' lang='lat' dir='ltr'>misso</span> <span class='ocrx_word' id='word_1_423' title='bbox 3064 1254 3281 1312; x_wconf 89' lang='lat' dir='ltr'>iterum</span> <span class='ocrx_word' id='word_1_424' title='bbox 3313 1255 3626 1312; x_wconf 85' lang='lat' dir='ltr'>retrahere.</span> 
     </span>
    </p>
   </div>
   <div class='ocr_carea' id='block_1_59' title="bbox 1982 1341 3631 1412">
    <p class='ocr_par' dir='ltr' id='par_1_59' title="bbox 1982 1341 3631 1412">
     <span class='ocr_line' id='line_1_63' title="bbox 1982 1341 3631 1412; baseline 0.003 -17"><span class='ocrx_word' id='word_1_425' title='bbox 1982 1341 2204 1406; x_wconf 84' lang='lat' dir='ltr'>Quibus</span> <span class='ocrx_word' id='word_1_426' title='bbox 2235 1342 2516 1409; x_wconf 88' lang='lat' dir='ltr'>ascensis,</span> <span class='ocrx_word' id='word_1_427' title='bbox 2549 1345 2604 1397; x_wconf 94' lang='lat' dir='ltr'>et</span> <span class='ocrx_word' id='word_1_428' title='bbox 2635 1359 2783 1397; x_wconf 90' lang='lat' dir='ltr'>nova</span> <span class='ocrx_word' id='word_1_429' title='bbox 2813 1342 3070 1409; x_wconf 90' lang='lat' dir='ltr'>sitarcia,</span> <span class='ocrx_word' id='word_1_430' title='bbox 3106 1343 3162 1397; x_wconf 90' lang='lat' dir='ltr'>id</span> <span class='ocrx_word' id='word_1_431' title='bbox 3203 1349 3294 1399; x_wconf 89' lang='lat' dir='ltr'>est</span> <span class='ocrx_word' id='word_1_432' title='bbox 3323 1345 3363 1412; x_wconf 76' lang='grc'>⁷,</span> <span class='ocrx_word' id='word_1_433' title='bbox 3397 1361 3631 1400; x_wconf 90' lang='lat' dir='ltr'>annona</span> 
     </span>
    </p>
   </div>
   <div class='ocr_carea' id='block_1_60' title="bbox 1984 1429 3635 1504">
    <p class='ocr_par' dir='ltr' id='par_1_60' title="bbox 1984 1429 3635 1504">
     <span class='ocr_line' id='line_1_64' title="bbox 1984 1429 3635 1504; baseline 0.002 -19"><span class='ocrx_word' id='word_1_434' title='bbox 1984 1429 2342 1497; x_wconf 80' lang='lat' dir='ltr'>reforcillati,</span> <span class='ocrx_word' id='word_1_435' title='bbox 2373 1431 2598 1484; x_wconf 90' lang='lat' dir='ltr'>decima</span> <span class='ocrx_word' id='word_1_436' title='bbox 2627 1429 2864 1485; x_wconf 89' lang='lat' dir='ltr'>tandem</span> <span class='ocrx_word' id='word_1_437' title='bbox 2886 1429 2978 1485; x_wconf 90' lang='lat' dir='ltr'>die</span> <span class='ocrx_word' id='word_1_438' title='bbox 3004 1431 3076 1484; x_wconf 89' lang='lat' dir='ltr'>ad</span> <span class='ocrx_word' id='word_1_439' title='bbox 3101 1431 3363 1487; x_wconf 83' lang='lat' dir='ltr'>Romana</span> <span class='ocrx_word' id='word_1_440' title='bbox 3403 1449 3508 1504; x_wconf 90' lang='lat' dir='ltr'>per</span> <span class='ocrx_word' id='word_1_441' title='bbox 3537 1433 3635 1488; x_wconf 89' lang='lat' dir='ltr'>de-</span> 
     </span>
    </p>
   </div>
   <div class='ocr_carea' id='block_1_61' title="bbox 1982 1518 3633 1590">
    <p class='ocr_par' dir='ltr' id='par_1_61' title="bbox 1982 1518 3633 1590">
     <span class='ocr_line' id='line_1_65' title="bbox 1982 1518 3633 1590; baseline 0.001 -15"><span class='ocrx_word' id='word_1_442' title='bbox 1982 1523 2206 1575; x_wconf 88' lang='lat' dir='ltr'>sertum</span> <span class='ocrx_word' id='word_1_443' title='bbox 2239 1523 2432 1574; x_wconf 88' lang='lat' dir='ltr'>castra</span> <span class='ocrx_word' id='word_1_444' title='bbox 2463 1519 2752 1574; x_wconf 89' lang='lat' dir='ltr'>venimus.</span> <span class='ocrx_word' id='word_1_445' title='bbox 2782 1518 3090 1590; x_wconf 87' lang='lat' dir='ltr'>Oblatique</span> <span class='ocrx_word' id='word_1_446' title='bbox 3121 1519 3509 1589; x_wconf 90' lang='lat' dir='ltr'>tribuno,rem</span> <span class='ocrx_word' id='word_1_447' title='bbox 3535 1539 3633 1577; x_wconf 89' lang='lat' dir='ltr'>or-</span> 
     </span>
    </p>
   </div>
   <div class='ocr_carea' id='block_1_62' title="bbox 1985 1608 3635 1680">
    <p class='ocr_par' dir='ltr' id='par_1_62' title="bbox 1985 1608 3635 1680">
     <span class='ocr_line' id='line_1_66' title="bbox 1985 1608 3635 1680; baseline 0.002 -17"><span class='ocrx_word' id='word_1_448' title='bbox 1985 1608 2118 1664; x_wconf 90' lang='lat' dir='ltr'>dine</span> <span class='ocrx_word' id='word_1_449' title='bbox 2150 1609 2464 1680; x_wconf 90' lang='lat' dir='ltr'>pandimus</span> <span class='ocrx_word' id='word_1_450' title='bbox 2495 1609 2514 1641; x_wconf 78' lang='grc'><strong>⁸</strong></span> <span class='ocrx_word' id='word_1_451' title='bbox 2551 1626 2563 1662; x_wconf 89' lang='lat'><strong>:</strong></span> <span class='ocrx_word' id='word_1_452' title='bbox 2598 1608 2734 1663; x_wconf 91' lang='lat' dir='ltr'>inde</span> <span class='ocrx_word' id='word_1_453' title='bbox 2764 1608 3097 1663; x_wconf 83' lang='lat' dir='ltr'>transmissi</span> <span class='ocrx_word' id='word_1_454' title='bbox 3148 1609 3219 1664; x_wconf 90' lang='lat' dir='ltr'>ad</span> <span class='ocrx_word' id='word_1_455' title='bbox 3261 1608 3584 1666; x_wconf 87' lang='lat' dir='ltr'>Sabianum</span> <span class='ocrx_word' id='word_1_456' title='bbox 3615 1613 3635 1646; x_wconf 77' lang='grc' dir='ltr'><strong>ο</strong></span> 
     </span>
    </p>
   </div>
   <div class='ocr_carea' id='block_1_63' title="bbox 1984 1696 3632 1772">
    <p class='ocr_par' dir='ltr' id='par_1_63' title="bbox 1984 1696 3632 1772">
     <span class='ocr_line' id='line_1_67' title="bbox 1984 1696 3632 1772; baseline 0.001 -18"><span class='ocrx_word' id='word_1_457' title='bbox 1984 1698 2417 1768; x_wconf 72' lang='lat' dir='ltr'>Mesopotamiae</span> <span class='ocrx_word' id='word_1_458' title='bbox 2449 1697 2682 1764; x_wconf 89' lang='lat' dir='ltr'>ducem,</span> <span class='ocrx_word' id='word_1_459' title='bbox 2716 1696 3072 1752; x_wconf 88' lang='lat' dir='ltr'>camelorum</span> <span class='ocrx_word' id='word_1_460' title='bbox 3105 1697 3357 1769; x_wconf 83' lang='lat' dir='ltr'>pretium</span> <span class='ocrx_word' id='word_1_461' title='bbox 3409 1701 3632 1772; x_wconf 89' lang='lat' dir='ltr'>accepi-</span> 
     </span>
    </p>
   </div>
   <div class='ocr_carea' id='block_1_64' title="bbox 1987 1785 3632 1857">
    <p class='ocr_par' dir='ltr' id='par_1_64' title="bbox 1987 1785 3632 1857">
     <span class='ocr_line' id='line_1_68' title="bbox 1987 1785 3632 1857; baseline 0.002 -16"><span class='ocrx_word' id='word_1_462' title='bbox 1987 1787 2229 1843; x_wconf 82' lang='lat' dir='ltr'>mus.Et</span> <span class='ocrx_word' id='word_1_463' title='bbox 2259 1787 2398 1857; x_wconf 89' lang='lat' dir='ltr'>quia</span> <span class='ocrx_word' id='word_1_464' title='bbox 2420 1788 2546 1857; x_wconf 87' lang='lat' dir='ltr'>jam</span> <span class='ocrx_word' id='word_1_465' title='bbox 2578 1787 2760 1841; x_wconf 90' lang='lat' dir='ltr'>abbas</span> <span class='ocrx_word' id='word_1_466' title='bbox 2791 1785 2888 1841; x_wconf 89' lang='lat' dir='ltr'>ille</span> <span class='ocrx_word' id='word_1_467' title='bbox 2919 1802 3086 1842; x_wconf 90' lang='lat' dir='ltr'>meus</span> <span class='ocrx_word' id='word_1_468' title='bbox 3109 1787 3426 1842; x_wconf 89' lang='lat' dir='ltr'>dormierat</span> <span class='ocrx_word' id='word_1_469' title='bbox 3447 1789 3505 1843; x_wconf 89' lang='lat' dir='ltr'>in</span> <span class='ocrx_word' id='word_1_470' title='bbox 3530 1789 3632 1844; x_wconf 86' lang='lat' dir='ltr'>Do-</span> 
     </span>
    </p>
   </div>
   <div class='ocr_carea' id='block_1_65' title="bbox 1990 1874 3634 1946">
    <p class='ocr_par' dir='ltr' id='par_1_65' title="bbox 1990 1874 3634 1946">
     <span class='ocr_line' id='line_1_69' title="bbox 1990 1874 3634 1946; baseline 0.004 -16"><span class='ocrx_word' id='word_1_471' title='bbox 1990 1876 2181 1943; x_wconf 89' lang='lat' dir='ltr'>mino;</span> <span class='ocrx_word' id='word_1_472' title='bbox 2229 1876 2300 1930; x_wconf 92' lang='lat' dir='ltr'>ad</span> <span class='ocrx_word' id='word_1_473' title='bbox 2331 1875 2453 1930; x_wconf 64' lang='lat' dir='ltr'>haec</span> <span class='ocrx_word' id='word_1_474' title='bbox 2486 1874 2714 1930; x_wconf 89' lang='lat' dir='ltr'>delatus</span> <span class='ocrx_word' id='word_1_475' title='bbox 2763 1874 2889 1930; x_wconf 91' lang='lat' dir='ltr'>loca</span> <span class='ocrx_word' id='word_1_476' title='bbox 2938 1891 3032 1930; x_wconf 89' lang='lat' dir='ltr'>me</span> <span class='ocrx_word' id='word_1_477' title='bbox 3081 1876 3387 1932; x_wconf 86' lang='lat' dir='ltr'>monachis</span> <span class='ocrx_word' id='word_1_478' title='bbox 3437 1879 3634 1946; x_wconf 90' lang='lat' dir='ltr'>reddo,</span> 
     </span>
    </p>
   </div>
   <div class='ocr_carea' id='block_1_66' title="bbox 1989 1963 3636 2037">
    <p class='ocr_par' dir='ltr' id='par_1_66' title="bbox 1989 1963 3636 2037">
     <span class='ocr_line' id='line_1_70' title="bbox 1989 1963 3636 2037; baseline 0.003 -19"><span class='ocrx_word' id='word_1_479' title='bbox 1989 1964 2140 2019; x_wconf 84' lang='lat' dir='ltr'>hanc</span> <span class='ocrx_word' id='word_1_480' title='bbox 2190 1966 2354 2020; x_wconf 86' lang='lat' dir='ltr'>trado</span> <span class='ocrx_word' id='word_1_481' title='bbox 2403 1963 2752 2036; x_wconf 87' lang='lat' dir='ltr'>virginibus,</span> <span class='ocrx_word' id='word_1_482' title='bbox 2787 1963 3037 2037; x_wconf 88' lang='lat' dir='ltr'>diligens</span> <span class='ocrx_word' id='word_1_483' title='bbox 3081 1980 3212 2020; x_wconf 89' lang='lat' dir='ltr'>eam</span> <span class='ocrx_word' id='word_1_484' title='bbox 3262 1969 3328 2020; x_wconf 91' lang='lat' dir='ltr'>ut</span> <span class='ocrx_word' id='word_1_485' title='bbox 3355 1983 3636 2035; x_wconf 86' lang='lat' dir='ltr'>sororem,</span> 
     </span>
    </p>
   </div>
   <div class='ocr_carea' id='block_1_67' title="bbox 1992 2053 3641 2112">
    <p class='ocr_par' dir='ltr' id='par_1_67' title="bbox 1992 2053 3641 2112">
     <span class='ocr_line' id='line_1_71' title="bbox 1992 2053 3641 2112; baseline 0.002 -3"><span class='ocrx_word' id='word_1_486' title='bbox 1992 2071 2107 2109; x_wconf 88' lang='lat' dir='ltr'>non</span> <span class='ocrx_word' id='word_1_487' title='bbox 2139 2058 2334 2110; x_wconf 80' lang='lat' dir='ltr'>tamen</span> <span class='ocrx_word' id='word_1_488' title='bbox 2361 2053 2411 2108; x_wconf 91' lang='lat' dir='ltr'>ei</span> <span class='ocrx_word' id='word_1_489' title='bbox 2445 2070 2537 2108; x_wconf 93' lang='lat' dir='ltr'>me</span> <span class='ocrx_word' id='word_1_490' title='bbox 2568 2053 2810 2108; x_wconf 88' lang='lat' dir='ltr'>credens</span> <span class='ocrx_word' id='word_1_491' title='bbox 2860 2058 2924 2108; x_wconf 89' lang='lat' dir='ltr'>ut</span> <span class='ocrx_word' id='word_1_492' title='bbox 2973 2053 3176 2110; x_wconf 86' lang='lat' dir='ltr'>sorori.</span> <span class='ocrx_word' id='word_1_493' title='bbox 3213 2054 3344 2110; x_wconf 74' lang='lat' dir='ltr'>Haec</span> <span class='ocrx_word' id='word_1_494' title='bbox 3376 2055 3520 2111; x_wconf 90' lang='lat' dir='ltr'>mihi</span> <span class='ocrx_word' id='word_1_495' title='bbox 3553 2074 3641 2112; x_wconf 87' lang='lat' dir='ltr'>se-</span> 
     </span>
    </p>
   </div>
   <div class='ocr_carea' id='block_1_68' title="bbox 1991 2140 3641 2216">
    <p class='ocr_par' dir='ltr' id='par_1_68' title="bbox 1991 2140 3641 2216">
     <span class='ocr_line' id='line_1_72' title="bbox 1991 2140 3641 2216; baseline 0.001 -19"><span class='ocrx_word' id='word_1_496' title='bbox 1991 2159 2101 2198; x_wconf 85' lang='lat' dir='ltr'>nex</span> <span class='ocrx_word' id='word_1_497' title='bbox 2131 2142 2398 2199; x_wconf 89' lang='lat' dir='ltr'>Malchus</span> <span class='ocrx_word' id='word_1_498' title='bbox 2421 2143 2463 2176; x_wconf 85' lang='grc'>¹⁰</span> <span class='ocrx_word' id='word_1_499' title='bbox 2480 2140 2915 2197; x_wconf 87' lang='lat' dir='ltr'>adolescentulo</span> <span class='ocrx_word' id='word_1_500' title='bbox 2947 2142 3165 2198; x_wconf 90' lang='lat' dir='ltr'>retulit.</span> <span class='ocrx_word' id='word_1_501' title='bbox 3199 2143 3330 2199; x_wconf 71' lang='lat' dir='ltr'>Hazc</span> <span class='ocrx_word' id='word_1_502' title='bbox 3351 2160 3456 2216; x_wconf 90' lang='lat' dir='ltr'>ego</span> <span class='ocrx_word' id='word_1_503' title='bbox 3478 2145 3641 2200; x_wconf 91' lang='lat' dir='ltr'>vobis</span> 
     </span>
    </p>
   </div>
   <div class='ocr_carea' id='block_1_69' title="bbox 1992 2231 3638 2306">
    <p class='ocr_par' dir='ltr' id='par_1_69' title="bbox 1992 2231 3638 2306">
     <span class='ocr_line' id='line_1_73' title="bbox 1992 2231 3638 2306; baseline -0.001 -17"><span class='ocrx_word' id='word_1_504' title='bbox 1992 2232 2218 2289; x_wconf 88' lang='lat' dir='ltr'>narravi</span> <span class='ocrx_word' id='word_1_505' title='bbox 2251 2248 2446 2297; x_wconf 87' lang='lat' dir='ltr'>senex,</span> <span class='ocrx_word' id='word_1_506' title='bbox 2481 2231 2659 2287; x_wconf 88' lang='lat' dir='ltr'>castis</span> <span class='ocrx_word' id='word_1_507' title='bbox 2691 2231 2996 2286; x_wconf 88' lang='lat' dir='ltr'>historiam</span> <span class='ocrx_word' id='word_1_508' title='bbox 3043 2233 3332 2288; x_wconf 87' lang='lat' dir='ltr'>castitatis</span> <span class='ocrx_word' id='word_1_509' title='bbox 3379 2235 3638 2306; x_wconf 83' lang='lat' dir='ltr'>exposui.</span> 
     </span>
    </p>
   </div>
   <div class='ocr_carea' id='block_1_70' title="bbox 1991 2320 3640 2393">
    <p class='ocr_par' dir='ltr' id='par_1_70' title="bbox 1991 2320 3640 2393">
     <span class='ocr_line' id='line_1_74' title="bbox 1991 2320 3640 2393; baseline 0.001 -17"><span class='ocrx_word' id='word_1_510' title='bbox 1991 2322 2261 2393; x_wconf 87' lang='lat' dir='ltr'>Virgines</span> <span class='ocrx_word' id='word_1_511' title='bbox 2292 2322 2329 2355; x_wconf 83' lang='lat'>“</span> <span class='ocrx_word' id='word_1_512' title='bbox 2355 2320 2684 2376; x_wconf 89' lang='lat' dir='ltr'>castitatem</span> <span class='ocrx_word' id='word_1_513' title='bbox 2716 2321 3009 2376; x_wconf 85' lang='lat' dir='ltr'>custodire</span> <span class='ocrx_word' id='word_1_514' title='bbox 3039 2321 3329 2377; x_wconf 82' lang='lat' dir='ltr'>exhortor.</span> <span class='ocrx_word' id='word_1_515' title='bbox 3361 2323 3479 2378; x_wconf 91' lang='lat' dir='ltr'>Vos</span> <span class='ocrx_word' id='word_1_516' title='bbox 3510 2340 3640 2380; x_wconf 88' lang='lat' dir='ltr'>nar-</span> 
     </span>
    </p>
   </div>
   <div class='ocr_carea' id='block_1_71' title="bbox 1992 2407 3637 2482">
    <p class='ocr_par' dir='ltr' id='par_1_71' title="bbox 1992 2407 3637 2482">
     <span class='ocr_line' id='line_1_75' title="bbox 1992 2407 3637 2482; baseline 0.001 -16"><span class='ocrx_word' id='word_1_517' title='bbox 1992 2416 2114 2466; x_wconf 89' lang='lat' dir='ltr'>rate</span> <span class='ocrx_word' id='word_1_518' title='bbox 2145 2410 2416 2482; x_wconf 89' lang='lat' dir='ltr'>posteris,</span> <span class='ocrx_word' id='word_1_519' title='bbox 2445 2413 2508 2463; x_wconf 88' lang='lat' dir='ltr'>ut</span> <span class='ocrx_word' id='word_1_520' title='bbox 2537 2408 2726 2464; x_wconf 89' lang='lat' dir='ltr'>sciant</span> <span class='ocrx_word' id='word_1_521' title='bbox 2777 2407 2928 2463; x_wconf 89' lang='lat' dir='ltr'>inter</span> <span class='ocrx_word' id='word_1_522' title='bbox 2973 2408 3219 2480; x_wconf 88' lang='lat' dir='ltr'>gladios,</span> <span class='ocrx_word' id='word_1_523' title='bbox 3262 2415 3317 2465; x_wconf 94' lang='lat' dir='ltr'>et</span> <span class='ocrx_word' id='word_1_524' title='bbox 3359 2410 3512 2466; x_wconf 90' lang='lat' dir='ltr'>inter</span> <span class='ocrx_word' id='word_1_525' title='bbox 3539 2413 3637 2468; x_wconf 86' lang='lat' dir='ltr'>de-</span> 
     </span>
    </p>
   </div>
   <div class='ocr_carea' id='block_1_72' title="bbox 1993 2495 3640 2572">
    <p class='ocr_par' dir='ltr' id='par_1_72' title="bbox 1993 2495 3640 2572">
     <span class='ocr_line' id='line_1_76' title="bbox 1993 2495 3640 2572; baseline 0.002 -20"><span class='ocrx_word' id='word_1_526' title='bbox 1993 2503 2149 2553; x_wconf 90' lang='lat' dir='ltr'>serta</span> <span class='ocrx_word' id='word_1_527' title='bbox 2179 2502 2234 2552; x_wconf 92' lang='lat' dir='ltr'>et</span> <span class='ocrx_word' id='word_1_528' title='bbox 2264 2497 2502 2562; x_wconf 89' lang='lat' dir='ltr'>bestias,</span> <span class='ocrx_word' id='word_1_529' title='bbox 2537 2495 2881 2568; x_wconf 89' lang='lat' dir='ltr'>pudicitiam</span> <span class='ocrx_word' id='word_1_530' title='bbox 2915 2513 3242 2568; x_wconf 88' lang='lat' dir='ltr'>numquam</span> <span class='ocrx_word' id='word_1_531' title='bbox 3289 2515 3418 2555; x_wconf 89' lang='lat' dir='ltr'>esse</span> <span class='ocrx_word' id='word_1_532' title='bbox 3457 2501 3640 2572; x_wconf 88' lang='lat' dir='ltr'>capti-</span> 
     </span>
    </p>
   </div>
   <div class='ocr_carea' id='block_1_73' title="bbox 1992 2584 3642 2659">
    <p class='ocr_par' dir='ltr' id='par_1_73' title="bbox 1992 2584 3642 2659">
     <span class='ocr_line' id='line_1_77' title="bbox 1992 2584 3642 2659; baseline 0.003 -19"><span class='ocrx_word' id='word_1_533' title='bbox 1992 2603 2125 2642; x_wconf 91' lang='lat' dir='ltr'>vam</span> <span class='ocrx_word' id='word_1_534' title='bbox 2177 2603 2189 2641; x_wconf 89' lang='lat'>:</span> <span class='ocrx_word' id='word_1_535' title='bbox 2240 2590 2297 2641; x_wconf 89' lang='lat' dir='ltr'>et</span> <span class='ocrx_word' id='word_1_536' title='bbox 2338 2586 2637 2640; x_wconf 89' lang='lat' dir='ltr'>hominem</span> <span class='ocrx_word' id='word_1_537' title='bbox 2681 2584 2910 2640; x_wconf 89' lang='lat' dir='ltr'>Christo</span> <span class='ocrx_word' id='word_1_538' title='bbox 2959 2586 3220 2642; x_wconf 86' lang='lat' dir='ltr'>deditum</span> <span class='ocrx_word' id='word_1_539' title='bbox 3265 2605 3438 2659; x_wconf 89' lang='lat' dir='ltr'>posse</span> <span class='ocrx_word' id='word_1_540' title='bbox 3469 2589 3642 2658; x_wconf 92' lang='lat' dir='ltr'>mori,</span> 
     </span>
    </p>
   </div>
   <div class='ocr_carea' id='block_1_74' title="bbox 1995 2675 2630 2748">
    <p class='ocr_par' dir='ltr' id='par_1_74' title="bbox 1995 2675 2630 2748">
     <span class='ocr_line' id='line_1_78' title="bbox 1995 2675 2630 2748; baseline -0.003 -17"><span class='ocrx_word' id='word_1_541' title='bbox 1995 2693 2109 2732; x_wconf 90' lang='lat' dir='ltr'>non</span> <span class='ocrx_word' id='word_1_542' title='bbox 2141 2693 2312 2748; x_wconf 91' lang='lat' dir='ltr'>posse</span> <span class='ocrx_word' id='word_1_543' title='bbox 2345 2675 2630 2747; x_wconf 89' lang='lat' dir='ltr'>superari.</span> 
     </span>
    </p>
   </div>
   <div class='ocr_carea' id='block_1_75' title="bbox 1994 2865 3641 2939">
    <p class='ocr_par' dir='ltr' id='par_1_75' title="bbox 1994 2865 3641 2939">
     <span class='ocr_line' id='line_1_79' title="bbox 1994 2865 3641 2939; baseline 0.003 -20"><span class='ocrx_word' id='word_1_544' title='bbox 1994 2865 2190 2939; x_wconf 83' lang='lat' dir='ltr'>adepta</span> <span class='ocrx_word' id='word_1_545' title='bbox 2219 2866 2502 2935; x_wconf 74' lang='lat' dir='ltr'>repentina</span> <span class='ocrx_word' id='word_1_546' title='bbox 2525 2867 2787 2939; x_wconf 84' lang='lat' dir='ltr'>potestate</span> <span class='ocrx_word' id='word_1_547' title='bbox 2815 2866 3071 2939; x_wconf 79' lang='lat' dir='ltr'>sufﬂans,</span> <span class='ocrx_word' id='word_1_548' title='bbox 3107 2881 3284 2938; x_wconf 87' lang='lat' dir='ltr'>quem</span> <span class='ocrx_word' id='word_1_549' title='bbox 3333 2867 3506 2939; x_wconf 90' lang='lat' dir='ltr'>paulo</span> <span class='ocrx_word' id='word_1_550' title='bbox 3559 2869 3641 2924; x_wconf 92' lang='lat' dir='ltr'>in-</span> 
     </span>
    </p>
   </div>
   <div class='ocr_carea' id='block_1_76' title="bbox 1999 2938 3352 3008">
    <p class='ocr_par' dir='ltr' id='par_1_76' title="bbox 1999 2938 3352 3008">
     <span class='ocr_line' id='line_1_80' title="bbox 1999 2938 3352 3008; baseline 0 -16"><span class='ocrx_word' id='word_1_551' title='bbox 1999 2938 2084 2992; x_wconf 82' lang='lat' dir='ltr'>fra</span> <span class='ocrx_word' id='word_1_552' title='bbox 2112 2938 2390 2992; x_wconf 83' lang='lat' dir='ltr'>hominem</span> <span class='ocrx_word' id='word_1_553' title='bbox 2415 2938 2578 3008; x_wconf 87' lang='lat' dir='ltr'>parvi</span> <span class='ocrx_word' id='word_1_554' title='bbox 2606 2938 2931 3008; x_wconf 83' lang='lat' dir='ltr'>angustique</span> <span class='ocrx_word' id='word_1_555' title='bbox 2958 2939 3139 2992; x_wconf 88' lang='lat' dir='ltr'>animi</span> <span class='ocrx_word' id='word_1_556' title='bbox 3167 2938 3352 2993; x_wconf 73' lang='lat' dir='ltr'>vocat.</span> 
     </span>
    </p>
   </div>
   <div class='ocr_carea' id='block_1_77' title="bbox 2066 3006 3642 3075">
    <p class='ocr_par' dir='ltr' id='par_1_77' title="bbox 2066 3006 3642 3075">
     <span class='ocr_line' id='line_1_81' title="bbox 2066 3006 3642 3075; baseline 0.004 -14"><span class='ocrx_word' id='word_1_557' title='bbox 2066 3009 2086 3042; x_wconf 75' lang='grc' dir='ltr'><strong>ο</strong></span> <span class='ocrx_word' id='word_1_558' title='bbox 2120 3006 2447 3063; x_wconf 61' lang='grc' dir='ltr'>Τνιιηηςγηίδδϊ</span> <span class='ocrx_word' id='word_1_559' title='bbox 2492 3007 2560 3061; x_wconf 86' lang='lat' dir='ltr'>ad</span> <span class='ocrx_word' id='word_1_560' title='bbox 2608 3006 2997 3075; x_wconf 86' lang='lat' dir='ltr'>Sabinianum,</span> <span class='ocrx_word' id='word_1_561' title='bbox 3045 3013 3156 3063; x_wconf 89' lang='lat' dir='ltr'>etc.</span> <span class='ocrx_word' id='word_1_562' title='bbox 3205 3009 3285 3065; x_wconf 92' lang='lat' dir='ltr'>De</span> <span class='ocrx_word' id='word_1_563' title='bbox 3325 3011 3642 3068; x_wconf 81' lang='lat' dir='ltr'>Sabiniano</span> 
     </span>
    </p>
   </div>
   <div class='ocr_carea' id='block_1_78' title="bbox 1998 3079 3642 3150">
    <p class='ocr_par' dir='ltr' id='par_1_78' title="bbox 1998 3079 3642 3150">
     <span class='ocr_line' id='line_1_82' title="bbox 1998 3079 3642 3150; baseline 0.003 -16"><span class='ocrx_word' id='word_1_564' title='bbox 1998 3079 2427 3150; x_wconf 74' lang='lat' dir='ltr'>Mesopotamiae</span> <span class='ocrx_word' id='word_1_565' title='bbox 2453 3079 2599 3134; x_wconf 89' lang='lat' dir='ltr'>duce</span> <span class='ocrx_word' id='word_1_566' title='bbox 2629 3079 2866 3150; x_wconf 87' lang='lat' dir='ltr'>scripsit</span> <span class='ocrx_word' id='word_1_567' title='bbox 2898 3081 3250 3135; x_wconf 89' lang='lat' dir='ltr'>Ammianus</span> <span class='ocrx_word' id='word_1_568' title='bbox 3271 3081 3642 3139; x_wconf 82' lang='lat' dir='ltr'>Marcellinus</span> 
     </span>
    </p>
   </div>
   <div class='ocr_carea' id='block_1_79' title="bbox 1997 3151 3498 3208">
    <p class='ocr_par' dir='ltr' id='par_1_79' title="bbox 1997 3151 3498 3208">
     <span class='ocr_line' id='line_1_83' title="bbox 1997 3151 3498 3208; baseline 0.003 -4"><span class='ocrx_word' id='word_1_569' title='bbox 1997 3151 2097 3205; x_wconf 92' lang='lat' dir='ltr'>lib.</span> <span class='ocrx_word' id='word_1_570' title='bbox 2132 3168 2291 3206; x_wconf 85' lang='lat' dir='ltr'>xvm.</span> <span class='ocrx_word' id='word_1_571' title='bbox 3211 3152 3498 3208; x_wconf 78' lang='lat' dir='ltr'>MARTIAN.</span> 
     </span>
    </p>
   </div>
   <div class='ocr_carea' id='block_1_80' title="bbox 2068 3219 3645 3287">
    <p class='ocr_par' dir='ltr' id='par_1_80' title="bbox 2068 3219 3645 3287">
     <span class='ocr_line' id='line_1_84' title="bbox 2068 3219 3645 3287; baseline 0.002 -10"><span class='ocrx_word' id='word_1_572' title='bbox 2068 3223 2109 3255; x_wconf 84' lang='grc'>¹⁰</span> <span class='ocrx_word' id='word_1_573' title='bbox 2139 3224 2265 3278; x_wconf 68' lang='lat' dir='ltr'>Haec</span> <span class='ocrx_word' id='word_1_574' title='bbox 2310 3219 2452 3275; x_wconf 86' lang='lat' dir='ltr'>mihi</span> <span class='ocrx_word' id='word_1_575' title='bbox 2494 3235 2664 3275; x_wconf 73' lang='lat' dir='ltr'>senex</span> <span class='ocrx_word' id='word_1_576' title='bbox 2709 3220 2970 3287; x_wconf 79' lang='lat' dir='ltr'>Malchus,</span> <span class='ocrx_word' id='word_1_577' title='bbox 3003 3224 3111 3276; x_wconf 90' lang='lat' dir='ltr'>etc.</span> <span class='ocrx_word' id='word_1_578' title='bbox 3140 3221 3345 3278; x_wconf 88' lang='lat' dir='ltr'>Varias</span> <span class='ocrx_word' id='word_1_579' title='bbox 3383 3223 3478 3279; x_wconf 91' lang='lat' dir='ltr'>hic</span> <span class='ocrx_word' id='word_1_580' title='bbox 3511 3225 3645 3280; x_wconf 89' lang='lat' dir='ltr'>reti-</span> 
     </span>
    </p>
   </div>
   <div class='ocr_carea' id='block_1_81' title="bbox 1996 3292 3647 3363">
    <p class='ocr_par' dir='ltr' id='par_1_81' title="bbox 1996 3292 3647 3363">
     <span class='ocr_line' id='line_1_85' title="bbox 1996 3292 3647 3363; baseline 0.004 -16"><span class='ocrx_word' id='word_1_581' title='bbox 1996 3299 2136 3348; x_wconf 89' lang='lat' dir='ltr'>nent</span> <span class='ocrx_word' id='word_1_582' title='bbox 2166 3293 2442 3363; x_wconf 88' lang='lat' dir='ltr'>lectiones</span> <span class='ocrx_word' id='word_1_583' title='bbox 2471 3308 2612 3346; x_wconf 89' lang='lat' dir='ltr'>mss.</span> <span class='ocrx_word' id='word_1_584' title='bbox 2647 3292 3020 3363; x_wconf 85' lang='lat' dir='ltr'>exemplaria.</span> <span class='ocrx_word' id='word_1_585' title='bbox 3045 3297 3198 3348; x_wconf 89' lang='lat' dir='ltr'>Petri</span> <span class='ocrx_word' id='word_1_586' title='bbox 3229 3294 3433 3350; x_wconf 75' lang='lat' dir='ltr'>Pithmi</span> <span class='ocrx_word' id='word_1_587' title='bbox 3466 3297 3647 3353; x_wconf 86' lang='lat' dir='ltr'>codex</span> 
     </span>
    </p>
   </div>
   <div class='ocr_carea' id='block_1_82' title="bbox 1995 3362 3644 3436">
    <p class='ocr_par' dir='ltr' id='par_1_82' title="bbox 1995 3362 3644 3436">
     <span class='ocr_line' id='line_1_86' title="bbox 1995 3362 3644 3436; baseline 0.004 -18"><span class='ocrx_word' id='word_1_588' title='bbox 1995 3363 2136 3436; x_wconf 85' lang='lat' dir='ltr'>legit</span> <span class='ocrx_word' id='word_1_589' title='bbox 2166 3364 2274 3420; x_wconf 91' lang='lat' dir='ltr'>hoc</span> <span class='ocrx_word' id='word_1_590' title='bbox 2307 3362 2480 3436; x_wconf 75' lang='lat' dir='ltr'>modo</span> <span class='ocrx_word' id='word_1_591' title='bbox 2516 3380 2527 3416; x_wconf 88' lang='lat'><strong>:</strong></span> <span class='ocrx_word' id='word_1_592' title='bbox 2571 3383 2591 3408; x_wconf 86' lang='lat'><strong>«</strong></span> <span class='ocrx_word' id='word_1_593' title='bbox 2629 3365 2752 3417; x_wconf 70' lang='lat' dir='ltr'>Haec</span> <span class='ocrx_word' id='word_1_594' title='bbox 2802 3362 2946 3418; x_wconf 88' lang='lat' dir='ltr'>mihi</span> <span class='ocrx_word' id='word_1_595' title='bbox 2993 3381 3169 3421; x_wconf 83' lang='lat' dir='ltr'>senex</span> <span class='ocrx_word' id='word_1_596' title='bbox 3213 3365 3478 3426; x_wconf 87' lang='lat' dir='ltr'>Malchus</span> <span class='ocrx_word' id='word_1_597' title='bbox 3508 3370 3644 3424; x_wconf 89' lang='lat' dir='ltr'>ado-</span> 
     </span>
    </p>
   </div>
   <div class='ocr_carea' id='block_1_83' title="bbox 1995 3433 3650 3506">
    <p class='ocr_par' dir='ltr' id='par_1_83' title="bbox 1995 3433 3650 3506">
     <span class='ocr_line' id='line_1_87' title="bbox 1995 3433 3650 3506; baseline 0.004 -16"><span class='ocrx_word' id='word_1_598' title='bbox 1995 3433 2237 3491; x_wconf 77' lang='lat' dir='ltr'>lescenti</span> <span class='ocrx_word' id='word_1_599' title='bbox 2268 3433 2626 3490; x_wconf 60' lang='lat' dir='ltr'>retulitllaec</span> <span class='ocrx_word' id='word_1_600' title='bbox 2658 3451 2793 3506; x_wconf 88' lang='lat' dir='ltr'>ergo</span> <span class='ocrx_word' id='word_1_601' title='bbox 2841 3436 3005 3491; x_wconf 92' lang='lat' dir='ltr'>vobis</span> <span class='ocrx_word' id='word_1_602' title='bbox 3056 3453 3228 3492; x_wconf 88' lang='lat' dir='ltr'>narro</span> <span class='ocrx_word' id='word_1_603' title='bbox 3271 3440 3650 3506; x_wconf 86' lang='lat' dir='ltr'>senex,castis</span> 
     </span>
    </p>
   </div>
   <div class='ocr_carea' id='block_1_84' title="bbox 1995 3507 3646 3581">
    <p class='ocr_par' dir='ltr' id='par_1_84' title="bbox 1995 3507 3646 3581">
     <span class='ocr_line' id='line_1_88' title="bbox 1995 3507 3646 3581; baseline 0.002 -19"><span class='ocrx_word' id='word_1_604' title='bbox 1995 3508 2303 3581; x_wconf 85' lang='lat' dir='ltr'>historiam</span> <span class='ocrx_word' id='word_1_605' title='bbox 2336 3507 2791 3581; x_wconf 26' lang='lat' dir='ltr'>cas‘titatis.H_:ec</span> <span class='ocrx_word' id='word_1_606' title='bbox 2840 3524 3063 3580; x_wconf 85' lang='lat' dir='ltr'>expono</span> <span class='ocrx_word' id='word_1_607' title='bbox 3095 3525 3124 3563; x_wconf 91' lang='lat' dir='ltr'>e</span> <span class='ocrx_word' id='word_1_608' title='bbox 3154 3510 3500 3581; x_wconf 87' lang='lat' dir='ltr'>virginibus,</span> <span class='ocrx_word' id='word_1_609' title='bbox 3531 3513 3646 3567; x_wconf 90' lang='lat' dir='ltr'>vir-</span> 
     </span>
    </p>
   </div>
   <div class='ocr_carea' id='block_1_85' title="bbox 1995 3578 3643 3706">
    <p class='ocr_par' dir='ltr' id='par_1_85' title="bbox 1995 3578 3643 3706">
     <span class='ocr_line' id='line_1_89' title="bbox 1995 3578 3643 3706; baseline 0.004 -73"><span class='ocrx_word' id='word_1_610' title='bbox 1995 3580 2299 3706; x_wconf 58' lang='lat' dir='ltr'>ginitatem</span> <span class='ocrx_word' id='word_1_611' title='bbox 2357 3579 2652 3634; x_wconf 87' lang='lat' dir='ltr'>exhortor.</span> <span class='ocrx_word' id='word_1_612' title='bbox 2702 3578 2816 3634; x_wconf 92' lang='lat' dir='ltr'>Vos</span> <span class='ocrx_word' id='word_1_613' title='bbox 2869 3578 3101 3636; x_wconf 77' lang='lat' dir='ltr'>narrate</span> <span class='ocrx_word' id='word_1_614' title='bbox 3145 3578 3421 3653; x_wconf 73' lang='lat' dir='ltr'>posteris,</span> <span class='ocrx_word' id='word_1_615' title='bbox 3478 3578 3643 3639; x_wconf 58' lang='lat' dir='ltr'>betc.</span> 
     </span>
     <span class='ocr_line' id='line_1_90' title="bbox 2040 3650 3643 3706; baseline 0 0"><span class='ocrx_word' id='word_1_616' title='bbox 2040 3652 2194 3706; x_wconf 74' lang='lat' dir='ltr'>ueteri</span> <span class='ocrx_word' id='word_1_617' title='bbox 2246 3651 2472 3705; x_wconf 90' lang='lat' dir='ltr'>codices</span> <span class='ocrx_word' id='word_1_618' title='bbox 2517 3650 2796 3705; x_wconf 86' lang='lat' dir='ltr'>Avenion.</span> <span class='ocrx_word' id='word_1_619' title='bbox 2832 3657 2889 3706; x_wconf 87' lang='lat' dir='ltr'>et</span> <span class='ocrx_word' id='word_1_620' title='bbox 2919 3651 3114 3706; x_wconf 87' lang='lat' dir='ltr'>Tolos.</span> <span class='ocrx_word' id='word_1_621' title='bbox 3171 3671 3183 3706; x_wconf 92' lang='lat'>:</span> <span class='ocrx_word' id='word_1_622' title='bbox 3237 3676 3264 3702; x_wconf 86' lang='lat'><strong><em>«</em></strong></span> <span class='ocrx_word' id='word_1_623' title='bbox 3317 3654 3450 3706; x_wconf 70' lang='lat' dir='ltr'>Haec</span> <span class='ocrx_word' id='word_1_624' title='bbox 3501 3656 3643 3706; x_wconf 90' lang='lat' dir='ltr'>mihi</span> 
     </span>
    </p>
   </div>
   <div class='ocr_carea' id='block_1_86' title="bbox 2040 3650 3647 3711">
    <p class='ocr_par' dir='ltr' id='par_1_86' title="bbox 2040 3650 3647 3711">
     <span class='ocr_line' id='line_1_91' title="bbox 2040 3650 3647 3711; baseline 0.003 -6"><span class='ocrx_word' id='word_1_625' title='bbox 2040 3652 2194 3707; x_wconf 56' lang='lat' dir='ltr'>ceteri</span> <span class='ocrx_word' id='word_1_626' title='bbox 2246 3651 2472 3705; x_wconf 90' lang='lat' dir='ltr'>codices</span> <span class='ocrx_word' id='word_1_627' title='bbox 2517 3650 2796 3705; x_wconf 86' lang='lat' dir='ltr'>Avenion.</span> <span class='ocrx_word' id='word_1_628' title='bbox 2832 3657 2889 3707; x_wconf 87' lang='lat' dir='ltr'>et</span> <span class='ocrx_word' id='word_1_629' title='bbox 2919 3651 3114 3707; x_wconf 87' lang='lat' dir='ltr'>Tolos.</span> <span class='ocrx_word' id='word_1_630' title='bbox 3146 3650 3183 3707; x_wconf 64' lang='grc' dir='ltr'>ἐ</span> <span class='ocrx_word' id='word_1_631' title='bbox 3237 3676 3264 3702; x_wconf 92' lang='grc'><strong><em>‹‹</em></strong></span> <span class='ocrx_word' id='word_1_632' title='bbox 3317 3650 3450 3710; x_wconf 60' lang='grc' dir='ltr'>Ηώς)</span> <span class='ocrx_word' id='word_1_633' title='bbox 3501 3656 3647 3711; x_wconf 91' lang='lat' dir='ltr'>mihi</span> 
     </span>
    </p>
   </div>
   <div class='ocr_carea' id='block_1_87' title="bbox 1995 3721 3643 3806">
    <p class='ocr_par' dir='ltr' id='par_1_87' title="bbox 1995 3721 3643 3806">
     <span class='ocr_line' id='line_1_92' title="bbox 1995 3721 3643 3806; baseline 0.002 -28"><span class='ocrx_word' id='word_1_634' title='bbox 1995 3741 2170 3806; x_wconf 73' lang='lat' dir='ltr'>senex</span> <span class='ocrx_word' id='word_1_635' title='bbox 2230 3722 2495 3806; x_wconf 83' lang='lat' dir='ltr'>Malchus</span> <span class='ocrx_word' id='word_1_636' title='bbox 2550 3721 2984 3803; x_wconf 80' lang='lat' dir='ltr'>adolescentulo</span> <span class='ocrx_word' id='word_1_637' title='bbox 3025 3723 3643 3806; x_wconf 40' lang='lat' dir='ltr'>Hieronymuretulit.</span> 
     </span>
    </p>
   </div>
   <div class='ocr_carea' id='block_1_88' title="bbox 1996 3793 3645 3866">
    <p class='ocr_par' dir='ltr' id='par_1_88' title="bbox 1996 3793 3645 3866">
     <span class='ocr_line' id='line_1_93' title="bbox 1996 3793 3645 3866; baseline 0.002 -16"><span class='ocrx_word' id='word_1_638' title='bbox 1996 3795 2122 3850; x_wconf 63' lang='lat' dir='ltr'>Hmc</span> <span class='ocrx_word' id='word_1_639' title='bbox 2154 3811 2258 3866; x_wconf 86' lang='lat' dir='ltr'>ego</span> <span class='ocrx_word' id='word_1_640' title='bbox 2289 3793 2452 3849; x_wconf 88' lang='lat' dir='ltr'>vobis</span> <span class='ocrx_word' id='word_1_641' title='bbox 2470 3794 2711 3866; x_wconf 82' lang='lat' dir='ltr'>narravi</span> <span class='ocrx_word' id='word_1_642' title='bbox 2746 3811 2942 3861; x_wconf 86' lang='lat' dir='ltr'>senex,</span> <span class='ocrx_word' id='word_1_643' title='bbox 2975 3795 3153 3850; x_wconf 90' lang='lat' dir='ltr'>castis</span> <span class='ocrx_word' id='word_1_644' title='bbox 3200 3793 3506 3852; x_wconf 86' lang='lat' dir='ltr'>historiam</span> <span class='ocrx_word' id='word_1_645' title='bbox 3552 3816 3645 3854; x_wconf 88' lang='lat' dir='ltr'>ca-</span> 
     </span>
    </p>
   </div>
   <div class='ocr_carea' id='block_1_89' title="bbox 1995 3865 3649 3938">
    <p class='ocr_par' dir='ltr' id='par_1_89' title="bbox 1995 3865 3649 3938">
     <span class='ocr_line' id='line_1_94' title="bbox 1995 3865 3649 3938; baseline 0.003 -17"><span class='ocrx_word' id='word_1_646' title='bbox 1995 3865 2212 3922; x_wconf 86' lang='lat' dir='ltr'>stitatis</span> <span class='ocrx_word' id='word_1_647' title='bbox 2242 3865 2503 3938; x_wconf 85' lang='lat' dir='ltr'>exposui.</span> <span class='ocrx_word' id='word_1_648' title='bbox 2533 3865 2875 3938; x_wconf 87' lang='lat' dir='ltr'>Virginibus</span> <span class='ocrx_word' id='word_1_649' title='bbox 2906 3866 3302 3937; x_wconf 88' lang='lat' dir='ltr'>virginitatem</span> <span class='ocrx_word' id='word_1_650' title='bbox 3353 3871 3649 3925; x_wconf 89' lang='lat' dir='ltr'>custodire</span> 
     </span>
    </p>
   </div>
   <div class='ocr_carea' id='block_1_90' title="bbox 1993 3937 3644 4010">
    <p class='ocr_par' dir='ltr' id='par_1_90' title="bbox 1993 3937 3644 4010">
     <span class='ocr_line' id='line_1_95' title="bbox 1993 3937 3644 4010; baseline 0.002 -17"><span class='ocrx_word' id='word_1_651' title='bbox 1993 3937 2334 3994; x_wconf 61' lang='lat' dir='ltr'>monstravil</span> <span class='ocrx_word' id='word_1_652' title='bbox 2368 3937 2650 3992; x_wconf 80' lang='lat' dir='ltr'>Exhortor</span> <span class='ocrx_word' id='word_1_653' title='bbox 2680 3937 2931 4008; x_wconf 91' lang='lat' dir='ltr'>denique</span> <span class='ocrx_word' id='word_1_654' title='bbox 2960 3954 3062 3992; x_wconf 89' lang='lat' dir='ltr'>vos</span> <span class='ocrx_word' id='word_1_655' title='bbox 3107 3955 3345 3994; x_wconf 88' lang='lat' dir='ltr'>narrare</span> <span class='ocrx_word' id='word_1_656' title='bbox 3375 3943 3644 4010; x_wconf 89' lang='lat' dir='ltr'>posteris,</span> 
     </span>
    </p>
   </div>
   <div class='ocr_carea' id='block_1_91' title="bbox 1993 4010 3494 4075">
    <p class='ocr_par' dir='ltr' id='par_1_91' title="bbox 1993 4010 3494 4075">
     <span class='ocr_line' id='line_1_96' title="bbox 1993 4010 3494 4075; baseline 0.001 -11"><span class='ocrx_word' id='word_1_657' title='bbox 1993 4015 2075 4075; x_wconf 89' lang='lat' dir='ltr'>ut,</span> <span class='ocrx_word' id='word_1_658' title='bbox 2109 4033 2137 4059; x_wconf 90' lang='grc'>››</span> <span class='ocrx_word' id='word_1_659' title='bbox 2171 4017 2280 4064; x_wconf 88' lang='lat' dir='ltr'>etc.</span> <span class='ocrx_word' id='word_1_660' title='bbox 3206 4010 3494 4066; x_wconf 74' lang='lat' dir='ltr'>MARTIAN.</span> 
     </span>
    </p>
   </div>
   <div class='ocr_carea' id='block_1_92' title="bbox 2063 4078 3644 4154">
    <p class='ocr_par' dir='ltr' id='par_1_92' title="bbox 2063 4078 3644 4154">
     <span class='ocr_line' id='line_1_97' title="bbox 2063 4078 3644 4154; baseline 0.001 -18"><span class='ocrx_word' id='word_1_661' title='bbox 2063 4082 2101 4116; x_wconf 88' lang='grc'>¹¹</span> <span class='ocrx_word' id='word_1_662' title='bbox 2156 4081 2280 4136; x_wconf 91' lang='lat' dir='ltr'>Duo</span> <span class='ocrx_word' id='word_1_663' title='bbox 2315 4097 2482 4144; x_wconf 79' lang='lat' dir='ltr'>msa.,</span> <span class='ocrx_word' id='word_1_664' title='bbox 2533 4078 2709 4154; x_wconf 67' lang='lat' dir='ltr'>Custis</span> <span class='ocrx_word' id='word_1_665' title='bbox 2761 4081 3049 4136; x_wconf 83' lang='lat' dir='ltr'>historiam</span> <span class='ocrx_word' id='word_1_666' title='bbox 3096 4083 3365 4138; x_wconf 87' lang='lat' dir='ltr'>castitatis</span> <span class='ocrx_word' id='word_1_667' title='bbox 3413 4098 3644 4154; x_wconf 74' lang='lat' dir='ltr'>expono,</span> 
     </span>
    </p>
   </div>
   <div class='ocr_carea' id='block_1_93' title="bbox 1990 4153 3644 4223">
    <p class='ocr_par' dir='ltr' id='par_1_93' title="bbox 1990 4153 3644 4223">
     <span class='ocr_line' id='line_1_98' title="bbox 1990 4153 3644 4223; baseline 0.001 -16"><span class='ocrx_word' id='word_1_668' title='bbox 1990 4154 2302 4221; x_wconf 83' lang='lat' dir='ltr'>virginibus</span> <span class='ocrx_word' id='word_1_669' title='bbox 2333 4153 2692 4223; x_wconf 80' lang='lat' dir='ltr'>virginitatis.</span> <span class='ocrx_word' id='word_1_670' title='bbox 2732 4154 2824 4207; x_wconf 80' lang='lat' dir='ltr'>Vos</span> <span class='ocrx_word' id='word_1_671' title='bbox 2855 4158 3104 4220; x_wconf 84' lang='lat' dir='ltr'>narrate,</span> <span class='ocrx_word' id='word_1_672' title='bbox 3136 4158 3244 4209; x_wconf 90' lang='lat' dir='ltr'>etc.</span> <span class='ocrx_word' id='word_1_673' title='bbox 3279 4157 3413 4221; x_wconf 66' lang='lat' dir='ltr'>Quae</span> <span class='ocrx_word' id='word_1_674' title='bbox 3447 4153 3644 4210; x_wconf 69' lang='lat' dir='ltr'>autem</span> 
     </span>
    </p>
   </div>
   <div class='ocr_carea' id='block_1_94' title="bbox 1982 4224 3646 4292">
    <p class='ocr_par' dir='ltr' id='par_1_94' title="bbox 1982 4224 3646 4292">
     <span class='ocr_line' id='line_1_99' title="bbox 1982 4224 3646 4292; baseline 0.002 -13"><span class='ocrx_word' id='word_1_675' title='bbox 1982 4224 2440 4289; x_wconf 87' lang='lat' dir='ltr'>interseruntur,</span> <span class='ocrx_word' id='word_1_676' title='bbox 2487 4224 2732 4292; x_wconf 85' lang='lat' dir='ltr'>Virgines</span> <span class='ocrx_word' id='word_1_677' title='bbox 2779 4227 3082 4280; x_wconf 80' lang='lat' dir='ltr'>castitatem</span> <span class='ocrx_word' id='word_1_678' title='bbox 3133 4226 3401 4282; x_wconf 87' lang='lat' dir='ltr'>custodire</span> <span class='ocrx_word' id='word_1_679' title='bbox 3443 4228 3646 4282; x_wconf 78' lang='lat' dir='ltr'>exhor-</span> 
     </span>
    </p>
   </div>
   <div class='ocr_carea' id='block_1_95' title="bbox 1988 4296 3141 4363">
    <p class='ocr_par' dir='ltr' id='par_1_95' title="bbox 1988 4296 3141 4363">
     <span class='ocr_line' id='line_1_100' title="bbox 1988 4296 3141 4363; baseline 0.001 -12"><span class='ocrx_word' id='word_1_680' title='bbox 1988 4304 2091 4363; x_wconf 87' lang='lat' dir='ltr'>tor,</span> <span class='ocrx_word' id='word_1_681' title='bbox 2127 4297 2186 4350; x_wconf 92' lang='lat' dir='ltr'>in</span> <span class='ocrx_word' id='word_1_682' title='bbox 2221 4314 2337 4352; x_wconf 92' lang='lat' dir='ltr'>uno</span> <span class='ocrx_word' id='word_1_683' title='bbox 2367 4299 2597 4351; x_wconf 89' lang='lat' dir='ltr'>tantum</span> <span class='ocrx_word' id='word_1_684' title='bbox 2621 4313 2762 4353; x_wconf 90' lang='lat' dir='ltr'>mss.</span> <span class='ocrx_word' id='word_1_685' title='bbox 2790 4296 3141 4353; x_wconf 89' lang='lat' dir='ltr'>invenimus.</span> 
     </span>
    </p>
   </div>
   <div class='ocr_carea' id='block_1_96' title="bbox 687 4663 3177 4782">
    <p class='ocr_par' dir='ltr' id='par_1_96' title="bbox 687 4663 3177 4782">
     <span class='ocr_line' id='line_1_101' title="bbox 687 4663 3177 4782; baseline 0.001 -32"><span class='ocrx_word' id='word_1_686' title='bbox 687 4666 802 4751; x_wconf 91' lang='lat' dir='ltr'><strong>IN</strong></span> <span class='ocrx_word' id='word_1_687' title='bbox 861 4664 1780 4782; x_wconf 83' lang='lat' dir='ltr'>SUBSEQUENTEM</span> <span class='ocrx_word' id='word_1_688' title='bbox 1854 4663 1941 4750; x_wconf 91' lang='lat' dir='ltr'>S.</span> <span class='ocrx_word' id='word_1_689' title='bbox 2003 4663 2563 4751; x_wconf 85' lang='lat' dir='ltr'>PACHOMII</span> <span class='ocrx_word' id='word_1_690' title='bbox 2625 4663 3177 4752; x_wconf 81' lang='lat' dir='ltr'>REGULAM</span> 
     </span>
    </p>
   </div>
   <div class='ocr_carea' id='block_1_97' title="bbox 1265 4832 2600 4890">
    <p class='ocr_par' dir='ltr' id='par_1_97' title="bbox 1265 4832 2600 4890">
     <span class='ocr_line' id='line_1_102' title="bbox 1265 4832 2600 4890; baseline -0.001 0"><span class='ocrx_word' id='word_1_691' title='bbox 1265 4835 1311 4890; x_wconf 90' lang='lat' dir='ltr'><strong>A</strong></span> <span class='ocrx_word' id='word_1_692' title='bbox 1351 4833 1410 4890; x_wconf 91' lang='lat' dir='ltr'>S.</span> <span class='ocrx_word' id='word_1_693' title='bbox 1453 4833 1883 4890; x_wconf 81' lang='lat' dir='ltr'>HIERONYMO</span> <span class='ocrx_word' id='word_1_694' title='bbox 1925 4833 2184 4888; x_wconf 84' lang='lat' dir='ltr'><strong>LATINE</strong></span> <span class='ocrx_word' id='word_1_695' title='bbox 2224 4832 2600 4889; x_wconf 82' lang='lat' dir='ltr'>REDDITAM</span> 
     </span>
    </p>
   </div>
   <div class='ocr_carea' id='block_1_98' title="bbox 1701 4979 2170 5042">
    <p class='ocr_par' dir='ltr' id='par_1_98' title="bbox 1701 4979 2170 5042">
     <span class='ocr_line' id='line_1_103' title="bbox 1701 4979 2170 5042; baseline -0.009 -1"><span class='ocrx_word' id='word_1_696' title='bbox 1701 4979 2170 5042; x_wconf 77' lang='lat' dir='ltr'>ADMONITIO.</span> 
     </span>
    </p>
   </div>
   <div class='ocr_carea' id='block_1_99' title="bbox 297 5239 3648 5331">
    <p class='ocr_par' dir='ltr' id='par_1_99' title="bbox 297 5239 3648 5331">
     <span class='ocr_line' id='line_1_104' title="bbox 297 5239 3648 5331; baseline 0.001 -19"><span class='ocrx_word' id='word_1_697' title='bbox 297 5254 630 5313; x_wconf 87' lang='lat' dir='ltr'>Collectioni</span> <span class='ocrx_word' id='word_1_698' title='bbox 659 5256 1248 5331; x_wconf 83' lang='lat' dir='ltr'>Hieronymianorum</span> <span class='ocrx_word' id='word_1_699' title='bbox 1279 5272 1545 5330; x_wconf 84' lang='lat' dir='ltr'>operum,</span> <span class='ocrx_word' id='word_1_700' title='bbox 1571 5272 1749 5328; x_wconf 89' lang='lat' dir='ltr'>quam</span> <span class='ocrx_word' id='word_1_701' title='bbox 1780 5257 2158 5325; x_wconf 89' lang='lat' dir='ltr'>adornamus,</span> <span class='ocrx_word' id='word_1_702' title='bbox 2192 5257 2383 5328; x_wconf 89' lang='lat' dir='ltr'>primo</span> <span class='ocrx_word' id='word_1_703' title='bbox 2416 5258 2617 5314; x_wconf 72' lang='lat' dir='ltr'>isthaac</span> <span class='ocrx_word' id='word_1_704' title='bbox 2645 5257 2867 5313; x_wconf 87' lang='lat' dir='ltr'>accedit</span> <span class='ocrx_word' id='word_1_705' title='bbox 2897 5256 3268 5314; x_wconf 88' lang='lat' dir='ltr'>S.Pachomii</span> <span class='ocrx_word' id='word_1_706' title='bbox 3300 5239 3648 5314; x_wconf 70' lang='lat' dir='ltr'>&#39;I‘abennen&#39;</span> 
     </span>
    </p>
   </div>
   <div class='ocr_carea' id='block_1_100' title="bbox 236 5343 3646 5418">
    <p class='ocr_par' dir='ltr' id='par_1_100' title="bbox 236 5343 3646 5418">
     <span class='ocr_line' id='line_1_105' title="bbox 236 5343 3646 5418; baseline 0.001 -20"><span class='ocrx_word' id='word_1_707' title='bbox 236 5343 378 5400; x_wconf 84' lang='lat' dir='ltr'>sium</span> <span class='ocrx_word' id='word_1_708' title='bbox 407 5346 831 5403; x_wconf 88' lang='lat' dir='ltr'>monachorum</span> <span class='ocrx_word' id='word_1_709' title='bbox 864 5347 1050 5402; x_wconf 87' lang='lat' dir='ltr'>Patris</span> <span class='ocrx_word' id='word_1_710' title='bbox 1082 5345 1324 5418; x_wconf 83' lang='lat' dir='ltr'>Regula,</span> <span class='ocrx_word' id='word_1_711' title='bbox 1357 5363 1532 5418; x_wconf 90' lang='lat' dir='ltr'>quam</span> <span class='ocrx_word' id='word_1_712' title='bbox 1568 5347 1800 5418; x_wconf 85' lang='lat' dir='ltr'>Syriace</span> <span class='ocrx_word' id='word_1_713' title='bbox 1848 5347 1920 5402; x_wconf 86' lang='lat' dir='ltr'>ab</span> <span class='ocrx_word' id='word_1_714' title='bbox 1971 5347 2098 5418; x_wconf 91' lang='lat' dir='ltr'>ipso</span> <span class='ocrx_word' id='word_1_715' title='bbox 2149 5353 2384 5404; x_wconf 88' lang='lat' dir='ltr'>auctore</span> <span class='ocrx_word' id='word_1_716' title='bbox 2431 5347 2846 5418; x_wconf 89' lang='lat' dir='ltr'>conscriptam,</span> <span class='ocrx_word' id='word_1_717' title='bbox 2882 5347 3093 5402; x_wconf 89' lang='lat' dir='ltr'>deinde</span> <span class='ocrx_word' id='word_1_718' title='bbox 3139 5346 3332 5402; x_wconf 76' lang='lat' dir='ltr'>Graeco</span> <span class='ocrx_word' id='word_1_719' title='bbox 3374 5362 3646 5403; x_wconf 86' lang='lat' dir='ltr'>sermone</span> 
     </span>
    </p>
   </div>
   <div class='ocr_carea' id='block_1_101' title="bbox 237 5434 3643 5514">
    <p class='ocr_par' dir='ltr' id='par_1_101' title="bbox 237 5434 3643 5514">
     <span class='ocr_line' id='line_1_106' title="bbox 237 5434 3643 5514; baseline 0.001 -25"><span class='ocrx_word' id='word_1_720' title='bbox 237 5434 535 5503; x_wconf 86' lang='lat' dir='ltr'>redditam,</span> <span class='ocrx_word' id='word_1_721' title='bbox 569 5435 839 5508; x_wconf 82' lang='lat' dir='ltr'>aliisque,</span> <span class='ocrx_word' id='word_1_722' title='bbox 873 5440 939 5492; x_wconf 89' lang='lat' dir='ltr'>ut</span> <span class='ocrx_word' id='word_1_723' title='bbox 984 5453 1091 5509; x_wconf 90' lang='lat' dir='ltr'>par</span> <span class='ocrx_word' id='word_1_724' title='bbox 1138 5441 1228 5492; x_wconf 88' lang='lat' dir='ltr'>est</span> <span class='ocrx_word' id='word_1_725' title='bbox 1283 5437 1540 5504; x_wconf 89' lang='lat' dir='ltr'>credere,</span> <span class='ocrx_word' id='word_1_726' title='bbox 1576 5436 1885 5502; x_wconf 89' lang='lat' dir='ltr'>Theodori,</span> <span class='ocrx_word' id='word_1_727' title='bbox 1921 5441 2097 5507; x_wconf 88' lang='lat' dir='ltr'>atque</span> <span class='ocrx_word' id='word_1_728' title='bbox 2144 5436 2384 5492; x_wconf 91' lang='lat' dir='ltr'>Orsiesii</span> <span class='ocrx_word' id='word_1_729' title='bbox 2417 5436 2718 5508; x_wconf 68' lang='lat' dir='ltr'>praeceptis</span> <span class='ocrx_word' id='word_1_730' title='bbox 2766 5434 3643 5514; x_wconf 82' lang='lat' dir='ltr'>institutisque_locupletatam,</span> 
     </span>
    </p>
   </div>
   <div class='ocr_carea' id='block_1_102' title="bbox 239 5521 3647 5599">
    <p class='ocr_par' dir='ltr' id='par_1_102' title="bbox 239 5521 3647 5599">
     <span class='ocr_line' id='line_1_107' title="bbox 239 5521 3647 5599; baseline 0.002 -23"><span class='ocrx_word' id='word_1_731' title='bbox 239 5521 612 5599; x_wconf 77' lang='lat' dir='ltr'>Hieronymus</span> <span class='ocrx_word' id='word_1_732' title='bbox 643 5525 714 5582; x_wconf 91' lang='lat' dir='ltr'>ad</span> <span class='ocrx_word' id='word_1_733' title='bbox 741 5525 1232 5599; x_wconf 75' lang='lat' dir='ltr'>presbyterorum,</span> <span class='ocrx_word' id='word_1_734' title='bbox 1271 5527 1490 5583; x_wconf 89' lang='lat' dir='ltr'>Leontii</span> <span class='ocrx_word' id='word_1_735' title='bbox 1521 5543 1587 5582; x_wconf 90' lang='lat' dir='ltr'>ac</span> <span class='ocrx_word' id='word_1_736' title='bbox 1620 5525 1838 5582; x_wconf 84' lang='lat' dir='ltr'>Silvani</span> <span class='ocrx_word' id='word_1_737' title='bbox 1871 5542 2069 5598; x_wconf 89' lang='lat' dir='ltr'>preces</span> <span class='ocrx_word' id='word_1_738' title='bbox 2101 5525 2325 5581; x_wconf 89' lang='lat' dir='ltr'>Latinis</span> <span class='ocrx_word' id='word_1_739' title='bbox 2357 5525 2564 5580; x_wconf 89' lang='lat' dir='ltr'>litteris</span> <span class='ocrx_word' id='word_1_740' title='bbox 2587 5525 3106 5599; x_wconf 86' lang='lat' dir='ltr'>explicavit.Atque</span> <span class='ocrx_word' id='word_1_741' title='bbox 3129 5525 3228 5581; x_wconf 87' lang='lat' dir='ltr'>illa</span> <span class='ocrx_word' id='word_1_742' title='bbox 3243 5524 3482 5597; x_wconf 87' lang='lat' dir='ltr'>quidem</span> <span class='ocrx_word' id='word_1_743' title='bbox 3507 5542 3647 5583; x_wconf 89' lang='lat' dir='ltr'>non-</span> 
     </span>
    </p>
   </div>
   <div class='ocr_carea' id='block_1_103' title="bbox 241 5610 3646 5688">
    <p class='ocr_par' dir='ltr' id='par_1_103' title="bbox 241 5610 3646 5688">
     <span class='ocr_line' id='line_1_108' title="bbox 241 5610 3646 5688; baseline 0.002 -22"><span class='ocrx_word' id='word_1_744' title='bbox 241 5610 370 5670; x_wconf 88' lang='lat' dir='ltr'>dum</span> <span class='ocrx_word' id='word_1_745' title='bbox 401 5630 430 5670; x_wconf 89' lang='lat' dir='ltr'>e</span> <span class='ocrx_word' id='word_1_746' title='bbox 461 5613 946 5674; x_wconf 88' lang='lat' dir='ltr'>bibliothecarum</span> <span class='ocrx_word' id='word_1_747' title='bbox 979 5614 1191 5673; x_wconf 88' lang='lat' dir='ltr'>loculis</span> <span class='ocrx_word' id='word_1_748' title='bbox 1223 5616 1514 5688; x_wconf 88' lang='lat' dir='ltr'>prodierat</span> <span class='ocrx_word' id='word_1_749' title='bbox 1543 5615 1601 5671; x_wconf 92' lang='lat' dir='ltr'>in</span> <span class='ocrx_word' id='word_1_750' title='bbox 1633 5616 1844 5686; x_wconf 89' lang='lat' dir='ltr'>lucem,</span> <span class='ocrx_word' id='word_1_751' title='bbox 1879 5631 2013 5671; x_wconf 88' lang='lat' dir='ltr'>cum</span> <span class='ocrx_word' id='word_1_752' title='bbox 2046 5615 2346 5684; x_wconf 86' lang='lat' dir='ltr'>Erasmus,</span> <span class='ocrx_word' id='word_1_753' title='bbox 2380 5619 2437 5671; x_wconf 94' lang='lat' dir='ltr'>et</span> <span class='ocrx_word' id='word_1_754' title='bbox 2466 5619 2669 5687; x_wconf 90' lang='lat' dir='ltr'>postea</span> <span class='ocrx_word' id='word_1_755' title='bbox 2700 5616 2990 5674; x_wconf 83' lang='lat' dir='ltr'>Victorius</span> <span class='ocrx_word' id='word_1_756' title='bbox 3022 5630 3256 5688; x_wconf 89' lang='lat' dir='ltr'>quoque</span> <span class='ocrx_word' id='word_1_757' title='bbox 3278 5631 3419 5672; x_wconf 89' lang='lat' dir='ltr'>suas</span> <span class='ocrx_word' id='word_1_758' title='bbox 3443 5614 3646 5674; x_wconf 88' lang='lat' dir='ltr'>editio-</span> 
     </span>
    </p>
   </div>
  </div>
