3970 6454
339 312 424 383 03
1579 318 1646 382 8°
1690 319 2007 386 EUSEBII
2049 321 2500 388 HIERONYMI
3660 318 3746 387 οι

344 468 449 512 nes
474 452 875 525 elaborarent;
905 456 1003 513 sed
1034 470 1172 512 cum
1204 452 1408 511 exinde
1440 455 1515 513 sit
1546 455 1759 529 saepius
1789 457 1967 521 edita,
2001 457 2243 515 minime
2272 459 2573 515 debuisset
2601 457 2662 514 in
2691 455 3013 516 Martiantei
3053 455 3307 516 editione
3352 456 3747 534 pratermittl,

342 547 402 602 in
435 562 552 618 qua
579 545 709 619 ipsa
735 544 1069 617 Hieronymi
1098 547 1363 619 epistola,
1393 563 1519 619 quae
1552 545 1905 618 prml‘ationis
1934 545 2058 604 loco
2089 552 2198 614 est,
2232 548 2291 604 in
2318 552 2521 606 octava
2543 548 2728 606 classe
2776 553 2833 604 et
2871 548 2962 604 sui
3013 552 3175 623 parte
3205 564 3434 616 manca,
3488 552 3547 605 et
3592 564 3750 609 erro-

341 636 507 692 ribus
538 652 677 691 sane
700 635 902 692 multis
932 635 1256 693 deformata
1285 640 1752 708 reprzesentatur.

414 725 488 782 Ut
512 740 644 780 vero
676 725 748 781 de
777 724 905 794 irsa
928 723 1277 797 primigenia
1305 724 1602 780 Pachomii
1635 725 1949 797 scriptione
1981 728 2247 799 quaedam
2291 728 2683 800 praelibemus,
2738 728 2884 785 nihil
2935 729 3116 787 ferme
3162 731 3253 785 est
3304 729 3460 801 apud
3506 728 3747 786 Veteres

339 813 923 871 celebratius.Narrat
944 813 1242 870 Pallanius
1270 814 1329 870 in
1362 815 1645 869 Lausiaca
1675 816 2329 887 cap.xxxvm,Tabulam
2360 834 2578 873 aeneam
2611 820 2918 874 monastici
2976 817 3454 891 complectentem
3485 818 3746 875 instituti

339 904 591 976 Regulae
619 903 932 959 Pachomio
965 903 1037 958 ab
1068 902 1274 975 angelo
1303 902 1601 967 traditam,
1636 904 1806 973 cujus
1836 904 2011 960 etiam
2045 910 2459 976 argumentum
2491 908 2746 979 exponit.
2780 907 3212 974 Gennadius,de
3240 908 3556 964 Illustribus
3582 909 3744 976 viris,

335 1008 462 1068 cap.
493 997 530 1048 7
562 1013 575 1051 :
607 995 955 1055 Pachomius.
1007 992 1215 1064 inquit,
1266 992 1581 1054 monachus.
1610 995 1697 1046 vir
1725 996 1837 1048 tam
1868 996 1929 1048 in
1956 994 2199 1063 dicendo,
2255 1011 2420 1065 quam
2465 998 2525 1051 in
2563 998 2723 1067 signa
2763 996 3017 1067 faciendo
3062 997 3377 1069 apostolicae
3419 998 3641 1067 gratias,
3690 1004 3745 1053 et

332 1085 593 1156 fundator
622 1084 852 1156 [Egypti
878 1085 1266 1145 coenobiorum,
1297 1083 1519 1152 scripsit
1568 1083 1820 1149 regulam
1867 1086 2086 1155 utrique
2133 1087 2322 1154 generi
2368 1086 2758 1140 monachorum
2803 1093 3009 1156 aptam,
3060 1102 3225 1157 quam
3264 1086 3462 1154 angelo
3505 1084 3749 1141 dictante

327 1178 661 1246 perceperat.
698 1172 863 1229 Paria
902 1172 1077 1227 habet
1116 1171 1489 1233 szomenus,
1543 1172 1677 1225 Hist.
1725 1173 1930 1227 Eccles.
1962 1171 2001 1228 l.
2036 1190 2122 1241 Ill,
2156 1190 2283 1245 cap.
2315 1174 2370 1243 3,
2403 1191 2471 1229 ex
2516 1174 2853 1247 pervulgata
2896 1174 3211 1231 traditione
3260 1173 3569 1229 Pachomio
3616 1191 3744 1230 san-

328 1268 476 1319 ctum
503 1263 774 1336 angelum
793 1265 968 1316 visum
991 1276 1122 1326 esse,
1154 1260 1467 1330 dedisseque
1514 1260 1604 1314 illi
1652 1261 1920 1326 tabulam,
1948 1279 2115 1332 quam
2161 1264 2416 1317 monachi
2461 1263 2639 1319 adhuc
2682 1272 2922 1331 servant,
2956 1267 3015 1319 in
3059 1280 3165 1335 qua
3205 1267 3328 1319 erat
3363 1265 3648 1335 scriptum,
3679 1279 3747 1331 ut

331 1353 567 1423 singulis
597 1351 899 1407 concederet
926 1349 1239 1419 facultatem
1266 1353 1478 1403 tantum
1516 1349 1846 1415 comedendi,
1895 1349 2132 1420 bibendi,
2179 1352 2462 1422 operandi,
2508 1354 2824 1425 jejunandi,
2876 1355 2959 1409 vel
3004 1368 3177 1421 secus,
3227 1361 3493 1426 quantum
3539 1356 3750 1409 natura

324 1446 516 1515 ferret.
549 1443 644 1497 His
664 1456 788 1495 vero
815 1441 913 1510 qui
940 1440 1148 1508 largius
1177 1438 1535 1501 comederent,
1567 1454 1731 1508 opera
1766 1439 2131 1496 laboriosiora
2162 1443 2459 1512 imponeret
2480 1459 2500 1503 ,·
2528 1443 2792 1515 faciliora
2836 1448 3021 1498 autem
3066 1442 3171 1512 his,
3220 1444 3316 1515 qui
3361 1459 3557 1514 corpus
3597 1443 3748 1514 feju-

323 1535 435 1587 niis
466 1535 517 1587 et
545 1532 873 1586 abstinentia
903 1530 1255 1596 castigarent.
1288 1529 1635 1596 Praescripsit
1662 1531 1944 1598 praeterea,
1977 1538 2036 1585 ut
2065 1532 2267 1586 multas
2312 1532 2597 1597 aediculas,
2629 1537 2763 1599 etc.,
2798 1549 2925 1605 quae
2975 1532 3054 1588 ibi
3103 1532 3337 1604 copiose
3382 1531 3528 1588 satis
3573 1547 3746 1587 enar-

325 1625 559 1686 rantur;
593 1618 693 1674 sed
725 1616 1020 1688 copiosius
1053 1613 1236 1669 multo
1268 1613 1445 1685 repeti
1479 1620 1726 1687 possunt
1755 1632 1823 1671 ex
1852 1617 2005 1683 Vita,
2041 1635 2219 1691 quam
2249 1620 2507 1675 incertus
2538 1626 2740 1676 auctor
2767 1621 3119 1693 composuit,
3145 1620 3245 1692 qui
3290 1623 3485 1676 tamen
3515 1618 3735 1676 iisdem

321 1727 389 1767 ac
417 1706 765 1765 Pachomius
794 1703 1159 1774 temporibus
1187 1702 1399 1758 vixisse
1427 1719 1489 1758 se
1520 1704 1952 1775 profi‘etur.His
1983 1708 2118 1762 addi
2142 1713 2365 1780 queunt
2396 1709 2876 1782 Martyrologium
2917 1710 3248 1765 Romanum
3271 1709 3422 1781 prid.
3448 1708 3532 1764 Id.
3568 1707 3735 1774 Maii,

321 1799 663 1860 Cassianus,
691 1793 1078 1865 Nicephorus,
1107 1791 1403 1861 Callistus,
1431 1794 1489 1848 S.
1528 1795 1868 1851 Benedictus
1919 1796 2289 1863 Anianensis,
2339 1798 2713 1869 Smaragdus,
2765 1803 2823 1854 et
2871 1815 2942 1854 ne
2990 1797 3360 1871 singulorum
3394 1795 3738 1853 testimonia

322 1886 547 1945 diutius
580 1898 1026 1957 prosequamur,
1060 1883 1355 1953 Rupertus
1383 1883 1578 1938 Abbas
1607 1883 1925 1939 Tuitiensis
1955 1884 2057 1941 lib.
2093 1903 2149 1941 ιν
2176 1886 2243 1941 de
2275 1889 2391 1942 Vit.
2424 1888 2741 1959 apostolica,
2777 1887 2887 1943 sub
2918 1886 3177 1953 initium,
3211 1886 3336 1959 qui,
3376 1887 3598 1952 Beatus,
3649 1885 3739 1940 in-

320 1976 471 2048 quit,
500 1973 825 2030 Pachomius
855 1971 1116 2040 Regulam
1147 1970 1540 2026 monachorum
1569 1972 1637 2026 ab
1669 1974 1785 2043 ipso
1814 1974 2007 2043 angelo
2036 1975 2101 2030 de
2129 1976 2257 2031 caelo
2286 1976 2565 2043 dictatam,
2598 1992 2708 2031 non
2757 1976 3025 2043 videlicet,
3058 1984 3120 2031 ut
3149 1975 3410 2043 hominis,
3439 1973 3534 2031 sed
3556 1975 3618 2029 ut
3645 1973 3735 2029 di-

326 2067 513 2121 vinum
545 2061 833 2119 oraculum
862 2060 1145 2115 monachis
1176 2058 1420 2114 tradidit.

396 2154 478 2210 De
508 2152 617 2208 hac
646 2150 777 2221 ipsa
804 2164 935 2204 vero
970 2147 1421 2219 Hieronymiana
1450 2147 1579 2218 ejus
1610 2149 1841 2222 Regulae
1882 2151 2085 2207 Latina
2115 2151 2611 2224 interpretatione,
2663 2152 2810 2208 nihil
2859 2151 3107 2208 dubium
3158 2155 3269 2218 est,
3302 2168 3334 2207 e
3379 2154 3436 2207 8.
3469 2151 3739 2213 Doctoris

322 2241 545 2299 calamo
576 2240 758 2295 fetum
791 2236 1311 2309 germanissimum
1343 2236 1682 2307 profecisse;
1720 2242 1785 2292 ut
1831 2238 1962 2295 illos
2009 2238 2152 2295 adeo
2203 2245 2401 2312 putem
2453 2241 2737 2313 desipere,
2774 2241 2874 2313 qui
2911 2241 3021 2296 hac
3054 2256 3173 2296 una
3200 2241 3273 2296 de
3300 2255 3482 2297 causa
3511 2241 3739 2300 audent

319 2330 590 2395 inliciari,
625 2328 781 2400 quod
812 2326 1188 2382 Pachomium
1224 2325 1611 2397 Hieronymus
1660 2326 1810 2383 inter
1856 2328 2290 2385 Ecclesiasticos
2320 2329 2630 2401 scriptores
2679 2346 2795 2386 non
2845 2332 3162 2397 recenseat,
3210 2328 3568 2385 mentionem
3599 2332 3734 2402 ejus

316 2423 469 2476 certe
499 2418 781 2483 facturus,
814 2414 985 2484 cujus
1017 2429 1213 2469 revera
1256 2413 1472 2468 librum
1519 2414 1721 2470 Latine
1765 2416 1971 2472 fuisset
2004 2418 2439 2491 interpretatus.
2484 2420 2743 2485 Quorum
2795 2422 3211 2491 argumentum
3258 2422 3469 2490 suapte
3514 2422 3733 2478 natura

314 2507 827 2571 inﬁrmissimum,”
850 2503 999 2560 falsa
1026 2503 1202 2559 etiam
1235 2501 1461 2559 laborat
1491 2504 1925 2576 suppositione;
1958 2523 2146 2580 neque
2175 2509 2331 2564 enim
2363 2508 2564 2563 isthaac
2589 2507 2933 2579 Catalogum
2970 2508 3271 2579 praecessit
3314 2507 3726 2581 interpretatio

316 2597 418 2655 sed
471 2612 504 2653 e
555 2593 846 2651 contrario
896 2592 1218 2648 subsecuta
1273 2596 1360 2647 est
1404 2596 1536 2665 post
1583 2594 1862 2650 tredecim
1911 2596 2093 2653 ferme
2131 2612 2419 2652 annorum
2466 2597 2745 2669 spatium,
2779 2597 2932 2669 quod
2977 2596 3132 2652 infra
3160 2595 3395 2669 planius
3441 2597 3728 2656 demons—

315 2691 429 2743 tro.
840 2704 845 2707 ·

388 2772 626 2831 Interim
660 2787 787 2843 quae
817 2769 997 2840 hujus
1028 2767 1461 2840 Hieronymlani
1517 2768 1735 2826 laboris
1782 2772 2051 2829 feruntur
2107 2773 2479 2846 exemplaria,
2526 2775 2807 2831 debemus
2846 2790 2983 2830 cum
3032 2772 3240 2847 primis
3289 2774 3348 2830 S.
3409 2775 3725 2835 Benedicto

314 2862 667 2921 Anianensis
695 2858 915 2925 abbati,
947 2856 1049 2930 qui
1080 2857 1233 2912 circa
1261 2874 1481 2913 annum
1512 2858 1725 2915 Christi
1772 2862 1879 2917 820
1925 2862 2154 2933 claruit,
2204 2868 2261 2919 et
2306 2880 2414 2919 suo
2463 2863 2645 2919 Codici
2702 2864 3036 2933 Regulamm
3082 2878 3202 2920 una
3249 2874 3383 2919 cum
3432 2863 3724 2937 epistolis,

316 2970 464 3027 quas
492 2949 827 3007 Gennadius
860 2950 1147 3003 memorat
1176 2961 1304 3018 cap.
1357 2963 1519 3020 supr.
1552 2947 1809 3016 laudato,
1861 2950 2108 3023 aliisque
2167 2950 2465 3008 nonnullis
2526 2952 2787 3008 attexuit.
2838 2950 3119 3023 Equidem
3173 2966 3310 3006 cum
3364 2964 3435 3007 ex
3487 2952 3726 3026 angulis

314 3040 798 3099 bibliothecarum
830 3035 1091 3093 nondum
1126 3035 1407 3092 evasisset
1433 3036 1669 3093 Anianae
1699 3038 1940 3096 Abbatis
1971 3039 2261 3109 Collectio,
2293 3056 2363 3095 ex
2409 3039 2541 3096 aliis
2590 3056 2732 3096 mss.
2784 3039 3082 3095 codicibus
3130 3038 3335 3095 Latina
3380 3038 3581 3096 isthmc
3610 3041 3724 3100 Re-

314 3130 452 3205 gula
476 3133 714 3202 excepta
742 3130 850 3183 est.
882 3126 1024 3181 Eam
1060 3125 1323 3197 primum
1357 3125 1552 3180 Romae
1579 3142 1651 3181 an
1688 3127 1842 3193 1575,
1876 3127 2132 3184 Achilles
2164 3129 2383 3185 Statius
2412 3127 2701 3201 vulgavit;
2734 3132 2859 3184 tum
2923 3127 3229 3185 Ciaconius
3273 3127 3492 3186 ibidem
3537 3128 3719 3201 1588;

309 3220 519 3277 deinde
543 3217 708 3275 novis
740 3214 1156 3272 accedentibus
1184 3213 1342 3269 curis
1375 3213 1433 3268 in
1468 3213 1623 3269 calce
1654 3215 2037 3273 Collationum
2070 3218 2353 3284 Cassiani,
2399 3222 2456 3274 et
2494 3218 2554 3273 in
2603 3219 2841 3274 Patrum
2885 3216 3260 3274 Bibliothecis
3288 3216 3387 3274 alii
3415 3220 3715 3278 recedere.

308 3308 425 3365 Illae
455 3313 652 3364 tamen
677 3304 960 3360 editiones
992 3319 1097 3357 nec
1117 3305 1321 3370 totam,
1354 3303 1850 3373 quemadmodum
1884 3305 1976 3361 hic
2008 3306 2330 3373 exhibetur,
2366 3307 2679 3380 Regulam;
2712 3323 2818 3363 nec
2867 3322 3014 3379 quas,
3045 3306 3266 3364 Iudicia
3314 3308 3474 3377 leges,
3505 3311 3560 3365 et
3603 3302 3716 3367 Ho-

304 3400 445 3462 nita,
477 3394 721 3451 diversis
746 3392 935 3448 titulis
964 3390 1405 3459 inscribuntur;
1452 3407 1555 3447 nec
1603 3393 1855 3465 denique
1901 3396 2189 3467 Epistolas,
2231 3406 2283 3452 et
2336 3398 2501 3453 Verba
2554 3397 2795 3468 Mystica,
2847 3394 3077 3468 aliaque
3123 3394 3181 3450 id
3229 3409 3417 3468 genus
3463 3395 3706 3467 habent,

304 3503 437 3561 quas
465 3482 643 3540 simul
676 3482 782 3538 abs
811 3480 1161 3551 Hieronymo
1194 3478 1376 3534 fuisse
1409 3480 1613 3536 Latine
1642 3482 1867 3538 reddita
1916 3501 1985 3539 ex
2030 3485 2159 3558 ipsa
2199 3486 2541 3542 Prazfatione
2587 3491 2947 3557 compertum
2988 3488 3093 3541 est.
3126 3484 3269 3539 Tota
3314 3485 3458 3541 adeo
3486 3484 3563 3541 cl.
3595 3485 3707 3543 viri

307 3577 473 3631 Luca:
507 3569 785 3628 llolstenii
819 3566 1117 3625 sedulitati
1167 3567 1355 3640 gratia
1400 3572 1489 3624 est
1535 3569 1822 3638 habenda,
1856 3574 2119 3645 quicum
2168 3575 2227 3629 in
2280 3576 2337 3631 S.
2387 3574 2683 3631 Benedicti
2731 3573 3134 3647 apographum
3176 3573 3482 3632 incidisset
3522 3591 3594 3632 ex
3638 3590 3708 3633 eo

304 3663 688 3735 descriptum,
721 3659 875 3733 quod
907 3657 1060 3731 apud
1094 3658 1153 3713 S.
1184 3656 1557 3713 Maximinum
1591 3676 1768 3733 prope
1797 3663 2074 3720 Treveros
2102 3663 2585 3736 antiquissimum
2622 3667 2847 3719 exstare
2876 3662 3109 3727 dicitur,
3139 3678 3271 3718 cum
3301 3662 3433 3719 aliis
3460 3665 3709 3724 vetustis

304 3753 606 3812 codicibus
635 3747 901 3815 contulit,
934 3746 1037 3819 qui
1066 3744 1322 3818 aliquam
1354 3763 1423 3802 ex
1441 3745 1557 3803 illis
1589 3749 1805 3820 regulis
1835 3750 2195 3818 exhiberent,
2229 3769 2294 3807 ac
2324 3751 2477 3825 typis
2507 3752 2688 3819 dedit,
2720 3751 2916 3808 Romae
2972 3750 3229 3824 primum
3269 3766 3365 3807 an.
3425 3750 3585 3823 1661,
3636 3753 3711 3810 de

302 3844 439 3900 inde
466 3840 706 3900 Parisiis
735 3836 972 3895 biennio
1004 3840 1137 3908 post
1162 3836 1587 3893 excudendum.
1619 3837 1736 3895 Hoc
1763 3838 1961 3912 itaque
1991 3858 2098 3898 nos
2129 3840 2351 3898 utimur
2378 3840 2691 3915 exemplari
2737 3844 2938 3913 utpote
2983 3840 3248 3897 omnium
3304 3840 3572 3898 uberiore
3629 3844 3712 3899 at-

302 3949 418 4006 que
447 3930 929 3996 accuratissimo;
962 3930 1021 3982 et
1049 3941 1182 3980 cum
1217 3942 1390 3998 porro
1422 3928 1714 3985 variantes
1760 3929 2038 3987 lectiones
2087 3948 2232 4004 quas
2279 3948 2349 3988 ex
2399 3930 2531 3987 aliis
2580 3930 2747 3987 libris
2792 3934 3160 4002 excerpserat
3187 3930 3567 3988 doctissimus
3614 3930 3717 3989 ille

305 4020 412 4086 vir,
445 4025 503 4075 et
531 4017 765 4076 notulas
795 4032 943 4089 quas
975 4019 1278 4088 paraverat
1299 4016 1359 4072 in
1393 4015 1609 4073 calcem
1639 4018 1829 4091 operis
1863 4019 2282 4092 conjiciendas,
2319 4020 2504 4077 morte
2535 4020 2929 4077 intercedente
2956 4018 3229 4075 exhibere
3253 4018 3407 4075 haud
3435 4019 3715 4092 potuerit,

302 4125 412 4165 nos
439 4106 597 4181 quod
626 4109 752 4162 erat
779 4123 811 4162 e
840 4124 901 4163 re
929 4111 1148 4177 nostra,
1181 4108 1507 4180 principem
1538 4108 1875 4175 editionem,
1902 4106 2123 4164 Achilis
2151 4108 2335 4176 Statii,
2367 4112 2493 4164 tum
2523 4108 2763 4165 alteram
2793 4106 3108 4164 auctiorem
3135 4105 3287 4163 Petri
3317 4105 3606 4164 Ciacconli
3635 4110 3712 4166 ad

304 4196 466 4252 illam
498 4196 798 4267 exegimus
828 4194 1163 4267 diligenter;
1196 4201 1253 4252 et
1281 4213 1411 4268 quis
1442 4196 1818 4253 Holsteniano
1850 4196 2035 4253 labori
2065 4196 2324 4265 deerant,
2358 4197 2547 4269 quoad
2581 4198 2711 4268 ejus
2744 4196 2867 4253 ﬁeri
2899 4195 3108 4270 potuit,
3143 4198 3244 4252 aut
3296 4195 3582 4255 interesse
3624 4198 3712 4254 vi-

303 4286 570 4352 debatur,
604 4283 964 4340 sutl'ecimus.

372 4376 650 4447 Tempus,
685 4390 800 4447 quo
835 4373 1096 4430 Latinam
1154 4373 1373 4430 hancce
1419 4375 1963 4448 interpretationem
2014 4374 2402 4447 Hieronymus
2448 4373 2783 4440 elaborarit,
2814 4389 2884 4429 ex
2924 4389 2994 4430 eo
3038 4372 3207 4430 facile
3252 4372 3498 4442 eruitur,
3548 4375 3712 4448 quod

300 4464 502 4520 statim
534 4463 740 4520 limine
772 4463 1132 4520 Praefationis
1164 4468 1503 4521 mmrentem
1537 4481 1598 4520 se
1628 4465 1958 4520 dormiticne
1984 4468 2187 4520 sancte
2235 4468 2286 4519 et
2338 4463 2661 4520 venerabilis
2692 4462 2900 4529 Paulae,
2950 4462 3069 4518 diu'
3098 4461 3354 4519 tacuisse
3382 4462 3714 4536 proﬁtetur,

299 4555 482 4611 donec
512 4552 573 4607 in
606 4553 715 4608 hoc
738 4554 1072 4608 exornando
1103 4569 1292 4625 opere,
1328 4556 1463 4610 bono
1491 4558 1550 4609 ut
1580 4556 1741 4609 aiunt
1769 4556 2014 4626 auspicio
2045 4553 2267 4625 longum
2295 4554 2576 4609 silentium
2622 4559 2917 4624 rumperet.
2970 4550 3072 4607 His
3113 4550 3269 4607 enim
3318 4568 3511 4609 annus
3555 4550 3715 4611 indi-

299 4647 467 4699 catur
497 4642 620 4709 404,
654 4642 764 4697 sub
796 4642 967 4713 cujus
997 4641 1254 4710 initium,
1286 4642 1548 4698 dormivit
1575 4651 1783 4698 sancta-
1808 4647 1859 4697 et
1907 4643 2064 4697 beata
2093 4643 2277 4698 Paula
2321 4644 2549 4713 septimo
2592 4640 2860 4696 Kalendas
2904 4639 3232 4696 Februarias
3276 4642 3442 4696 tertia
3486 4639 3718 4698 Sabbati

295 4739 414 4802 post
440 4732 571 4787 solis
599 4732 932 4802 accubitum,
966 4732 1204 4788 Honorio
1237 4735 1483 4802 Augusto
1513 4749 1570 4787 vx
1599 4739 1650 4787 et
1681 4732 1980 4788 Aristeneto
2020 4748 2177 4797 coss.,
2232 4730 2384 4802 quod
2432 4730 2489 4783 in
2538 4730 2666 4800 ejus
2699 4728 3005 4801 Epitaphio
3035 4727 3501 4786 luculentissima
3528 4730 3717 4788 tradit

301 4819 709 4893 Hieronymus.
743 4820 833 4874 Ad
860 4820 1125 4893 ejusdem
1158 4819 1343 4893 igitur
1369 4819 1507 4875 anni
1538 4821 1739 4889 finem,
1778 4819 1865 4877 vel
1915 4821 1965 4877 si
2012 4819 2194 4888 lubet,
2228 4819 2300 4874 ad
2349 4818 2758 4889 insequentem
2790 4818 2894 4873 405
2923 4816 3225 4873 commode
3253 4815 3556 4873 transferri
3587 4816 3716 4875 hac

300 4913 490 4982 potest
517 4908 940 4982 interpretatio,
975 4926 1176 4982 quam,
1209 4927 1343 4966 cum
1375 4909 1547 4982 longo
1574 4909 1804 4967 silentio
1834 4908 2093 4968 dolorem
2124 4908 2481 4974 devorasset,
2503 4906 2886 4964 elucubravit.
