3970 6434
224 368 292 432 65
1117 359 1758 431 INTEBPRETATIO
1800 355 2145 425 REGULE
2186 356 2254 421 8.“
2298 351 2703 420 PACHOMII.
3537 347 3620 422 Q6

227 509 3617 557 Μ

754 683 909 817 s.
998 634 1813 819 EUSEBII
1896 668 3070 806 HIEBONYMI

1362 934 1939 999 STRIDONENSIS
1983 931 2478 992 PRESBYTERI
2537 990 2543 1003 ί

1146 1078 2076 1237 TRANSLATIO
2151 1134 2693 1230 LATINA

558 1377 1385 1537 REGULfE
1521 1371 1994 1534 SANC

2043 1376 2212 1526 ΓΙ
2353 1370 3120 1531 ΡᾹΟΗῦΜ
3152 1381 3282 1529 Π

1551 1757 2302 1847 PR/EFATIO.

290 2079 385 2135 58
415 2078 465 2135 Ι.
502 2076 783 2143 Quamvis
830 2080 1040 2135 acutus
1070 2074 1303 2150 gladius
1332 2078 1389 2131 et
1446 2073 1756 2148 levigatus,
1817 2072 1868 2128 si
1897 2072 1954 2138 Α
1982 2071 2247 2144 auspicio
2277 2071 2517 2145 longum
2551 2072 2851 2129 silentium
2882 2090 3237 2151 rumperem,
3272 2075 3524 2132 reddens
3546 2091 3640 2132 me

222 2168 314 2225 diu
340 2168 400 2224 in
429 2166 648 2241 vagina
674 2165 945 2224 conditus
976 2165 1173 2234 fuerit,
1235 2162 1524 2222 sordescit
1577 2161 1869 2235 rubigine,

223 2260 277 2315 et
301 2256 674 2331 splendorem
732 2254 968 2329 pristini
1014 2253 1241 2311 decoris
1301 2253 1540 2310 amittit.
1595 2251 1760 2308 Unde
1816 2255 1875 2307 et

226 2361 324 2420 ego
351 2361 604 2403 maerens
634 2360 814 2418 super
851 2343 1204 2400 dormitione
1251 2347 1466 2400 sanctae
1515 2346 1574 2397 et
1628 2356 1873 2397 venera-

222 2434 351 2492 bilis
379 2434 598 2504 Paulae,
627 2451 743 2491 non
786 2450 901 2507 quo
958 2437 1162 2490 contra
1204 2435 1562 2506 praeceptum
1609 2427 1874 2501 Apostoli

225 2524 488 2591 facerem,
520 2524 628 2581 sed
667 2540 783 2598 quo
843 2522 1165 2580 multorum
1224 2522 1410 2578 incisa
1462 2520 1625 2575 illius
1688 2521 1876 2574 morte

223 2613 521 2687 refrigeria
550 2612 935 2686 suspirarem,
968 2611 1164 2685 accepi
1194 2610 1377 2667 libros
1405 2610 1477 2666 ab
1509 2609 1746 2665 homine
1777 2607 1874 2664 Dei

224 2702 451 2762 Silvano
481 2702 823 2778 presbytero
854 2701 1000 2757 mihi
1024 2700 1296 2766 directos,
1330 2717 1477 2773 quos
1508 2698 1606 2755 ille
1634 2698 1880 2754 Alexan-

224 2792 344 2849 dria
371 2793 597 2850 missos
627 2794 983 2864 susceperat,
1016 2794 1081 2847 ut
1102 2790 1289 2851 etiam
1320 2790 1427 2862 [ΑΙ.
1465 2788 1633 2860 mihi]
1674 2788 1876 2859 injun-

224 2887 376 2955 geret
404 2881 867 2939 transferendos.
895 2880 1103 2936 Aiebat
1126 2879 1283 2936 enim
1315 2879 1471 2951 quod
1510 2878 1571 2934 in
1629 2877 1877 2934 Thebai-

224 2971 312 3027 dis
340 2969 649 3037 cmnobiis,
677 2972 735 3026 et
762 2969 823 3027 in
856 2956 1211 3028 monasterio
1243 2968 1562 3037 Metanoeae,
1592 2967 1749 3052 quod
1807 2967 1878 3024 de

223 3059 452 3133 Canopo
482 3060 547 3116 in
580 3058 978 3132 pmnitentiam
1001 3060 1017 3094 ¹
1040 3057 1194 3114 felici
1220 3056 1478 3114 nominis
1504 3057 1881 3113 conversione

224 3154 519 3207 mutatum
549 3152 662 3218 est,
694 3147 1028 3205 habitarent
1056 3145 1297 3221 plurimi
1358 3147 1722 3217 Latinorum,
1780 3145 1881 3218 qui

221 3238 565 3313 ignorarent
610 3237 1016 3313 [Egyptiacum
1088 3236 1471 3309 Grecumque
1526 3252 1882 3303 sermonem,

224 3343 334 3399 quo
364 3326 671 3385 Pachomii
726 3331 784 3383 et
838 3326 1129 3383 Theodori
1186 3332 1245 3382 et
1297 3326 1885 3399 Orsiesiifprsscepta

1981 2161 2250 2233 pristinis
2303 2162 2538 2231 studiis,
2590 2167 2646 2218 et
2717 2168 2932 2219 sancte
2989 2164 3220 2221 feminae
3281 2164 3636 2237 refrigerans

1982 2255 2262 2320 animam,
2298 2270 2428 2325 quae
2460 2253 2947 2310 monasteriorum
2995 2269 3230 2326 semper
3271 2270 3470 2309 amore
3525 2254 3631 2310 fla-

1982 2344 2189 2419 gravit,
2222 2347 2278 2399 et
2311 2344 2412 2399 54
2442 2342 2598 2415 quod
2630 2343 2826 2398 visura
2856 2347 2977 2398 erat
3006 2341 3066 2397 in
3097 2341 3260 2413 coelo,
3296 2342 3392 2398 hic
3437 2342 3494 2398 in
3525 2346 3635 2399 ter-

1983 2435 2065 2491 ris
2092 2434 2373 2489 meditata
2402 2437 2510 2489 est.
2538 2430 2894 2488 Venerabilis
2924 2447 3158 2503 quoque
3178 2431 3340 2505 virgo
3365 2429 3486 2487 ﬁlia
3507 2432 3636 2501 ejus

1982 2522 2367 2579 Eustochium
2425 2520 2666 2576 haberet
2723 2519 2880 2592 quod
2939 2519 3239 2576 sororibus
3299 2520 3641 2593 agenduma

1983 2612 2285 2679 tribueret,
2320 2611 2622 2682 nostrique
2654 2609 2862 2681 fratres
2884 2610 3307 2683 IEgyptiorum,
3364 2610 3472 2668 hoc
3530 2614 3638 2679 est,

1986 2703 2463 2759 Tabennensium
2486 2700 2509 2735 ’⁸
2540 2700 2963 2756 monachorum
3004 2699 3269 2774 exempla
3320 2716 3639 2772 sequeren-

1984 2796 2101 2859 tur,
2143 2793 2245 2866 qui
2275 2793 2497 2849 habent
2526 2808 2630 2865 per
2646 2787 2881 2862 singula
2919 2789 3278 2846 monasteria
3305 2794 3523 2864 patres,
3583 2794 3641 2845 et

1988 2882 2445 2955 dispensatores,
2473 2887 2531 2939 et
2561 2881 3066 2951 hebdomadarios,
3103 2896 3170 2936 ac
3202 2878 3529 2944 ministros,
3584 2883 3645 2935 et

1988 2971 2357 3044 singularum
2390 2973 2701 3028 domorum
2733 2971 3104 3044 Praepositos,
3143 2970 3223 3026 ila
3276 2974 3343 3025 ut
3400 2969 3460 3025 in
3523 2984 3643 3025 una

1989 3062 2163 3118 domo
2197 3061 2585 3134 quadraginta
2613 3060 2748 3132 plus
2782 3059 3052 3116 minusve
3090 3059 3301 3114 fratres
3356 3057 3644 3123 habitent,

1991 3152 2090 3224 qui
2122 3151 2398 3207 obediant
2420 3150 2766 3223 Praeposito;
2800 3150 3036 3221 sintque
3067 3164 3169 3221 pro
3196 3162 3466 3202 .numero
3527 3146 3638 3205 fra-

1990 3245 2150 3297 trum
2183 3239 2446 3313 triginta,
2476 3238 2562 3296 vel
2593 3238 2982 3312 quadraginta
3010 3238 3222 3294 domus
3254 3236 3314 3292 in
3347 3251 3463 3291 uno
3511 3250 3640 3290 mo-

1993 3331 2270 3401 nasterio,
2301 3335 2358 3386 et
2389 3336 2585 3396 ternae,
2619 3328 2707 3383 vel
2736 3333 3032 3400 quaterna?
3083 3327 3295 3382 domus
3352 3324 3413 3380 in
3461 3341 3641 3380 unam

222 3417 559 3516 cgnsoripta
614 3420 787 3516 sunt.
820 3415 930 3483 Qui
998 3415 1175 3516 primi
1260 3433 1362 3516 per
1407 3416 1771 3516 :I‘hebaidem
1828 3421 1885 3473 et
1914 3451 1961 3516 B
1994 3422 2212 3477 tribum
2245 3420 2622 3489 fmderentur,
2657 3423 2721 3474 ut
2746 3418 2835 3475 vel
2868 3418 2940 3475 ad
2972 3433 3147 3489 opera
3176 3416 3356 3475 simul
3408 3415 3643 3483 vadant,

224 3506 536 3580 Egyptum
561 3505 964 3563 coenobiorum
996 3505 1665 3577 lundamentajecerunt
1715 3507 1885 3576 juxta
1914 3505 1959 3516 ”’
1992 3511 2081 3567 vel
2113 3510 2172 3566 in
2217 3509 2721 3566 hebdomadarum
2780 3507 3107 3564 ministerio
3161 3506 3274 3563 sibi
3332 3505 3648 3562 succedant

224 3600 583 3669 praeceptum
639 3593 764 3665 Dei,
816 3598 873 3651 et
926 3594 1139 3668 angeli,
1200 3595 1302 3669 qui
1360 3597 1430 3652 ad
1489 3612 1587 3652 eos
1628 3596 1700 3652 ob
1732 3595 1884 3652 hanc

225 3686 410 3758 ipsam
442 3684 882 3743 institutionem
910 3684 1130 3741 missus
1161 3685 1383 3741 venerit
1410 3686 1452 3740 ³.

293 3774 503 3848 Itaque
544 3773 689 3847 quia
717 3774 819 3830 diu
877 3778 1200 3843 tacueram,
1257 3778 1314 3830 et
1370 3775 1633 3831 dolorem
1690 3792 1884 3832 meum

226 3862 455 3920 silentio
478 3864 933 3922 devoraveram:
993 3865 1283 3940 urgebant
1328 3869 1526 3924 autem
1586 3865 1753 3923 missi
1812 3866 1885 3923 ad

226 3969 314 4010 me
343 3954 420 4011 ob
451 3953 613 4011 hanc
640 3952 831 4027 ipsam
864 3971 1103 4011 causam
1136 3955 1452 4012 Leontinus
1475 3956 1799 4029 presbyter,
1831 3960 1889 4012 et

227 4043 412 4098 caeteri
445 4060 588 4100 cum
625 4059 691 4099 eo
725 4043 955 4113 fratres,
991 4043 1175 4101 accito
1215 4044 1462 4116 notario,
1499 4049 1566 4101 ut
1595 4051 1761 4103 erant
1817 4047 1888 4103 de

221 4129 567 4206 Egyptiaca
598 4132 658 4189 in
692 4131 951 4190 Grecam
982 4132 1247 4207 linguam
1280 4152 1465 4204 versa,
1501 4140 1703 4192 nostro
1760 4152 1886 4192 ser-

222 4235 391 4278 mone
417 4222 666 4289 dictavi,
698 4226 851 4280 utet
900 4222 1081 4280 tantis
1126 4223 1264 4281 viris
1314 4223 1763 4298 imperantibus,
1816 4243 1887 4282 ne

217 4307 404 4367 dicam
438 4311 796 4385 rogantibus
855 4311 1177 4381 obedirem,
1235 4318 1295 4371 et
1348 4315 1523 4384 bono,
1582 4319 1649 4370 ut
1698 4316 1882 4384 aiunt,

287 4456 583 4514 ‘Scilicet
654 4459 1036 4529 paenitentiam
1088 4459 1282 4515 Graece
1354 4464 1526 4516 sonat
1582 4464 1884 4519 Metanuaa.

218 4526 721 4615 Canopus'aute'm
740 4529 963 4615 dudum
986 4530 1225 4615 infamis
1241 4532 1542 4615 obllurtum‘
1559 4550 1625 4588 ac
1647 4534 1887 4615 delicias

220 4600 431 4669 insula,
466 4601 764 4657 Metanoea
782 4606 984 4658 vocata
1012 4606 1121 4671 est,
1154 4602 1455 4660 translatis
1484 4604 1623 4660 illuc
1644 4623 1678 4662 a
1698 4605 1885 4664 Theo-

219 4671 534 4753 philoh‘vel
574 4671 788 4753 Cyrillo
823 4674 1162 4753 monachis,_
1182 4675 1283 4753 qui
1307 4677 1709 4753 paenitentiam
1750 4696 1885 4753 age-

217 4743 343 4800 rent
361 4745 587 4826 vitam.
623 4743 983 4828 Athanasius
1014 4743 1326 4873 presbyter-
1346 4747 1411 4802 in
1444 4747 1662 4818 libello,
1710 4743 1887 4822 quam

216 4816 464 4872 concilio
485 4813 954 4874 Chalcedonensi
981 4834 1014 4873 o
1058 4817 1192 4874 tulit
1212 4820 1493 4874 adversus
1517 4820 1882 4874 Dioscorum-

209 4898 483 4946 Ἀπόνοιαν
586 4897 890 4962 προαστήϊον
995 4900 1083 4959 τῆς
1172 4900 1418 4963 μεγίστης,

213 4964 239 5014 ὁ
266 4967 382 5016 πότε
412 4969 662 5023 River-tto:
690 4967 1012 5033 καλούμενος,
1098 4967 1208 5019 etc.
1298 4966 1571 5020 Metanira
1684 4964 1886 5027 δαίων-ξ

214 5029 418 5088 bonum
442 5033 723 5089 maxime
756 5034 913 5090 urbis
956 5034 1325 5093 Alexandria.
1380 5037 1519 5093 quod
1574 5039 1708 5093 olim
1765 5045 1886 5093 Ca-

214 5045 418 5088 uanum
442 5046 723 5089 maxime
756 5045 913 5090 urbis
956 5045 1325 5103 Alexandria,
1380 5045 1519 5107 quod
1574 5045 1708 5095 olim
1765 5045 1886 5101 οη-

213 5103 773 5189 ρ’ίεῃυςςηπίοσᾳᾷαιιέη,
810 5111 943 5189 βίᾳ.
1001 5107 1148 5189 Vide
1171 5108 1376 5189 “etiam.
1431 5110 1767 5189 Eunapium
1826 5119 1883 5175 in

214 5172 346 5231 Vita
377 5174 632 5245 Edesii,
663 5176 763 5232 ubi
793 5177 1109 5235 destructis
1163 5180 1380 5253 Canopi
1437 5172 1702 5242 delubris
1758 5172 1885 5247 mo:

212 5246 439 5303 nachos
469 5263 544 5305 eo
580 5248 759 5304 tradit
782 5249 1075 5308 inductos.

239 5319 299 5404 ,³
328 5319 632 5404 Princeps
652 5319 940 5404 editio,_et
971 5323 1383 5404 Romana‘an.
1447 5328 1586 5384 1580
1642 5350 1881 5391 accura-

213 5391 341 5461 tior,
376 5393 490 5464 qui
519 5407 558 5446 a
592 5391 696 5447 Deo
725 5395 826 5448 sub
858 5394 1000 5451 hanc
1028 5397 1450 5464 institutionem,
1484 5405 1592 5456 etc.

278 5467 300 5540 ἕ
331 5464 551 5540 Malim
589 5465 946 5540 concinniori
981 5484 1181 5540 sensu,
1212 5469 1520 5539 legendum.

274 5537 665 5594 ‘Cassianus
729 5537 771 5592 Ι.
858 5555 932 5606 1v,
992 5556 1043 5595 c.
1105 5537 1172 5607 1,’
1218 5537 1629 5601 Tabennesiotas
1696 5555 1878 5607 vocat.

211 5605 434 5667 Nomen
473 5610 853 5679 mutuantur,
888 5605 923 5666 α
948 5605 1225 5668 Tabenna
1262 5611 1459 5670 insula
1516 5615 1575 5673 in
1606 5620 1735 5678 Nilo
1776 5605 1881 5679 llu¥

214 5681 365 5741 mine
393 5681 460 5741 in
490 5695 621 5759 qua
648 5678 997 5743 Pachomius
1028 5682 1259 5761 insigne
1286 5691 1711 5751 monasterium
1742 5678 1879 5755 cou-

1997 3618 2100 3675 per
2128 3601 2415 3657 ordinem.

2067 3692 2089 3725 ³
2118 3690 2486 3761 Quicumque
2514 3693 2709 3745 autem
2742 3687 3163 3743 monasterium
3189 3686 3415 3759 primus
3454 3684 3646 3757 ingre-

1996 3783 2177 3848 ditur,
2240 3780 2468 3852 primus
2553 3779 2736 3847 sedet,
2796 3777 3022 3850 primus
3085 3775 3649 3848 ambulat‘primus

1996 3870 2291 3944 psalmum
2320 3868 2463 3926 dicit
2483 3870 2522 3935 ⁵,
2559 3868 2786 3940 primus
2816 3866 2874 3923 in
2908 3881 3175 3923 mensam
3207 3863 3467 3920 extendit
3522 3879 3645 3919 ma-

1982 3978 2162 4035 gnum,
2196 3961 2357 4033 prior
2383 3959 2443 4013 in
2475 3957 2735 4014 Ecclesia
2765 3954 3198 4022 communicat;
3233 3969 3337 4009 nec
3368 3956 3509 4007 aetas
3557 3952 3643 4007 in-

1996 4056 2085 4107 ter
2113 4068 2211 4107 eos
2244 4048 2545 4121 quaeritur,
2568 4048 2668 4103 sed
2699 4045 3001 4118 professio.

2070 4142 2120 4197 4.
2156 4139 2311 4195 Nihil
2343 4138 2562 4194 habent
2592 4137 2651 4193 in
2684 4134 2912 4192 cellulis
2956 4139 3165 4208 praeter
3210 4132 3530 4207 psiathium
3589 4136 3647 4188 et

1999 4250 2126 4307 qua:
2164 4232 2317 4287 infra
2360 4229 2578 4302 scripta
2633 4232 2773 4283 sunt
2799 4228 2841 4291 δ,
2892 4227 3007 4282 duo
3063 4223 3413 4282 lebitonaria
3468 4223 3643 4296 (quod

1995 4321 2281 4395 Egyptiis
2313 4318 2618 4376 monachis
2647 4334 2833 4391 genus
2863 4315 3197 4372 vestimenti
3221 4320 3311 4371 est
3341 4313 3467 4370 sine
3521 4329 3645 4369 ma-

1998 4467 2245 4531 diderat,
2278 4482 2345 4520 ex
2377 4480 2493 4536 quo
2524 4463 2749 4535 reliqua
2771 4462 3046 4536 eiusdem
3057 4458 3347 4536 instituti,
3381 4457 3548 4536 quasi
3580 4474 3649 4512 ex

1998 4529 2547 4609 metrOpoli,e§ccisa
2577 4529 2734 4591 sunt.
2768 4529 2899 4588 Vid.
2954 4530 3300 4598 Palladium,
3364 4529 3421 4586 et
3475 4529 3646 4584 Sozo-

1998 4627 2259 4666 menum.

2068 4684 2088 4717 5
2119 4680 2268 4737 Olim
2302 4697 2511 4761 nempe
2542 4677 2753 4761 psalmi
2785 4694 2900 4760 non
2929 4676 3210 4761 utrinque
3252 4673 3497 4761 invicem
3558 4671 3646 4761 i‘n-

1996 4758 2085 4810 ter
2132 4742 2472 4819 monachos,
2520 4742 2638 4806 sive
2695 4749 2936 4805 clericos
2995 4742 3298 4819 decantari
3349 4742 3645 4819 totisole-

1058 4816 1493 4877 tulit'adversus
1517 4816 1883 4893 DioScorum,
1917 4828 1960 4895 C
1998 4828 2160 4893 bant,
2194 4831 2260 4880 ut
2289 4816 2466 4881 hodie
2492 4824 2594 4891 fit;
2628 4822 2729 4878 sed
2757 4819 2972 4895 singuli
3002 4836 3036 4876 a
3087 4816 3356 4895 singulis,
3419 4818 3486 4895 ut
3532 4831 3649 4895 uno

1524 4885 1889 4973 Ἀλεζανδρείαξ
1924 4885 1960 4895 v

2043 4885 2296 4973 salinum
2331 4885 2673 4973 canentes):
2694 4885 2918 4973 ordine,
2946 4885 3393 4973 ciete‘rﬂisiim'm'o
3414 4885 3648 4973 silentio

1996 4958 2415 5026 auscultarent.
2454 4967 2579 5021 Vid.
2614 4982 2741 5038 quis
2773 4966 2831 5020 in
2871 4958 3041 5038 epist.
3079 4964 3181 5019 125
3225 4959 3294 5017 ad
3348 4958 3646 5027 Rusticum,

1995 5059 2160 5098 num.
2188 5043 2275 5113 15,
2306 5038 2740 5096 adnotavimus.

2065 5116 2087 5149 ⁸
2116 5101 2274 5181 Haec;
2318 5118 2368 5169 et
2424 5126 2551 5183 quae
2587 5113 2741 5179 infra
2797 5111 3001 5183 scripta
3056 5115 3206 5183 sunt,
3252 5108 3477 5183 veteres
3506 5101 3647 5183 editi

1996 5203 2110 5242 non
2144 5175 2489 5258 agnoscunt.
2508 5175 2701 5258 _lforro
2728 5181 3039 5258 Psialfzjam
3061 5177 3201 5258 quid
3261 5175 3649 5258 fuerit,_.po_st

1994 5246 2377 5315 RoswEidum
2408 5273 2473 5311 ac
2507 5255 2850 5311 Menardum
2884 5246 3220 5306 Holstenius
3270 5249 3329 5303 in
3386 5246 3647 5303 lndiCulo

1994 5335 2178 5399 notat,
2207 5331 2464 5385 Stoream
2501 5343 2710 5398 nempe
2735 5341 2801 5380 ex
2819 5326 3022 5393 junco.
3058 5323 3176 5399 sive
3234 5337 3458 5399 papyro
3509 5335 3647 5399 con-

1992 5391 2227 5470 fectam,
2264 5419 2379 5474 qua
2412 5416 2514 5471 pro
2549 5391 2693 5474 lecto
2737 5391 2838 5474 aut
2870 5395 3131 5474 stragula
3159 5468 3168 5474 ‘
3193 5391 3460 5474 monarhi
3500 5396 3646 5474 _u_te-

1992 5463 2228 5530 bantur:
2264 5463 2699 5529 Lebitonarium
2730 5468 2947 5525 Glossm
2983 5463 3263 5523 Colobium
3303 5470 3360 5521 et
3418 5463 3647 5519 Celaba-

1991 5548 2141 5601 rium
2171 5546 2647 5617 interpretantur.
2683 5540 2949 5617 Cassian.
2982 5541 3021 5595 Ι.
3054 5556 3095 5617 i,
3155 5556 3236 5617 ο..Δ
3265 5536 3647 5617 5,ηιη]εδιιιῐῇοε

1990 5607 2700 5678 ωουθοὶιοεᾘρεοῐθὶὒθυε,
2733 5611 3009 5684 Colobiis,
3052 5609 3266 5684 inquit,
3325 5607 3495 5665 lineis
3555 5607 3644 5684 in-

1987 5689 2134 5762 duti,
2159 5704 2289 5765 quae
2318 5688 2412 5748 vix
2432 5687 2505 5747 ad
2534 5684 2868 5745 cubitorum
2898 5678 3020 5743 ima
3046 5678 3410 5763 pertingant,
3454 5678 3646 5741 nudas
