3970 6432
360 356 439 419 67
780 425 788 433 ,
1610 354 1674 417 S.
1718 353 2026 419 EUSEBII
2071 354 2513 419 HIERONYMI
3679 346 3763 415 68

362 491 531 563 nicis)
565 493 621 547 et
648 505 833 546 unum
850 490 975 562 jam
1007 488 1273 545 attritum
1306 490 1378 546 ad
1427 488 1859 554 dormiendum,
1919 487 2005 543 vel
2037 484 2320 561 A‘caput,
2354 488 2453 560 qui
2486 488 2709 544 habitat
2747 487 2808 543 in
2838 488 3194 545 monasterio
3224 486 3433 544 diebus
3484 484 3757 542 Pascha:

360 578 726 652 operandum
753 596 767 647 ;
790 583 849 633 et
870 578 1153 633 amictum
1176 577 1420 644 lineum,
1445 577 1820 649 cucullosque
1841 577 2007 643 duos;

358 673 417 725 et
455 668 755 741 caprinam
815 666 1172 740 pelliculam,
1234 684 1411 739 quam
1463 667 1715 722 melotcn
1764 670 2004 733 vocant;

358 756 676 813 balteolum
740 755 984 824 lineum,
1026 760 1084 811 et
1147 755 1390 829 gallicas
1460 756 1565 827 [ΑΙ.
1625 753 1883 826 caligas].
1943 770 2009 809 ac

359 845 636 901 bacillum
659 845 885 900 itineris
915 844 1158 901 socium.

425 934 480 989 5.
506 935 876 1005 ngrotantes
909 933 1075 989 miris
1118 938 1523 990 sustentantur
1569 931 1896 1003 obsequiis,
1950 935 2006 986 et

356 1021 427 1078 ad
459 1038 693 1078 omnem
725 1021 954 1094 copiam
982 1024 1319 1095 praeparatis
1366 1022 1545 1077 cibis:
1609 1021 1737 1076 sani
1794 1019 2004 1091 majori

358 1110 577 1183 pollent
608 1110 984 1166 abstinentia.
1018 1111 1115 1166 Bis
1147 1112 1203 1165 in
1244 1111 1631 1177 hebdomada,
1682 1114 1892 1181 quarta
1948 1112 2006 1163 et

357 1203 521 1255 sexta
550 1199 648 1255 55
673 1198 905 1254 sabbati
949 1200 1021 1255 ab
1069 1198 1345 1253 omnibus
1380 1199 1705 1269 jejunatur,
1766 1200 2004 1267 excepto

355 1291 616 1360 tempore
648 1287 878 1343 Paschae
909 1292 965 1343 et
995 1287 1378 1342 Pentecostes.
1410 1286 1557 1341 Aliis
1587 1286 1797 1341 diebus
1818 1301 2005 1340 come-

358 1378 504 1432 dunt
534 1376 633 1448 qui
654 1375 855 1431 volunt
877 1380 1008 1448 post
1038 1374 1379 1431 meridiem:
1414 1380 1471 1431 et
1514 1374 1572 1429 in
1633 1391 1795 1429 cmna
1842 1373 2003 1429 simi-

355 1465 489 1520 liter
518 1482 722 1520 mensa
752 1464 1011 1536 ponitur,
1045 1469 1280 1537 propter
1308 1464 1663 1530 laborantes,
1700 1479 1890 1530 senes,
1949 1466 2006 1517 et

355 1570 588 1625 pueros,
619 1558 911 1625 (estusque
950 1553 1352 1625 gravissimos.
1386 1554 1534 1607 Sunt
1591 1552 1690 1624 qui
1749 1552 2003 1607 secundo

357 1660 565 1715 parum
600 1643 958 1707 comedunt;
992 1641 1091 1696 alii
1121 1642 1221 1713 qui
1254 1642 1506 1713 prandii,
1541 1641 1661 1697 sive
1691 1658 1865 1696 coenae
1886 1657 2003 1695 uno

356 1735 588 1786 tantum
616 1730 744 1785 cibo
779 1729 1031 1785 contenti
1066 1734 1223 1786 sunt.
1256 1728 1534 1785 Nonnulli
1575 1734 1806 1801 gustato
1865 1745 2005 1800 pau-

356 1818 543 1874 lulum
570 1835 720 1891 pane
746 1819 1144 1890 egrediuntur.
1178 1818 1394 1875 Omnes
1421 1819 1637 1891 pariter
1664 1818 1995 1873 comedunt.

356 1908 463 1973 Qui
496 1908 565 1964 ad
590 1923 852 1963 mensam
884 1907 967 1962 ire
997 1906 1267 1971 noluerit,
1292 1909 1351 1963 in
1382 1907 1591 1963 cellula
1620 1924 1728 1963 sua
1784 1922 1994 1978 panem

355 2000 582 2052 tantum
607 2001 664 2051 et
685 2012 919 2068 aquam,
955 2012 1022 2050 ac
1055 1995 1236 2051 salem
1301 1995 1531 2067 accipit,
1590 1997 1707 2051 sive
1765 1996 1821 2050 in
1880 2012 1996 2050 uno

356 2084 449 2140 die
476 2083 745 2155 voluerit,
775 2086 894 2139 sive
914 2083 974 2140 in
1010 2084 1189 2140 biduo
1213 2085 1250 2139 ¹.

424 2175 478 2228 6.
514 2174 741 2229 Fratres
762 2174 1024 2244 ejusdem
1060 2174 1201 2229 artis
1258 2173 1320 2229 in
1357 2191 1537 2230 unam
1587 2174 1827 2229 domum
1886 2173 1996 2228 sub

268 2320 275 2323 ,
356 2280 473 2318 uno
500 2262 805 2334 praeposito
836 2266 1295 2334 congregantur:
1327 2262 1486 2318 verbi
1516 2262 1725 2335 gratia,
1785 2266 1850 2317 ut
1897 2261 1996 2333 qui

352 2356 556 2408 texunt
584 2352 703 2407 lina
731 2352 849 2407 sint
871 2352 1122 2423 pariter;
1157 2353 1255 2423 qui
1282 2356 1516 2419 mattas,
1558 2353 1617 2407 in
1678 2369 1853 2407 unam
1912 2369 1998 2407 re-

354 2444 636 2513 putantur
669 2440 985 2507 familiam;
1022 2441 1431 2509 sarcinatores,
1459 2441 1827 2513 carpentarii,
1889 2439 1997 2495 ful-

352 2529 539 2599 lones,
570 2529 852 2602 gallicarii
886 2545 1152 2585 seorsum
1186 2546 1220 2585 a
1250 2530 1373 2585 suis
1403 2530 1729 2602 praepositis
1784 2531 1996 2602 guber-

356 2624 607 2674 nantur:
659 2622 715 2672 et
771 2633 874 2688 per
944 2616 1208 2689 singulas
1263 2617 1664 2673 hebdomadas
1696 2618 1999 2673 ratiocinia

356 2722 599 2779 operum
631 2723 873 2761 suorum
929 2707 999 2760 ad
1054 2706 1281 2760 Patrem
1336 2706 1674 2761 monasterii
1716 2707 1997 2763 referunt.

416 2795 755 2851 7.0mnium
770 2796 1256 2851 monasteriorum
1270 2794 1542 2866 princeps
1556 2812 1737 2850 unum
1752 2795 2000 2852 habetur

359 2958 432 3012 de
470 2956 695 3029 reliquo
726 2955 1411 3029 circumferunt~manus.
1446 2978 1473 3029 »ν
1505 2956 1630 3011 Vid.
1655 2957 1808 3011 infra
1871 2973 1995 3029 cap.

359 3029 445 3083 14.
501 3026 845 3083 De'Melote
894 3032 1090 3082 autem
1151 3026 1365 3082 Paulus
1424 3028 1705 3083 diaconus
1764 3026 1999 3083 nomine

356 3099 741 3155 Theodemari
766 3099 992 3154 abbatis
1013 3099 1082 3153 ad
1102 3098 1369 3154 Carolum
1398 3098 1673 3169 Magnum
1707 3100 1994 3154 scribens:

356 3194 383 3219 «
423 3171 595 3239 Illud,
624 3169 1321 3241 inquittvestimentum,
1383 3171 1534 3241 quod
1596 3187 1629 3225 a
1685 3170 1999 3226 Gallicanis

2121 580 2377 650 exceptis
2398 577 2493 632 bis
2523 577 2623 648 qui
2654 577 2712 631 in
2741 578 3094 633 monasterio
3126 574 3436 633 necessarii
3466 578 3657 641 sunt,,
3686 574 3760 630 ad

2121 665 2290 721 illum
2323 681 2527 721 omnes
2557 670 3005 739 congregantur,
3031 672 3097 722 ut
3117 664 3544 738 quinquaginta
3573 662 3765 719 millia

2119 755 2237 810 fere
2270 754 2577 810 hominum
2610 754 2906 812 Passionis
2936 754 3249 812 Dominicis
3284 755 3383 811 ιο
3414 752 3590 811 simul
3616 750 3764 809 cele-

2116 843 2285 899 brent
2322 844 2715 899 festivitatem.

2185 932 2237 985 8.
2272 931 2492 998 Mense,
2527 932 2620 987 cui
2649 931 2998 987 vocabulum
3030 936 3119 988 est
3148 932 3391 1000 Mesore,
3423 931 3481 986 id
3513 934 3604 987 est
3647 931 3764 986 Au-

2113 1025 2309 1092 gusto,
2340 1020 2528 1076 instar
2555 1021 2788 1076 Jubilaai
2814 1022 3204 1077 remissionis
3241 1021 3367 1076 dies
3396 1024 3761 1088 exercentur,

2114 1113 2170 1163 et
2200 1115 2435 1180 peccata
2454 1111 2730 1166 omnibus
2770 1110 3167 1178 dimittuntur,
3193 1108 3763 1181 reconcilianturque

2116 1198 2228 1252 sibi
2260 1198 2359 1270 qui
2387 1197 2644 1270 aliquam
2672 1198 2999 1254 habuerant
3030 1198 3422 1267 simultatem;
3454 1201 3513 1254 et
3557 1198 3758 1270 dispo-

2114 1291 2339 1341 nuntur
2361 1288 2852 1343 monasteriorum
2884 1288 3096 1360 capita,
3126 1288 3583 1361 dispensatores,
3612 1303 3760 1359 prae-

2114 1376 2312 1447 positi,
2348 1376 2626 1441 ministri,
2658 1381 2831 1449 prout
2856 1374 3177 1432 necessitas
3208 1376 3540 1449 postularit.

2183 1467 2238 1518 9.
2270 1465 2449 1519 Aiunt
2471 1470 2664 1520 autem
2696 1464 2929 1521 Thebaai
2973 1465 3126 1536 quod
3176 1464 3509 1532 Pachomio,
3541 1465 3761 1520 Corne-

2113 1552 2307 1625 lioque
2338 1557 2393 1608 et
2425 1554 2587 1624 Syro,
2620 1553 2723 1625 qui
2752 1570 2940 1626 usque
2978 1554 3151 1609 hodie
3204 1553 3355 1609 ultra
3404 1556 3639 1609 centum
3699 1556 3763 1608 et

2113 1643 2313 1697 decem
2345 1659 2530 1698 annos
2560 1643 2749 1698 vivere
2779 1642 3013 1711 dicitur,
3037 1640 3281 1714 angelus
3311 1640 3524 1714 linguis
3555 1640 3762 1713 mysti-

2114 1748 2190 1785 cae
2223 1730 2525 1786 scientiam
2559 1731 2805 1798 dederit,
2840 1735 2907 1786 ut
2936 1730 3258 1787 scriberent
3282 1731 3414 1798 sibi,
3447 1734 3505 1787 et
3552 1728 3760 1802 loque-

2112 1825 2315 1875 rentur
2343 1836 2447 1891 per
2467 1818 2847 1892 alphabetum
2880 1819 3151 1892 speciale,
3185 1819 3372 1892 signis
3396 1818 3758 1891 quibusdam

2110 1914 2166 1963 et
2196 1908 2476 1981 symbolis
2508 1909 2885 1964 absconditos
2944 1925 3154 1965 sensus
3208 1907 3544 1964 involvens:
3606 1923 3759 1980 quas

2109 2012 2215 2050 nos
2246 1994 2535 2067 Epistolas
2564 1996 2586 2028 ²
2615 1994 2697 2050 ita
2717 1999 2783 2049 ut
2841 1995 2996 2067 apud
3054 1995 3352 2067 Egyptios
3408 1995 3759 2067 Grecosque

2108 2083 2404 2156 leguntur,
2428 2084 2486 2138 in
2521 2089 2781 2140 nostram
2815 2082 3077 2155 linguam
3105 2084 3412 2151 vertimus,
3443 2083 3647 2139 eadem
3687 2087 3759 2139 ut

2106 2172 2430 2244 reperimus
2456 2172 2745 2228 elementa
2774 2177 3077 2245 ponentes,
3100 2177 3156 2228 et
3177 2189 3293 2244 qua
3314 2171 3754 2245 simplicitatem

2107 2261 2355 2333 Egyptii
2386 2260 2673 2317 sermonis
2706 2261 2915 2317 imitati
2964 2278 3193 2329 sumus,
3254 2259 3755 2333 interpretationis

2108 2352 2252 2406 fides
2282 2354 2406 2405 est:
2443 2367 2514 2405 ne
2544 2350 2697 2406 viros
2727 2350 3079 2422 apostolicos
3111 2356 3167 2405 et
3196 2354 3347 2406 totos
3377 2349 3577 2423 gratia;
3621 2348 3753 2423 spi-

2108 2439 2293 2494 ritalis
2313 2456 2505 2494 sermo
2540 2438 2862 2495 rhetoricus
2891 2439 3249 2495 immutaret.
3279 2440 3498 2495 Cetera
3551 2442 3755 2495 autem

2107 2545 2234 2600 quae
2266 2530 2323 2583 in
2350 2544 2551 2583 eorum
2572 2528 2917 2583 tractatibus
2938 2528 3311 2583 continentur
3329 2527 3632 2600 prelibare
3653 2543 3758 2582 no-

2111 2617 2215 2685 lui,
2251 2623 2315 2672 ut
2345 2620 2402 2671 in
2438 2616 2563 2671 suis
2594 2616 2897 2671 discantur
2916 2617 3289 2673 auctoribus:
3316 2620 3373 2672 et
3390 2616 3462 2672 de
3490 2615 3757 2673 fontibus

2111 2706 2306 2779 potius
2337 2722 2513 2777 quam
2542 2707 2613 2760 de
2636 2705 2841 2760 rivulis
2880 2706 3102 2774 bibant,
3134 2722 3285 2777 quos
3342 2708 3554 2761 sancte
3611 2720 3753 2760 con-

2106 2794 2453 2851 versationis
2476 2794 2672 2850 studia
2694 2793 3000 2849 delectant.

2107 2956 2260 3030 quod
2296 2955 2526 3030 proprie
2557 2954 2977 3030 monachorum
3004 2955 3280 3030 designat
3309 2953 3600 3030 habitum,
3630 2954 3755 3030 Me-

2108 3026 2284 3109 lotem
2300 3026 2605 3109 appellare
2631 3028 2935 3109 debemus,
2969 3026 3121 3109 sicut
3144 3026 3207 3082 ct
3234 3026 3519 3083 hactenus
3546 3026 3605 3082 in
3644 3026 3756 3083 hac

2108 3098 2402 3174 provincia
2425 3115 2457 3153 a
2479 3098 2848 3174 quibusdam
2866 3105 3123 3174 vocatur.
3160 3120 3189 3148 ››

2178 3172 2197 3205 ⁷
2232 3170 2488 3225 Holsten.
2510 3171 2622 3224 sive
2645 3173 2767 3240 post
2795 3169 3039 3223 biduum.

356 3219 1645 3314 1118:3838i'é'é‘ﬁéiiili'éié’i’iﬁi1;Elim;Baliari:
1692 3219 1996 3307 28651355}
2030 3219 2071 3284 (ἶ
2179 3244 2199 3277 ⁸
2229 3219 2811 3309 ᾗόἱέίέἦξζὲὲὲιῖὸὲὶέ
2830 3219 3334 3313 tvpographorum
3358 3239 3591 3307 mendo,
3610 3255 3755 3296 non.

906 3878 1292 3968 PATRIS
1348 3879 1787 3968 NOSTBI
1844 3880 2393 3969 PACHOMII
2450 3882 2933 3971 HOMINIS
2994 3882 3210 3990 DEI,

754 4084 875 4155 Qui
907 4084 1189 4154 fundavit
1217 4086 1747 4147 conversationem
1791 4085 2221 4147 coenobiorum
2251 4106 2286 4148 a
2316 4087 2621 4167 principio
2652 4105 2762 4167 per
2803 4086 3172 4147 mandatum
3217 4084 3352 4146 Dei.

1503 4398 1917 4460 EXORDIUM
1963 4386 2598 4476 PRJECEPTORUM,

1848 4567 2252 4581 —————___.

439 4719 532 4776 57
572 4719 613 4775 Ι.
645 4719 751 4786 Qui
788 4719 951 4777 rudis
982 4720 1040 4775 in
1076 4719 1373 4776 collectam
1417 4724 1753 4776 sanctorum
1814 4719 2006 4793 ingre-
2037 4722 2083 4786 D
2117 4738 2293 4794 quam
2328 4723 2763 4779 Levitonarium
2788 4729 3018 4795 vocant,
3052 4724 3365 4797 diligenter
3398 4722 3762 4797 astringens,

363 4807 543 4873 ditur,
576 4813 632 4864 et
661 4824 836 4881 quem
870 4825 971 4881 per
992 4810 1253 4865 ordinem
1279 4808 1502 4879 janitor
1522 4808 1593 4863 ab
1626 4811 1773 4864 ostio
1805 4826 2006 4866 mona—

363 4896 522 4953 sterii
557 4897 963 4968 introduxerit,
1007 4901 1064 4953 et
1111 4898 1311 4953 sedere
1366 4896 1564 4952 fecerit
1603 4898 1659 4951 in
1719 4903 2000 4954 conventu

349 4986 621 5054 fratrum,
652 5002 769 5043 non
800 4985 851 5042 ei
882 4984 1080 5042 licebit
1113 4985 1355 5042 sedendi
1386 4986 1579 5041 locum
1613 4986 1701 5041 vel
1733 4988 1999 5043 ordinem

350 5079 735 5143 commutare,
768 5076 955 5131 donec
985 5091 1120 5130 eum
1154 5074 1470 5130 transferat
1490 5075 1775 5142 Totihioc,
1810 5077 1865 5132 id
1892 5081 1998 5145 est,

350 5162 702 5234 praepositus
734 5165 946 5220 domus
979 5181 1115 5232 suae,
1153 5165 1226 5219 ad
1259 5162 1449 5219 locum
1477 5164 1581 5235 qui
1629 5164 1680 5219 ei
1732 5163 1840 5220 rite
1897 5165 2001 5221 de-

354 5251 544 5306 betur.

425 5339 497 5395 ll.
532 5340 985 5398 Sedebitautem
1019 5360 1153 5399 cum
1186 5342 1346 5399 omni
1380 5343 1586 5398 decore
1641 5346 1698 5398 et
1728 5359 2000 5398 mansue-

352 5429 596 5497 tudine;
630 5429 1081 5504 pelliculamque
1111 5449 1287 5505 super
1330 5432 1639 5487 humerum
1698 5436 1883 5504 geret:
1934 5449 2003 5487 ex

352 5518 531 5574 latere
557 5524 614 5574 et
641 5518 897 5574 inferiori
931 5526 1093 5593 parte
1116 5522 1373 5577 subdens
1398 5520 1668 5590 natibus;
1719 5525 1774 5576 et
1828 5522 2001 5577 vesti-

356 5611 649 5682 mentum,
673 5608 731 5666 id
764 5614 874 5685 est,
905 5610 1164 5669 tunicam
1197 5610 1410 5668 lineam
1455 5610 1675 5683 absque
1731 5610 1999 5682 manicis,

2116 4811 2197 4866 ita
2238 4816 2302 4866 ut
2338 4828 2528 4884 genua
2565 4812 2805 4885 cperiat.

2188 4900 2282 4957 Ill.
2321 4901 2583 4973 Cumque
2612 4901 2863 4958 audierit
2892 4919 3090 4960 vocem
3134 4902 3287 4959 tuba:
3336 4902 3409 4958 ad
3449 4900 3760 4960 collectam

2111 4990 2393 5053 vocantis,
2445 4991 2641 5046 statim
2718 4992 3055 5064 egrediatur
3109 4990 3379 5048 cellulam
3438 5006 3631 5058 suam,
3680 4991 3763 5048 de

2110 5078 2421 5150 scripturis
2449 5079 2671 5152 aliquid
2702 5082 2993 5138 meditans
3014 5096 3203 5154 usque
3233 5081 3306 5137 ad
3353 5079 3572 5136 ostium
3614 5094 3759 5135 con-

2109 5167 2405 5223 venticuli.

2182 5254 2276 5312 IV.
2326 5261 2392 5310 Et
2438 5259 2672 5329 quando
2722 5260 2782 5315 in
2830 5259 2954 5316 loco
2985 5257 3239 5314 collecte
3263 5256 3503 5329 coeperit
3545 5256 3759 5313 ambu-

2109 5343 2250 5411 lare,
2288 5350 2353 5400 ut
2375 5347 2446 5401 ad
2478 5346 2670 5404 locum
2706 5349 2945 5405 sedendi
2988 5347 3301 5420 standique
3345 5345 3664 5419 perveniat,
3680 5363 3761 5405 ne

2110 5433 2198 5489 vel
2247 5452 2453 5505 parum
2504 5435 2702 5491 damni
2748 5438 2807 5492 in
2861 5436 3213 5493 monasterio
3276 5452 3345 5491 ex
3386 5435 3629 5492 alterius
3657 5452 3761 5492 ve-

2111 5521 2234 5577 niat
2256 5523 2629 5595 negligentia.
3536 5595 3546 5605 .

2182 5610 2250 5666 V.
2292 5610 2393 5670 Sin
2422 5616 2615 5671 autem
2638 5619 2806 5673 nocte
2850 5615 3085 5690 signum
3106 5612 3454 5683 insonuerit,
3473 5629 3545 5672 ne
3579 5617 3761 5672 stete-
