3970 6454
381 372 454 433 ’Π
1638 368 1700 431 S.
1748 366 2059 435 EUSEBII
2101 366 2550 435 HIERONYMI
3716 364 3801 441 7!

377 503 629 575 quisque
659 501 877 557 habeat
906 497 1326 557 necessarium.
1360 499 1628 556 Codicem
1660 499 1710 556 si
1738 501 1809 556 ad
1842 500 2032 573 legen-
2061 501 2116 568 Α
2147 505 2348 574 erogat
2392 501 2672 557 fratribus
2718 501 3065 571 tragematia
3090 501 3132 567 ‘,
3163 500 3224 558 in
3252 496 3566 557 tribuendo
3606 499 3792 561 medi-

376 592 520 648 dum
550 589 855 663 petierint,
889 588 1218 660 accipiant;
1250 593 1307 643 et
1327 588 1491 644 ﬁnita
1512 589 2033 661 hebdomade,pro-

374 684 506 753 pter
536 696 635 736 eos
670 679 770 752 qui
805 678 1130 734 succedunt
1174 678 1234 732 in
1279 677 1698 745 ministerium,
1731 695 1838 735 suo
1870 678 2034 735 resti-

381 769 735 915 tuXXJECSi
770 861 988 914 mattas
1020 856 1438 928 operabuntur,
1482 855 1878 928 interrogatur
1913 857 2029 912 mi-

375 947 560 1003 nister
586 947 658 1003 ad
691 963 1000 1017 vesperum
1025 943 1367 1015 prapositos
1391 945 1405 977 ¹
1434 944 1741 1000 domorum
1774 944 2029 1016 singula-

371 1053 504 1092 rum
522 1035 1070 1109 quibusjuncorum
1085 1033 1173 1089 sin
1182 1032 1334 1106 gulis
1345 1032 1615 1088 domibus
1629 1034 2025 1089 necessarium

372 1124 484 1193 sit;
518 1130 576 1181 et
606 1125 691 1181 sic
720 1124 994 1179 infundet
1014 1123 1249 1194 juncos,
1280 1126 1337 1178 et
1384 1138 1557 1177 mane
1605 1139 1707 1193 per
1759 1122 2022 1180 ordinem

371 1212 688 1285 unicuique
720 1212 961 1268 tribuet.
997 1212 1066 1266 Et
1095 1210 1143 1266 si
1175 1226 1347 1265 mane
1375 1208 1584 1265 viderit
1612 1210 1744 1265 aliis
1790 1227 2024 1283 quoque

363 1301 563 1373 juncis
585 1319 732 1374 opus
755 1318 904 1370 esse,
931 1300 1197 1354 infundet
1226 1302 1409 1363 eos,et
1432 1298 1501 1353 ad
1529 1297 1792 1370 singulas
1816 1300 2023 1356 domos

370 1390 620 1462 perferet
677 1390 901 1459 tandiu,
963 1389 1147 1444 donec
1204 1388 1444 1459 signum
1500 1387 1771 1443 vescendi
1829 1388 2022 1445 incret-

371 1483 489 1550 pet.
518 1469 540 1485 ⁸
883 1477 886 1482 ’

434 1567 651 1623 XXVII.
686 1566 1037 1640 Praepositae
1066 1566 1299 1630 domus,
1332 1566 1431 1636 qui
1464 1565 1670 1637 implet
1701 1564 2018 1621 hebdoma-

365 1655 522 1724 dam,
552 1661 610 1713 et
640 1656 791 1712 alius
824 1655 925 1727 qui
953 1658 1261 1710 venturam
1288 1652 2019 1726 suscipiet,principesque

365 1743 710 1801 monasterii
756 1742 1061 1799 habebunt
1107 1758 1306 1797 curam
1350 1741 1583 1798 videndi
1634 1741 1772 1813 quid
1824 1742 2018 1813 operis

365 1832 826 1905 praetermissum
859 1831 938 1888 sit
964 1830 1053 1887 vel
1086 1830 1452 1902 neglectum;
1486 1834 1542 1886 et
1581 1830 1770 1886 excuti
1803 1830 2019 1887 facient

366 1925 744 1994 mattas,qu:e
773 1937 951 1994 super
980 1920 1379 1992 pavimentum
1411 1920 1470 1975 in
1503 1918 1745 1976 collecta
1766 1920 2014 1992 expandi

367 2009 1100 2081 solent;numerabuntque
1130 2007 1597 2080 funiculos,quos
1628 2026 1728 2080 per
1751 2008 2015 2081 singulas

365 2098 766 2155 hebdomadas
796 2102 1115 2168 torserunt,
1147 2102 1204 2153 et
1228 2114 1430 2153 eorum
1464 2114 1759 2153 summam
1794 2098 2010 2155 descri-

367 2187 507 2243 bent
536 2187 595 2242 in
630 2187 816 2255 buxis,
851 2191 908 2243 et
938 2188 1250 2244 servabunt
1284 2202 1473 2256 usque
1522 2186 1593 2241 ad
1643 2191 1877 2259 tempus
1908 2203 2012 2241 an-

366 2293 496 2331 num
526 2275 1015 2348 congregationis,
1049 2275 1283 2347 quando
1316 2274 1610 2330 reddenda
1641 2281 1727 2329 est
1758 2275 1924 2341 ratio,
1958 2279 2014 2330 et

364 2370 603 2438 peccata
631 2365 905 2421 omnibus
935 2365 1330 2419 dimittuntur.

433 2454 679 2521 XXVIII.
715 2453 973 2510 Dimissa
994 2452 1483 2525 eollecta,singuli
1512 2452 1873 2524 egredientes
1908 2470 2009 2508 us-

363 2559 478 2614 que
507 2543 580 2598 ad
612 2541 854 2598 cellulas
885 2540 1139 2609 suas,vel
1171 2558 1357 2612 usque
1389 2542 1459 2597 ad
1491 2541 1757 2597 vescendi
1792 2539 2006 2610 locum,

364 2632 436 2687 de
488 2630 802 2702 Scripturis
868 2629 1091 2702 aliquid
1159 2630 1633 2695 meditabuntur;
1693 2630 2009 2702 nullusque

364 2719 607 2776 habebit
635 2727 902 2791 opertum
936 2722 1108 2789 caput
1139 2718 1535 2774 meditationis
1567 2724 1849 2789 tempore.

433 2808 619 2864 XXIX.
650 2812 794 2864 Cum
832 2812 1028 2864 autem
1081 2808 1152 2863 ad
1196 2808 1549 2863 vescendum
1602 2808 1885 2873 venerint,
1920 2825 2005 2863 se-

361 2898 587 2954 debunt
610 2914 711 2970 per
738 2896 1003 2954 ordinem
1039 2896 1277 2954 statutis
1306 2896 1449 2952 locis
1498 2901 1554 2952 et
1602 2896 1864 2967 operient
1912 2914 2005 2953 ca-

362 2987 505 3060 pita.

430 3073 591 3130 XXX.
627 3075 958 3147 Statimque
989 3092 1120 3129 cum
1156 3074 1259 3133 tibi
1291 3092 1325 3130 a
1356 3076 1574 3145 majore
1608 3074 1782 3131 fuerit
1822 3075 2004 3146 impe-

357 3169 574 3229 ratum,
602 3167 667 3219 ut
696 3163 768 3220 de
796 3163 911 3219 alia
942 3180 1146 3220 mensa
1172 3163 1242 3219 ad
1274 3161 1446 3218 aliam
1480 3164 1731 3219 transire
1766 3164 1998 3230 debeas,

2142 594 2303 646 tetur
2332 589 2552 662 aliquid
2583 590 2655 645 de
2685 588 3021 661 Scripturis.

2214 678 2508 735 XXXVIII.
2541 678 2650 742 Qui
2704 678 2951 750 suscipit
3006 695 3074 734 ea
3131 694 3258 751 quas
3308 678 3545 745 dantur,
3578 694 3697 735 non
3728 677 3791 739 in

2140 766 2390 833 cucullo,
2459 766 2560 822 sed
2622 767 2682 822 in
2740 766 2888 839 pelle
2947 766 3224 840 accipiat;
3280 782 3471 840 neque
3526 765 3794 843 gustabit

2139 859 2275 911 ante
2304 856 2375 911 de
2400 855 2493 912 his
2524 872 2651 927 quae
2682 853 2989 927 acceperit,
3022 855 3205 912 donec
3252 855 3325 911 ad
3372 854 3614 913 domum
3664 869 3792 931 per-

2136 945 2351 1001 veniat.

2206 1033 2442 1090 XXXIX.
2475 1033 2603 1105 Ipse
2655 1036 2875 1099 autem,
2909 1032 3007 1104 qui
3056 1031 3280 1089 cateris
3328 1030 3567 1099 dividet,
3611 1047 3784 1087 suam

2133 1127 2358 1194 partem
2401 1140 2435 1179 a
2462 1122 2772 1195 praeposito
2803 1120 3065 1194 accipiet.
3098 1121 3261 1186 Quod
3292 1125 3350 1177 et
3377 1119 3567 1178 ceteri
3597 1118 3783 1187 mini-

2133 1211 2238 1266 stri
2270 1211 2491 1268 faciant
2526 1210 2881 1283 accipientes
2908 1210 2980 1267 ab
3011 1208 3148 1277 alio,
3197 1214 3254 1265 et
3291 1208 3374 1265 nil
3407 1208 3655 1267 sibisuo
3686 1225 3782 1265 ar-

2132 1299 2305 1356 bitrio
2334 1300 2714 1371 vindicantes.
2739 1304 2817 1355 Ea
2844 1316 2972 1371 quae
3000 1298 3348 1370 acceperint,
3380 1314 3484 1373 per
3513 1297 3782 1357 triduum

2131 1388 2216 1444 eis
2248 1390 2542 1444 sufficient
2574 1407 2587 1446 :
2622 1394 2678 1445 et
2708 1388 2757 1445 si
2789 1387 2883 1444 cui
2910 1388 3211 1443 residuum
3239 1386 3436 1454 fuerit,
3460 1386 3787 1459 reportabit

2130 1477 2202 1532 ad
2236 1477 2616 1549 praepositum
2646 1478 2881 1543 domus,
2909 1481 2965 1532 et
3006 1475 3102 1530 ille
3130 1479 3375 1548 reponet
3415 1474 3475 1531 in
3516 1473 3783 1540 cellario,

2133 1566 2315 1621 donec
2346 1566 2662 1622 misceatur
2715 1582 2851 1621 cum
2899 1564 3051 1631 aliis,
3102 1568 3159 1620 et
3215 1563 3443 1621 cunctis
3498 1563 3785 1623 fratribus

2128 1654 2472 1726 prabeatur.

2196 1742 2306 1797 XL.
2335 1743 2516 1799 Nemo
2546 1741 2678 1815 plus
2708 1742 2877 1799 alteri
2905 1742 3087 1808 dabit,
3123 1757 3301 1813 quam
3335 1739 3482 1798 alter
3533 1756 3776 1815 accepe-

2126 1830 2236 1899 rit;
2270 1832 2423 1905 quod
2456 1832 2506 1887 si
2537 1832 2877 1888 obtenditur
2913 1831 3249 1899 infirmitas,
3284 1830 3633 1905 propositus
3677 1831 3780 1888 do-

2125 1938 2260 1977 mus
2307 1925 2505 1992 perget
2551 1921 2623 1977 ad
2676 1919 2981 1977 ministros
3028 1919 3460 1993 aagrotantium,
3490 1924 3549 1976 et
3576 1919 3650 1976 ab
3680 1919 3781 1977 his

2123 2026 2254 2081 quae
2286 2010 2620 2066 necessaria
2650 2014 2791 2066 sunt
2821 2008 3084 2081 accipiet.

2192 2099 2327 2154 XLI.
2362 2099 2421 2154 Si
2453 2099 2525 2154 de
2555 2097 2701 2170 ipsis
2734 2098 3024 2154 ministris
3055 2096 3271 2170 aliquis
3302 2097 3617 2170 langusrit,
3650 2113 3777 2155 non

2120 2188 2360 2244 habebit
2388 2186 2683 2243 licentiam
2715 2187 3047 2243 introeundi
3077 2188 3137 2242 in
3181 2185 3495 2260 coquinum
3528 2186 3617 2243 vel
3647 2186 3776 2244 cel-

2120 2276 2358 2344 larium,
2385 2282 2441 2332 et
2471 2276 2582 2332 sibi
2614 2276 2839 2347 aliquid
2870 2276 3171 2334 auferendi
3222 2295 3237 2333 :
3287 2276 3389 2335 sed
3420 2275 3612 2333 caeteri
3662 2275 3775 2333 mi-

2119 2366 2310 2432 nistri,
2343 2365 2399 2421 id
2431 2366 2585 2436 quod
2617 2365 2667 2422 ei
2716 2365 3110 2422 necessarium
3160 2365 3427 2433 viderint,
3474 2364 3703 2423 dabunt
3753 2384 3770 2421 :

2118 2470 2223 2510 nec
2252 2454 2623 2526 permittatur
2662 2470 2911 2525 coquere
2959 2454 3070 2510 sibi
3119 2455 3272 2529 quod
3327 2452 3767 2522 desideraverit,

2117 2544 2217 2598 sed
2274 2544 2565 2615 praepositi
2615 2544 2923 2599 domorum
2978 2560 3105 2614 quae
3154 2541 3485 2599 necessaria
3512 2540 3771 2600 viderint

2116 2632 2190 2699 ei,
2224 2631 2297 2687 ab
2326 2632 2457 2688 aliis
2488 2631 2774 2688 ministris
2806 2630 3109 2703 accipient.

2188 2721 2350 2776 XLII.
2403 2720 2610 2803 Nullus
2660 2721 2912 2775 introeat
2968 2718 3165 2776 locum
3212 2718 3622 2793 aegrotantium
3661 2719 3770 2792 qui

2117 2827 2231 2865 non
2265 2815 2527 2882 aegrotat.
2560 2808 2669 2876 Qui
2700 2809 3083 2882 aegrotaverit,
3134 2825 3169 2866 a
3209 2807 3519 2881 praeposito
3548 2807 3771 2866 domus

2115 2899 2359 2954 ducetur
2405 2897 2465 2953 in
2515 2897 2839 2954 triclinium
2887 2896 3293 2969 aegrotantium
3346 2913 3359 2951 :
3410 2900 3469 2953 et
3513 2896 3562 2952 si
3613 2913 3770 2969 opus

2114 2987 2382 3043 habuerit
2410 2986 2667 3058 palliolo,
2700 2991 2804 3042 aut
2832 2986 3053 3053 tunica,
3084 2990 3187 3041 aut
3217 2985 3463 3055 cateris,
3513 3001 3642 3057 qua:
3690 2986 3769 3042 ad

2114 3077 2517 3148 operiendam,
2567 3076 2655 3131 vel
2706 3076 2777 3131 ad
2826 3075 3177 3131 vescendum
3228 3074 3562 3133 necessaria
3597 3079 3766 3144 sunt,

2114 3165 2239 3238 ipse
2270 3165 2638 3238 praepositius
2663 3164 2909 3236 accipiat
2937 3180 2972 3219 a
3001 3163 3370 3229 ministris,et
3397 3163 3561 3220 dabit
3589 3179 3774 3237 egro-

355 3253 416 3308 in
448 3252 609 3309 nullo
638 3252 873 3324 penitus
906 3252 1409 3310 contradices.Nec
1441 3254 1657 3308 audeas
1691 3256 1826 3308 ante
1857 3270 2000 3325 prze-
2033 3241 2076 3307 C
2113 3255 2398 3310 tantibus.
2459 3255 2571 3310 Nec
2612 3254 2824 3325 poterit
2896 3252 3214 3323 languidus
3270 3250 3497 3326 ingredi
3520 3308 3525 3315 ,
3550 3251 3768 3311 cellam

357 3342 616 3413 positum
647 3342 861 3398 domus
908 3346 1022 3396 tua:
1071 3357 1314 3399 manum
1347 3340 1407 3397 in
1439 3358 1701 3397 mensam
1737 3343 2004 3398 extende-

360 3447 421 3486 re
452 3447 467 3485 :
512 3446 617 3485 nec
648 3429 1089 3501 circumspicias
1116 3430 1260 3485 alios
1290 3436 1607 3485 vescentes.

429 3518 622 3575 XXXI.
684 3518 1102 3591 Unusquisque
1160 3520 1602 3591 praepositorum
1665 3520 1894 3577 docebit
1946 3520 2003 3575 in

357 3608 532 3665 domo
580 3625 708 3674 sua,
750 3610 1045 3680 quomodo
1102 3608 1353 3665 debeant
1402 3625 1534 3665 cum
1593 3608 1911 3681 disciplina
1951 3613 2007 3665 et

359 3696 810 3753 mansuetudine
841 3697 1161 3755 comedere.
1197 3698 1358 3761 Quod
1389 3698 1435 3752 si
1472 3699 1605 3769 quis
1634 3698 1720 3753 vel
1771 3698 2003 3755 locutus

357 3786 554 3856 fuerit,
586 3786 671 3841 vel
705 3786 899 3844 riserit
927 3786 986 3841 in
1018 3787 1325 3854 vescendo,
1359 3792 1493 3859 aget
1522 3787 2008 3858 poenitentiam,et

354 3875 415 3931 in
464 3876 665 3931 eodem
716 3874 842 3930 loco
895 3874 1162 3946 protinus
1214 3875 1651 3948 increpabitur:
1686 3876 2002 3947 stabitque,

353 3963 534 4020 donec
566 3963 718 4019 alius
748 3967 951 4036 surgat
981 3964 1050 4019 de
1078 3964 1449 4023 vescentibus
1478 3967 1519 4019 ³.

424 4052 638 4108 XXXII.
668 4052 726 4107 Si
758 4053 892 4124 quis
924 4053 995 4108 ad
1029 4054 1454 4110 comedendum
1502 4052 1730 4109 tardius
1760 4052 2001 4117 venerit.

353 4146 590 4213 excepto
639 4142 880 4212 majoris
930 4141 1193 4213 imperio,
1229 4142 1502 4198 similiter
1547 4147 1679 4215 aget
1716 4142 2001 4214 pceniten-

352 4230 491 4287 tiam
526 4236 629 4286 aut
657 4230 728 4285 ad
760 4230 998 4291 domum
1022 4232 1267 4303 jejunus
1301 4236 1632 4288 revertetur.

427 4319 670 4375 XXXIII.
704 4318 759 4373 Si
790 4319 1009 4391 aliquid
1044 4322 1445 4377 necessarium
1478 4321 1655 4376 fuerit
1684 4320 1743 4374 in
1776 4336 2004 4386 mensa,

354 4424 525 4464 nemo
566 4406 803 4463 audebit
849 4407 1030 4481 loqui,
1087 4410 1186 4465 sed
1240 4409 1335 4465 6|
1393 4408 1871 4464 ministrantibus
1922 4408 2002 4463 si-

353 4513 538 4571 gnum
571 4497 763 4555 sonitu
790 4496 973 4555 dabit.

2115 3344 2498 3411 vescentium,
2544 3347 2603 3397 et
2651 3341 2954 3397 comedere
3006 3356 3133 3412 quae
3182 3340 3495 3411 desiderat,
3557 3340 3671 3397 nisi
3731 3357 3772 3398 ι

2118 3432 2411 3499 ministro,
2445 3432 2546 3503 qui
2584 3429 2721 3486 huic
2771 3430 2852 3486 rei
2896 3428 3242 3503 praepositus
3272 3434 3381 3498 est,
3412 3430 3663 3487 ducatur
3690 3429 3768 3486 ad

2113 3522 2488 3576 vescendum.

2191 3610 2291 3667 62
2324 3608 2515 3664 XLIII.
2551 3607 2677 3663 Non
2721 3606 2773 3662 ei
2801 3605 2999 3663 licebit
3044 3607 3116 3663 de
3164 3606 3257 3663 his
3305 3622 3431 3678 qua:
3478 3607 3773 3680 acceperit

2115 3698 2175 3753 in
2234 3697 2358 3752 loco
2406 3695 2835 3767 aegrotantium,
2870 3696 3019 3751 ferre
3062 3696 3133 3751 ad
3189 3694 3396 3751 cellam
3445 3711 3637 3768 suam,
3687 3712 3769 3754 ne

2112 3803 2358 3860 pomum
2387 3786 2645 3858 quidem.

2184 3875 2370 3931 XLIV.
2411 3874 2518 3939 Qui
2568 3872 2965 3946 pulmentaria
3011 3876 3294 3946 coquunt,
3342 3871 3457 3946 ipsi
3502 3871 3772 3931 vicissim

2113 3963 2590 4021 ministrantibus
2619 3966 2675 4019 et
2701 3962 3069 4019 vescentibus
3099 3962 3521 4042 ministrabant
3544 3962 3584 4016 ⁸.

2193 4052 2355 4108 XLV.
2390 4051 2603 4107 Vinum
2637 4055 2694 4107 et
2721 4050 3019 4124 liquamen
3051 4051 3276 4123 absque
3324 4049 3450 4108 loco
3480 4054 3778 4124 aegrotan-

2113 4142 2271 4196 tium
2298 4139 2499 4197 nullus
2526 4140 2845 4212 contingat.

2185 4229 2383 4286 XLVI.
2425 4229 2480 4285 Si
2516 4228 2729 4301 aliquis
2759 4245 2960 4285 eorum
3011 4228 3112 4302 qui
3159 4243 3399 4302 peregre
3428 4228 3773 4302 mittuntur,

2113 4319 2171 4373 in
2220 4318 2447 4384 itinere,
2499 4316 2587 4372 vel
2636 4318 2696 4372 in
2747 4317 2876 4373 navi
2906 4318 2928 4352 ⁸
2958 4316 3339 4391 aegrotaverit,
3387 4321 3444 4375 et
3490 4316 3776 4375 habuerit

2112 4407 2526 4466 necessitatem
2542 4406 2674 4464 sive
2696 4406 3051 4463 desiderium
3074 4405 3415 4463 comedendi
3456 4405 3766 4478 liquamen

2112 4499 2184 4554 de
2211 4496 2498 4569 piscibus,
2537 4495 2625 4552 vel
2656 4495 2904 4554 aliarum
2937 4512 3153 4564 rerum,
3188 4512 3314 4568 quae
3362 4495 3422 4551 in
3462 4500 3765 4553 monaste-

423 4584 663 4643 XXXIV.
697 4586 757 4643 Si
788 4602 1062 4659 egressus
1094 4586 1275 4645 fueris
1324 4603 1358 4641 a
1407 4586 1554 4655 cibo,
1590 4602 1705 4641 non
1744 4584 2003 4657 loquaris
2038 4606 2082 4671 Ι)
2116 4588 2201 4643 rio
2234 4586 2537 4642 comedere
2568 4588 3016 4653 consueverunt,
3049 4601 3165 4641 non
3214 4583 3597 4641 manducabit
3624 4600 3767 4643 cum

353 4674 414 4730 in
445 4676 766 4745 redeundo,
795 4677 977 4732 donec
1008 4677 1080 4731 ad
1114 4675 1307 4731 locum
1341 4679 1510 4731 tuum
1544 4675 1868 4746 pervenias.

422 4765 632 4823 XXXV.
670 4765 921 4821 Ministri
963 4765 1187 4836 absque
1240 4764 1355 4829 his,
1405 4780 1531 4836 quae
1584 4764 1642 4818 in
1698 4780 2007 4820 commune

354 4854 633 4911 fratribus
686 4858 1010 4926 praeparata
1061 4857 1225 4920 sunt,
1277 4852 1422 4907 nihil
1469 4852 1625 4908 aliud
1678 4853 2006 4922 comedunt,

355 4960 462 5001 nec
496 4947 751 5001 mutatos
782 4942 965 5012 cibos,
997 4942 1109 4998 sibi
1142 4942 1402 4998 audeant
1428 4959 1771 5013 praeparare.

426 5031 670 5087 XXXVI.
705 5030 811 5097 Qui
843 5029 1097 5103 percutit
1148 5031 1221 5084 ad
1270 5032 1625 5086 vescendum
1673 5035 1730 5087 et
1774 5049 2009 5106 congre-

356 5125 455 5194 gat
483 5122 505 5155 ³
536 5121 765 5187 fratres,
799 5119 1117 5174 meditetur
1147 5117 1368 5191 aliquid
1399 5119 1456 5174 in
1483 5121 1881 5192 percutiendo.

426 5208 697 5266 XXXVII.
729 5207 838 5274 Qui
891 5211 1025 5264 ante
1076 5207 1228 5264 fores
1270 5207 1515 5264 convivii
1575 5210 2009 5282 egredientibus

429 5326 678 5401 {Malim
710 5324 1005 5397 equidem,
1055 5341 1089 5379 α
1136 5327 1454 5401 Praeposito,
1501 5330 1559 5382 et
1607 5328 1805 5383 statim
1855 5333 2005 5401 post.

361 5400 502 5470 quid,
523 5402 626 5470 aut
654 5406 921 5469 quantum
956 5413 1057 5467 pro
1087 5398 1306 5470 quibus.

431 5471 452 5503 ²
483 5469 690 5549 Verius
724 5473 1111 5549 puto‘veteres
1140 5469 1304 5535 editi,
1335 5468 1520 5549 donec.
1548 5473 1651 5526 alii
1698 5476 1925 5542 surgant
1948 5470 2011 5527 de

359 5540 638 5603 vescendo,
665 5539 887 5595 scilicet
918 5540 988 5595 ad
1022 5556 1235 5596 mensa:
1269 5556 1456 5611 usque
1488 5542 1685 5597 finem.

432 5611 454 5644 ³
493 5610 641 5685 Editi
697 5615 942 5685 veteres,
1000 5611 1131 5667 dum
1175 5610 1631 5685 congregantur;
1674 5614 1820 5669 illud
1877 5630 2011 5670 vero

357 5684 659 5759 percutere,
690 5689 779 5743 est
828 5683 1088 5761 signum,
1139 5683 1389 5763 aliquid
1413 5684 1814 5759 percutiendo,
1848 5686 2007 5745 dare.

2113 4676 2396 4732 fratribus
2446 4675 2692 4742 ceteris,
2739 4674 2841 4730 sed
2885 4673 3199 4746 separatim
3231 4690 3244 4728 :
3273 4676 3332 4729 et
3359 4672 3598 4729 dabitur
3623 4671 3675 4729 ei
3732 4691 3773 4731 a

2119 4764 2403 4821 ministris
2435 4764 2507 4820 ad
2538 4778 2773 4820 omnem
2805 4762 3251 4832 abundantiam,
3282 4777 3354 4818 ne
3383 4761 3444 4817 in
3476 4759 3596 4817 ullo
3645 4760 3773 4819 fra-

2118 4860 2204 4910 ter
2233 4852 2550 4924 languidus
2580 4851 2978 4907 contristetur.

2187 4943 2395 4999 XLVII.
2431 4946 2832 5015 ngrotantem
2861 4941 3084 5012 absque
3118 4936 3492 4996 concessione
3527 4937 3778 5009 majoris

2115 5030 2321 5087 nullus
2372 5032 2585 5087 audeat
2630 5030 2898 5098 visitare;
2950 5045 3056 5085 nec
3113 5026 3481 5101 propinquus
3530 5026 3778 5098 quidem

2118 5125 2293 5193 atque
2325 5136 2641 5193 germanus
2672 5120 2799 5176 sine
2826 5119 3072 5193 imperio
3103 5115 3401 5192 prmpositi
3432 5116 3648 5174 domus
3677 5115 3777 5174 in-

2117 5209 2418 5284 grediendi
2450 5208 2751 5265 habebunt
2779 5212 3149 5282 potestatem.

2187 5329 2209 5362 ⁴
2242 5327 2421 5382 Iidem
2453 5326 2791 5382 duleiamina
2823 5342 2925 5396 pro
2949 5325 3295 5396 tragematia.

2191 5400 2211 5433 ⁵
2240 5398 2514 5469 Princeps
2565 5398 2725 5465 edit.,
2774 5395 2882 5470 ipsi
2928 5395 3097 5470 ηἰΙιξιΔ
3127 5396 3411 5470 edentibus
3440 5395 3537 5467 (ad
3565 5410 3775 5470 marg.

2121 5471 2254 5551 fort.
2288 5467 2523 5551 edentes)
2570 5467 2986 5551 ministrabant.
3040 5467 3405 5551 piacconius,
3465 5467 3575 5538 ipsi
3620 5467 3778 5524 nihil

2124 5546 2427 5613 gustantes,
2460 5538 2741 5597 edentibus
2768 5538 3185 5595 ministrabant.

2190 5615 2209 5648 θ
2243 5613 2425 5670 Iidem
2472 5614 2530 5670 in
2581 5615 2670 5671 via
2717 5627 2820 5686 pro
2867 5612 3020 5680 navi,
3051 5614 3108 5666 et
3133 5608 3309 5686 paulo
3339 5613 3473 5684 post
3501 5624 3638 5667 cum
3670 5624 3775 5673 ne-
