3970 6404
145 362 213 426 πθ
1037 357 1677 430 INTERPRETA'I‘IO
1724 355 2062 431 aecum:
2107 365 2168 430 S.
2217 364 2619 431 PACHOMII.
3447 355 3530 428 ‘74

207 493 438 561 XLVIII.
469 501 530 558 Si
563 515 749 556 unum
777 517 844 556 ex
874 501 966 557 his
993 503 1066 557 ab
1098 501 1293 570 aliquo
1334 501 1508 558 fuerit
1536 505 1769 573 praeter-
1799 516 1854 581 Α
1886 519 2092 574 quum,
2119 502 2343 574 janitor
2391 503 2685 558 nuntiabit
2733 501 2888 558 Patri
2926 483 3299 570 monasterii,
3332 506 3387 556 et
3433 499 3530 556 ille

147 594 367 650 missum
391 598 566 666 atque
588 590 938 664 neglectum,
960 590 1360 663 increpatione
1384 591 1555 646 solita
1576 608 1771 646 emcn-

142 684 370 740 dabitur.

201 772 368 828 XLIX.
401 772 462 828 Si
513 772 646 843 quis
687 769 1002 826 accesserit
1054 770 1125 824 ad
1177 770 1394 824 ostium
1430 769 1772 824 monasterii

141 861 318 919 volens
345 860 1006 925 saeculorenuntiare,et
1037 859 1279 914 fratrum
1323 859 1625 932 aggregari
1669 877 1771 913 nu-

143 964 307 1016 mero,
345 965 459 1004 non
494 947 735 1003 habebit
767 946 1028 1002 intrandi
1074 946 1426 1013 libertatem,
1472 949 1573 1002 sed
1606 947 1770 1017 prius

141 1037 486 1093 nuntiabitur
516 1037 672 1092 Patri
725 1036 1086 1100 monasterii,
1139 1040 1197 1090 et
1253 1036 1516 1090 manebit
1566 1037 1770 1107 paucis

143 1125 325 1182 diebus
353 1127 494 1182 foris
529 1131 661 1182 ante
683 1126 954 1197 januam,
997 1129 1056 1180 et
1090 1124 1397 1179 docebitur
1445 1125 1768 1180 orationem

141 1213 480 1271 Domin‘icam
513 1231 580 1270 ac
611 1213 895 1279 Psalmos,
932 1219 1183 1284 quantos
1218 1213 1430 1285 poterit
1461 1214 1718 1268 ediscere
1752 1231 1765 1268 :

140 1306 191 1357 et
217 1302 517 1376 diligenter
547 1303 637 1359 sui
660 1303 1126 1375 experimentum
1153 1302 1336 1369 dabit,
1364 1317 1435 1356 ne
1458 1303 1604 1356 forte
1629 1300 1765 1356 mali

141 1392 416 1465 quidpiam
447 1393 668 1460 fecerit,
701 1397 758 1449 et
780 1393 1054 1447 turbatus
1075 1391 1145 1446 ad
1171 1390 1374 1446 horam
1405 1391 1616 1446 timore
1645 1391 1766 1446 dis-

143 1482 376 1548 cesserit,
425 1487 529 1538 aut
557 1481 668 1537 sub
714 1480 914 1552 aliqua
961 1483 1246 1552 potestate
1277 1480 1353 1535 sit
1395 1497 1408 1534 :
1457 1484 1512 1534 et
1568 1485 1764 1534 utrum

143 1569 310 1640 possit
337 1571 670 1627 renuntiare
688 1569 1031 1642 parentibus
1063 1569 1212 1635 suis,
1242 1573 1298 1624 et
1320 1569 1614 1640 prepriam
1637 1585 1768 1623 con-

141 1665 373 1717 temnere
413 1660 775 1716 facultatem.
827 1659 888 1714 Si
946 1659 1103 1714 enim
1142 1658 1394 1713 viderint
1441 1663 1642 1730 aptum
1691 1659 1763 1713 ad

143 1749 441 1805 orationem
468 1752 527 1804 et
555 1748 628 1802 ad
661 1747 878 1814 omnia,
905 1751 1045 1801 tunc
1083 1745 1388 1801 docebitur
1415 1750 1473 1799 et
1507 1743 1766 1816 reliquas

139 1837 451 1894 monasterii
484 1834 847 1908 disciplinas,
878 1850 1029 1906 quas
1079 1849 1308 1889 servare
1352 1833 1559 1888 debeat
1589 1837 1646 1886 et
1680 1833 1764 1888 fa-

137 1943 267 1994 cere,
299 1927 629 1999 quibusque
669 1924 904 1991 servire,
948 1923 1066 1979 sive
1117 1922 1174 1977 in
1225 1921 1465 1977 collecta
1493 1922 1759 1978 omnium
1794 1891 1841 1956 B

45 2027 58 2038 '
136 2016 380 2083 fratrum,
413 2015 537 2071 sive
568 2015 626 2069 in
659 2014 832 2069 domo
881 2012 974 2067 cui
1016 2011 1336 2067 tradendus
1378 2016 1488 2079 est,
1545 2011 1666 2066 sive
1697 2013 1756 2066 in

140 2104 386 2160 vescendi
415 2103 658 2170 ordine;
691 2108 758 2157 ut
788 2103 1137 2170 instructus,
1171 2105 1350 2171 atque
1373 2099 1668 2172 perfectus
1699 2101 1758 2154 in

138 2193 279 2248 omni
309 2209 480 2266 Opere
511 2193 686 2260 bono,
720 2189 1004 2246 fratribus
1025 2188 1351 2261 copuletur.
1382 2189 1546 2244 Tunc
1578 2190 1759 2244 nuda-

137 2282 419 2337 bunt'eum
454 2280 822 2338 vestimentis
853 2278 1253 2346 smeularibus,
1288 2282 1344 2333 et
1374 2278 1622 2332 induent
1663 2279 1759 2334 ha-

132 2370 241 2426 bitu
257 2371 697 2441 monachorum,
719 2369 1070 2439 tradentque
1091 2365 1351 2434 ostiario,
1384 2370 1451 2422 ut
1481 2367 1759 2423 orationis

130 2463 367 2534 tempore
395 2460 651 2516 adducat
680 2475 815 2515 eum
849 2457 907 2512 in
937 2459 1318 2528 conspectum
1351 2456 1617 2510 omnium
1643 2456 1758 2511 fra-

132 2553 312 2605 trum:
341 2548 688 2619 sedebitque
732 2547 792 2602 in
831 2545 977 2612 loco,
1028 2545 1087 2600 in
1128 2559 1246 2616 quo
1304 2544 1354 2599 ei
1403 2549 1757 2617 praeceptum

131 2637 304 2694 fuerit.
335 2637 697 2694 Vestimenta
745 2641 964 2703 autem,
1007 2649 1134 2706 quae
1192 2649 1395 2688 secum
1451 2634 1757 2699 detulerat,

130 2729 390 2802 accipient
416 2728 521 2802 qui
569 2727 706 2783 huic
745 2727 826 2782 rei
859 2727 958 2782 ω
990 2722 1282 2797 ριιωροείὶὶ
1333 2729 1493 2791 sunt,
1527 2729 1582 2780 et
1613 2725 1759 2782 intle-

127 2821 241 2874 rent
266 2818 319 2874 in
351 2816 786 2892 repositorium,
833 2832 863 2872 e
916 2819 1090 2871 erunt
1121 2815 1178 2870 in
1228 2818 1514 2884 potestate
1544 2814 1758 2886 princi-

134 2907 212 2977 pis
241 2907 595 2964 monasterii.

193 2995 248 3052 L.
297 2996 479 3053 Nemo
526 3011 774 3052 manens
832 2996 890 3050 in
959 2997 1315 3054 monasterio
1389 2993 1758 3074 suscipiendi

136 3086 444 3158 quempiam
475 3085 554 3142 ad
583 3087 937 3142 vescendum
967 3085 1178 3142 habeat
1220 3089 1565 3160 potestatem
1594 3100 1606 3137 :
1658 3082 1759 3137 sed

132 3171 174 3227 is
230 3175 410 3231 mittet
459 3191 597 3231 eum
631 3175 701 3231 ad
733 3175 949 3232 ostium
978 3176 1344 3243 xenodochii,
1384 3178 1450 3229 ut
1480 3171 1762 3244 suscipia-

136 3264 216 3318 tur
233 3265 300 3319 ab
325 3265 414 3321 his
445 3265 548 3337 qui
570 3265 706 3320 huic
737 3264 819 3320 rei
851 3264 1104 3336 prteositi
1136 3269 1294 3321 sunt.

194 3351 268 3408 LI.
299 3355 540 3420 Quando
573 3354 645 3409 ad
684 3353 940 3410 hostium
982 3353 1324 3410 monasterii
1376 3351 1555 3424 aliqui
1586 3366 1754 3405 vene-

135 3440 253 3509 rint,
284 3443 332 3498 si
362 3443 558 3500 clerici
593 3443 810 3498 fuerint
838 3447 941 3498 aut
971 3443 1267 3509 monachi,
1301 3442 1508 3512 majori
1540 3441 1759 3495 honore

135 3532 509 3604 suscipiantur
570 3549 582 3587 :
645 3531 1042 3604 lavabuntque
1093 3533 1270 3604 pedes
1323 3547 1546 3598 eorum,
1588 3531 1758 3599 juxta

132 3618 225 3687 [Αι.
261 3621 595 3692 servabunt]
630 3621 923 3694 Evangelii
966 3628 1345 3694 prazceptum,
1371 3625 1427 3674 et
1469 3619 1757 3674 deducent

129 3707 188 3760 ad
225 3707 405 3765 locum
455 3709 823 3775 xenodoohii,
877 3711 1337 3782 prmbebuntque
1386 3708 1585 3765 omnia
1631 3724 1757 3779 quae

131 3800 249 3868 apta
291 3806 428 3855 sunt
467 3799 606 3856 usui
667 3798 1113 3858 monachorum.
1166 3800 1329 3864 Quod
1390 3799 1438 3854 ei
1470 3797 1761 3853 Voluerint

134 3888 386 3946 orationis
415 3895 683 3963 tempore
712 3893 891 3961 atque
921 3888 1178 3944 collectae
1199 3887 1394 3944 venire
1425 3887 1496 3942 ad
1521 3902 1762 3942 conven-

134 3978 242 4031 tum
287 3978 555 4046 fratrum,
587 3983 645 4034 et
671 3978 777 4049 [Αι.
811 3978 884 4050 si]
916 3979 1182 4049 ejusdem
1215 3976 1349 4032 ﬁdei
1400 3975 1637 4043 fuerint,
1663 3975 1761 4045 ja-

138 4063 273 4120 nitor
295 4067 380 4123 vel
411 4067 684 4124 minister
718 4066 1062 4122 xenodochii
1096 4065 1391 4122 nuntiabit
1441 4063 1596 4119 Patri
1639 4079 1760 4118 nio-

135 4155 374 4225 nastsrii,
407 4161 466 4213 et
491 4156 584 4212 sic
624 4156 988 4212 deducentur
1030 4155 1102 4212 ad
1143 4155 1453 4210 orandum.
1487 4154 1546 4210 Si
1579 4152 1766 4207 homi-

139 4244 572 4313 nesseeulares,
607 4249 709 4301 aut
747 4243 988 4313 debiles,
1013 4248 1116 4300 aut
1151 4259 1292 4300 vasa
1331 4243 1671 4306 inﬁrmiora,
1705 4241 1764 4296 id

139 4334 232 4398 est,
269 4333 623 4391 mulierculas
653 4333 917 4390 venerint
949 4334 1021 4388 ad
1053 4334 1291 4400 ostium,
1325 4337 1382 4388 et
1411 4332 1700 4388 orandum
1723 4331 1767 4399 ι,

143 4421 439 4494 smcipient
465 4423 735 4497 singulos
767 4423 824 4478 in
848 4422 1094 4480 diversis
1116 4422 1282 4489 locis,
1305 4423 1477 4494 juxta
1501 4418 1766 4477 ordinem

141 4511 396 4580 propositi
444 4517 505 4569 et
531 4528 707 4570 sexus
752 4517 882 4580 sui;
917 4511 1317 4584 przecipueque
1365 4509 1612 4566 feminas
1645 4526 1767 4565 ma-

136 4594 238 4663 jori
261 4599 474 4658 honore
494 4606 554 4657 et
574 4600 879 4674 diligentia
899 4601 1210 4667 curabunt,
1252 4616 1387 4656 cum
1409 4599 1570 4655 omni
1601 4599 1768 4654 timo-

143 4699 196 4739 re
219 4685 332 4758 Dei,
361 4693 418 4746 et
447 4689 644 4746 locum
675 4694 1013 4762 separatum
1039 4688 1111 4746 ab
1142 4689 1300 4745 omni
1331 4688 1593 4745 virorum
1622 4688 1765 4743 vici-

144 4772 231 4828 nia
253 4775 332 4832 eis
359 4779 648 4845 tribuent,
671 4782 737 4834 ut
761 4776 922 4833 nulla
942 4779 1019 4834 sit
1039 4777 1266 4834 occasio
1289 4775 1762 4849 blasphemandi,

144 4858 284 4923 Quod
311 4865 362 4922 si
389 4867 462 4922 ad
494 4883 798 4939 vesperam
840 4869 1126 4933 venerint,
1173 4866 1406 4939 abigere
1454 4882 1554 4922 eas
1602 4866 1766 4921 nefas

145 4954 253 5019 ut;
281 4954 376 5009 sed
405 4956 716 5028 accipient,
749 4960 814 5011 ut
856 4955 1135 5021 diximus,
1186 4961 1521 5028 separatum
1573 4956 1766 5010 locum

146 5041 192 5091 et
219 5039 475 5100 clausum
517 5060 652 5100 cum
693 5045 853 5101 omni
895 5045 1210 5116 disciplina
1264 5051 1439 5116 atque
1490 5043 1719 5100 cautela
1753 5062 1766 5100 :

150 5131 202 5182 ιιι
233 5146 361 5201 grex
389 5133 638 5190 fratrum
669 5133 848 5190 libere
877 5151 986 5189 suo
1026 5134 1217 5190 officio
1265 5135 1496 5201 serviat,
1530 5138 1587 5188 et
1625 5131 1771 5188 nulli

151 5214 296 5276 detur
320 5221 738 5279 offendiculum
769 5223 1136 5280 detrahendi.

211 5307 316 5366 LII.
379 5311 440 5367 Si
485 5311 624 5386 quis
672 5317 805 5368 ante
847 5311 1066 5368 ostium
1115 5311 1341 5368 steterit
1403 5311 1771 5379 monasterii,

152 5391 320 5455 dicens
349 5416 410 5459 se
439 5399 591 5458 velle
615 5400 809 5458 videre
855 5401 1094 5458 fratrem
1144 5415 1342 5467 suum,
1392 5399 1482 5456 vel
1531 5399 1773 5473 propin-

159 5577 305 5655 slndi
334 5579 647 5655 particula,
674 5581 948 5655 comedere
965 5596 1076 5655 non.
1107 5583 1522 5655 consueverant.

1884 591 2134 646 accitum
2166 593 2546 665 interrogabit
2595 592 2971 664 praepositum
3023 592 3255 658 domus,
3309 593 3533 645 utrum-

1885 698 2018 735 nam
2075 669 2230 752 τψὺά
2280 699 2411 736 eum
2465 682 2577 749 sit;
2629 687 2686 736 et
2736 681 3106 752 permittente
3150 697 3236 745 eo,
3290 678 3536 751 accipiet

1883 771 2152 825 comitem
2189 771 2540 841 egressionis
2575 789 2714 840 suae,
2747 773 2916 840 cujus
2951 771 3093 824 fides
3135 770 3376 841 probata
3423 771 3530 834 est,

1883 863 1938 912 et
1969 860 2051 913 sic
2085 859 2347 913 mittetur
2377 861 2446 915 ad
2483 861 2719 915 fratrem
2752 860 3089 921 videndum,
3122 858 3208 913 vel
3233 858 3304 913 ad
3336 858 3532 930 proxi-

1882 964 2066 1002 mum.
2102 948 2339 1015 Silforte
2371 950 2420 1004 ei
2453 947 2674 1020 aliquid
2711 948 2970 1004 attulerit
3001 949 3290 1016 ciborum,
3313 947 3530 1019 quibus

1879 1036 1938 1090 in
1981 1038 2334 1091 monasterio
2366 1038 2519 1092 vesci
2553 1038 2778 1093 licitum
2812 1043 2918 1105 est,
2946 1038 3242 1108 suscipere
3265 1037 3389 1111 ipse
3412 1051 3528 1091 non

1880 1126 2109 1197 poterit,
2137 1127 2236 1180 sed
2271 1126 2914 1196 vocabitjanitorem,et
2937 1126 3033 1181 ille
3064 1126 3240 1182 allata
3260 1125 3526 1197 accipiet;

1878 1230 2006 1284 quae
2039 1215 2085 1269 si
2119 1213 2261 1269 talia
2291 1215 2796 1287 fuerintiAl.qua3],
2817 1221 2882 1270 ut
2913 1232 3046 1270 cum
3073 1231 3222 1287 pane
3241 1214 3530 1270 vescendo.

1878 1303 2015 1368 sint,
2051 1301 2195 1356 nihil
2227 1319 2429 1358 eorum
2481 1304 2530 1358 is
2579 1305 2669 1358 cui
2702 1303 2878 1359 allata
2909 1309 3066 1371 sunt,
3100 1303 3344 1376 accipiet
3374 1301 3526 1358 :sed

1876 1396 2089 1446 cuncta
2139 1393 2209 1446 ad
2261 1391 2385 1446 loca
2435 1392 2844 1465 aegrotantium
2892 1393 3246 1448 deferentur.
3283 1392 3342 1446 Si
3392 1399 3526 1448 vero

1877 1482 1996 1536 sint
2026 1481 2390 1552 tragematia,
2423 1481 2509 1535 vel
2558 1498 2751 1554 poma,
2787 1481 2950 1537 dabit
2994 1483 3045 1537 ei
3089 1481 3309 1552 janitor
3332 1496 3402 1536 ex
3429 1480 3526 1536 his

1876 1570 2178 1624 comedere
2221 1587 2346 1642 quae
2397 1571 2640 1643 poterit;
2673 1575 2724 1626 et
2772 1575 2976 1626 caetera
3022 1572 3093 1626 ad
3143 1569 3347 1626 cellam
3396 1570 3523 1625 lan-

1875 1662 2181 1730 guentium
2223 1659 2570 1730 deportabit.
2605 1660 2733 1731 lpsc
2765 1665 2962 1715 autem
2997 1659 3141 1715 nihil
3174 1677 3240 1715 ex
3271 1659 3363 1715 his
3396 1675 3522 1731 quas

1873 1747 2051 1803 allata
2081 1753 2219 1802 sunt
2248 1753 2484 1819 gustare
2513 1749 2611 1804 65
2640 1750 2870 1821 poterit,
2906 1751 3006 1804 sed
3039 1750 3277 1805 reddere
3323 1749 3375 1804 ei
3422 1748 3522 1821 qui

1875 1836 2090 1903 attulit,
2128 1837 2246 1893 sive
2287 1837 2574 1908 lapsania,
2624 1838 2780 1909 quod
2829 1854 3014 1910 genus
3067 1838 3384 1894 herbarum
3437 1842 3526 1894 est

1870 1925 2166 1990 viliorum,
2217 1926 2336 1980 sive
2387 1944 2588 1998 panes,
2622 1927 2742 1983 sive
2773 1927 2931 1982 olera
2959 1928 3360 1999 praemordica.
3412 1928 3522 1984 Eos

1869 2019 2067 2069 autem
2099 2015 2280 2080 cibos,
2314 2032 2462 2087 quos
2493 2015 2700 2071 allatos
2733 2034 2765 2071 a
2797 2016 3137 2088 parentibus
3168 2016 3256 2072 vel
3288 2017 3519 2089 propin-

1869 2102 2002 2174 quis
2036 2103 2293 2158 diximus
2325 2103 2471 2160 tales
2503 2121 2629 2160 essc
2661 2106 2761 2176 qui
2793 2103 3017 2161 comedi
3066 2121 3197 2162 eum
3246 2123 3395 2178 pane
3427 2107 3521 2161 de-

1869 2191 2066 2256 beant,
2108 2193 2157 2247 is
2212 2192 2305 2247 cui
2357 2192 2516 2247 allati
2572 2200 2711 2248 sunt
2757 2193 3080 2248 deducetur
3125 2212 3159 2249 a
3210 2195 3517 2267 praeposito

1869 2280 2081 2336 domus
2113 2281 2182 2335 ad
2215 2280 2423 2336 cellam
2455 2283 2884 2352 argrotantium,
2926 2287 2984 2337 et
3033 2283 3112 2338 ibi
3163 2284 3344 2338 semel
3393 2287 3520 2338 tan-

1866 2373 1993 2424 tum
2025 2385 2094 2424 ex
2123 2370 2214 2423 his
2245 2371 2510 2425 comedet
2539 2387 2551 2424 :
2587 2377 2790 2426 caetera
2815 2375 3010 2425 autem
3055 2373 3307 2427 eruntin
3339 2389 3520 2429 manu

1869 2458 2158 2513 ministeri
2191 2459 2622 2530 aagrotantium.
2659 2461 2787 2532 Ipse
2837 2475 3070 2532 quoque
3127 2461 3396 2518 minister
3445 2455 3515 2517 de

1869 2546 1961 2602 his
2022 2547 2330 2603 comedere
2361 2565 2473 2603 non
2508 2548 2740 2620 poterit.

1942 2635 2082 2690 LIII.
2114 2637 2171 2691 Si
2205 2636 2377 2692 fuerit
2434 2637 2793 2703 nuntiatum,
2849 2640 3004 2711 quod
3049 2640 3120 2696 de
3170 2640 3519 2713 prepinquis

1870 2741 2071 2780 eorum
2106 2731 2280 2798 atque
2312 2726 2573 2799 cognatis
2621 2728 2721 2799 qui
2770 2728 2829 2782 in
2880 2730 3234 2786 monasterio
3267 2746 3520 2786 commo-

1871 2821 2096 2882 rantur,
2132 2815 2348 2887 aliquis
2379 2822 2637 2888 zrgrotet,
2660 2818 2885 2889 janitor
2917 2819 3172 2890 primum
3224 2817 3521 2875 nuntiabit

1871 2904 2023 2961 Patri
2055 2905 2420 2973 monasterii,
2453 2912 2510 2960 et
2538 2905 2634 2960 ille
2665 2907 2914 2962 accitum
2965 2907 3351 2980 interrogabit
3380 2924 3521 2980 prte-

1870 2996 2126 3066 positum
2160 2995 2391 3049 domus.
2427 2995 2830 3066 Videbuntque
2851 2997 3063 3064 virum,
3089 2998 3260 3069 cujus
3290 2998 3437 3054 fides
3463 3000 3520 3053 et

1869 3083 2188 3156 disciplina
2230 3085 2475 3155 probata
2522 3083 2618 3151 sit,
2668 3091 2725 3140 et
2775 3085 3009 3141 mittent
3057 3102 3186 3140 cum
3243 3103 3330 3154 eo,
3382 3084 3518 3142 visi-

1869 3177 1951 3228 tet
1981 3177 2380 3245 zegrotantem,
2415 3177 2763 3245 tantumque
2795 3174 3041 3246 accipiet
3085 3173 3300 3243 viatici,
3335 3191 3517 3247 quan-

1789 3262 1831 3328 C
1867 3266 1994 3317 tum
2026 3261 2374 3333 praepositus
2413 3262 2624 3317 domus
2654 3263 2782 3332 ejus
2811 3262 3146 3318 decreverit.

1940 3349 2078 3405 LIV.
2113 3349 2275 3414 Quod
2311 3349 2358 3405 si
2393 3351 2710 3407 necessitas
2743 3351 3062 3423 impulerit,
3121 3356 3186 3408 ut
3227 3353 3367 3408 foris
3397 3369 3516 3410 ma-

1867 3446 2019 3506 neat,
2063 3445 2121 3495 et
2162 3443 2432 3494 vescatur
2475 3439 2533 3495 in
2583 3446 2826 3512 paterna
2873 3441 2992 3498 sive
3051 3442 3515 3514 propinquorum

1867 3530 2062 3597 domo,
2093 3545 2466 3600 nequaquam
2493 3527 2601 3584 hoc
2635 3530 2839 3598 faciat;
2875 3531 2973 3586 sed
3009 3532 3268 3588 manebit
3314 3531 3403 3588 vel
3453 3533 3516 3588 in

1869 3619 2194 3686 Dominico,
2225 3618 2310 3674 vel
2343 3619 2402 3672 in
2436 3619 2787 3675 monasterio
2834 3621 3098 3690 ejusdem
3155 3621 3311 3676 fidei.
3347 3621 3416 3677 Et
3463 3622 3514 3678 si

1867 3709 1952 3764 eis
1981 3709 2180 3763 affices
2208 3707 2294 3763 vel
2329 3707 2558 3781 cognati
2590 3709 3041 3781 praeparaverint
3085 3711 3266 3776 cibos,
3317 3715 3376 3766 et
3419 3729 3516 3784 ap-

1870 3798 2193 3869 posuerint,
2245 3815 2360 3853 non
2411 3797 2696 3869 accipient
2742 3798 3000 3865 omnino,
3051 3815 3157 3853 nec
3206 3804 3515 3854 vescentur

1872 3886 1986 3942 nisi
2020 3886 2133 3953 his,
2169 3903 2296 3957 qua:
2349 3886 2407 3940 in
2458 3887 2812 3942 monasterio
2860 3887 3162 3942 comedere
3209 3902 3518 3944 consueve-

1871 3979 2027 4031 runt.
2061 3974 2184 4031 Non
2231 3975 2554 4047 gustabunt
2598 3975 2920 4047 liquamen,
2951 3991 3139 4047 neque
3184 3976 3386 4031 vinum
3434 3975 3518 4032 bi-

1872 4063 2012 4118 bent
2043 4079 2146 4119 nec
2178 4063 2338 4118 aliud
2371 4063 2694 4135 quidpiam,
2720 4079 2970 4136 quorum
3020 4064 3229 4120 edendi
3277 4080 3519 4122 consue-

1873 4151 2138 4208 tudinem
2189 4168 2306 4208 non
2354 4152 2588 4208 habent.
2640 4152 2699 4208 Si
2745 4170 2779 4209 a
2826 4154 3169 4226 parentibus
3214 4153 3520 4228 quidpiam

1843 4276 1848 4282 -
1874 4241 2222 4313 acceperint,
2254 4245 2484 4296 tantum
2532 4242 2839 4298 comedent
2866 4248 3152 4315 quantum
3186 4244 3244 4300 in
3274 4245 3367 4301 via
3396 4243 3523 4302 suf-

1874 4328 2066 4396 ficiat;
2098 4332 2302 4384 cetera
2325 4345 2452 4400 quae
2487 4329 2896 4398 remanserint,
2939 4331 3165 4388 dabunt
3209 4332 3518 4404 praeposito

1875 4417 2088 4473 domus
2119 4434 2259 4483 suae,
2290 4423 2348 4472 et
2393 4417 2489 4474 ille
2542 4418 2873 4491 deportabit
2903 4436 2971 4476 ea
3019 4421 3078 4475 in
3134 4419 3339 4476 cellam
3389 4421 3521 4478 lau-

1875 4507 2207 4579 guentium.

1951 4596 2062 4652 LV.
2096 4597 2156 4652 Si
2186 4595 2556 4669 propinquus
2584 4595 2856 4670 alicujus,
2901 4604 3004 4654 aut
3049 4599 3520 4672 consanguineus

1875 4691 2143 4742 mortuus
2176 4686 2372 4758 fuerit,
2405 4687 2797 4758 prosequendi
2827 4686 3005 4744 funus
3035 4705 3152 4746 non
3179 4687 3420 4743 habebit
3448 4687 3519 4743 li-

1875 4774 2123 4830 centiam
2184 4774 2290 4848 [Αι.
2347 4775 2734 4848 potestatem],
2786 4775 2897 4834 nisi
2961 4776 3129 4833 Pater
3179 4773 3520 4832 monasterii

1873 4864 2229 4936 prazceperit.

1947 4953 2083 5008 LVI.
2117 4951 2326 5009 Nullus
2355 4953 2518 5010 solus
2551 4955 2706 5011 foras
2736 4955 3005 5011 mittatur
3033 4955 3105 5011 ad
3137 4953 3375 5026 aliquod
3418 4968 3519 5010 ne-

1875 5043 2121 5114 gotium,
2151 5042 2263 5098 nisi
2283 5043 2490 5113 juncto
2523 5043 2571 5098 ei
2606 5043 2808 5100 altero.

1951 5131 2114 5187 LVll.
2148 5133 2390 5196 Quando
2422 5137 2615 5187 autem
2647 5132 2858 5189 reversi
2893 5132 3108 5189 fuerint
3135 5132 3193 5188 in
3226 5135 3520 5188 monaste-

1879 5221 2055 5288 rium,
2085 5219 2135 5275 si
2166 5219 2415 5276 viderint
2445 5225 2576 5276 ante
2607 5221 2822 5277 ostium
2872 5225 3223 5294 quaerentem
3269 5219 3525 5293 aliquem

1881 5326 2124 5366 suorum
2157 5310 2422 5365 affinium
2447 5311 2520 5365 de
2552 5310 2644 5366 his
2663 5312 2763 5382 qui
2798 5311 2854 5366 in
2887 5311 3240 5369 monasterio
3271 5325 3524 5367 commo.

1882 5403 2108 5470 rantur,
2143 5415 2258 5457 non
2284 5399 2584 5457 audebunt
2611 5399 2695 5458 ire
2723 5399 2794 5456 ad
2828 5416 2985 5467 eum,
3016 5405 3075 5458 et
3105 5401 3394 5474 nuntiare,
3435 5395 3528 5464 vel

215 5623 313 5710 ῖῖιὶ
334 5623 647 5713 ’ἑῧὲἶῦὸῖ
669 5623 1537 5731 ῧῖι’ἱξεῖἇὲ”κέὲῖῐ›ἑῖἱ”ἇῖιᾶῑὲἀῖὶὶἦ,
1576 5649 1772 5714 verius
1810 5653 1974 5728 puto,
2007 5666 2122 5712 non
2149 5647 2461 5740 habentur,

443 5782 715 5852 Pam».
783 5778 1002 5849 XXIII.
