3970 6482
435 376 516 439 ’15
1687 376 1749 439 S.
1797 374 2102 440 EUSEBII
2149 372 2589 440 HIERONYMI
3755 375 3831 438 16

437 524 663 566 vocare.
697 508 766 564 Et
794 506 1032 566 omnino
1063 506 1346 581 quidquid
1379 508 1519 565 foris
1549 511 1857 581 gesserint,
1890 514 1946 566 et
1976 526 2075 564 au-
2105 513 2160 577 Α
2262 511 2444 565 LXIX.
2475 511 2654 566 Nemo
2705 511 2849 567 lavet
2897 511 3163 568 retractis
3209 509 3268 567 in
3330 509 3514 568 altum
3570 509 3829 568 vestibus

439 597 676 666 dierint,
708 599 764 653 in
799 599 1150 655 monasterio
1178 614 1411 653 narrare
1444 615 1556 654 non
1590 604 1878 670 poterunt.

510 685 701 742 LVIII.
725 686 784 741 Si
819 685 1055 759 signum
1103 687 1307 742 datum
1362 686 1552 754 fuerit,
1588 691 1652 742 ut
1700 686 2079 759 egrediantur

439 774 511 830 ad
543 790 710 847 opus,
743 776 1090 847 praepositus
1139 777 1435 832 antecedet
1487 793 1615 842 eos;
1665 780 1720 830 et
1771 775 1968 831 nullus
2017 775 2074 830 in

438 862 789 919 monasterio
813 863 1154 929 remanebit,
1179 864 1290 919 nisi
1323 864 1373 919 is
1401 863 1493 919 cui
1525 864 1690 918 Pater
1721 863 2072 934 preceperit.

437 951 504 1006 Et
531 951 629 1008 85
662 951 722 1006 hi
754 953 853 1024 qui
899 956 1165 1025 pergunt,
1201 969 1315 1008 non
1366 953 1802 1024 interrogabunt
1833 967 1946 1022 quo
1980 967 2074 1005 va-

435 1040 601 1097 dant.

508 1128 645 1186 LIX.
678 1128 942 1202 Cumque
969 1130 1250 1186 universae
1283 1129 1493 1184 domus
1535 1129 1593 1184 in
1643 1146 1826 1184 unum
1859 1130 2078 1184 fuerint

435 1223 820 1292 congregatis,
853 1218 1062 1291 prioris
1105 1219 1314 1274 domus
1362 1217 1708 1290 praepositus
1737 1235 1940 1273 omnes
1971 1235 2076 1272 an-

434 1310 677 1376 tecedet,
700 1313 758 1366 et
787 1312 1029 1382 pergant
1049 1309 1219 1378 juxta
1248 1308 1510 1363 ordinem
1544 1309 1853 1363 domorum
1895 1313 1951 1362 et
1982 1308 2078 1364 ho-

436 1398 665 1455 minum
720 1397 1110 1470 singulorum.
1167 1397 1280 1453 Nec
1334 1395 1639 1469 quuenter
1694 1402 1920 1464 mutuo,
1974 1397 2073 1451 sed

433 1487 845 1559 unusquisque
873 1487 946 1542 de
975 1485 1293 1558 Scripturis
1333 1484 1557 1557 aliquid
1592 1485 1989 1541 meditabitur.
2019 1485 2076 1539 Si

429 1576 580 1632 forte
609 1575 694 1632 eis
723 1575 936 1647 aliquis
979 1575 1316 1641 occurrerit,
1341 1579 1396 1630 et
1427 1573 1674 1630 voluerit
1717 1591 1848 1630 cum
1883 1573 2078 1645 aliquo

430 1681 635 1722 eorum
690 1663 874 1736 loqui,
899 1663 1122 1734 janitor
1174 1663 1536 1733 monasterii,
1588 1664 1686 1735 qui
1745 1664 1879 1719 huic
1919 1661 2077 1734 operi

432 1753 734 1826 delegatus
767 1753 959 1820 fuerit,
993 1757 1256 1809 occurret
1301 1756 1359 1808 et
1387 1753 1765 1824 respondebit
1793 1753 1866 1818 ei,
1898 1768 2080 1824 eoque

433 1847 672 1899 utentur
701 1842 928 1898 nuntio.
963 1841 1021 1898 Si
1059 1842 1281 1912 janitor
1311 1857 1504 1896 coram
1558 1859 1670 1896 non
1703 1841 1894 1907 fuerit,
1930 1859 2072 1913 pra:-

2188 598 2319 670 plus
2363 616 2538 670 quam
2573 604 2856 654 statutum
2898 605 3014 667 est;
3048 617 3298 673 cumque
3328 600 3592 669 laverint,
3627 615 3832 657 omnes

2188 685 2406 757 pariter
2437 692 2813 744 revertentur.
2845 690 2901 744 Si
2933 689 3067 762 quis
3097 690 3445 746 remanserit
3474 705 3540 745 eo
3572 692 3833 761 tempore

2188 791 2303 844 quo
2332 775 2512 830 ibitur
2551 777 2618 830 ad
2670 776 3006 842 lavandum,
3036 779 3123 833 vel
3155 779 3210 833 in
3241 779 3507 850 praesenti
3540 795 3657 834 non
3711 778 3832 834 fue-

2188 862 2281 927 rit,
2313 865 2707 919 commonebit
2746 868 3118 937 praepositum
3171 885 3365 935 suum,
3402 873 3458 923 et
3497 866 3595 923 ille
3641 867 3831 923 mittet

2187 966 2319 1004 cum
2351 967 2417 1005 eo
2449 950 2694 1007 alterum
2723 971 2734 1008 :
2769 960 2825 1008 et
2856 955 2936 1009 sic
2968 954 3083 1010 loto
3106 956 3451 1011 vestimento
3475 961 3834 1012 revertentur

2188 1039 2450 1096 domum.

2259 1127 2422 1183 LXX.
2446 1129 2683 1201 Vesperi
2715 1132 2867 1186 sicca
2900 1132 3239 1189 Ievitonaria
3269 1134 3491 1203 tollent,
3523 1138 3580 1190 et
3609 1135 3833 1190 dabunt

2189 1217 2465 1284 secundo,
2499 1217 2556 1272 id
2584 1225 2673 1274 est
2699 1220 2747 1273 ei
2783 1223 2882 1290 qui
2916 1228 3046 1293 post
3097 1224 3474 1295 prapositum
3507 1228 3618 1289 est,
3650 1229 3711 1279 et
3739 1223 3836 1278 ille

2191 1310 2433 1374 reponet
2463 1321 2524 1360 ea
2559 1307 2615 1361 in
2647 1309 2877 1364 cellula.

2262 1392 2446 1448 LXXI.
2507 1397 2665 1460 Quod
2723 1398 2770 1452 si
2826 1399 2979 1454 sicca
3036 1417 3150 1454 non
3205 1401 3440 1467 fuerint,
3501 1401 3688 1457 altera
3741 1402 3840 1458 die

2191 1483 2593 1551 expandentur
2642 1487 2710 1540 ad
2762 1486 2967 1552 solem.
2999 1489 3181 1543 donec
3221 1490 3516 1545 siccentur
3547 1509 3560 1546 :
3596 1507 3703 1546 nec
3748 1491 3838 1546 di-

2194 1568 2499 1626 mittentur
2540 1573 2596 1626 in
2643 1575 2848 1630 ardore
2905 1577 3045 1632 solis
3097 1577 3230 1648 plus
3277 1595 3454 1650 quam
3510 1579 3568 1634 in
3630 1579 3838 1635 horam

2193 1657 2452 1726 tertiam;
2487 1679 2738 1733 cumque
2783 1663 3022 1720 collecta
3071 1667 3306 1733 fuerint,
3341 1667 3545 1722 leviter
3575 1667 3842 1724 mollien-

2193 1749 2308 1799 tur.

2264 1833 2476 1892 LXXII.
2511 1838 2624 1893 Nec
2656 1841 2938 1896 tenebunt
2966 1859 3034 1898 ea
3064 1844 3279 1916 singuli
3307 1846 3458 1916 apud
3494 1861 3576 1912 se,
3605 1847 3708 1902 sed
3742 1848 3846 1902 da-

437 1884 660 1899 ...νμηη
702 1884 928 1898 .........,.
964 1884 1021 1898 ν.
1059 1884 1270 1912 j.........
1311 1884 1504 1896 ...,......
1558 1884 1670 1896 ην..
1704 1884 1894 1907 ...-...,
1932 1884 2044 1913 ,.....
2267 1884 2476 1892 --------
2511 1884 2623 1893 -.η
2659 1884 2938 1896 --.ων-η.
2967 1884 3034 1898 ν..
3064 1884 3279 1916 ωηεν...
3307 1884 3458 1916 “re...
3494 1884 3576 1912 συ,
3605 1884 3708 1902 εν..
3742 1884 3843 1902 υ..-

432 1931 658 2006 positus
687 1931 920 1997 domus,
951 1929 1038 1985 vel
1070 1929 1219 1985 alius
1251 1930 1343 1985 cui
1368 1930 1475 1985 hoc
1509 1931 1683 1986 fuerit
1712 1931 2064 2001 injunctum,
2102 1884 2149 1950 Β
2175 1917 2347 1986 bunt.
2382 1929 2447 1979 ut
2490 1933 2846 1998 reponantur
2891 1931 2946 1985 in
2999 1931 3203 1987 cellam
3256 1950 3442 2004 usque
3491 1935 3564 1990 ad
3616 1935 3843 1991 Sabba-

434 2020 875 2078 occurrentibus
905 2018 1296 2090 respondebit.

505 2109 616 2165 LX.
667 2111 984 2182 Operantes
1042 2106 1186 2162 nihil
1243 2107 1555 2178 loquentur
1610 2107 1914 2175 saeculare;
1977 2108 2077 2164 sed

435 2203 536 2256 aut
567 2197 1008 2254 meditabuntur
1035 2214 1103 2253 ea
1134 2214 1259 2268 quae
1294 2196 1512 2268 scripta
1557 2201 1694 2252 sunt
1721 2199 1760 2264 ⁸,
1794 2201 1893 2252 aut
1932 2201 2083 2252 certe

435 2289 715 2345 silebunt.

507 2377 650 2435 LXI.
685 2376 864 2432 Nemo
911 2375 1211 2448 palliolum
1262 2375 1481 2430 Iineum
1540 2375 1705 2431 tollet
1756 2393 1954 2432 secum
1985 2392 2084 2431 va-

435 2469 584 2526 dens
614 2466 686 2522 ad
717 2464 1100 2537 Operandum,
1134 2464 1247 2520 nisi
1291 2465 1437 2520 forte
1487 2464 1861 2520 concessione
1895 2465 2085 2536 majo-

432 2559 565 2633 ris:
604 2555 855 2628 ipsoque
882 2553 1117 2626 palliolo
1148 2554 1207 2608 in
1229 2553 1583 2609 monasterio
1618 2552 1930 2608 ambulans
1962 2542 2095 2624 post

437 2645 743 2705 collectam
777 2640 977 2698 nullus
1009 2646 1224 2698 utetur.

512 2733 679 2792 LXII.
713 2731 972 2804 Operans
1025 2747 1139 2786 non
1172 2729 1397 2785 sedebit
1445 2730 1570 2785 sine
1619 2731 1861 2801 majoris
1906 2731 2089 2802 impe-

441 2842 549 2883 X'IO.

513 2911 706 2968 LXIII.
742 2910 1021 2966 Ductores
1069 2909 1314 2964 fratrum
1366 2908 1424 2964 in
1474 2907 1701 2978 itinere,
1733 2908 1781 2963 si
1816 2924 2089 2963 necessa-

443 3003 598 3060 rium
658 2999 970 3056 habuerint
1019 2997 1273 3070 aliquem
1328 2997 1573 3065 mittere,
1608 2998 1734 3052 sine
1794 2997 2088 3069 praepositi

436 3092 707 3166 jussione
734 3105 847 3145 non
881 3091 1173 3161 poterunt.
1207 3087 1368 3152 Quod
1399 3086 1446 3142 si
1477 3086 1602 3159 ipse
1627 3087 1725 3158 qui
1757 3087 1964 3141 ductor
2002 3090 2090 3141 est

2188 2014 2336 2065 tum.

2256 2027 2495 2158 ITXXIII.
2532 2104 2736 2160 Nullus
2767 2107 2838 2162 de
2861 2107 3030 2163 horto
3061 2109 3229 2165 tollat
3259 2111 3436 2179 olera,
3458 2112 3572 2167 nisi
3604 2113 3677 2168 ab
3711 2112 3847 2168 hor-

2193 2185 2393 2244 tulano
2425 2195 2731 2263 acceperit.

2268 2277 2499 2334 LXXIV.
2536 2281 2865 2339 Palmarum
2933 2285 3108 2354 solia,
3165 2306 3232 2344 ex
3289 2275 3502 2360 quibus
3562 2295 3848 2347 texuntur

2198 2372 2426 2437 sportas,
2462 2386 2632 2426 nemo
2665 2389 2772 2427 suo
2795 2374 2928 2443 jure
2962 2375 3142 2439 tollet,
3164 2377 3388 2448 absque
3417 2394 3483 2434 eo
3508 2378 3603 2434 cui
3635 2378 3849 2451 palma

2201 2457 2427 2511 credita:
2458 2465 2616 2514 sunt.

2275 2545 2479 2599 LXXV.
2514 2547 2721 2604 Nullus
2751 2567 2889 2606 uvas
2921 2555 3021 2606 aut
3051 2553 3245 2624 spicas
3271 2555 3461 2610 adhuc
3492 2557 3856 2617 immaturas

2203 2635 2504 2690 comedere
2537 2637 2748 2692 audeat
2804 2645 3009 2710 praeter
3061 2643 3322 2698 ordinem
3381 2645 3707 2718 disciplinae
3745 2665 3759 2702 :
3796 2654 3858 2704 et

2203 2722 2440 2778 omnino
2471 2725 2541 2780 de
2571 2727 2844 2783 omnibus
2875 2746 3000 2800 quae
3047 2730 3106 2785 in
3147 2749 3284 2803 agro
3332 2738 3490 2800 sunt,
3523 2735 3609 2790 vel
3641 2736 3704 2792 in
3740 2755 3861 2810 po-

2202 2812 2422 2880 mariis,
2457 2830 2625 2870 nemo
2657 2818 2924 2872 comedat
2953 2822 3286 2890 separatim,
3320 2829 3634 2894 antequam
3664 2841 3861 2883 cunc-

2201 2899 2276 2954 tis
2308 2901 2583 2958 fratribus
2617 2906 2832 2974 pariter
2860 2907 3304 2964 exhibeantur’.

2269 2989 2506 3045 LXXVI.
2567 2993 2673 3055 Qui
2731 3001 2939 3065 coquet
3000 2998 3100 3061 [AL
3159 2999 3463 3072 coquant],
3524 3005 3897 3075 antequam-

2197 3077 2405 3134 fratres
2472 3083 2806 3150 comedant,
2862 3101 2974 3139 non
3034 3087 3300 3157 gustabit
3370 3089 3483 3158 [AL
3540 3093 3865 3151 audebunt

444 3184 748 3254 cogeretur
778 3178 883 3251 [AL
918 3176 1165 3250 cogitur]
1197 3176 1538 3231 necessitate
1593 3175 1675 3230 ire
1707 3176 1778 3231 ad
1829 3174 2086 3247 aliquem
2126 3250 2153 3254 _
2197 3168 2407 3239 edere].

443 3250 661 3338 locum,
687 3250 943 3324 officium
977 3281 1152 3323 suum
1182 3265 1232 3321 ei
1263 3265 1362 3338 qui
1398 3270 1530 3338 post
1559 3281 1619 3320 se
1649 3269 1737 3320 est
1765 3265 1823 3320 in
1857 3265 2080 3336 ordine,
2113 3250 2156 3317 C
2270 3257 2532 3313 LXXVII.
2568 3260 2673 3326 Qui
2707 3279 2882 3334 super
2911 3263 3138 3335 palmas
3177 3271 3265 3321 est
3308 3284 3421 3324 non
3472 3271 3746 3328 comedet
3783 3274 3864 3330 de

449 3357 758 3430 delegabit.

523 3445 709 3503 LXIV.
742 3445 899 3501 Missi
942 3447 1169 3509 fratres,
1199 3443 1285 3500 vel
1335 3445 1474 3500 foris
1520 3443 1841 3513 constituti,
1876 3444 1924 3499 si
1956 3445 2089 3500 abs-

449 3552 562 3609 que
594 3534 946 3591 monasterio
977 3538 1307 3599 vescentur,
1335 3531 1826 3587 hebdomadarius
1859 3533 1959 3604 qui
1992 3549 2090 3588 eos

449 3621 735 3698 sequitur,
763 3621 926 3677 dabit
954 3621 1114 3676 cibos
1147 3621 1366 3691 absque
1397 3620 1656 3675 coctione
1686 3618 1999 3691 pulmenti;
2035 3622 2091 3672 et

447 3713 576 3786 ipse
606 3727 819 3784 aquam
851 3709 1220 3766 circumferet
1256 3712 1312 3764 et
1350 3709 1520 3779 juxta
1546 3707 1760 3764 vitrum
1783 3709 1832 3775 ²;
1867 3706 2089 3762 nullus-

447 3817 560 3875 que
605 3799 902 3873 surgendi,
935 3797 1022 3854 vel
1072 3797 1398 3863 hanriendi,
1432 3797 1518 3852 vel
1567 3797 1804 3854 bibendi
1853 3795 2089 3852 habebit

444 3893 812 3964 potestatem.

515 3977 672 4035 LXV.
705 3979 946 4044 Quando
987 3980 1356 4034 revertuntur
1400 3976 1458 4031 in
1507 3976 1881 4046 monasterio,
1917 3990 2086 4031 nemo

444 4082 514 4122 ex
537 4066 741 4122 ordine
773 4066 1116 4123 remanebit.

518 4152 704 4210 LXVI.
733 4153 876 4209 Cum
929 4171 962 4209 a
1003 4154 1213 4210 domus
1270 4171 1405 4210 suas
1465 4158 1871 4226 pervenerunt,
1909 4155 2084 4210 ferra-

442 4245 642 4300 menta
672 4241 887 4314 quibus
917 4258 1066 4314 opus
1095 4243 1374 4311 fecerunt,
1397 4247 1453 4298 et
1473 4241 1713 4315 gallicas
1748 4243 1980 4298 tradent
2008 4241 2080 4308 ei,

443 4329 544 4404 qui
575 4330 868 4386 secundus
898 4333 988 4386 est
1034 4335 1167 4403 post
1195 4331 1574 4402 praepositum
1622 4332 1864 4399 domus;
1895 4335 1952 4386 et
1984 4329 2083 4385 ille

440 4418 652 4477 inferet
680 4433 748 4474 ea
793 4434 1030 4490 vespere
1078 4419 1136 4474 in
1185 4418 1452 4474 cellulam
1503 4424 1853 4490 separatam,
1885 4419 2083 4491 ibique

442 4505 768 4563 concludet.
819 4506 1028 4562 Omnia
1073 4511 1268 4563 autem
1314 4507 1686 4573 ferramenta,
1718 4507 2083 4564 hebdomade

438 4595 749 4669 completa,
783 4596 1234 4668 reportabuntur
1259 4596 1319 4652 in
1353 4613 1528 4652 unam
1561 4597 1835 4665 domum;
1869 4603 1924 4654 et
1953 4615 2078 4653 rur-
2111 4614 2160 4681 D

437 4699 544 4742 sus
573 4683 673 4755 qui
724 4683 1050 4740 succedunt
1095 4683 1480 4753 hebdomade,
1512 4685 1761 4758 singulis
1808 4685 2080 4743 domibus

437 4772 706 4831 noverint
730 4771 873 4844 quid
904 4771 1279 4828 distribuant.

509 4859 724 4918 LXVII.
759 4861 1190 4918 Levitonarium
1233 4867 1292 4918 et
1340 4863 1626 4935 quidquid
1677 4865 1736 4920 in
1784 4870 1940 4922 veste
1995 4879 2086 4933 est

435 4949 884 5018 monachorum,
918 4967 1090 5006 nemo
1127 4950 1276 5007 lavet
1308 4952 1365 5007 in
1399 4952 1493 5007 die
1521 4953 1844 5024 Dominica,
1877 4965 2085 5029 praeter

437 5043 653 5096 nautas
684 5042 744 5094 et
775 5039 1195 5110 pristrinarios.

508 5126 750 5184 LXVIII.
779 5127 897 5184 Nec
935 5129 1150 5184 vadant
1198 5129 1269 5185 ad
1316 5129 1632 5189 lavandum
1666 5134 1766 5190 60
1796 5135 1910 5191 nisi
1958 5154 2079 5193 om-

435 5215 610 5276 nibus
676 5233 861 5272 unum
920 5217 1154 5290 signum
1213 5217 1578 5288 insonuerit;
1642 5230 2076 5298 sequenturque

434 5305 812 5380 praepositum
843 5323 1038 5374 suum,
1085 5310 1142 5364 et
1185 5305 1464 5372 lavabunt
1510 5311 1672 5366 taciti
1719 5329 1850 5369 cum
1903 5315 2073 5371 disci-

433 5394 615 5471 plina.

504 5573 524 5652 ξ
549 5572 728 5652 Seque
756 5577 976 5632 veteres
1004 5576 1244 5652 vulgati,
1269 5595 1395 5652 qua
1423 5591 1608 5640 sancta
1635 5591 1781 5640 sunt.

501 5645 526 5688 ⁸
553 5643 775 5722 Malim,
808 5643 1174 5726 expuncta'et
1203 5643 1506 5748 particula,
1529 5654 1696 5734 justa
1720 5657 1903 5719 virum
1929 5655 2064 5739 legi,

2200 3345 2486 3402 fructibus
2515 3365 2737 3414 earum,
2773 3351 2882 3406 nisi
2916 3353 3079 3422 prius
3111 3354 3321 3411 fratres
3353 3359 3738 3416 comederint.

2273 3435 2558 3492 LXXVIII.
2593 3440 2649 3493 Si
2675 3439 2828 3509 jussi
2863 3440 3076 3496 fuerint
3105 3443 3433 3514 palmarum
3469 3447 3694 3504 fructus
3731 3452 3867 3508 col-

2199 3523 2396 3595 ligere,
2448 3529 2794 3598 praepositus
2853 3529 3251 3601 colligentium
3303 3534 3466 3590 dabit
3518 3536 3577 3591 in
3635 3540 3869 3597 eodem

2199 3611 2324 3669 loco
2355 3616 2606 3687 singulis
2650 3618 2721 3673 ad
2774 3621 3123 3674 vescendum
3167 3622 3439 3678 modica:
3473 3629 3529 3679 et
3583 3641 3724 3683 cum
3783 3629 3872 3684 ad

2201 3704 2620 3758 monasterium
2653 3708 2933 3773 venerint,
2967 3709 3117 3764 inter
3141 3716 3376 3766 caeteros
3410 3689 3617 3768 iratres
3649 3721 3872 3785 partes

2199 3808 2337 3845 suas
2368 3791 2672 3863 accipient.
2708 3796 2764 3850 Si
2799 3802 2991 3852 autem
3034 3798 3360 3855 invcnerint
3390 3801 3500 3856 sub
3530 3803 3872 3861 arboribus

2198 3896 2370 3951 poma
2415 3882 2712 3949 cecidisse,
2749 3887 3045 3942 comedere
3093 3904 3208 3943 non
3245 3889 3566 3962 audebunt,
3598 3893 3703 3947 sed
3767 3911 3875 3952 ιδε-

2196 3973 2361 4040 perta
2388 3970 2447 4024 in
2489 3972 2738 4027 transitu
2763 3974 2932 4044 juxta
2978 3975 3203 4031 radices
3256 3979 3531 4034 arborum
3591 3979 3872 4039 colloca-

2195 4057 2360 4114 bunt.
2394 4059 2520 4130 Ipse
2552 4076 2802 4132 quoque,
2835 4063 2934 4134 qui
2967 4065 3188 4120 caeteris
3210 4067 3619 4140 colligentibus
3647 4069 3880 4128 distri-

2195 4147 2340 4214 buit,
2373 4154 2608 4220 gustare
2637 4167 2753 4205 non
2798 4153 3038 4222 poterit;
3072 4155 3174 4209 sed
3212 4157 3469 4228 portabit
3498 4157 3570 4212 ad
3602 4158 3872 4232 dispen-

2194 4241 2469 4304 satorem,
2500 4237 2600 4308 qui
2631 4255 2765 4294 cum
2797 4241 3019 4296 caeteris
3049 4242 3273 4298 dederit
3304 4244 3604 4314 fratribus,
3637 4251 3697 4303 et
3729 4248 3877 4323 ipsi

2193 4324 2414 4380 tribuat
2442 4330 2665 4397 partem
2698 4344 2887 4384 suam.

2265 4413 2497 4469 LXXIX.
2535 4415 2742 4471 Nullus
2770 4416 2829 4471 in
2862 4417 3069 4475 cellula
3097 4435 3204 4476 sua
3234 4427 3477 4493 reponat
3507 4421 3738 4495 aliquid
3783 4427 3876 4484 ad

2191 4504 2565 4573 vescendum,
2599 4505 2822 4575 absque
2852 4505 2944 4562 his
2975 4524 3100 4579 quae
3145 4526 3180 4564 a
3222 4509 3630 4582 dispensatore
3676 4529 3875 4574 acce-

2194 4593 2362 4664 perit.

2265 4681 2471 4738 LXXX.
2505 4681 2586 4738 De
2614 4683 2873 4754 parvulis
2923 4690 3116 4742 autem
3149 4671 3438 4759 'panibus,
3470 4688 3570 4760 qui
3619 4690 3878 4752 dantur

2185 4773 2493 4827 domorum
2525 4773 2870 4843 praepositis,
2889 4778 2951 4828 ut
2971 4773 3064 4830 his
3086 4792 3184 4831 eos
3212 4775 3584 4846 distribuant,
3608 4779 3713 4850 qui
3737 4798 3880 4841 no-

2193 4862 2325 4918 lunt
2354 4865 2411 4917 in
2443 4877 2753 4918 commune
2792 4862 2882 4917 67
2922 4863 3074 4919 vesci
3124 4881 3256 4920 cum
3301 4865 3544 4934 caeteris,
3575 4871 3632 4922 et
3663 4873 3879 4941 quasi

2192 4953 2402 5023 majori
2433 4950 2794 5006 abstinentiae
2843 4968 2904 5006 se
2953 4952 3242 5020 dedicant,
3283 4952 3365 5008 ita
3393 4955 3705 5010 observare
3737 4959 3878 5017 de-

2188 5042 2430 5102 bebunt,
2469 5046 2532 5094 ut
2577 5038 2719 5094 nulli
2768 5040 2907 5094 dent
2943 5041 3114 5111 juxta
3159 5044 3428 5113 gratiam,
3476 5059 3550 5099 ne
3598 5045 3879 5115 proﬁci-

2189 5130 2371 5186 scenti
2402 5129 2637 5201 quidem
2667 5144 2926 5200 peregre.
2961 5129 3075 5184 Nec
3103 5135 3396 5201 ponantur
3431 5131 3491 5186 in
3523 5133 3817 5195 medium
3853 5156 3876 5196 ς

2187 5222 2287 5278 sed
2319 5219 2554 5292 quando
2597 5217 2899 5272 comedere
2945 5217 3165 5285 volunt,
3197 5236 3329 5274 cum
3383 5219 3701 5292 disciplina
3729 5226 3882 5286 da-

2185 5311 2406 5365 buntur
2433 5309 2490 5363 in
2523 5308 2766 5377 cellulis,
2789 5316 2846 5366 et
2865 5321 2998 5359 cum
3025 5305 3116 5362 his
3147 5307 3293 5362 nihil
3314 5307 3473 5364 aliud
3495 5312 3877 5388 comedent,

2183 5399 2296 5455 nisi
2329 5399 2512 5454 salem
2561 5404 2807 5456 tantum.
2841 5404 3055 5454 Praeter
3098 5397 3432 5454 monasterii
3482 5402 3683 5455 autem
3737 5417 3881 5463 co-

2180 5583 2336 5657 quod
2363 5587 2454 5638 est
2473 5584 2642 5654 juxta
2670 5579 3042 5657 singulorum
3055 5578 3356 5657 ‘ordinem,
3391 5593 3506 5657 non
3538 5579 3798 5657 vitrum.

2249 5655 2270 5694 ³
2297 5650 2514 5726 Status,
2548 5672 2649 5734 par
2677 5650 2966 5716 “lubeat:
2993 5650 3090 5711 alii
3117 5651 3332 5726 verius,
3357 5655 3518 5730 pater
3547 5651 3878 5728 exhibeas,
