3970 6474
178 362 242 426 77
730 397 777 415 -.
1038 351 1676 423 INTERPRETA’I‘IO
1718 353 2058 425 REGULIE
2101 363 2165 425 S.
2215 356 2619 427 PAGHOMII.

3462 356 3541 421 τε

181 494 386 569 quinam
416 490 613 549 nullus
642 491 929 565 coquendi
955 492 1119 548 cibus
1151 496 1495 565 potestatem
1549 492 1778 548 habeat.
1810 495 1864 561 Α
1896 499 2323 565 convorentur;
2360 512 2463 551 nec
2488 493 2875 551 ambulabunt
2897 492 2954 549 in
2979 490 3332 549 monasterio
3355 491 3543 564 prius-
3590 468 3601 479 Χ

178 584 232 640 Et
257 584 300 640 si
326 582 552 654 quando
575 581 720 639 forie
751 582 985 648 vadant,
1017 581 1128 637 hoc
1157 586 1245 637 est
1274 581 1333 637 in
1347 597 1520 654 agros
1550 582 1618 637 ad
1644 596 1781 653 cpe-

178 673 391 730 randum
418 670 711 745 accipiant
729 669 887 728 olera
907 670 1028 727 sale
1051 674 1326 742 acetoque
1347 670 1603 739 condita,
1628 676 1685 727 et
1720 670 1779 725 in

171 762 347 835 longos
377 777 513 818 usus
543 759 760 818 {astatis
792 764 1052 833 tempore
1082 764 1422 832 praeparata.

231 858 444 916 LXXXI.
476 858 658 914 Nemo
686 858 746 914 in
778 858 952 913 domo
981 861 1041 913 et
1069 857 1128 912 in
1177 856 1388 913 cellula
1436 875 1543 913 sua
1573 857 1785 914 habeat

169 952 352 1020 preter
376 963 439 1004 ea
468 963 597 1020 qua
628 946 687 1002 in
721 962 1032 1002 commune
1072 946 1414 1002 monasterii
1461 946 1588 1019 lege
1637 963 1781 1018 prae-

170 1042 314 1111 cepta
341 1039 508 1093 sunt:
544 1052 660 1091 non
718 1035 979 1091 tunicam
1039 1033 1294 1099 laneam,
1348 1051 1463 1091 non
1513 1034 1779 1107 pallium,

168 1142 265 1181 non
296 1123 496 1197 pellem
529 1123 779 1180 intonsis
800 1124 1049 1180 arietum
1081 1122 1233 1179 lanis
1264 1122 1611 1192 molliorem,
1666 1140 1779 1180 non

169 1231 358 1288 paucos
381 1230 680 1281 nummos,
712 1230 826 1269 non
861 1212 1183 1285 puvillum1
1216 1213 1455 1284 quidem
1482 1213 1553 1268 ad
1605 1218 1784 1285 caput

166 1307 251 1359 aut
276 1302 422 1359 aliud
452 1302 626 1358 varia:
659 1300 1041 1375 supellectilis
1069 1318 1082 1357 :
1115 1302 1369 1373 exceptis
1427 1301 1541 1369 his,
1591 1318 1716 1372 quae
1748 1317 1783 1356 a

161 1395 307 1448 Patre
334 1390 672 1447 monasterii
694 1408 797 1464 per
826 1390 1140 1446 domorum
1162 1390 1503 1462 praepositos
1526 1390 1783 1445 dividen-

160 1484 258 1548 tur,
288 1480 342 1535 id
370 1485 475 1547 est,
514 1485 816 1535 armatura
847 1496 976 1546 sua,
1010 1478 1371 1535 levitonariis
1411 1479 1663 1546 duobus,
1725 1483 1784 1534 et

158 1585 257 1625 uno
284 1567 474 1625 attrito
509 1585 581 1625 ex
612 1585 747 1636 usu,
800 1569 1025 1624 sabano
1082 1569 1229 1637 (scil.
1265 1566 1464 1639 linteo)
1520 1566 1784 1639 longiore

159 1658 294 1730 quod
324 1656 465 1714 collo
492 1657 880 1730 humerisque
935 1657 1284 1722 circumdat,
1328 1655 1601 1729 pellicula
1655 1673 1782 1728 quas

157 1747 348 1818 pendet
364 1764 432 1803 ex
459 1746 664 1811 latere,
699 1745 929 1819 gallicis
957 1752 1016 1802 et
1054 1744 1301 1801 cucullis
1333 1746 1585 1813 duobus,
1638 1760 1785 1801 zona

1894 598 2069 653 quam
2102 600 2416 641 commune
2445 584 2676 656 signum
2707 582 3047 639 intonuerit.

1964 680 2102 735 XCI.
2135 683 2369 753 Absque
2399 681 2627 738 cucullo
2658 695 2716 737 et
2738 679 3009 753 pellicula
3048 694 3220 735 nemo
3280 677 3543 734 ambulet

1893 768 1952 824 in
1987 770 2341 825 monasterio
2390 788 2494 826 nec
2552 776 2756 843 pergat
2811 770 2882 825 ad
2931 767 3255 837 collectam,
3311 784 3419 824 nec
3467 768 3539 824 ad

1892 864 2268 915 vescendum.

1965 956 2128 1013 XCII.
2157 957 2409 1030 Vespere
2462 959 2534 1013 ad
2590 958 2896 1031 ungendae
2958 961 3015 1012 et
3070 954 3419 1012 molliendas
3468 955 3542 1011 ab

1893 1062 2064 1117 opere
2095 1063 2303 1102 manus
2334 1046 2479 1112 oleo,
2544 1047 2765 1120 absque
2806 1045 2988 1102 altero
3019 1045 3101 1101 ire
3130 1062 3246 1100 non
3305 1044 3539 1117 poterit.

1892 1136 2104 1191 Totum
2132 1140 2326 1191 autem
2361 1152 2574 1208 corpus
2606 1152 2774 1191 nemo
2806 1140 3048 1208 unguet,
3082 1134 3195 1190 nisi
3225 1151 3403 1190 causa
3456 1134 3543 1189 in-

1894 1222 2227 1291 ﬁrmitatis;
2262 1240 2368 1279 nec
2398 1224 2689 1279 lavabitur
2717 1240 2872 1296 aqua
2901 1224 3060 1280 nudo
3111 1240 3372 1295 corpore,
3427 1221 3544 1279 nisi

1891 1310 2141 1384 languor
2170 1311 2516 1384 perspicuus
2542 1312 2638 1368 sit.
3448 1367 3457 1378 ,

1966 1410 2155 1466 XCIII.
2191 1409 2399 1465 Nullus
2428 1409 2619 1466 lavare
2651 1408 2898 1465 alterum
2924 1409 3151 1481 poterit,
3176 1412 3278 1465 aut
3296 1424 3538 1482 ungere,

1895 1498 2008 1553 nisi
2041 1499 2089 1554 ei
2122 1498 2298 1554 fuerit
2326 1498 2700 1571 imperatum.

1964 1596 2150 1652 XCIV.
2185 1597 2366 1652 Nemo
2398 1595 2563 1652 alteri
2596 1596 2873 1669 loquatur
2903 1597 2960 1651 in
2993 1595 3287 1653 tenebris:
3340 1594 3542 1652 nullus

1895 1685 1952 1740 in
1988 1686 2241 1758 psiathio
2265 1703 2397 1741 cum
2434 1684 2615 1741 altero
2646 1686 2937 1741 dormiat:
2998 1702 3241 1740 manum
3301 1684 3542 1741 alterius

1895 1791 2065 1829 nemo
2096 1777 2291 1830 teneat
2317 1792 2330 1840 ;
2356 1774 2456 1829 sed
2500 1774 2622 1829 sive
2680 1774 2926 1840 steterit,
2978 1773 3099 1829 sive
3128 1772 3539 1840 ambulaverit,

155 1838 204 1890 et
228 1833 462 1930 bacello.
488 1835 710 1930 Praeter
734 1833 857 1890 haec
888 1834 1173 1907 quidquid
1211 1834 1525 1901 inveneris,
1558 1835 1782 1905 absque
1814 1862 1858 1927 Β
1889 1863 2010 1919 sim
2042 1863 2278 1930 sederit,
2312 1833 2429 1918 {mo
2460 1862 2655 1918 cubito
2686 1862 2863 1918 distet
2893 1833 2965 1917 ab
2996 1861 3197 1918 altera.

151 1921 585 1979 contradictione
605 1923 853 1980 auferes.

210 2020 463 2076 LXXXII.
527 2020 738 2076 Nullus
795 2021 1009 2077 habeat
1062 2022 1378 2094 separatim
1447 2023 1779 2078 mordacem

145 2109 426 2181 parvulam
465 2110 595 2182 (leg.
654 2109 951 2183 pavulam)
983 2111 1054 2166 ad
1090 2109 1420 2167 evellendas
1473 2110 1698 2183 spinas,
1730 2111 1779 2167 si

146 2197 275 2254 forte
316 2198 645 2267 calcaverit,
704 2199 928 2272 absque
975 2199 1286 2272 praaposito
1336 2200 1548 2255 domus
1579 2204 1636 2255 et
1690 2216 1779 2255 se-

143 2288 351 2345 cundo:
384 2289 756 2361 pendeatque
787 2288 845 2343 in
876 2288 1135 2345 fenestra
1160 2288 1218 2343 in
1256 2304 1373 2360 qua
1401 2289 1629 2345 codices
1661 2287 1778 2345 col-

144 2375 409 2433 locantur.

202 2475 491 2534 LXXXIII.
522 2477 584 2533 Si
615 2477 749 2549 quis
781 2478 852 2533 de
884 2475 1068 2532 altera
1098 2476 1272 2533 domo
1321 2476 1675 2533 transfertur
1718 2477 1780 2532 in

141 2562 389 2634 alteram,
448 2566 711 2639 exceptis
765 2565 857 2622 bis
888 2582 1015 2639 quae
1038 2582 1217 2638 supra
1237 2564 1493 2623 diximus
1514 2567 1554 2635 ³,
1578 2582 1778 2623 secum

140 2656 439 2717 transferre
470 2654 623 2713 nihil
652 2654 884 2729 poterit.

202 2752 481 2810 LXXXIV.
516 2753 729 2810 Nullus
762 2769 950 2827 neque
972 2753 1220 2809 exeundi
1243 2752 1302 2808 in
1327 2768 1559 2826 agrum,
1591 2768 1782 2827 neque

137 2841 470 2901 ambulandi
500 2844 566 2899 in
596 2842 972 2914 monasterio,
1006 2858 1194 2922 neque
1218 2848 1384 2897 extra
1402 2859 1641 2898 murum
1664 2859 1784 2899 mo-

134 2933 359 2999 nasterii
386 2933 550 2990 foras
579 2932 792 2989 habeat
822 2931 1183 3002 tacultatem,
1217 2932 1332 2988 nisi
1388 2931 1778 3005 interrogave-

134 3020 202 3076 rit
229 3022 638 3097 prapositum,
670 3026 726 3079 et
754 3021 852 3077 ille
883 3022 1257 3079 concesserit.

195 3119 457 3177 LXXXV.
492 3121 830 3178 Cavendum
863 3138 935 3179 ne
962 3120 1094 3194 quis
1132 3121 1206 3178 de
1236 3122 1412 3179 domo
1441 3120 1502 3177 in
1533 3121 1778 3178 alteram

1965 1960 2126 2016 XCV.
2160 1960 2405 2033 Spinam
2436 1961 2508 2016 de
2537 1961 2684 2033 pede
2726 1960 2988 2029 alterius,
3050 1964 3286 2032 excepto
3327 1961 3541 2017 domus

1889 2050 2222 2122 praeposito,
2250 2054 2307 2105 et
2338 2049 2616 2118 secundo,
2649 2053 2705 2105 et
2763 2048 2877 2105 alio
2926 2050 3019 2106 cui
3066 2050 3307 2121 jussum
3347 2049 3539 2117 fuerit,

1892 2155 2064 2196 nemo
2082 2138 2323 2195 audebit
2342 2137 2605 2194 evellere.

1920 2234 2150 2292 ’XCVI.
2182 2235 2391 2291 Nullus
2450 2235 2749 2292 attondeat
2796 2238 2970 2308 caput
3026 2234 3248 2308 absque
3297 2235 3540 2307 majoris

1890 2326 2151 2383 arbitrio.

1961 2414 2425 2479 XCVIIXMutare
2455 2423 2525 2479 de
2546 2421 2637 2477 bis
2664 2438 2792 2493 quae
2826 2439 2858 2477 a
2888 2423 3197 2494 praeposito
3229 2421 3537 2494 acceperit,

1889 2530 2021 2569 cum
2061 2510 2241 2568 altero
2274 2528 2389 2567 non
2427 2511 2694 2567 audebit:
2756 2526 2860 2566 nec
2918 2509 3163 2583 accipiet
3218 2509 3454 2579 melius,
3486 2514 3545 2567 et

1891 2602 2084 2658 dabit'
2122 2599 2420 2656 deterius:
2483 2605 2584 2655 aut
2640 2615 2670 2653 e
2729 2598 3017 2655 contrario
3096 2599 3247 2654 dans
3332 2597 3545 2655 melius

1895 2694 1951 2748 et
1977 2688 2232 2747 deterius
2265 2689 2577 2762 accipiens.
2612 2689 2683 2745 Et
2711 2688 2770 2744 in
2818 2687 3169 2744 vestimento
3219 2691 3277 2743 et
3323 2687 3383 2743 in
3440 2686 3545 2744 ha-

1891 2780 2018 2837 bitu
2052 2797 2160 2836 suo
2194 2778 2339 2835 nihil
2371 2779 2501 2835 novi
2552 2784 2761 2851 praeter
2802 2782 3041 2836 casteros
3090 2793 3270 2834 causa
3317 2775 3543 2834 decoris

1890 2874 2199 3017 lmXeClll/(ltll.
2234 2959 2449 3016 Omnes
2481 2957 2659 3030 pelles
2687 2957 2877 3031 ligatae
2900 2960 3096 3025 erunt,
3127 2960 3184 3012 et
3204 2955 3542 3028 pendebunt

1889 3066 1957 3107 ex
1987 3048 2271 3104 humeris.

1960 3137 2144 3195 XCIX.
2180 3136 2403 3193 Cuculli
2439 3135 2809 3209 singulorum
2842 3134 3147 3191 habebunt
3167 3138 3224 3189 et
3253 3137 3546 3189 monaste-

136 3207 361 3267 domum
391 3212 580 3269 verba
636 3211 973 3279 transferat,
1031 3226 1136 3267 nec
1194 3211 1267 3267 de
1321 3211 1676 3268 monasterio
1716 3211 1773 3266 in
1807 3236 1849 3302 C
1886 3227 1959 3284 Pii
1989 3227 2160 3300 signa
2188 3230 2245 3283 et
2269 3227 2501 3282 domus,

135 3301 576 3372 monasterium,
611 3316 717 3358 nec
747 3300 818 3357 de
844 3300 1197 3358 monasterio
1228 3300 1284 3355 in
1317 3317 1547 3373 agrum,
1579 3317 1684 3357 nec
1707 3301 1777 3356 de

136 3401 262 3459 agro
289 3388 348 3445 in
381 3389 841 3446 monasterium.
1090 3385 1095 3389 ’

203 3485 491 3545 LXXXVI.
523 3487 587 3544 Si
615 3488 749 3560 quis
780 3485 1164 3544 ambulaverit
1215 3488 1275 3545 in
1320 3487 1432 3554 via,
1491 3486 1576 3543 vel
1626 3486 1785 3542 navi-

139 3575 369 3645 gaverit,
401 3581 515 3633 aut
545 3580 824 3650 operatus
848 3576 1024 3632 fuerit
1052 3576 1212 3648 foris,
1245 3594 1360 3634 non
1401 3575 1676 3650 loquatur
1726 3576 1785 3631 in

142 3666 491 3723 monasterio
525 3683 659 3739 qua:
689 3666 768 3722 ibi
791 3666 912 3739 geri
943 3665 1169 3723 viderit.

204 3761 299 3821 88
328 3763 659 3821 LXXXVII.
710 3767 892 3820 Nemo
951 3764 1252 3821 dormiens
1309 3768 1622 3838 supponat,
1675 3763 1789 3819 nisi

136 3850 365 3910 reclinet
390 3856 454 3911 in
486 3853 709 3911 cellula
736 3871 847 3910 sua
876 3855 919 3925 ³,
953 3871 1080 3927 quea
1110 3854 1162 3910 ei
1206 3854 1380 3910 fuerit
1435 3853 1787 3926 mancipata.

130 3936 235 3997 Nec
255 3940 313 3999 in
346 3944 530 4016 cella,
564 3959 672 4000 nec
703 3943 761 3999 in
793 3944 1150 4012 domatibus,
1183 3944 1241 3999 in
1276 3944 1493 4017 quibus
1524 3944 1801 4000 vitando-‘

133 4045 256 4087 rum
285 4038 551 4091 estuum
584 4049 764 4089 causa
795 4037 961 4090 nocte
986 4034 1388 4107 requiescunt,
1422 4050 1529 4090 nec
1562 4035 1619 4089 in
1634 4034 1792 4106 agris

132 4133 257 4178 cum
286 4123 360 4181 ad
394 4121 823 4180 dormiendum
856 4139 918 4179 se
948 4122 1339 4191 collocaverit,
1371 4122 1538 4179 alteri
1571 4140 1685 4179 non
1715 4122 1794 4179 lo-

133 4215 357 4279 quetur,
393 4218 725 4285 postquam
757 4211 1159 4269 obdormierit.
1217 4212 1277 4268 Si
1335 4217 1467 4285 post
1515 4229 1792 4268 somnum

130 4304 297 4357 noctu
328 4300 727 4376 evigilaverit,
757 4306 919 4371 oret;
971 4301 1022 4357 si
1075 4301 1237 4358 sitire
1278 4302 1535 4375 coeperit,
1581 4300 1795 4373 jejunii

134 4393 320 4447 autem
352 4392 551 4447 instat
572 4389 723 4458 dies,
755 4390 952 4447 bibere
992 4407 1106 4446 non
1142 4390 1399 4447 audebit.

195 4485 552 4545 LXXXVIII.
577 4488 791 4544 Praeter
821 4487 1165 4562 psiathium,
1210 4488 1268 4544 id
1300 4492 1389 4544 est
1418 4492 1685 4556 mattam,
1737 4488 1797 4545 in

1966 3326 2067 3382 89
2098 3325 2159 3381 C.
2192 3324 2373 3380 Nemo
2408 3324 2619 3379 vadens
2651 3322 2721 3378 ad
2767 3320 3067 3378 collectam
3096 3321 3284 3377 autad
3305 3336 3541 3377 vescen-

1894 3416 2037 3471 dum
2071 3414 2333 3469 dimittat
2361 3412 2619 3468 codicem
2652 3428 2767 3468 non
2792 3411 3060 3484 ligatum.
3085 3410 3326 3467 Codices
3358 3408 3541 3482 quiin

1898 3504 2176 3572 fenestra,
2211 3502 2267 3559 id
2300 3508 2390 3559 est
2417 3502 2776 3558 intrinsecus
2807 3500 3047 3574 parietis
3078 3503 3443 3574 reponuntur
3470 3499 3545 3556 ad

1898 3609 2233 3666 vesperum,
2267 3596 2439 3647 erunt
2463 3590 2572 3647 sub
2596 3607 2775 3646 manu
2797 3590 3063 3660 secundi,
3084 3589 3184 3662 qui
3210 3589 3547 3645 numerabit

1901 3699 2025 3751 eos,
2057 3686 2115 3738 et
2143 3698 2210 3737 ex
2240 3696 2401 3737 more
2432 3679 2759 3737 concludat.

1974 3779 2060 3837 CI.
2095 3779 2307 3837 Nullus
2335 3779 2513 3835 vadat
2541 3778 2613 3834 ad
2639 3777 2941 3834 collectam
2973 3776 3058 3833 vel
3091 3776 3549 3832 advescendum

1898 3869 2124 3926 habens
2156 3868 2464 3942 galliculas
2495 3867 2554 3923 in
2586 3866 2854 3939 pedibus,
2887 3865 2974 3922 vel
3015 3864 3250 3938 palliolo
3279 3864 3433 3920 lineo
3459 3863 3551 3919 in-

1899 3960 2166 4027 vittatus,
2200 3958 2321 4015 sive
2351 3959 2408 4012 in
2442 3956 2818 4022 monasterio,
2852 3955 2970 4011 sive
2996 3953 3054 4009 in
3086 3954 3263 4026 agris.

1972 4057 2088 4113 CII.
2121 4058 2229 4121 Qui
2260 4056 2677 4111 vestimentum
2732 4070 2904 4108 suum
2949 4051 3081 4125 plus
3134 4068 3313 4124 quam
3370 4068 3555 4124 usque

1904 4147 1977 4203 ad
2011 4145 2340 4215 meridiem,
2374 4144 2607 4217 quando
2640 4143 2847 4199 fratres
2891 4146 3287 4197 convocantur
3344 4141 3417 4197 ad
3473 4141 3556 4198 ci-

1906 4237 2072 4304 bum,
2105 4234 2164 4289 in
2198 4234 2320 4291 sole
2351 4249 2480 4289 esse
2513 4232 2864 4305 permiserit,
2898 4230 3268 4305 negligentia;
3299 4230 3559 4302 increpa-

1908 4326 2090 4382 bitur.

1984 4415 2128 4471 CIII.
2164 4413 2230 4469 Et
2261 4413 2309 4471 si
2340 4429 2523 4469 unum
2556 4413 2627 4469 de
2687 4412 2776 4468 his
2825 4430 2951 4485 qua:
3001 4411 3344 4485 supradicta
3402 4413 3563 4477 sunt,

1913 4509 2319 4577 contemptum
2362 4502 2728 4575 praeterierit,
2777 4503 3142 4574 correptione
3172 4500 3354 4558 simili
3384 4499 3564 4557 corri-

130 4572 248 4676 loco
278 4576 515 4635 cellula
550 4578 628 4634 ad
678 4576 1091 4634 dormiendum
1141 4577 1291 4634 nihil
1349 4577 1507 4634 aliud
1559 4578 1799 4637 omnino
1831 4611 1876 4676 D
1908 4600 2095 4668 gen",

132 4666 494 4725 substernet.

191 4764 816 4847 LXXXIXaCeIIulam
851 4765 1116 4838 alterius,
1143 4767 1252 4824 nisi
1280 4767 1444 4841 prius
1475 4768 1546 4824 ad
1580 4768 1797 4824 ostium

129 4857 517 4927 percusserit,
555 4855 800 4912 introire
832 4854 1104 4912 illicitum
1124 4859 1231 4912 est.

197 4953 306 5015 XC.
338 4956 436 5012 Ad
469 4954 686 5012 cibum
714 4970 830 5011 non
864 4958 1108 5028 pergent
1163 4954 1275 5011 nisi
1315 4954 1574 5028 generali
1606 4955 1804 5012 sonitu

192 5170 352 5254 {Pi-9
382 5170 488 5254 his
522 5167 753 5254 habent
808 5168 1029 5243 vulgati
1063 5175 1306 5238 veteres,
1366 5186 1467 5227 nec
1516 5170 1806 5243 proprium

132 5241 350 5315 aliquid
380 5247 561 5325 extra
599 5239 849 5324 {lubitum
865 5239 1043 5325 suum.
1288 5314 1297 5324 ο
1503 5239 1532 5324 ,⁷
1564 5314 1570 5322 ι
1616 5239 1631 5242 ’

146 5383 162 5396 .
188 5315 572 5396 ’_I’:_1_xplicant
606 5313 783 5396 udam
815 5313 969 5396 libri,
1015 5330 1135 5387 qum
1166 5329 1296 5369 usu:
1357 5313 1706 5385 quotidiana,
1738 5313 1810 5370 ad

139 5383 279 5441 habit
292 5383 386 5443 u'm
421 5387 753 5442 necessaria
782 5390 927 5441 sunt.

189 5459 209 5495 ³
238 5458 502 5525 Statius,
546 5455 679 5531 ‘qui
711 5473 742 5513 e
799 5474 909 5513 ms.
969 5455 1111 5531 legit
1165 5454 1282 5531 Non
1342 5454 1579 5531 dormiat
1611 5462 1813 5529 prater

132 5534 311 5609 radice
367 5526 680 5609 cellulam,
714 5526 1213 5609 cqnjecerat'satis
1244 5526 1549 5609 ingeniose
1577 5526 1809 5609 emend.

130 5606 387 5669 reclinem
416 5600 724 5665 scitulam.
753 5599 865 5660 Sed
916 5617 1102 5672 maoo
1124 5600 1183 5656 in
1214 5599 1460 5672 reliquis
1518 5606 1809 5671 contextu,

125 5678 351 5747 restitui
382 5675 579 5735 locus
615 5682 732 5730 non
763 5671 973 5763 potuit.
1009 5673 1177 5733 Nune
1206 5671 1311 5733 illa
1342 5671 1683 5749 conjectura
1728 5674 1812 5733 fa-

1980 4684 2121 4740 CIV.
2183 4681 2521 4751 Calliculae,
2577 4687 2634 4738 et
2691 4682 2741 4738 si
2792 4682 2934 4754 quid
2990 4680 3149 4737 aliud
3191 4678 3566 4752 jungendum

1912 4780 2002 4830 est
2033 4773 2119 4830 vel
2143 4774 2640 4845 componendum,
2676 4773 2900 4843 absque
2930 4787 2997 4826 eo
3026 4769 3119 4826 cui
3152 4769 3261 4825 hoc
3282 4766 3566 4829 ministe-

1914 4863 2067 4919 rium
2127 4862 2429 4936 delegatur
2483 4879 2516 4919 a
2546 4861 2853 4935 praeposito
2892 4859 3125 4930 domus,
3152 4858 3337 4915 facere
3369 4853 3570 4912 nullus

1915 4952 2171 5010 audebit.

1922 5187 2051 5254 cem
2085 5168 2450 5254 praferente,
2483 5168 2568 5224 sic
2607 5166 2776 5253 velim
2802 5184 2870 5254 ex
2898 5162 3312 5254 integro'reﬁci
3334 5161 3571 5254 :“Nenio

1921 5235 2196 5300 dormiens
2230 5235 2502 5317 supponat
2555 5243 2670 5317 nisi
2723 5242 2982 5317 reclinem
3025 5235 3309 5317 sellularii.
3352 5235 3455 5317 {Ver

1920 5316 2061 5372 cella
2099 5332 2221 5379 sua,
2253 5306 2373 5385 qua:
2402 5315 2455 5369 ei
2481 5316 2665 5385 fuerit
2708 5316 3054 5385 (anticipata,
3090 5325 3188 5385 nec
3242 5309 3300 5385 in
3344 5306 3574 5385 domati-

1924 5388 2040 5455 bus,
2091 5389 2152 5441 in
2205 5379 2424 5457 quibus,
2469 5379 2579 5441 etc.
2638 5379 2935 5438 Palladius
2967 5398 3000 5437 a
3030 5381 3213 5438 Statio
3270 5379 3569 5449 laudatus,

1922 5466 2300 5517 Καθιυδέτωσαν
2372 5464 2423 5513 δὲ
2518 5467 2591 5527 μὴ
2676 5462 3071 5526 ἀνακλινόμενοι,
3158 5459 3293 5510 ἀλλὰ
3373 5458 3571 5527 θρρνους

1923 5540 2270 5603 οιιοδομβους
2358 5523 2685 5603 Δὑιιιιτιιιιιίτέροιμς
2791 5523 3126 5603 munienda“,
3214 5528 3324 5603 etc.
3374 5523 3568 5603 _‘Som-

1920 5621 2056 5661 num
2084 5599 2209 5661 uero
2237 5600 2463 5673 capiant
2490 5599 2598 5656 non
2634 5600 2897 5673 jacentes,
2958 5600 3063 5657 θαά-
3090 5613 3252 5673 super
3279 5599 3569 5671 instructa.

1923 5678 1974 5738 et
1994 5670 2545 5755 paululum'reclinu
2572 5670 2875 5753 cathedras,
2905 5679 3005 5759 om,
3084 5710 3089 5713 -
