3970 6462
424 367 506 435 ἰθ
1674 371 1738 433 s.
1782 366 2091 469 ausam
2136 362 2576 432 mesoqu
3192 391 3196 396 -
3728 353 3823 423 so

496 500 609 557 CV.
643 502 704 559 Si
733 500 868 575 quis
898 503 1147 559 fratrum
1176 500 1352 559 laesus
1377 502 1557 558 fuerit
1585 507 1686 558 aut
1726 518 2065 574 percussus,
2094 504 2151 572 Α
2178 502 2281 558 sed
2312 501 2547 573 signum
2568 499 2794 556 dabunt
2820 498 2915 554 his
2935 494 3035 571 qui
3068 498 3318 570 possunt
3342 493 3568 561 aﬁ'erre,
3601 488 3820 567 quibus

422 592 481 646 et
507 594 707 647 tamen
728 589 938 648 lectulo
970 608 1088 648 non
1109 591 1443 648 discumbet
1469 592 1575 663 [AL
1610 590 1949 660 decumbit],
1969 592 2070 648 sed

412 678 765 736 ideambulat
790 678 1103 748 invalidus,
1133 683 1192 736 et
1211 679 1411 751 aliqua
1440 696 1500 735 re
1543 679 1848 751 indigebit,
1895 677 2070 735 vesti-

409 770 623 825 rmento
650 765 941 836 videlicet,
973 766 1064 824 vel
1120 766 1388 839 palliolo,
1421 771 1478 822 et
1534 766 1755 822 caeteris
1804 764 2071 821 utensili-

419 853 554 924 bus,
583 854 934 927 praepositus
966 855 1181 911 domus
1213 856 1340 926 ejus
1368 855 1536 911 vadet
1564 854 1635 910 ad
1679 871 1800 925 eos,
1852 854 2069 926 quibus

416 942 665 1013 ibatrum
702 942 998 1000 vesticulzs
1055 943 1382 1001 commissa:
1440 947 1597 1011 sunt,
1639 946 1698 999 et
1736 942 1985 1014 accipiet
2012 945 2070 998 et

416 1030 650 1108 dabit‘.
681 1036 945 1106 Cumque
986 1049 1168 1090 sanus
1226 1031 1418 1099 fuerit,
1469 1031 1787 1104 reportabit
1840 1031 2065 1103 absque

419 1118 540 1177 ulla
567 1136 751 1178 mora.
788 1166 795 1171 _

467 1208 629 1266 'CVI.
657 1210 839 1269 Nemo
869 1210 943 1267 ab
971 1210 1152 1267 altero
1174 1209 1417 1282 accipiet
1444 1209 1768 1282 quidpiam,
1793 1208 1907 1265 nisi
1926 1224 2069 1280 prae-

420 1297 650 1369 positus
661 1299 927 1370 jusserit.

491 1385 653 1444 CVII.
687 1386 898 1445 Clausa
945 1386 1090 1444 cella
1145 1385 1344 1444 nullus
1402 1386 1678 1453 dormiat,
1734 1403 1840 1443 nec
1888 1386 2062 1442 habe-

416 1474 503 1531 bit
532 1474 867 1532 cubiculum
899 1477 1055 1548 quod
1106 1475 1299 1532 claudi
1353 1476 1558 1548 possit,
1611 1475 1673 1530 ni
1722 1476 1864 1531 forte
1910 1475 2063 1531 aetati

416 1562 667 1635 alicujus
690 1563 780 1620 vel
811 1562 1145 1621 inﬁrmitati
1174 1564 1345 1620 Pater
1374 1564 1712 1621 monasterii
1762 1580 2063 1619 concesse-

418 1651 513 1708 rit.

484 1739 675 1797 CVIII.
707 1741 771 1797 In
799 1740 999 1799 villam
1031 1740 1234 1799 nullus
1252 1741 1427 1798 vadat
1455 1741 1566 1798 nisi
1612 1742 1853 1808 missus,
1903 1757 2061 1798 exce—

415 1830 532 1901 ptis
563 1829 958 1899 armentariis,
991 1833 1049 1886 et
1077 1829 1370 1900 bubulcis,
1398 1835 1456 1886 et
1484 1830 1774 1904 agricolis.

488 1917 627 1974 CIX.
661 1918 783 1974 Sub
812 1917 1039 1974 nudum
1064 1918 1307 1975 dorsum
1338 1919 1489 1975 asini
1522 1920 1636 1974 duo
1666 1919 1887 1991 pariter
1945 1936 2059 1974 non

423 2005 733 2075 sedebunt,
766 2022 873 2062 nec
904 2023 1081 2079 super
1110 2007 1367 2081 tegmine
1393 2007 1640 2081 plaustri
1663 2009 1701 2063 ².

491 2093 599 2151 CX.
628 2094 688 2150 Si
717 2094 883 2151 asino
914 2095 1123 2151 sedens
1153 2096 1375 2151 venerit
1405 2095 1639 2168 aliquis,
1684 2101 1920 2168 excepta
1977 2095 2062 2151 in-

420 2182 721 2250 firmitate,
752 2182 983 2240 desiliet
1014 2188 1147 2240 ante
1175 2184 1327 2240 fores
1355 2185 1714 2254 monasterii,
1749 2188 1805 2240 et
1833 2184 1915 2240 sic
1944 2184 2062 2240 asi-

422 2286 565 2329 num
589 2273 942 2346 praecedens,
972 2271 1232 2328 funiculo
1264 2273 1438 2328 ducet
1468 2273 1540 2329 ad
1573 2290 1836 2329 manum.

491 2359 628 2416 CXI.
659 2360 746 2416 Ad
805 2359 1143 2417 tabernulas
1187 2361 1293 2431 [ΑΙ.
1353 2360 1639 2432 afficinas]
1698 2361 2061 2417 diversarum

419 2448 634 2507 artium
664 2447 773 2505 soli
796 2454 1038 2523 pergent
1094 2448 1413 2522 praepositi,
1462 2454 1528 2505 ut
1557 2450 1848 2523 accipiant
1902 2450 2059 2521 quod

414 2537 821 2595 necessarium
838 2543 964 2595 est.

487 2627 651 2684 CXII.
711 2626 829 2699 Ipsi
885 2628 993 2697 [Αἱ.
1051 2627 1201 2700 ipse]
1249 2643 1481 2700 quoque
1537 2632 1667 2684 ante
1731 2627 2059 2695 meridiem,

420 2716 655 2790 quando
711 2715 920 2772 fratres
972 2716 1044 2771 ad
1083 2717 1438 2773 vescendum
1495 2722 1794 2785 vocantur,
1831 2716 1914 2773 ire
1942 2733 2057 2774 non

416 2808 713 2880 poterunt,
743 2804 860 2861 nisi
892 2806 1036 2861 forte
1068 2805 1285 2877 quaevis
1315 2805 1618 2862 incumbat
1646 2806 2062 2876 necessitas,et

417 2894 662 2953 consilio
691 2894 878 2951 Patris
928 2895 1267 2951 monasterii
1317 2895 1508 2951 mittet
1537 2895 2059 2963 bebdom'adarius,

416 2989 485 3042 ut
512 2984 732 3041 deferat
763 2983 918 3056 quod
948 2999 1183 3041 necesse
1211 2988 1319 3040 est.
1350 2987 1420 3038 Et
1439 2986 1675 3040 omnino
1708 2986 1807 3041 -ω
1836 2985 2059 3057 absque

416 3073 680 3147 iussione
709 3071 950 3146 majoris
979 3072 1040 3128 in
1061 3071 1302 3130 alteram
1333 3072 1540 3130 cellam
1571 3072 1771 3129 nullus
1819 3073 2060 3130 audebit

417 3161 679 3220 introire.

488 3250 679 3308 CXIII.
711 3251 1200 3307 Commendatum
1231 3250 1406 3308 etiam
1446 3249 1669 3323 aliquid
1702 3267 1736 3307 a
1779 3265 2058 3323 germano
2089 3235 2132 3302 C

419 3341 598 3398 fratre
616 3338 822 3397 nullus
851 3338 1113 3412 accipiet.

495 3428 681 3487 CXIV.
710 3427 869 3484 Nihil
900 3429 959 3484 in
990 3428 1136 3485 cella
1168 3446 1278 3486 sua
1306 3430 1531 3502 absque
1588 3429 1884 3503 praepositi
1937 3431 2062 3501 jus-

417 3517 583 3576 sione
639 3516 935 3591 quispiam
985 3518 1213 3586 condet,
1242 3534 1351 3575 nec
1406 3534 1580 3592 poma
1610 3518 1846 3590 quidem
1901 3517 2060 3573 vilis-

420 3606 574 3665 sima
598 3607 642 3663 ³.
674 3609 731 3662 et
751 3610 954 3663 caetera
982 3606 1345 3679 hujusmodi.

488 3694 649 3753 CXV.
683 3695 740 3751 Si
759 3694 1108 3769 praepositus
1128 3695 1340 3752 domus
1352 3694 1595 3752 alterius
1614 3713 1910 3769 quoquam
1931 3713 2059 3769 pro-

415 3786 603 3843 fectus
630 3784 807 3841 fuerit
830 3784 982 3842 alius
1030 3785 1382 3857 prmpositus
1412 3786 1434 3820 δ
1462 3786 1576 3841 dux
1633 3785 1743 3841 erit
1790 3786 2056 3857 ejusdem

413 3874 627 3950 gentis,
672 3878 735 3931 et
788 3873 981 3931 tribus
1028 3879 1189 3947 geret
1244 3891 1445 3931 curam
1504 3874 1951 3948 proﬁciscentis,
2000 3879 2058 3930 et

409 3966 538 4038 ejus
569 3967 767 4021 utetur
792 3964 1208 4037 potestatibus,
1243 3980 1309 4020 ac
1341 3962 1587 4021 sollicite
1616 3964 1815 4020 omnia
1840 3964 2011 4020 faciet
2041 3977 2053 4018 :

406 4053 856 4125 doctrinamque
900 4053 1157 4110 duorum
1211 4053 1576 4126 jejuniorum
1651 4053 1732 4108 ita
1812 4052 2053 4123 dividet,

407 4145 477 4199 ut
504 4157 688 4198 unam
718 4141 779 4197 in
806 4157 937 4210 sua,
970 4141 1166 4212 domo,
1218 4141 1461 4199 alteram
1517 4142 1578 4199 in
1628 4140 2055 4214 proficiscentis

409 4233 693 4295 exercent.

483 4319 673 4378 CXVI.
742 4319 983 4385 Quando
1032 4319 1283 4377 farinam
1339 4326 1738 4394 conspergunt
1794 4337 1966 4392 aqua,
1999 4324 2056 4376 et

411 4424 673 4468 massam
702 4409 1007 4483 subigunt,
1032 4424 1205 4471 nemo
1222 4408 1695 4484 loquaturalteri.
1716 4409 1882 4465 Mane
1909 4425 2053 4482 quo-

412 4514 527 4572 que
542 4499 781 4571 quando
809 4498 1028 4557 tabulis
1056 4499 1129 4554 ad
1156 4499 1396 4555 fur—num
1416 4498 1511 4558 vel
1541 4499 1613 4555 ad
1646 4498 1906 4555 clibanos
1953 4499 2054 4555 de-

306 4632 311 4639 .
411 4591 649 4663 portant
679 4604 879 4661 panes,
915 4588 1107 4646 simile
1137 4588 1437 4670 habebunt
1461 4587 1785 4654 silentium,
1829 4592 1885 4643 et
1923 4594 2052 4644 tan-
2086 4608 2133 4675 Β

407 4661 537 4736 tum
568 4679 639 4735 de
672 4677 920 4735 Psalmis
950 4682 1007 4734 et
1035 4661 1455 4751 deScripturis
1500 4675 1721 4749 aliquid
1782 4677 2052 4734 decanta-

406 4771 557 4829 bunt
583 4767 691 4843 [AL
730 4766 1219 4841 meditabuntur],
1281 4766 1462 4823 donec
1513 4783 1662 4838 opus
1717 4766 2046 4839 impleatur.

406 4859 640 4934 Siquid
684 4856 1089 4916 necessarium
1138 4855 1471 4921 habuerint,
1533 4872 1647 4911 non
1712 4854 2045 4927 loquentur,

479 5090 773 5182 {Voculae
799 5094 851 5149 et
889 5089 1042 5147 dabit
1095 5106 1164 5147 ex
1214 5089 1477 5165 principe
1522 5090 1773 5149 editione
1821 5092 2049 5151 sufi‘eci-

407 5171 754 5309 mgéliursus
785 5200 988 5309 eadem
1006 5250 1141 5290 cum
1172 5233 1432 5306 antiquis
1458 5235 1834 5303 editionibus,
1872 5237 2047 5309 idque

406 5305 631 5379 verius,
660 5310 725 5361 ut
749 5307 979 5379 videtur
1003 5322 1173 5376 super
1201 5305 1470 5362 tembnem
1496 5309 1756 5379 plaustri.

477 5376 735 5465 "Istbmc
768 5378 1063 5433 vilissima
1091 5386 1142 5433 et
1184 5387 1403 5435 »διειδέναι
1446 5376 1764 5444 huiusmodi
1788 5379 1862 5435 al.
1925 5395 2043 5435 non

406 5448 976 5594 “Pﬁm’wam,
996 5523 1093 5594 aut
1120 5523 1215 5593 qui
1242 5521 1508 5579 secundus
1525 5530 1603 5578 est
1618 5540 1641 5593 ί
1660 5482 1786 5578 tum
1818 5519 2041 5594 legunt,

404 5606 595 5679 magn
633 5592 1033 5679 proﬁciscentis
1075 5597 1344 5679 emerent,
1386 5595 1477 5650 vel
1513 5592 1690 5679 quem.
1723 5596 1838 5668 ipse
1884 5592 2043 5679 prae-

2180 590 2463 662 indigent.

2250 678 2459 735 CXVII.
2492 679 2733 742 Quando
2788 677 2862 733 ad
2911 675 3272 733 miscendam
3332 673 3582 730 farinam
3632 673 3824 729 vocati

2182 767 2419 834 fuerint,
2451 766 2651 822 nullus
2682 766 2933 822 resideat
2963 767 3024 821 in
3050 763 3173 820 loco
3205 779 3385 835 panes
3415 761 3821 834 coquentium,

2179 855 2434 927 exceptis
2464 854 2556 910 his
2584 854 2684 927 qui
2715 853 2962 911 coctioni
2993 852 3307 918 sufﬁcient,
3338 856 3398 908 et
3425 849 3643 923 quibus
3689 849 3819 922 jus-

2177 961 2310 1000 sum
2343 948 2454 1011 est,
2485 960 2656 999 nemo
2689 943 2985 999 residebit.

2245 1040 2486 1096 CXVIII.
2521 1042 2584 1095 In
2616 1040 2861 1095 navibus
2892 1055 3124 1111 quoque
3147 1036 3360 1094 similis
3374 1034 3689 1108 disciplina
3706 1038 3818 1092 est.

2175 1127 2357 1184 Nemo
2414 1132 2612 1185 autem
2667 1146 2701 1184 a
2756 1133 2910 1184 terra
2946 1128 3128 1183 solvet
3186 1124 3822 1197 funiculum'absque

2167 1216 2438 1287 jussione
2466 1217 2677 1280 Patris,
2711 1233 2783 1273 ne
2814 1216 3072 1273 lembum
3106 1215 3367 1288 quidem.

2244 1314 2438 1370 CXIX.
2476 1316 2534 1369 In
2567 1313 2692 1369 loco
2722 1313 2965 1370 sentinae
2995 1316 3052 1368 et
3081 1312 3353 1367 interiore
3413 1314 3575 1383 parte
3622 1309 3815 1382 navis,

2174 1403 2398 1459 caeteris
2431 1402 2709 1459 fratribus
2736 1418 2914 1475 super
2939 1405 3197 1457 transtra
3232 1405 3292 1456 et
3342 1399 3611 1457 tabulata
3655 1399 3820 1472 quie-

2173 1491 2495 1559 scentibus,
2528 1489 2727 1547 nullus
2758 1490 3029 1555 dormiat,
3073 1495 3131 1546 et
3186 1487 3497 1546 saeculares
3540 1488 3821 1546 homines

2172 1580 2425 1635 dormire
2458 1595 2657 1635 secum
2690 1580 2749 1634 in
2778 1580 2909 1633 navi
2940 1595 3112 1634 nemo
3144 1577 3415 1650 patietur.
3446 1577 3602 1632 Vasa
3649 1575 3820 1632 inﬁr-

2173 1668 2359 1723 miora
2387 1684 2521 1724 cum
2546 1667 2767 1723 caeteris
2790 1667 2873 1723 eis
2902 1684 3017 1723 non
3041 1667 3400 1739 navigabunt
3426 1683 3441 1734 ;
3501 1665 3616 1722 nisi
3671 1666 3821 1722 forte

2168 1761 2341 1813 Pater
2370 1756 2710 1813 monasterii
2742 1756 3078 1829 praeceperit
3108 1755 3214 1829 [Αἰ.
3250 1754 3545 1828 ρι’ωοθρίῑ]

2239 1856 2392 1911 CXX.
2426 1855 2635 1911 Nullus
2667 1856 2725 1911 in
2757 1871 2931 1910 nomo
2962 1871 3070 1911 sua
3099 1853 3338 1910 audebit
3359 1852 3553 1908 focum
3600 1851 3818 1921 facere,

2171 1944 2283 2001 nisi
2305 1945 2363 1999 in
2390 1961 2699 2000 commune
2730 1944 3004 2000 omnibus
3033 1942 3440 2002 succendatur.

2241 2042 2420 2097 CXXI.
2456 2042 2564 2108 Qui
2590 2059 2708 2097 una
2738 2041 2998 2098 oratione
3042 2043 3113 2098 de
3158 2056 3257 2096 sex
3304 2038 3667 2097 orationibus
3719 2056 3820 2097 ve-

2170 2132 2446 2204 spertinis
2479 2131 2707 2187 tardius
2735 2131 2974 2191 venerit,
3004 2130 3091 2186 vel
3122 2129 3223 2203 qui
3270 2129 3692 2198 mussitaverit,
3756 2133 3819 2186 et

2171 2220 2401 2276 locutus
2432 2221 2608 2275 fuerit
2638 2221 2707 2276 ad
2762 2220 3009 2276 alterum
3055 2218 3145 2274 vel
3204 2217 3514 2274 subriserit
3564 2218 3625 2274 in
3684 2217 3822 2274 reli-

2170 2309 2305 2381 quis
2336 2309 2719 2377 orationibus,
2752 2308 3068 2365 constituto
3098 2308 3301 2364 ordine
3357 2311 3489 2381 aget
3533 2307 3823 2380 paeniten-

2172 2399 2334 2455 tiam.

2241 2487 2446 2544 CXXII.
2484 2487 2730 2554 Quando
2761 2488 2919 2543 domi
2950 2486 3256 2553 sedebunt,
3287 2503 3404 2542 non
3425 2485 3509 2542 eis
3532 2484 3707 2543 liceat
3732 2486 3821 2545 Io-

2171 2576 2271 2649 qui
2303 2576 2523 2648 aliquid
2558 2576 2875 2631 smculare:
2924 2575 3024 2631 sed
3072 2574 3122 2631 si
3152 2574 3293 2647 quid
3325 2574 3679 2648 praepositus
3747 2575 3825 2632 de

2170 2665 2487 2737 Scripturis
2518 2664 2800 2732 docuerit,
2833 2664 3095 2719 vicissim
3124 2663 3278 2719 inter
3305 2678 3368 2720 se
3396 2663 3721 2731 ruminent,
3756 2669 3821 2721 et

2169 2754 2424 2810 referant
2454 2771 2580 2827 qua:
2607 2754 2740 2826 quis
2771 2753 3040 2821 audierit,
3074 2752 3161 2809 vel
3195 2769 3323 2825 quae
3354 2753 3694 2809 memoriter
3727 2756 3820 2811 te-

2169 2848 2366 2899 neant.

2243 2935 2335 2988 71
2369 2931 2603 2988 CXXIII.
2638 2931 2820 2988 Nemo
2851 2932 3175 3005 quidquam
3206 2932 3397 3004 operis
3452 2932 3648 3000 faciet,
3706 2949 3825 2990 nec

2168 3021 2418 3094 scyphos
2450 3020 2650 3093 plenos
2684 3038 2837 3093 aqua
2885 3022 3271 3089 circumferet,
3317 3036 3423 3077 nec
3480 3020 3823 3079 funiculum

2167 3110 2404 3183 quidem
2436 3108 2753 3181 torquebit,
2785 3110 2897 3165 nisi
2930 3111 3275 3183 prapositus
3300 3110 3562 3180 jusserit.

2242 3207 2473 3265 CXXIV.
2508 3207 2688 3262 Nemo
2711 3207 2924 3278 juncos
2964 3207 3196 3263 infusos
3252 3207 3311 3261 in
3358 3223 3513 3279 aqua
3542 3208 3655 3264 sibi
3702 3208 3824 3266 tol-

2169 3298 2249 3355 let
2278 3299 2349 3353 ad
2382 3297 2766 3370 operandum,
2827 3295 2939 3352 nisi
2998 3296 3279 3368 magister
3325 3296 3714 3354 hebdomadis
3766 3298 3823 3355 ei

2169 3387 2412 3443 dederit.

2239 3484 2456 3541 CXXV.
2491 3485 2597 3551 Qui
2628 3501 2729 3540 vas
2760 3483 2934 3539 fictile
2966 3484 3203 3555 fregerit
3229 3492 3271 3550 δ,
3311 3489 3368 3539 et
3416 3485 3632 3555 juncos
3690 3487 3825 3542 ter-

2167 3574 2247 3629 tio
2304 3574 2605 3640 infuderit,
2667 3579 2799 3645 aget
2856 3572 3259 3644 pmnitentiam
3317 3589 3555 3646 vespere
3610 3572 3669 3629 in
3713 3590 3826 3631 se:

2168 3662 2553 3719 orationibus.

2240 3760 2470 3816 CXXVI.
2503 3760 2638 3815 Post
2666 3776 2767 3815 sex
2795 3760 3086 3816 orationes
3125 3760 3359 3832 quando
3389 3760 3463 3817 ad
3522 3760 3826 3819 dormien-

2167 3850 2307 3905 dum
2338 3866 2542 3905 omnes
2565 3855 2932 3921 separantur,
2968 3848 3112 3905 nulli
3134 3849 3351 3917 licebit,
3383 3855 3619 3923 excepta
3636 3864 3830 3911 causa

2168 3938 2558 4006 necessitatis,
2590 3939 2788 4013 egredi
2809 3938 3147 3995 cubiculum
3175 3955 3372 3995 suum.

2235 4036 2493 4092 CXXVII.
2525 4036 2587 4092 Si
2621 4037 2796 4093 frater
2826 4035 3146 4105 dormierit,
3180 4037 3374 4093 omnis
3419 4054 3553 4094 eum
3604 4038 3825 4097 frater-

2166 4125 2319 4182 nitas
2346 4130 2750 4199 prosequatur.
2784 4125 2965 4182 Nemo
2993 4126 3014 4159 "
3038 4130 3380 4198 permaneat
3408 4127 3633 4199 absque
3688 4144 3824 4187 ma-

2157 4215 2309 4288 joris
2341 4214 2605 4287 imperio,
2638 4232 2744 4271 nec
2767 4214 2978 4287 psallat
3032 4214 3148 4270 nisi
3206 4214 3259 4270 ei
3299 4215 3537 4287 jussum
3596 4216 3822 4277 fuerit:

2166 4322 2271 4361 nec
2301 4309 2432 4378 post
2468 4304 2714 4360 alterum
2773 4303 3068 4377 psalmum
3110 4304 3326 4376 jungat
3376 4303 3625 4361 alterum
3685 4305 3824 4366 sine

2168 4394 2461 4467 praepositi
2492 4393 2807 4450 voluntate.

2235 4492 2523 4550 CXXVIII.
2583 4491 2706 4548 Duo
2759 4492 2936 4548 simul
2961 4497 3222 4564 tempore
3251 4490 3443 4550 luctus
3476 4510 3591 4550 non
3648 4495 3820 4566 psal-
3880 4523 3903 4539 ο

2167 4581 2307 4649 lent,
2340 4599 2445 4638 nec
2477 4580 2655 4654 pallio
2687 4580 3347 4637 circumdabunturlino
3380 4581 3556 4654 (Forte
3605 4582 3817 4657 lineo).

2162 4670 2275 4726 Nec
2309 4671 2623 4743 quisquam
2655 4670 2765 4725 erit
2804 4669 2904 4740 qui
2961 4669 3231 4741 psallenti
3282 4687 3397 4726 non
3438 4672 3817 4744 respondeat,

2162 4760 2262 4815 sed
2289 4759 2574 4832 jungetur
2602 4764 2658 4815 et
2686 4759 2894 4831 gradu.
2925 4764 2982 4814 et
3004 4776 3140 4815 voce
3171 4776 3446 4815 consona.

2231 4843 2467 4915 CXXIX.
2527 4857 2635 4921 Qui
2694 4860 2785 4913 est
2840 4857 3133 4927 infirmus,
3194 4858 3252 4912 in
3312 4857 3514 4915 funere
3567 4858 3822 4919 habebit

2149 5091 2425 5164 junxeril.

2226 5165 2247 5199 ⁸
2278 5163 2519 5239 Statius,
2572 5163 2865 5239 napigiuni
2887 5163 3238 5239 funiculum;
3258 5162 3361 5239 alii
3394 5165 3555 5233 editi,
3586 5170 3818 5239 navigii

2152 5236 2536 5309 funiculum
2568 5236 2688 5309 sed,
2723 5253 2813 5309 ne
2848 5237 3084 5292 lembum
3140 5237 3378 5308 quidem,
3437 5242 3514 5309 et,
3561 5239 3624 5294 In
3685 5236 3819 5300 16cc

2152 5305 2388 5363 centium
2414 5305 2631 5378 pariter
2660 5306 3085 5363 desiderantur.

2222 5378 2547 5449 5Princeps
2651 5379 2846 5451 editio,
2958 5380 3041 5435 vel
3150 5380 3399 5451 aliquam
3498 5381 3814 5451 utilitatem

2153 5449 2405 5505 adversus
2434 5448 2753 5524 monasterii
2783 5450 2913 5523 (leg.
2946 5452 3028 5505 vel
3057 5448 3304 5524 aliqudm
3334 5469 3449 5507 rem
3477 5454 3670 5509 utilem
3729 5448 3813 5512 ad

2152 5536 2291 5593 usus
2304 5522 2636 5593 monasterii
2640 5522 2676 5593 ).

2222 5594 2241 5627 ⁷
2270 5591 2504 5648 Veteres
2533 5591 2694 5660 editi,
2742 5593 2904 5673 {Venio
2961 5597 3121 5651 exeat
3164 5596 3335 5669 foras,
3394 5612 3551 5655 nemo
3610 5596 3812 5673 loqua-

402 5665 612 5747 pasitus
634 5664 859 5741 elegerit
884 5666 955 5724 de
973 5664 1261 5741 fratribus,
1288 5673 1344 5726 et
1391 5664 1583 5727 cura)»
1636 5667 1690 5725 si
1743 5664 1914 5726 inani
1948 5666 2044 5725 in-
2149 5670 2264 5735 tur,
2291 5678 2451 5726 nemo
2479 5668 2782 5739 remaneat,
2815 5669 2923 5727 etc.
