3970 6430
173 373 236 451 Μ’
1039 376 1676 455 INTERPRETATIO
1719 379 2060 452 REGULAZ
2103 385 2167 452 S.
2215 385 2616 455 PACHOMII.

174 517 466 579 niinistrum
487 519 590 594 qui
619 538 754 580 eum
786 527 1092 594 sustentet,
1121 529 1178 582 et
1206 526 1445 582 omnino
1473 526 1542 581 ad
1577 542 1777 597 quem-
1803 523 1856 589 Α
1889 541 2007 581 una
2038 530 2204 582 nocte
2235 526 2455 599 absque
2513 526 2792 584 fratribus
2841 519 3183 582 dormierit:
3216 525 3273 581 et
3327 523 3528 597 postea

172 627 365 684 cunque
387 609 576 668 locum
639 612 808 671 missi
867 614 1083 672 fuerint
1137 616 1363 685 fratres,
1425 617 1497 671 ds
1552 615 1774 672 hebdo-

171 700 409 757 madariis
438 701 742 760 habebunt
771 721 871 761 eos
902 705 1001 777 qui
1036 705 1453 777 aegrotantibus
1496 705 1769 774 serviant,

167 790 206 861 si
247 790 374 847 forte
426 790 484 846 in
546 791 754 849 itinere
811 793 898 850 vel
958 793 1017 849 in
1076 811 1215 867 agro
1261 793 1509 866 languor
1565 795 1770 868 obrep-

164 879 298 936 serit.

220 970 407 1027 CXXX.
435 967 616 1028 Nemo
649 977 784 1029 ante
833 973 1212 1047 praepositum
1270 977 1326 1030 et
1356 974 1561 1029 ducem
1595 990 1770 1030 suum

167 1060 424 1117 ambulet:
456 1061 659 1118 nullus
691 1066 988 1120 remaneat
1020 1064 1092 1118 ab
1119 1062 1322 1119 ordine
1348 1080 1475 1118 suo.

225 1149 431 1206 CXXXI.
466 1151 524 1207 Si
559 1151 692 1222 quis
752 1150 976 1225 aliquid
1022 1151 1358 1225 perdiderit,
1410 1156 1542 1208 ante
1589 1151 1770 1207 altare

166 1239 364 1312 publice
391 1239 753 1313 corripiatur.
786 1241 844 1296 Si
890 1257 1023 1298 vero
1055 1242 1126 1297 de
1175 1241 1428 1314 propriis
1473 1241 1770 1298 vesticulis

162 1327 308 1404 fuerit
334 1329 479 1400 quod
515 1329 807 1404 perditum
840 1335 946 1400 est,
980 1331 1170 1388 tribus
1218 1332 1603 1388 hebdomadis
1652 1349 1768 1387 non

162 1417 410 1489 accipiet;
440 1419 579 1475 etin
612 1425 820 1493 quarta
872 1426 1003 1477 acta
1059 1421 1402 1494 poenitentia
1434 1421 1670 1476 dabitur
1719 1421 1768 1477 ei

158 1507 287 1584 quod
318 1507 589 1568 amiserit.

215 1595 453 1670 CXXXII.
503 1598 610 1662 Qui
661 1598 948 1656 invenerit
1005 1599 1252 1671 aliquid,
1311 1618 1415 1673 per
1468 1605 1585 1656 tres
1643 1600 1768 1657 dies

158 1686 272 1739 ante
298 1684 590 1741 collectam
649 1687 893 1742 fratrum
962 1688 1302 1760 suspendet,
1361 1693 1417 1743 et
1447 1689 1620 1759 [Forte
1681 1689 1767 1758 ut]

155 1771 296 1829 tollat
330 1775 423 1846 qui
454 1776 805 1849 cognoverit.

214 1861 482 1921 CXXXIII.
517 1865 754 1967 Cunctis
784 1865 1281 1967 increpationibus
1325 1870 1499 1939 atque
1554 1865 1767 1967 doetr'i'
1797 1899 1845 1967 Β

159 1950 254 2021 nis,
284 1970 525 2026 quarum
557 1956 775 2027 scripta
828 1959 918 2011 est
970 1959 1028 2012 et
1082 1957 1422 2024 constituta,
1481 1956 1768 2028 correptio

154 2041 421 2113 prmpositi
451 2043 723 2112 sufficiet,
758 2049 814 2100 et
843 2043 982 2117 quid
1035 2050 1230 2102 autem
1288 2045 1420 2102 novi
1479 2047 1653 2102 fuerit
1705 2045 1764 2100 in

151 2127 370 2188 delicto:
400 2134 609 2190 referet
637 2135 706 2190 ad
739 2134 1061 2208 principem
1094 2135 1453 2192 monaSterii.

213 2217 302 2277 72
346 2221 576 2278 CXXIV.
645 2225 854 2280 Lotum
923 2225 984 2280 in
1060 2225 1234 2281 domo
1313 2225 1513 2281 nullus
1591 2225 1768 2281 faciat

150 2306 346 2381 absque
373 2325 467 2380 eo;
501 2315 560 2368 et
590 2329 763 2369 omne
804 2314 960 2386 quod
1018 2331 1231 2370 novum
1291 2319 1380 2370 est
1425 2314 1585 2370 illius
1634 2331 1763 2370 sen-

149 2398 308 2454 tentia
333 2399 692 2473 disponatur.

202 2486 440 2546 CXXXV.
473 2490 682 2547 Omnis
714 2492 1000 2565 correptio
1052 2491 1136 2548 ita
1185 2494 1300 2560 ﬁat,
1360 2497 1424 2548 ut
1453 2493 1712 2548 distincti
1748 2493 1759 2526 ¹

149 2572 250 2631 sint
299 2578 395 2650 qui
450 2580 888 2654 corripiuntur;
923 2583 1193 2653 stentque
1222 2582 1281 2637 in
1332 2582 1540 2654 majori
1593 2581 1764 2638 colle-

146 2667 240 2730 cta,
266 2671 319 2721 et
345 2667 402 2723 in
432 2669 710 2726 vescendi
737 2669 882 2726 loco.

205 2752 476 2815 CXXXVI.
512 2758 622 2825 Qui
653 2760 873 2832 absque
905 2761 1360 2817 commonitione
1393 2761 1636 2817 fratrum
1669 2778 1762 2818 re-

149 2846 382 2916 cesserit,
413 2852 472 2903 et
521 2853 729 2922 postea
782 2853 909 2906 acta
957 2850 1298 2923 poenitentia
1354 2851 1596 2919 venerit,
1647 2867 1763 2906 non

146 2931 238 2986 erit
264 2934 318 2989 in
347 2936 552 2993 ordine
573 2953 680 2993 suo
702 2937 919 3011 absque
942 2939 1182 3011 majoris
1213 2939 1478 3012 imperio.

202 3021 505 3082 CXXXVII.
544 3027 895 3100 Praepositus
927 3029 1140 3085 domus
1185 3035 1244 3085 et
1301 3030 1673 3103 dispensator
1714 3030 1764 3085 si

201 3203 214 3237 ¹
243 3203 446 3282 Eadem
478 3207 763 3282 disjuncti,
797 3208 868 3263 ad
891 3207 1141 3282 margin.
1161 3197 1766 3282 dz'stincti,quamSta-

1885 618 2013 671 acta
2051 615 2421 689 paenitudine
2471 617 2543 673 ad
2600 619 2949 673 conventum
2987 613 3214 672 venerit
3257 613 3526 683 fratrum,

1883 721 1998 761 non
2031 707 2080 761 ei
2115 707 2505 779 permittetur,
2539 709 2604 763 ut
2634 706 2884 763 introeat
2899 706 3161 773 domum,
3194 707 3298 760 aut
3323 708 3437 762 stet
3466 703 3527 760 in

1884 795 2085 849 ordine
2112 812 2218 850 suo
2249 797 2470 868 absque
2494 796 2734 868 majoris
2759 795 3024 869 imperio.

1953 883 2291 942 CXXXVIII.
2353 886 2536 943 Omne
2594 887 2751 960 quod
2810 886 2869 941 in
2929 887 3212 942 conventu
3279 882 3527 953 fratrum

1883 973 2196 1030 audierunt
2252 975 2642 1048 disputatum,
2695 975 3041 1032 necessitate
3089 977 3390 1048 cogentur,
3461 976 3528 1031 ut

1881 1062 2034 1118 inter
2063 1079 2124 1119 se
2154 1065 2455 1137 replicent,
2502 1065 2867 1137 jejuniorum
2928 1064 3182 1120 maxime
3239 1067 3522 1136 tempore,

1883 1155 2118 1224 quando
2151 1171 2184 1209 a
2213 1155 2336 1210 suis
2363 1155 2647 1210 docentur
2673 1154 3023 1227 praepositis.

1951 1242 2239 1298 CXXXIX.
2274 1244 2380 1308 Qui
2412 1243 2574 1300 rudis
2607 1244 3030 1300 monasterium
3073 1243 3246 1300 fuerit
3299 1244 3526 1316 ingrcs-

1880 1348 2004 1400 sus,
2061 1333 2367 1388 docebitur
2425 1333 2589 1405 prius
2647 1350 2773 1405 quae
2820 1333 3027 1389 debeat
3075 1334 3421 1388 observare:
3470 1335 3527 1389 et

1880 1438 2013 1476 cum
2042 1422 2249 1478 doctus
2310 1423 2381 1478 ad
2443 1423 2712 1480 universa
2763 1421 3148 1492 consenserit,
3205 1422 3429 1480 dabunt
3473 1422 3525 1478 ei

1881 1511 2086 1584 viginti
2119 1511 2384 1568 Psalmos
2415 1516 2473 1568 et
2519 1513 2666 1568 duas
2725 1511 3012 1585 Epistolas
3070 1509 3354 1584 Apostoli,
3423 1514 3526 1567 aut

1879 1600 2120 1656 alterius
2151 1601 2466 1674 Scriptura;
2485 1605 2730 1674 partem.
2765 1605 2832 1655 Et
2862 1599 2911 1655 si
2940 1599 3166 1656 litteras
3221 1599 3524 1672 ignorave-

1878 1689 1975 1756 rit,
2010 1690 2153 1745 hora
2185 1689 2397 1763 prima,
2429 1694 2483 1746 et
2513 1689 2690 1746 tertia
2745 1694 2804 1745 et
2854 1693 3015 1745 sexta
3070 1687 3238 1744 vadet
3283 1687 3355 1744 ad
3386 1703 3521 1744 eum

1879 1777 1980 1850 qui
2013 1779 2217 1835 docere
2265 1783 2474 1852 potest,
2522 1783 2579 1835 et
2621 1777 2723 1851 qui
2773 1777 2824 1835 ei
2871 1776 3043 1834 fuerit
3095 1775 3418 1850 delegatus,
3469 1780 3547 1834 et-

1880 1868 2057 1924 stabit
2088 1872 2222 1924 ante
2279 1866 2470 1934 illum,
2531 1872 2588 1924 et
2633 1868 2821 1924 discet
2874 1865 3330 1935 studiosissime,
3391 1879 3526 1922 cum

1876 1957 2036 2012 omni
2069 1956 2392 2030 gratiarum
2420 1957 2666 2014 actione.

1947 2047 2098 2104 CXL.
2133 2050 2340 2104 Postea
2367 2062 2502 2103 vero
2555 2046 2885 2102 scribentur
2911 2045 2962 2102 ei
2993 2044 3301 2112 elementa,
3357 2037 3527 2117 sylla-

1877 2136 1980 2202 bae,
2013 2137 2208 2208 verba,
2242 2153 2307 2192 ac
2337 2137 2579 2192 nomina
2604 2153 2617 2192 :
2651 2139 2707 2192 et
2735 2135 2912 2192 etiam
2935 2133 3141 2191 nolens
3162 2133 3352 2207 legere
3372 2149 3528 2190 com-

1878 2211 2149 2297 pellatur,
2201 2229 2258 2281 et
2287 2225 2527 2281 omnino
2579 2223 2778 2281 nullus
2807 2223 2918 2280 erit
2947 2223 3004 2279 in
3021 2223 3398 2291 monasterio,
3423 2221 3548 2296 qui‘

1877 2331 1991 2370 non
2049 2314 2238 2371 discat
2300 2314 2547 2380 litteras,
2625 2318 2682 2370 et
2757 2314 2829 2369 de
2896 2312 3214 2384 Scripturis
3299 2309 3524 2383 aliquid

1875 2408 2105 2459 teneat:
2143 2402 2241 2476 qui
2296 2401 2612 2458 minimum
2673 2417 2861 2474 usque
2920 2401 2989 2458 ad
3050 2417 3265 2456 novum
3319 2400 3523 2456 Testa-

1876 2496 2139 2547 mentum
2174 2495 2229 2547 et
2260 2489 2630 2546 Psalterium.

1945 2580 2123 2636 CXLI.
2158 2581 2244 2636 Ad
2274 2579 2595 2648 collectam,
2629 2583 2687 2635 et
2715 2580 2788 2635 ad
2842 2577 3214 2652 psallendum
3255 2579 3310 2633 et
3359 2590 3526 2634 oran-

1877 2672 2016 2726 dum
2050 2669 2247 2726 nullus
2279 2670 2391 2726 sibi
2421 2668 2829 2742 occupationes
2849 2669 2872 2704 ²
2898 2667 3178 2736 inveniat,
3212 2664 3429 2740 quibus
3459 2680 3522 2724 se

1875 2760 2029 2815 dicat
2050 2765 2394 2832 occupatum
2429 2759 2596 2831 quasi
2627 2759 2711 2815 ire
2739 2775 2855 2814 non
2888 2757 3092 2831 possit.

1947 2848 2153 2904 CXLII.
2192 2849 2256 2903 Et
2287 2848 2336 2903 si
2368 2847 2428 2903 in
2461 2847 2590 2903 navi
2620 2846 2817 2916 fuerit,
2849 2850 2907 2902 et
2933 2847 2992 2902 in
3045 2844 3421 2911 monasterio,
3467 2845 3526 2900 et

1877 2939 1939 2992 in
1988 2954 2152 3010 agro,
2182 2943 2239 2993 et
2288 2936 2346 2992 in
2380 2936 2607 3004 itinere,
2641 2939 2699 2993 et
2749 2934 2809 2991 in
2859 2935 3125 3008 quolibet
3172 2931 3522 3001 ministerio,

1877 3026 2082 3082 orandi
2115 3029 2170 3081 et
2201 3025 2492 3098 psallendi
2521 3028 2788 3097 tempora
2816 3041 2932 3081 non
2953 3022 3377 3096 praetermittat.

1879 3207 2068 3279 capite
2086 3207 2591 3279 emendaturosse
2619 3203 3026 3279 promittentes
3059 3201 3218 3270 vitia,
3275 3201 3334 3258 in
3389 3200 3519 3273 qui-

143 3270 196 3352 lij
220 3270 611 3352 conjecturam
643 3270 1240 3352 editoresaliivsecuti
1272 3270 1432 3350 sunt,
1459 3270 1575 3352 ‘qui
1625 3281 1762 3336 item
1795 3275 1838 3342 C
1877 3270 1988 3335 bus
2019 3282 2369 3352 arguuntur,
2397 3270 2637 3352 veniam
2661 3277 3066 3352 deprecentur.
3099 3295 3125 3352 ›ξ

143 3343 216 3399 sic
242 3343 434 3432 legunt
463 3351 695 3478 reliqua
723 3351 904 3434 hujus
933 3352 1192 3435 capituli,
1228 3375 1255 3403 «
1290 3353 1394 3418 Qui
1420 3343 1764 3434 corripiun-

143 3417 243 3478 tur,
270 3421 534 3478 dimissis
569 3423 586 3478 (
620 3466 633 3478 .
667 3424 964 3478 demissus)
998 3425 1293 3478 manibus.
1345 3429 1402 3478 et
1456 3424 1764 3478 humiliato

141 3417 243 3486 tur,
270 3417 534 3480 dimissis
569 3417 633 3495 (ι.
667 3417 964 3495 demissis)
998 3417 1293 3493 inanibus,
1316 3417 1323 3418 ⁷
1345 3429 1402 3480 et
1456 3417 1766 3482 bumiliato

1948 3352 1969 3385 ²
1998 3348 2200 3418 Iidem,
2233 3366 2388 3406 nemo
2415 3349 2519 3405 sibi
2543 3351 2848 3405 occasiones
2876 3348 3144 3404 inveniat.

905 3795 1344 3858 PRECEPTA
1386 3796 1486 3857 ET
1529 3795 1956 3858 INSTITUTA
1999 3797 2063 3858 S.
2111 3796 2182 3856 P.
2229 3796 2303 3855 N.
2350 3793 2753 3857 PACHOMII.

139 4137 419 4218 Quomodo
450 4144 700 4218 collecta
731 4144 854 4218 fieri
885 4144 1110 4211 debeat,
1131 4148 1191 4200 et
1221 4144 1431 4218 fratres
1462 4143 2008 4218 congregandisint
2037 4144 2108 4200 ad
2143 4141 2498 4218 audiendum
2533 4157 2862 4218 sermonem
2894 4141 3018 4218 Dei,
3042 4141 3218 4218 jux_ta
3252 4143 3542 4218 pracepta

205 4214 487 4287 majorum
511 4216 907 4274 etdoctrinam
923 4209 1258 4272 sanctarum
1276 4209 1733 4287 Scripturaruiﬁ,
1751 4222 1814 4271 ut
1829 4216 2146 4272 liberentur
2159 4216 2229 4271 de
2245 4230 2436 4287 errore
2453 4214 2657 4269 anima:
2672 4215 2710 4282 ¹,
2725 4218 2778 4269 et
2797 4209 3318 4287 glorificentDeum
3332 4210 3396 4287 in
3409 4209 3540 4287 luce

203 4282 532 4357 viventium,
557 4293 617 4344 et
642 4289 740 4355 [Αἱ.
766 4288 1054 4359 ut)sciant
1075 4287 1368 4359 quomodo
1383 4282 1908 4356 oporteatin'domo
1922 4288 2020 4343 Dei
2044 4285 2759 4359 conversarisineruinaet
2779 4282 3076 4359 scandalo,
3110 4289 3174 4340 ut
3188 4301 3304 4340 non
3327 4283 3541 4359 inebri-

202 4361 362 4433 entur
373 4355 574 4433 aliqua
588 4355 989 4433 passione,sed
1012 4355 1167 4414 ste—nt
1179 4361 1237 4414 in
1261 4355 1540 4415 mensura
1552 4360 1775 4433 veritati
1784 4364 1895 4423 s,et
1907 4359 2322 4433 traditionibus
2335 4357 2729 4433 apostolorum
2746 4364 2804 4433 et
2813 4357 3226 4433 prophetarum
3245 4355 3545 4433 :et‘solem-

205 4429 440 4504 nitatum
465 4427 736 4488 ordinem
754 4427 1009 4500 teneant,
1030 4433 1329 4504 imitantes
1341 4432 1963 4503 conversationem[Al.
1985 4427 2514 4504 congregationem]
2548 4446 2748 4484 eorum
2791 4427 2848 4504 in
2874 4427 3046 4504 domo
3070 4429 3194 4504 _I)ei,
3217 4433 3274 4484 et
3310 4427 3544 4500 jejunis.

83 4507 95 4517 '
201 4502 364 4573 atque
393 4505 695 4562 orationes
725 4521 794 4560 ex
823 4521 984 4561 more
1015 4503 1398 4576 complentes.
1432 4503 1538 4570 Qui
1570 4504 1727 4559 enim
1763 4501 1906 4559 bene
1939 4501 2278 4559 ministrant
2308 4507 2638 4574 sequuntur
2666 4501 2928 4574 regulam
2959 4501 3419 4573 Scripturarum.

209 4704 296 4761 13
355 4707 591 4766 CXLIII.
653 4709 772 4765 Hoc
827 4713 916 4764 est
972 4725 1109 4781 ergo
1157 4707 1552 4764 ministerium
1624 4709 1779 4781 quod
1813 4712 1858 4776 D
1891 4709 2207 4765 occurrerit
2238 4708 2496 4779 accipere
2538 4724 2686 4779 opus
2717 4707 2871 4779 quod
2923 4705 3105 4762 altera
3147 4705 3240 4762 die
3280 4705 3543 4792 facturus

140 4788 396 4852 Ecclesia;
427 4799 693 4855 ministri
725 4815 991 4856 exercere
1022 4799 1127 4871 [Αἱ.
1163 4798 1430 4870 implere]
1462 4798 1779 4854 debebunt.

143 4879 496 4960 Congregent
526 4889 738 4944 fratres
794 4888 1076 4945 orationis
1130 4892 1411 4959 tempore,
1473 4891 1529 4943 et
1585 4888 1784 4943 omnia

150 4967 507 5049 faciantque
533 4977 644 5034 rite
674 4977 1019 5052 complenda
1054 4981 1210 5044 sunt,
1271 4975 1495 5032 nullam
1554 4977 1661 5048 [Αἱ.
1721 4982 1786 5032 ut

143 5059 371 5138 nullam]
427 5066 835 5124 detrectationi
909 5066 1276 5123 occasionem
1332 5065 1616 5133 tribuant,
1679 5083 1783 5122 nec

143 5155 323 5210 sinant
380 5155 692 5213 ambulare
767 5156 1102 5230 quempiam
1170 5156 1526 5212 contrarium
1609 5155 1782 5214 disci-

146 5236 316 5293 Dlinm.

196 5256 316 5299 ιηω.

179 5252 248 5297 ιω
303 5285 316 5299 .

146 5252 429 5426 Ρνωῗιιν.
502 5335 568 5392 Si
654 5335 911 5393 codicem
988 5334 1429 5408 postulaverint,
1519 5337 1786 5392 deferant

145 5433 231 5476 ωε.

202 5509 401 5570 CXLV.
438 5515 501 5571 Si
537 5513 674 5587 quis
705 5515 944 5573 deforis
989 5515 1212 5572 venerit
1267 5530 1524 5588 vespere,
1582 5519 1780 5572 etnon

206 5691 509 5754 ‘Statiana
536 5694 737 5763 editio,
767 5698 974 5755 animae
997 5709 1401 5762 conversorum,
1434 5699 1541 5750 etc.

1895 4803 2003 4865 est,
2036 4815 2208 4854 mane
2242 4797 2292 4853 ei
2325 4797 2639 4853 tribuatur.

1968 4887 2199 4955 CXLVI,
2236 4888 2292 4945 Si
2325 4887 2601 4943 defecerit
2624 4902 2771 4958 opus
2803 4886 2958 4958 quod
3014 4885 3269 4942 habebat
3315 4885 3374 4939 in
3425 4899 3547 4940 ma-

1897 4979 2093 5044 nibus,
2144 4978 2355 5033 referat
2403 4977 2474 5032 ad
2527 4975 2770 5048 majoris
2819 4975 3123 5032 scientiam
3165 4975 3270 5048 [Αι.
3309 4976 3546 5033 senten-

1895 5067 2084 5134 tiam},
2121 5071 2174 5122 et
2205 5067 2359 5139 quod
2385 5065 2482 5122 ille
2505 5066 2863 5139 praeceperit,
2898 5065 3087 5121 faciat.

1966 5156 2221 5213 CXLVII.
2255 5157 2364 5222 Qui
2420 5156 2692 5212 minister
2749 5159 2838 5211 est
2893 5153 3105 5210 habent
3161 5153 3426 5211 studium
3473 5168 3548 5213 ne

1900 5245 2038 5319 quid
2077 5245 2268 5318 operis
2299 5249 2498 5318 pereat
2528 5245 2587 5300 in
2641 5243 2994 5300 monasterio
3027 5243 3082 5299 in
3145 5242 3268 5300 ulla
3308 5243 3549 5303 omnino

1901 5340 2025 5392 arte
2084 5353 2210 5409 quae
2269 5337 2568 5391 exercetur
2617 5352 2652 5390 a
2711 5333 3009 5389 fratribus.
3060 5334 3224 5400 Quod
3282 5335 3330 5391 si
3407 5335 3547 5408 quid

1900 5425 2158 5499 perierit,
2192 5429 2249 5481 et
2279 5423 2634 5498 negligentia
2662 5422 2838 5479 fuerit
2867 5421 3242 5498 dissipatum,
3285 5424 3548 5499 increpa-

1899 5515 2058 5572 bitur
2091 5532 2125 5570 a
2183 5515 2351 5571 Patre
2407 5513 2678 5570 minister
2729 5529 2972 5586 operum
3031 5513 3432 5588 singulorum,
3491 5517 3550 5574 et
