3970 6440
429 348 511 420 ea
568 374 577 381 ο
1673 362 1737 427 s.
1784 363 2093 429 unseen
2136 365 2579 432 HIERONYMI
3744 351 3829 422 81

421 490 549 565 ipse
574 510 780 552 rursus
809 494 1131 570 increpabit
1159 496 1361 566 alium,
1396 498 1495 570 qui
1528 516 1673 570 opus
1708 498 2060 570 perdiderit;
2093 504 2144 569 Α
2175 510 2330 569 sunt,
2380 502 2631 557 viderint
2679 498 3051 573 przepcsitum
3100 494 3350 555 nimium
3398 492 3820 569 negligentem,

425 584 708 640 duntaxat
730 586 901 656 juxta
938 586 1294 642 voluntatem
1341 591 1397 641 ct
1452 586 1797 641 sententiam
1853 587 2061 658 princi-

420 673 532 746 pis,
565 676 784 747 absque
831 692 945 745 quo
981 674 1175 731 nullus
1225 676 1561 748 increpandi
1596 678 1828 731 fratrem
1888 675 2065 731 habe-

425 763 511 819 bit
540 768 913 835 potestatem.

493 852 776 908 CXLVIII.
811 852 871 908 Si
910 853 1322 908 vestimentum
1382 855 1453 908 ad
1502 852 1681 908 solem
1742 870 2065 926 expansum

421 941 628 997 tertius
659 941 946 996 invenerit
975 942 1098 997 dies
1133 944 1171 1010 ¹,
1192 942 1463 997 dominus
1498 960 1599 1013 pro
1631 958 1696 997 eo
1738 941 2063 1014 increpabi-

423 1033 541 1093 tur.
602 1036 660 1086 et
709 1035 840 1103 aget
893 1031 1292 1101 pmnitentiam
1350 1030 1579 1102 publice
1630 1029 1690 1083 in
1748 1030 1989 1085 collecta
2019 1031 2059 1097 ²,

419 1118 699 1175 Pellicula
727 1126 783 1174 et
811 1118 1117 1191 galliculaz,
1151 1123 1205 1174 et
1230 1118 1548 1188 cingulum,
1569 1122 1625 1172 et
1656 1118 1704 1173 si
1736 1118 1877 1190 quid
1899 1117 2059 1175 aliud

422 1208 679 1280 perierit,
716 1210 815 1280 qui
848 1208 1160 1280 perdiderit
1194 1208 1613 1279 increpabitur.

491 1296 719 1376 CXLIX.
751 1297 807 1352 Si
849 1298 981 1369 quis
1043 1297 1240 1352 tulerit
1291 1313 1407 1351 rem
1462 1313 1577 1351 non
1638 1313 1830 1366 suam,
1873 1299 2062 1366 portet

421 1385 530 1456 [AL
560 1387 828 1457 ponetur]
859 1403 1037 1457 supra
1066 1384 1343 1440 humeros
1374 1386 1525 1455 ejus,
1585 1389 1641 1438 et
1698 1388 1828 1455 aget
1884 1383 2060 1455 pmni-

415 1474 655 1530 tentiam
690 1474 917 1547 publice
948 1474 1004 1529 in
1035 1473 1297 1541 collecta,
1358 1472 1656 1545 stabitque
1715 1473 1770 1527 in
1821 1488 2057 1528 vescen-

415 1562 472 1618 di
506 1562 631 1618 loco
662 1565 704 1618 ³.

483 1653 589 1707 CL.
621 1653 677 1708 Si
711 1653 983 1709 inventus
1023 1651 1195 1707 fuerit
1242 1668 1397 1706 unus
1449 1667 1479 1705 c
1511 1649 1791 1705 fratribus
1830 1648 2055 1721 aliquid

411 1757 516 1813 per
540 1741 973 1797 contentionem
1006 1758 1205 1813 agens,
1254 1740 1342 1795 vel
1374 1740 1777 1795 contradicens
1817 1738 2056 1809 majoris

412 1828 682 1902 imperio,
715 1829 1113 1902 increpabitur
1144 1830 1429 1900 74juxta
1459 1843 1803 1883 mensuram
1835 1828 2053 1898 peccati
2090 1867 2136 1932 Β

417 1934 533 1974 θυι.

487 2007 614 2063 CLI.
655 2007 762 2074 Qui
820 2008 1121 2073 mentitur,
1183 2011 1285 2061 aut
1346 2007 1444 2078 qui
1507 2004 1639 2059 odio
1700 2020 2061 2076 quemquam

415 2094 632 2153 habere
662 2095 836 2150 fuerit
892 2094 1311 2167 deprehensus,
1375 2100 1479 2148 aut
1536 2093 1899 2157 inobediens,
1961 2095 2062 2147 aut

415 2182 552 2257 plus
572 2186 709 2256 joco
740 2201 918 2256 quam
950 2183 1262 2239 honestum
1283 2188 1371 2238 est
1393 2182 1648 2248 deditus,
1681 2185 1782 2237 aut
1812 2180 2056 2243 otiosus.

424 2276 527 2328 aut
557 2273 701 2328 dure
731 2273 1114 2345 respondens,
1150 2276 1253 2327 aut
1299 2272 1522 2326 habens
1574 2270 2058 2326 consuetudinem

414 2361 695 2418 fratribus
755 2361 1122 2429 detrahendi,
1163 2360 1249 2416 vel
1308 2359 1403 2415 his
1460 2360 1560 2431 qui
1594 2359 1734 2415 foris
1788 2362 1943 2427 sunt,
2003 2362 2060 2414 et

412 2451 654 2506 omnino
704 2450 986 2522 quidquid
1046 2455 1251 2505 contra
1307 2447 1569 2521 regulam
1619 2446 2056 2519 Scripturarum

409 2543 501 2596 est
526 2544 583 2596 et
604 2540 944 2595 monasterii
975 2538 1371 2610 disciplinam,
1406 2537 1605 2592 audiet
1637 2537 1802 2592 Pater
1850 2552 2057 2591 mona-

412 2628 595 2697 sterii,
620 2632 677 2683 et
699 2621 1018 2684 vindicabit
1029 2628 1201 2698 juxta
1232 2642 1572 2682 mensuram
1604 2642 1866 2698 opusque
1924 2641 2056 2697 pec-

419 2717 555 2774 cati.

482 2806 640 2863 CLII.
676 2805 1030 2878 Przepositus
1060 2806 1271 2861 domus
1326 2803 1507 2876 culpae
1566 2808 1621 2859 et
1671 2802 2055 2875 increpationi

411 2894 762 2966 subjacebit,
795 2895 844 2950 si
876 2900 1009 2950 ante
1039 2898 1156 2950 tres
1186 2894 1309 2949 dies
1327 2909 1443 2949 non
1476 2892 1829 2947 nuntiaverit
1858 2893 2013 2948 Patri
2040 2910 2052 2960 ;

412 2985 534 3043 sive
566 2986 624 3039 in
656 2985 765 3052 via,
800 2984 920 3041 sive
952 2984 1011 3039 in
1043 3001 1205 3056 agro,
1238 2983 1359 3040 sive
1393 2982 1747 3038 monasterio
1778 2982 1917 3053 quid
1958 2999 2055 3053 pe-

2177 596 2280 646 aut
2308 591 2863 661 dureincrepantem
2920 590 3147 655 fratres,
3197 591 3255 643 et
3302 599 3640 642 mensuram
3693 598 3822 638 mo-

2177 680 2414 735 nasterii
2444 680 2838 748 excedentem,
2880 678 3129 735 referent
3152 678 3222 733 ad
3254 676 3502 742 Patrem,
3533 676 3592 729 et
3619 671 3694 727 ab
3752 687 3822 729 eo

2175 768 2589 840 increpabitur.
2624 769 2754 840 Ipse
2796 772 2991 823 autem
3034 764 3382 838 praepositus
3428 759 3575 818 nihil
3624 759 3819 828 faciet,

2175 856 2459 928 nisiquod
2493 857 2661 911 Pater
2681 856 2951 927 jusserit,
2973 855 3222 910 maxime
3253 852 3313 908 in
3345 869 3405 908 re
3437 867 3605 907 nova.
3667 849 3819 905 Nam

2175 959 2301 1014 qua:
2334 962 2402 1000 ex
2444 962 2603 1001 more
2649 945 2972 1011 descendit,
3026 942 3278 999 servabit
3329 939 3562 1014 regulas
3610 955 3822 995 mona-

2175 1032 2357 1088 sterii.

2241 1123 2417 1178 CLIX.
2452 1122 2803 1193 Prepositus
2835 1140 2949 1179 non
2982 1120 3336 1177 inebrietur:
3370 1135 3485 1174 non
3517 1118 3717 1174 sedeat
3759 1117 3821 1174 in

2170 1209 2584 1266 humilioribus
2605 1212 3074 1282 Iocisjuxtavasa
3102 1208 3461 1273 monasterii,
3486 1223 3559 1263 ne
3583 1211 3825 1280 rumpat

2170 1299 2424 1366 vincula,
2455 1316 2582 1371 qua:
2617 1300 2771 1355 Dcus
2794 1300 2849 1355 in
2878 1299 3021 1354 coelo
3043 1298 3323 1367 condidit,
3349 1300 3412 1377 ut
3436 1297 3828 1352 observentur

2169 1387 2227 1443 in
2260 1388 2456 1443 terris.
2491 1390 2571 1445 Ne
2605 1388 2801 1461 lugeat
2831 1388 2889 1443 in
2922 1388 3015 1443 die
3040 1388 3183 1443 festo
3214 1385 3446 1442 Domini
3475 1383 3823 1441 Salvatoris.

2168 1476 2519 1532 Dominetur
2548 1478 2711 1533 carni
2746 1477 3057 1547 sumjuxta
3086 1491 3424 1531 mensuram
3459 1477 3829 1529 sanctorum.

2168 1569 2291 1621 Non
2315 1566 2644 1621 inveniatur
2675 1565 2734 1620 in
2763 1565 3009 1621 excelsis
3054 1562 3352 1619 cubilibus
3409 1562 3649 1618 imitans
3708 1561 3823 1633 [Αι.

2166 1654 2449 1722 imitatus]
2488 1672 2710 1711 morem
2738 1654 3071 1725 gentilium.
3103 1653 3228 1708 Non
3255 1652 3333 1707 sit
3361 1650 3616 1723 duplicis
3648 1650 3815 1707 fidei.

2168 1743 2292 1798 Non
2328 1750 2610 1814 sequatur
2639 1744 2831 1798 cordis
2874 1742 2963 1797 sui
3015 1741 3415 1813 cogitationes,
3468 1740 3570 1795 sed
3627 1738 3822 1812 legem

2167 1831 2287 1887 Dei.
2340 1831 2465 1886 Non
2508 1831 2748 1887 resistat
2804 1830 3252 1886 sublimioribus
3302 1826 3552 1884 tumenti
3618 1827 3825 1885 animo

2169 1919 2578 1992 potestatibus.
2638 1919 2761 1975 Non
2816 1919 3049 1987 fremat,
3098 1933 3283 1990 neque
3333 1916 3593 1972 hirriat‘
3638 1932 3823 1989 super

2169 2007 2533 2064 humiliores.
2567 2008 2692 2064 Non
2723 2009 3038 2064 transferat
3067 2008 3374 2063 terminos.
3400 2005 3525 2061 Non
3557 2004 3635 2061 sit
3653 2004 3824 2062 frau-

2168 2093 2470 2162 dulentus,
2503 2111 2691 2167 neque
2721 2094 2780 2150 in
2803 2094 3262 2167 cogitationibus
3285 2097 3475 2149 verset
3510 2091 3695 2149 dolos.
3734 2092 3822 2150 Ne

2168 2183 2425 2255 negligat
2453 2189 2754 2255 peccatum
2787 2184 2997 2240 anima:
3020 2201 3137 2239 suae
3159 2184 3201 2239 ³.
3224 2183 3306 2238 Ne
3334 2182 3601 2238 vincatur
3619 2182 3824 2239 carnis

2165 2271 2414 2328 luxuria.
2451 2274 2575 2329 Non
2607 2272 2868 2329 ambulet
2897 2272 3277 2345 negligenter.
3307 2271 3431 2327 Non
3463 2270 3575 2328 cito
3606 2270 3825 2344 loqua-

2167 2365 2266 2417 tur
2293 2362 2533 2417 verbum
2568 2362 2845 2418 otiosum.
2899 2363 3022 2418 Non
3065 2366 3245 2435 ponat
3288 2360 3631 2417 scandalum
3680 2365 3824 2419 ante

2166 2450 2342 2522 pedes
2364 2451 2519 2506 caeci.
2553 2451 2679 2506 Non
2710 2451 2917 2506 doceat
2934 2450 3293 2522 voluptatem
3324 2450 3586 2507 animam
3615 2465 3818 2507 suam.

2164 2539 2290 2594 Non
2331 2539 2660 2595 resolantur
2708 2540 2814 2611 [ΑΙ.
2871 2537 3150 2611 solvatur]
3198 2538 3318 2595 risu
3368 2539 3688 2597 stultorum
3746 2556 3821 2597 ac

2156 2628 2313 2699 joco.
2349 2628 2473 2683 Non
2508 2629 2768 2700 rapiatur
2797 2646 2896 2683 cor
2920 2628 3049 2698 ejus
3098 2629 3169 2684 ab
3199 2627 3293 2684 his
3341 2628 3443 2700 qui
3494 2628 3692 2701 inepta
3735 2627 3827 2685 Io-

2164 2720 2429 2787 quuntur
2457 2721 2514 2772 et
2541 2716 2754 2774 dulcia.
2786 2718 2910 2773 Non
2956 2716 3223 2773 vincatur
3270 2716 3633 2773 muneribus.
3684 2717 3820 2775 Non

2171 2804 2547 2877 parvulorum
2600 2822 2930 2862 sermonem
2961 2807 2983 2840 ⁶
3030 2806 3229 2862 ducat.
3283 2806 3365 2862 Ne
3410 2805 3704 2878 aftligatur
3750 2806 3819 2865 in

2165 2893 2562 2950 tribulatione.
2615 2896 2694 2951 Ne
2746 2896 2950 2951 timeat
3005 2899 3275 2963 mortem,
3327 2896 3428 2951 sed
3470 2895 3676 2951 Deum.
3727 2896 3821 2955 Ne

2166 2984 2573 3054 praevaricator
2603 2984 2681 3040 sit
2710 2989 2946 3057 propter
2975 2984 3383 3040 imminentem
3407 2984 3513 3056 [Αἰ.
3545 2984 3820 3042 eminen-

412 3073 577 3130 rierit
601 3090 612 3129 :
649 3078 897 3147 egetque
932 3072 1159 3145 publice
1180 3072 1768 3144 pmnitentiamjuxta
1790 3071 2053 3125 ordinem
2164 3072 2305 3143 tem]
2339 3072 2631 3129 timorem.
2657 3074 2783 3129 Non
2818 3072 3109 3146 relinquat
3129 3090 3329 3129 verum
3356 3072 3556 3130 lumen
3573 3078 3822 3147 propter

412 3162 816 3220 constitutum.
852 3163 921 3217 Et
952 3162 1002 3217 si
1034 3161 1209 3216 homo
1244 3161 1475 3233 fugerit,
1500 3164 1556 3215 et
1577 3165 1711 3215 ante
1740 3165 1857 3214 tres
1883 3159 2057 3215 horas
2165 3160 2423 3216 modicos
2453 3161 2631 3217 cibos.
2665 3163 2791 3218 Non
2822 3166 2989 3217 nutet
3033 3178 3100 3216 ac
3129 3161 3368 3217 ﬂuctuet
3415 3160 3476 3218 in
3529 3162 3820 3234 operibus

412 3268 527 3308 non
563 3251 920 3307 nuntiaverit
948 3250 1122 3317 Patri,
1151 3267 1285 3306 reus
1316 3250 1425 3305 erit
1483 3248 1826 3321 perditionis
1884 3250 2049 3320 ejus:
2085 3234 2127 3301 C
2167 3249 2312 3304 suis.
2338 3250 2462 3306 Non
2495 3256 2680 3306 mutet
2710 3251 3082 3313 sententiam,
3115 3251 3216 3306 sed
3238 3250 3392 3305 ﬁrmi
3408 3251 3488 3307 sit
3515 3250 3819 3323 solidique

416 3340 531 3395 nisi
565 3344 759 3395 tamen
789 3356 924 3394 eum
957 3357 1159 3395 rursus
1193 3340 1493 3394 invenerit.
2164 3337 2398 3408 decreti,
2424 3341 2703 3412 justeque
2732 3345 2943 3395 cuncta
2972 3341 3376 3407 considerans,
3417 3340 3698 3411 judicans
3747 3341 3815 3397 in

486 3429 665 3484 CLIII.
718 3428 849 3483 Haec
903 3433 993 3484 est
1050 3427 1191 3483 ultio
1236 3427 1295 3483 in
1344 3445 1478 3483 eum
1538 3427 1636 3499 qui
1696 3428 1931 3483 fratrem
1980 3427 2053 3483 de

412 3517 587 3573 domo
645 3516 995 3588 perdiderit:
1055 3516 1243 3572 tribus
1300 3516 1510 3572 diebus
1567 3520 1699 3588 aget
1755 3515 2049 3588 publicam

411 3607 846 3678 paenitentiam;
907 3607 1061 3679 quod
1118 3607 1166 3662 si
1226 3607 1429 3662 eadem
1488 3606 1631 3662 hora
1703 3606 2054 3662 nuntiaverit

406 3694 583 3763 Patri,
617 3695 675 3751 in
708 3712 823 3768 qua
852 3695 1022 3768 fugit,
1056 3712 1189 3751 reus
1216 3712 1326 3750 non
1355 3696 1481 3750 erit.

478 3783 661 3841 CLIV.
718 3784 1025 3840 Peccatum
1075 3784 1125 3839 si
1182 3784 1242 3838 in
1299 3784 1472 3839 domo
1530 3801 1634 3840 sua
1704 3783 2049 3856 praepositus

403 3871 632 3940 viderit,
664 3878 720 3929 et
751 3890 867 3929 non
897 3875 1098 3929 statim
1155 3873 1539 3945 increpaverit
1586 3873 2047 3945 delinquentem,

405 3978 512 4018 nec
541 3962 899 4019 nuntiaverit
924 3961 1077 4017 Patri
1113 3962 1472 4033 monasterii,
1517 3962 1640 4034 ipse
1698 3961 2048 4033 increpatio-

405 4049 497 4105 nis
529 4049 718 4105 ordini
750 4051 1089 4121 subjacebit.

474 4137 633 4194 CLV.
683 4138 790 4193 Per
836 4140 1041 4196 domos
1091 4140 1353 4213 singulas
1400 4157 1635 4212 vespere
1686 4158 1783 4197 sex
1841 4140 2048 4196 oratio-

403 4242 508 4282 nes
550 4226 929 4299 Psalmosque
963 4228 1363 4300 complebunt,
1390 4230 1561 4301 juxta
1591 4230 1855 4285 ordinem
1916 4246 2044 4285 ma-

393 4314 544 4385 joris
566 4314 837 4382 collectae,
866 4334 992 4389 quae
1016 4335 1047 4372 a
1076 4319 1305 4374 cunctis
1337 4318 1617 4374 fratribus
1642 4318 1699 4372 in
1732 4334 2043 4374 commune

400 4403 745 4460 celebratur.

471 4493 648 4549 CLVI.
681 4498 790 4549 Per
817 4494 1082 4567 singulas
1141 4496 1536 4551 hebdomadas
1584 4495 1731 4549 bime
1776 4495 2038 4568 disputa-
2086 4514 2091 4519 '

2161 3427 2425 3495 veritate,
2456 3429 2678 3501 absque
2710 3428 2973 3502 appetitu
3031 3427 3250 3500 gloriae,
3294 3428 3645 3486 manifestus
3690 3433 3816 3487 Deo

2162 3520 2219 3570 et
2247 3516 2608 3584 hominibus,
2634 3522 2692 3572 et
2722 3535 2756 3572 a
2784 3518 2988 3572 fraude
3019 3516 3216 3589 procul
3264 3518 3370 3589 [Αι.
3429 3516 3713 3590 elongans
3742 3537 3815 3577 se

2160 3605 2470 3677 aqfraude].
2506 3606 2586 3661 Ne
2615 3604 2838 3677 ignorel
2894 3605 3391 3661 conversationem
3438 3611 3813 3679 sanctorum,

2161 3709 2265 3748 nec
2295 3693 2368 3748 ad
2398 3710 2596 3749 eorum
2622 3695 2928 3751 scientiam
2961 3711 3145 3750 caecus
3176 3695 3405 3751 existat.
3424 3694 3816 3756 Nullinoceat

2159 3798 2262 3853 per
2292 3781 2623 3854 superbiam
2652 3800 2663 3838 :
2699 3800 2801 3839 nec
2837 3785 2934 3840 76
2956 3788 3239 3856 sequatur
3296 3784 3813 3857 concupiscentiae

2159 3869 2460 3926 oculorum
2508 3888 2771 3927 suorum.
2824 3872 2949 3928 Non
3008 3889 3143 3928 cum
3189 3876 3465 3945 superent
3511 3872 3813 3933 incentiva

2156 3958 2453 4015 vitiorum.
2512 3959 2825 4016 Veritatem
2878 3978 3184 4033 nunquam
3228 3966 3549 4032 pratereat.
3598 3960 3812 4021 Oderit

2155 4047 2545 4118 injustitiam:
2590 4050 2911 4105 secundum
2961 4050 3066 4122 [AL
3119 4048 3246 4124 sed]
3294 4066 3603 4122 personam
3645 4067 3808 4108 nun-

2156 4153 2331 4208 quam
2354 4138 2580 4208 judicet
2611 4156 2713 4210 pro
2738 4139 3105 4209 muneribus,
3139 4155 3243 4194 nec
3275 4140 3624 4195 condemnet
3669 4141 3809 4197 ani-

2156 4241 2310 4279 mam
2342 4226 2703 4282 innocentem
2735 4245 2835 4299 per
2869 4227 3229 4299 superbiam.
3272 4228 3396 4283 Non
3431 4226 3618 4284 rideat
3645 4227 3810 4287 inter

2154 4331 2385 4385 pueros.
2418 4316 2541 4371 Non
2576 4317 2809 4372 deserat
2850 4316 3159 4373 veritatem
3207 4317 3417 4372 timore
3458 4322 3802 4389 superatus.

2150 4404 2275 4459 Non
2311 4406 2582 4461 comedat
2613 4421 2821 4476 panem
2839 4406 2910 4459 de
2928 4404 3341 4461 fraudulentia.
3363 4404 3490 4461 Non
3503 4404 3810 4465 desideret

2149 4491 2398 4547 alienam
2453 4497 2690 4549 terram.
2742 4493 2866 4548 Non
2906 4492 3203 4565 opprimat
3248 4494 3508 4551 animam
3557 4498 3807 4568 propter

398 4583 604 4649 tiones,
638 4582 694 4637 id
726 4589 813 4639 est
843 4584 1195 4650 catecbeses,
1231 4601 1265 4638 a
1296 4583 1603 4655 praeposito
1654 4583 2039 4655 complebun-
2072 4604 2117 4669 D
2148 4581 2396 4637 aliorum
2420 4582 2627 4655 spolia.
2650 4583 2775 4638 Non
2805 4582 3089 4653 despiciat
3119 4599 3218 4638 eos
3236 4582 3334 4655 qui
3385 4582 3653 4657 indigent
3682 4585 3802 4641 mi-

393 4675 511 4729 tur.

2148 4671 2481 4727 sericordia.
2516 4672 2597 4726 Ne
2623 4670 2836 4727 falsum
2870 4670 3025 4727 dicat
3059 4670 3466 4728 testimonium
3510 4672 3800 4731 seductus

461 4760 672 4817 CLVII.
720 4761 929 4817 Nullus
990 4763 1043 4815 in
1097 4762 1271 4816 domo
1329 4759 1630 4833 quippiam
1689 4761 1880 4830 faciet,
1922 4762 2033 4819 nisi
2143 4758 2324 4815 lucro.
2350 4760 2431 4815 Ne
2463 4760 2782 4816 mentiatur
2833 4765 3070 4831 propter
3118 4760 3477 4832 superbiam.
3523 4763 3607 4817 Ne
3654 4776 3801 4818 con-

390 4852 543 4922 quod
575 4851 923 4922 praepositus
946 4850 1214 4921 jusserit.

2144 4849 2345 4904 tendat
2388 4855 2592 4905 contra
2628 4848 2934 4904 veritatem
2991 4851 3064 4905 ob
3120 4859 3408 4906 tumorem
3451 4849 3656 4907 animi.
3708 4850 3801 4908 Ne

463 4940 557 4994 75
592 4937 828 4994 CLVIII.
878 4939 934 4993 Si
970 4954 1173 4993 omnes
1204 4938 1412 4993 fratres
1471 4939 1652 5011 quiin
1688 4958 1805 4996 una
1860 4942 2031 4999 domo
2141 4937 2677 5011 deseratjustitiam
2702 4941 2938 5010 propter
2966 4936 3399 4995 lassitudinem.
3442 4938 3524 4995 Ne
3581 4938 3801 5011 perdat

458 5078 858 5154 fV'ocemdz'cs,
880 5079 1376 5154 quemadmodum
1432 5079 1575 5154 alias
1633 5098 1811 5153 supra
1854 5087 2029 5154 atque
2139 5079 2370 5154 singula
2404 5080 2733 5154 orationum
2771 5085 3034 5154 tempora
3067 5084 3287 5154 cogent
3307 5097 3442 5154 eum
3473 5096 3646 5154 agere
3671 5096 3799 5154 pce-

384 5150 539 5227 infra
571 5149 799 5206 levioris
832 5149 1139 5215 momenti,
1170 5167 1237 5206 ex
1266 5151 1525 5223 principe
1578 5149 1831 5209 editi—one
1885 5149 2025 5227 sup-

383 5220 693 5295 Ριθνῖῐηιὲε-
846 5293 879 5295 __
920 5292 928 5295 _
1098 5250 1114 5295 ξ

381 5292 475 5422 ἱ²
522 5293 735 5346 Eadem
794 5292 970 5347 editio
1046 5292 1229 5357 addit,
1307 5295 1573 5368 stabitque
1644 5300 1702 5352 in
1777 5297 2026 5353 vescendi

404 5380 515 5422 0(‘0.

404 5380 515 5423 0(‘0.

449 5438 471 5471 ³
495 5436 708 5489 Iterum
741 5433 941 5488 eadem
979 5434 1153 5489 editio
1187 5436 1373 5491 addit:
1416 5461 1434 5486 α
1464 5438 1520 5492 Si
1555 5445 1747 5495 autem
1782 5441 1838 5494 in
1868 5440 2017 5494 furto

377 5509 551 5582 fuerit
590 5506 1009 5578 deprehensus,
1046 5507 1278 5582 triginla
1294 5526 1390 5582 sex
1410 5509 1510 5579 [αι.
1527 5512 1769 5582 triginta
1783 5510 2013 5580 novem;I

373 5580 764 5651 verberabunt
790 5595 947 5645 eum,
977 5584 1032 5633 et
1061 5580 1201 5635 loris
1232 5581 1468 5654 dabitur
1498 5582 1545 5654 ei
1584 5580 1753 5638 edere
1801 5600 2010 5654 panem

375 5659 430 5711 et
463 5667 674 5724 aquam
707 5655 956 5721 tantum,
991 5656 1047 5707 et
1076 5658 1341 5724 opertum
1379 5651 1567 5709 cilicio
1600 5659 1658 5711 et
1686 5651 1876 5711 cinere
1908 5669 2009 5726 per

2138 5153 2465 5277 pitentiam.
2526 5152 2742 5206 Eadem
2801 5150 2911 5207 lex“
2971 5150 3030 5207 in
3117 5150 3381 5225 fugitivis
3457 5150 3796 5210 observabi-

2165 5241 2252 5277 ur.
2292 5246 2316 5271 ι)

2165 5241 2252 5278 UP.
2292 5246 2316 5271 ι)

2201 5296 2223 5369 ’f
2248 5295 2482 5349 Veteres
2503 5294 2721 5369 vulgati
2752 5296 2962 5369 inruat.
2988 5296 3242 5369 manias
3272 5300 3490 5365 autem,
3524 5295 3623 5369 qui
3648 5312 3790 5367 pro-

2174 5366 2259 5441 _ri_e
2290 5383 2501 5441 canum
2533 5371 2621 5441 est
2651 5366 2917 5441 fremitus
2950 5379 3086 5419 cum
3145 5366 3472 5434 irritantur,
3533 5366 3791 5441 usurpat

2171 5437 2409 5492 idonius
2441 5438 2498 5491 in
2532 5436 2815 5508 epistolis.

2197 5510 2217 5543 ⁵
2247 5508 2483 5564 Addunt
2506 5505 2643 5563 editi
2677 5505 3022 5581 vetustiores
3051 5509 3384 5581 cxscirpurc.

2194 5582 2213 5614 °
2246 5581 2420 5636 Iidem
2454 5597 2706 5646 vererus,
2740 5581 2947 5634 simone
2974 5577 3225 5635 ducatur.
