3970 6410
164 325 226 397 86
1038 329 1678 397 lNTERPRETATlO
1723 331 2061 398 REGULE
2105 331 2168 396 S.
2215 331 2618 398 PACHOMII.
3450 324 3547 404 86,

166 464 390 524 animam
447 479 622 522 suam
669 470 908 541 propter
975 469 1408 526 verecundiam.
1469 469 1550 526 Ne
1597 469 1771 542 respi-
1803 472 1856 538 Α
1887 475 1949 528 et
1991 469 2246 526 ﬁliorum
2293 471 2423 541 ejus
2473 470 2523 542 (I
2565 469 2690 540 Reg.
2758 464 2877 539 xv);
2941 461 3272 523 maledictio
3320 457 3526 534 David,

165 555 448 627 ciatdapes
479 553 748 612 lautioris
780 574 1011 614 mensas.
1045 558 1128 613 Ne
1176 557 1420 630 pulchra
1462 558 1773 614 vestimen-
1888 577 2064 632 quam
2114 561 2468 632 imprecatus
2530 564 2619 614 est
2666 555 2856 614 Doech
2903 557 3074 628 (Psat.
3125 556 3237 629 LI);
3294 556 3530 629 signum

168 651 215 702 ta
239 645 529 701 desideret.
562 645 642 702 Ne
672 663 736 702 se
777 647 1051 720 negligat,
1104 653 1166 702 ut
1221 664 1454 720 semper
1499 647 1779 719 dijudicet
1888 666 2001 721 quo
2032 649 2283 705 donatus
2312 653 2399 704 est
2426 649 2562 704 Cain
2592 647 2744 719 (Gen.
2780 649 2895 719 ιν);
2929 646 3232 720 sepultura
3257 643 3429 714 aSini,
3463 646 3534 702 de

166 735 497 808 cognitiones
546 737 738 791 suas‘.
772 736 853 791 Ne
882 736 1208 792 inebrietur
1238 737 1403 804 vino;
1447 738 1546 792 sed
1582 737 1775 791 humi-
1887 754 2004 809 qua
2052 737 2315 809 loquitur
2368 739 2649 794 Jeremias
2697 739 2844 810 (cap.
2895 738 3072 809 xxxi);
3119 736 3368 808 perditio
3418 752 3536 810 qua

163 823 358 881 litatem
387 824 598 880 habeat
619 826 887 896 junctam
941 825 1193 880 veritati.
1245 826 1487 890 Quando
1526 825 1775 897 judicat,
1890 832 2220 899 peccatores
2266 832 2428 882 terra:
2486 826 2680 883 hiatus
2726 826 3031 882 absorbuit
3073 827 3257 894 (Num.
3306 826 3446 897 xvr),
3479 827 3539 882 et

165 918 415 987 sequatur
443 919 728 986 praecepta
757 916 1048 986 majorum
1078 920 1136 970 et
1187 914 1374 986 legem
1414 915 1535 981 Dei,
1565 931 1691 986 quae
1719 914 1776 968 in
1888 916 2160 972 interitus
2209 917 2694 983 Chananaaorum,
2758 919 2814 971 et
2859 914 3129 971 contritio
3191 913 3411 987 hydriae
3460 913 3532 970 ad

163 1007 266 1059 toto
295 1005 423 1059 orbe
453 1003 764 1076 praedicata
795 1008 902 1059 est.
937 1005 994 1060 Si
1040 1005 1364 1076 quidquam
1407 1005 1476 1059 de
1508 1003 1600 1059 bis
1634 1021 1777 1076 prae-
1891 1007 2131 1073 fontem,
2166 1011 2223 1061 et
2253 1023 2565 1062 arenarum
2609 1005 2993 1061 comminutio
3039 1004 3097 1059 in
3151 1003 3449 1060 littoribus
3478 1005 3538 1060 et

1890 1095 2068 1160 saxis,
2117 1113 2245 1168 qua
2277 1096 2555 1151 ﬂuctibus
2597 1095 3011 1151 verberantur‘
3058 1094 3253 1166 (Eccle.
3300 1093 3447 1164 x11);
3481 1095 3539 1148 et

1891 1185 2208 1241 contractio
2239 1186 2410 1257 virgae
2442 1183 2707 1257 gloriosae
2741 1184 2811 1240 de
2833 1183 3008 1253 Isaia,
3041 1187 3104 1238 ut
3125 1182 3202 1238 sit
3227 1180 3396 1254 quasi
3427 1197 3540 1237 ca-

1890 1291 1995 1330 cus
2029 1291 2204 1329 manu
2257 1273 2501 1346 palpans
2549 1273 2830 1345 parietem
2876 1274 3002 1344 (Isa.
3053 1289 3087 1327 v
3126 1275 3184 1327 et
3233 1271 3364 1342 LIX).
3412 1269 3542 1326 Haec

1892 1363 2092 1419 omnia
2121 1362 2170 1416 ei
2203 1362 2489 1429 evenient,
2537 1363 2636 1433 qui
2688 1378 2800 1416 non
2849 1360 3098 1418 servavit
3144 1358 3447 1416 veritatem
3479 1358 3540 1414 in

165 1091 377 1156 terierit,
407 1092 683 1148 reddetur
712 1092 763 1147 ei
795 1110 1072 1149 mensura
1115 1095 1284 1165 juxta
1327 1111 1502 1166 quam
1537 1110 1779 1148 mensus

167 1187 261 1250 est,
287 1186 339 1238 et
367 1182 605 1253 recipiet
635 1183 958 1237 secundum
992 1201 1167 1255 opera
1196 1200 1322 1251 sua,
1358 1182 1495 1256 quia
1526 1183 1778 1238 moecha-

169 1275 246 1327 tus
273 1275 372 1339 est,
403 1271 458 1326 in
496 1269 657 1344 ligna
686 1288 792 1327 sua
821 1275 878 1328 et
913 1271 1207 1344 lapides’:
1244 1278 1301 1327 et
1334 1277 1567 1344 propter
1599 1272 1783 1344 fulgo-

167 1375 270 1416 rem
298 1359 440 1426 auri,
472 1363 530 1414 et
559 1358 930 1432 splendorem
961 1363 1186 1434 argenti
1218 1360 1446 1416 dimisit
1465 1361 1779 1431 judicium,

166 1452 211 1504 et
237 1447 509 1504 desiderio
529 1448 1032 1521 temporalislucri
1052 1450 1281 1522 laqueis
1300 1450 1571 1505 seinduit
1592 1450 1780 1506 ethni-
1888 1452 2130 1522 judicio,
2182 1455 2238 1507 et
2284 1451 2483 1524 inique
2532 1452 2637 1522 [AL
2682 1449 2918 1524 iniquae]
2969 1449 3086 1523 egit
3134 1449 3192 1504 in
3259 1447 3540 1505 omnibus

165 1553 342 1593 corum
390 1537 613 1608 (Jerem.
669 1539 775 1609 ιιι).
829 1539 895 1594 Et
949 1539 1171 1595 veniet3
1218 1539 1268 1594 ei
1332 1539 1606 1596 contritio
1654 1539 1781 1595 Heli
1894 1559 2020 1614 quae
2052 1542 2102 1597 ei
2137 1541 2358 1597 credita
2395 1546 2551 1596 sunt.

227 1733 389 1789 ‘Alio
439 1749 642 1798 sensu,
694 1751 876 1806 eoque
941 1753 1148 1792 rursus
1210 1737 1590 1803 concinniori,
1643 1738 1781 1794 olim

163 1809 270 1860 erat
295 1807 407 1881 :_1Ye
433 1821 586 1862 senes
613 1808 901 1881 negligat;
928 1824 1137 1880 semper
1155 1809 1418 1881 dijudicet
1436 1811 1786 1881 cogitationes

162 1893 288 1958 suas.
320 1877 445 1933 Mox
475 1849 714 2003 quoque
743 1849 858 1934 alia
887 1849 1382 1951 interpunctione,
1414 1849 1787 1937 Iminilitatem
1815 1849 1862 1914 Β

166 1953 379 2003 tunctum
409 1950 480 2003 ha
515 1953 602 2003 eat
648 1952 890 2003 veritati-
954 1952 1170 2003 quando
1223 1953 1448 2003 iudicat.
1498 1952 1784 2003 Sequatur-

157 1950 379 2075 ζῖἓσίατη
409 1950 602 2005 habeat
625 1950 890 2021 veritati,
954 1950 1170 2022 quando
1212 1953 1448 2025 judicat.
1498 1952 1784 2024 Sequatur,

164 2035 410 2148 “2.01m
438 2093 498 2147 in
531 2093 686 2164 ligno
717 2096 769 2147 et
795 2093 996 2165 lapide,
1030 2098 1088 2150 et
1119 2094 1294 2167 paulo
1320 2099 1451 2168 post
1472 2097 1792 2169 iniquorum

1895 1755 1999 1812 pro
2020 1740 2405 1812 ietnichorum.

1965 1812 1985 1845 ³
2016 1811 2351 1867 Holstenius
2385 1812 2591 1876 veniat,
2624 1813 2680 1866 et
2709 1808 2920 1868 deinde
2959 1823 3243 1862 ramorum
3274 1821 3376 1879 pro
3402 1805 3544 1876 ﬁlio-

1897 1900 2173 2009 ruyllilditi
2201 1952 2584 2024 antiquiores,
2620 1954 2679 2008 in
2722 1951 3017 2017 littoribus,
3065 1966 3182 2022 quae
3231 1949 3389 2006 salsis
3419 1948 3550 2019 ﬂuc-

1899 2027 2044 2082 tibus
2074 2026 2451 2082 verberantur.

909 2455 1346 2518 PRECEPTA
1387 2456 1652 2529 ATQUE
1693 2458 1999 2521 JUDICIA
2042 2461 2109 2521 S.
2142 2459 2213 2519 P.
2260 2460 2336 2520 N.
2380 2457 2778 2520 PACHOMII.

230 2793 313 2848 11
370 2792 522 2850 CLX.
604 2793 896 2850 Plenitudo
965 2795 1098 2866 legis
1169 2795 1434 2866 charitas,
1495 2797 1794 2853 scientibus
1907 2798 2117 2855 fratres
2157 2815 2296 2855 suos
2344 2814 2612 2855 sermone
2659 2796 2958 2866 sollicitet,
3011 2799 3069 2852 et
3115 2797 3408 2869 pervertat
3430 2792 3558 2852 ani-

169 2884 378 2954 tempus,
411 2885 546 2955 quia
565 2883 696 2955 jam
715 2885 880 2940 instet
909 2885 1061 2950 hora,
1096 2894 1158 2940 ut
1185 2885 1250 2941 de
1277 2902 1463 2941 somno
1493 2904 1798 2959 consurge»

162 2986 288 3038 mus,
312 2976 363 3027 et
392 2972 629 3028 vicinior
656 2974 728 3028 sit
782 2975 933 3030 salus
991 2974 1099 3045 [ΑΙ.
1155 2977 1306 3031 salus
1367 2978 1574 3048 nostra]
1630 2994 1796 3049 quam

160 3075 212 3115 eo
261 3066 491 3134 tempore
549 3079 654 3133 quo
723 3063 1075 3120 credidimus.
1153 3065 1273 3120 Nox
1317 3069 1621 3137 praecessit,
1681 3067 1796 3123 dies

162 3153 655 3224 appropinquavit:
747 3153 1078 3224 deponamus
1185 3171 1350 3226 opera
1445 3157 1797 3213 tenebrarum

1908 2905 2034 2944 mas
2067 2887 2516 2960 simpliciorum,
2553 2887 2725 2943 tertio
2774 2886 3243 2943 commonebitur
3275 2915 3290 2953 -,
3339 2885 3391 2941 si
3420 2901 3557 2942 con-

1906 2979 2232 3050 tempserit,
2263 2982 2320 3034 et
2343 2978 2636 3034 obstinato
2668 2975 2865 3032 animo
2896 2976 2955 3030 in
2986 2975 3206 3031 duritia
3233 2990 3562 3047 persevera-

1905 3069 2073 3135 verit,
2107 3068 2460 3139 seperabunt
2484 3082 2617 3121 eum
2641 3070 2802 3121 extra
2822 3063 3269 3129 monasterium,
3291 3067 3349 3121 et
3367 3065 3562 3121 verbe-

1907 3156 2133 3212 rabitur
2163 3159 2295 3211 ante
2328 3156 2550 3210 fores’:
2593 3154 2937 3224 dabuntque
2983 3153 3032 3208 ei
3082 3152 3154 3207 ad
3202 3151 3557 3208 vescendum

162 3240 316 3309 (Rom.
343 3257 469 3309 xm,
507 3241 743 3312 10-12);
778 3260 904 3314 quae
945 3248 1085 3299 sunt
1132 3245 1556 3311 contentiones,
1600 3247 1789 3302 detra-
1824 3229 1866 3294 (ἶ
1907 3245 2048 3301 foris
2097 3260 2307 3317 panem
2361 3248 2417 3299 et
2463 3258 2699 3314 aquam,
2758 3241 2938 3297 donec
2988 3240 3306 3298 mundetur
3351 3257 3386 3296 a
3434 3256 3558 3298 sor-

164 3327 385 3399 ctiones,
418 3331 575 3399 odia,
608 3335 664 3387 et
693 3332 977 3388 tumentis
1005 3331 1186 3388 animi
1239 3334 1536 3406 superbia.
1571 3335 1678 3398 Qui
1712 3336 1792 3391 la-

163 3416 275 3474 cilia
303 3424 387 3475 est
425 3420 878 3489 detrahendum,
927 3421 1184 3493 dicitque
1232 3424 1388 3492 quod
1443 3441 1556 3478 non
1602 3429 1711 3491 est,
1745 3425 1792 3480 si

161 3503 213 3562 in
240 3506 342 3564 hoc
370 3513 609 3582 peccato
641 3510 818 3566 fuerit
845 3510 1268 3584 deprehensus,
1303 3514 1628 3568 monebunt
1658 3531 1794 3569 eum

163 3598 428 3667 secundo;
477 3603 537 3656 et
587 3599 634 3654 si
687 3599 888 3655 audire
946 3603 1381 3672 contempserit,
1429 3603 1798 3675 separabitur

163 3688 304 3742 extra
329 3693 682 3745 conventum
715 3690 962 3744 fratrum
996 3695 1216 3763 septem
1250 3691 1479 3758 diebus,
1506 3697 1560 3747 et
1585 3709 1796 3764 panem

161 3777 370 3833 tantum
401 3795 542 3834 cum
574 3795 729 3850 aqua
748 3779 1010 3850 accipiet,
1037 3780 1218 3835 donec
1249 3779 1593 3852 polliceatur
1622 3788 1798 3855 atque

164 3865 450 3923 conﬁrmet
480 3885 545 3924 se
579 3868 652 3924 ab
684 3867 792 3925 hoc
819 3867 958 3923 vitio
990 3885 1382 3939 recessurum,
1417 3873 1478 3926 et
1498 3870 1582 3926 sic
1605 3872 1802 3926 dimit-

162 3956 303 4009 tetur
329 3956 401 4012 ei.

225 4042 393 4100 CLXI.
423 4045 750 4102 Iracundus
781 4050 840 4102 et
867 4046 1124 4102 furiosus
1173 4048 1223 4102 si
1275 4048 1609 4120 frequenter
1657 4050 1800 4105 iras-

161 4131 300 4187 citur
326 4134 452 4191 sine
485 4151 667 4191 causa
695 4139 751 4190 et
782 4140 1019 4208 propter
1041 4153 1163 4192 rem
1197 4135 1430 4192 inanem
1457 4142 1513 4193 et
1532 4156 1798 4206 vacuam,

167 4235 255 4290 per
296 4238 394 4279 sex
434 4225 594 4280 vices
641 4226 1128 4291 commonebitur,
1178 4226 1237 4280 in
1289 4228 1542 4299 septima
1587 4229 1801 4285 facient

159 4324 279 4365 eum
308 4328 662 4386 cousurgere
694 4315 765 4370 de
796 4314 998 4370 ordine
1039 4315 1322 4370 sessionis
1374 4333 1514 4381 suae,
1565 4322 1622 4374 et
1651 4318 1802 4374 inter

157 4395 378 4456 ultimos
409 4401 795 4459 collocabitur
821 4419 834 4458 :
870 4403 1280 4476 docebuntque
1311 4421 1446 4460 eum
1500 4410 1564 4462 ut
1593 4408 1666 4462 ab
1694 4407 1801 4462 hac

157 4489 352 4546 mentis
383 4493 828 4564 perturbatione
861 4493 1180 4548 mundetur
1208 4512 1220 4562 ;
1268 4511 1526 4566 cumque
1573 4501 1690 4552 tres
1721 4496 1801 4551 di-

1907 3336 2101 3391 dibus.

1981 3450 2211 3505 CLXIV.
2247 3449 2354 3514 Qui
2388 3449 2564 3504 habet
2593 3448 3080 3506 consuetudinem
3125 3446 3559 3518 murmurandi,

1909 3545 1965 3596 et
2009 3539 2174 3612 quasi
2222 3539 2378 3612 gravi
2432 3555 2606 3612 opere
2656 3555 2716 3594 se
2765 3537 3016 3612 opprimi
3069 3538 3354 3610 queritur,
3398 3538 3568 3595 doce-

1915 3631 2066 3685 bunt
2094 3647 2226 3684 eum
2280 3628 2596 3701 quinquies
2645 3629 2800 3702 quod
2851 3629 2976 3684 sine
3012 3645 3191 3683 causa
3239 3631 3572 3684 murmurat
3678 3627 3684 3634 ’

1882 3755 1884 3757 ›
1915 3724 1972 3775 et
2002 3720 2314 3775 ostendent
2344 3718 2716 3791 perspicuam
2750 3717 3076 3774 veritatem.
3111 3717 3171 3773 Si
3215 3721 3272 3774 et
3300 3720 3434 3789 post
3462 3716 3573 3774 hoc

1910 3809 2262 3864 inobediens
2303 3808 2497 3876 fuerit,
2550 3813 2608 3864 et
2653 3811 2742 3864 est
2771 3808 3036 3880 perfecte
3085 3805 3295 3874 (etatis,
3326 3806 3408 3862 ita
3436 3821 3572 3862 eum

1919 3898 2218 3954 habebunt
2250 3903 2315 3953 ut
2345 3914 2530 3953 unum
2563 3898 2635 3952 de
2662 3897 2758 3953 78
2780 3895 3221 3970 aegrotantibus,
3245 3897 3303 3950 et
3321 3897 3574 3967 ponetur

1908 3988 1972 4043 in
2012 3989 2138 4044 loco
2170 3988 2583 4052 inﬁrmorum;
2629 3985 2827 4058 ibique
2874 3985 3063 4041 aletur
3111 3984 3358 4051 otiosus,
3390 3983 3575 4042 donec

1909 4079 2106 4133 redeat
2136 4077 2207 4131 ad
2241 4076 2562 4131 veritatem.
2596 4074 2694 4130 Sin
2727 4079 2923 4131 autem
2944 4075 3112 4145 justa
3141 4079 3231 4131 est
3249 4072 3410 4130 illius
3432 4090 3569 4146 que-

1912 4166 2053 4232 rela,
2112 4172 2170 4220 et
2226 4183 2259 4220 a
2303 4165 2527 4234 majore
2579 4164 2778 4236 inique
2827 4164 3228 4237 opprimitur;
3279 4163 3381 4236 qui
3429 4179 3568 4220 eum

1910 4253 2415 4319 scandalizaverit,
2449 4253 2635 4310 eidem
2669 4254 2969 4310 sententiae
3002 4253 3348 4324 subjacebit.

1981 4379 2190 4436 CLXV.
2212 4378 2270 4435 Si
2295 4379 2637 4435 inobediens
2657 4379 2790 4450 quis
2808 4379 3002 4447 fuerit,
3028 4378 3567 4446 autcontentiosus,

1911 4474 2012 4525 aut
2080 4469 2496 4535 contradictor,
2561 4473 2663 4524 aut
2710 4469 2978 4535 mendax,
3033 4471 3090 4523 et
3137 4471 3227 4524 est
3279 4467 3566 4541 perfrictas

157 4589 287 4646 Suos
324 4556 666 4637 testimonio
715 4587 915 4648 testes,
968 4583 1066 4654 (lui
1117 4556 1221 4654 Pro
1274 4600 1340 4639 eo
1392 4556 1798 4655 polliceantur,
1835 4603 1880 4668 Β
1913 4559 2172 4668 Eon“?!
2207 4559 2398 4668 decf“?
2431 4556 3565 4668 Eommoniﬁifgl“:ﬁtilfsjfﬁfi‘jgﬁi

158 4680 517 4743 nequaquam
550 4671 742 4727 simile
777 4672 917 4744 quid
949 4688 1078 4728 esse
1121 4673 1432 4739 facturum,
1466 4675 1798 4742 adduxerit,

159 4755 378 4829 recipiet
406 4760 736 4818 sessionem
787 4779 980 4818 suam.
1029 4761 1304 4833 Alioquin
1356 4762 1405 4817 si
1456 4781 1798 4834 permanse-

155 4841 222 4898 rit
246 4844 300 4902 in
332 4847 492 4917 vitio,
548 4853 808 4906 moretur
859 4849 1010 4905 inter
1059 4849 1302 4906 ultimos
1350 4851 1577 4921 perdito
1613 4851 1804 4923 priore

157 4929 291 4990 loco.

220 5024 424 5083 CLXII.
454 5027 563 5092 Qui
599 5026 813 5084 falsum
848 5028 1010 5101 cupit
1039 5028 1285 5100 probare
1307 5033 1509 5085 contra
1530 5030 1802 5098 alterum,

161 5117 216 5167 ut
240 5116 540 5188 Opprimat
569 5118 965 5188 innocentem,
999 5119 1170 5174 tertio
1211 5121 1716 5191 commonebitur;
1751 5126 1807 5178 et

160 5208 343 5272 postea
375 5223 516 5263 reus
549 5208 659 5264 erit
688 5207 1043 5281 iniquitatis,
1093 5208 1214 5264 sive
1262 5209 1334 5265 de
1383 5210 1674 5281 prioribus
1707 5212 1802 5279 sit,

160 5291 261 5349 sive
290 5295 360 5352 de
396 5295 800 5353 inferioribus.

224 5381 452 5441 CLXIll.
488 5385 599 5452 Qui
631 5385 807 5443 habet
837 5387 1157 5459 pessimam
1199 5388 1707 5458 consuetudinem,
1746 5395 1808 5446 ut

163 5563 234 5639 η¹
265 5565 527 5621 Additur
576 5566 634 5622 in
687 5567 874 5639 prima
922 5567 1177 5624 editione
1211 5586 1246 5622 α
1294 5570 1528 5637 triginta
1567 5586 1802 5638 novem,

161 5633 212 5688 id
237 5641 339 5706 est,
383 5633 790 5696 verberabitur.
826 5640 955 5697 Vid.
990 5657 1170 5714 supra
1203 5657 1329 5712 cap.
1368 5633 1469 5697 {49
1487 5633 1807 5715 notamque

1913 4649 1960 4704 si
1995 4648 2199 4704 audire
2226 4646 2498 4716 noluerit,
2525 4645 2865 4703 monasterii
2894 4645 3124 4720 legibus
3149 4645 3567 4718 increpabitur.

1909 4739 2050 4794 Atsi
2086 4755 2188 4810 per
2218 4737 2461 4793 alterius
2491 4737 2725 4809 culpam
2771 4737 2843 4794 ad
2888 4735 3011 4792 hac
3054 4733 3194 4790 vitia
3224 4732 3570 4800 devolvitur,

1916 4835 1972 4883 et
2005 4827 2114 4882 hoc
2145 4827 2322 4882 fuerit
2353 4827 2823 4899 comprobatum,
2855 4823 2952 4881 ille
2983 4824 3082 4897 qui
3117 4839 3297 4880 causa
3325 4821 3570 4892 exstitit,

1916 4934 2049 4972 reus
2081 4916 2186 4972 erit
2228 4915 2490 4972 ultionis.

1986 5031 2222 5088 CLXVI.
2257 5033 2313 5089 Si
2349 5032 2750 5104 deprehensus
2783 5032 2960 5088 fuerit
2990 5029 3206 5102 aliquis
3235 5045 3266 5085 e
3288 5028 3572 5086 fratribus

1916 5121 2166 5178 libenter
2204 5138 2334 5177 cum
2387 5121 2583 5193 pueris
2644 5121 2832 5178 ridere
2891 5127 2948 5176 et
2995 5119 3219 5188 ludere,
3266 5123 3328 5175 et
3355 5118 3572 5177 habere

1917 5211 2208 5267 amicitias
2265 5211 2454 5266 astatis
2502 5210 2771 5276 infirmas,
2840 5210 3008 5266 tertio
3078 5209 3570 5283 commonebitur,

1919 5307 1984 5356 ut
2015 5301 2248 5356 recedat
2279 5300 2349 5355 ab
2381 5317 2584 5356 eorum
2625 5297 3081 5363 necessitudine,
3132 5301 3191 5352 et
3237 5313 3466 5354 memor
3495 5299 3575 5357 sit

1914 5389 2242 5447 honestatis
2318 5393 2374 5445 et
2441 5389 2672 5445 timoris
2728 5388 2867 5455 Dei;
2937 5387 2985 5444 si
3057 5402 3173 5443 non
3233 5388 3552 5447 cessaverit

1917 5569 2057 5627 huic
2087 5567 2212 5623 loco
2247 5567 2719 5639 respondentem.

1989 5639 2270 5704 'Eadem,
2304 5638 2358 5695 et
2384 5642 2460 5695 est
2503 5640 2757 5710 perfectae
2804 5641 3011 5709 atatis,
3059 5643 3125 5696 ut
3163 5638 3222 5695 in
3272 5655 3404 5712 sup.
3439 5657 3585 5779 cap.
