3970 6412
362 302 443 397 87
1215 286 1223 298 ’
1615 311 1678 380 s.
1723 311 2039 381 nusssu.
2073 310 2515 381 arenosum

3676 306 3785 376 ει

357 448 722 525 corripietur,
783 454 847 508 ut
892 451 1109 525 dignus
1176 459 1287 521 est,
1336 452 1694 526 correptione
1757 451 1999 508 severis-
2027 450 2086 518 Α
2116 452 2301 524 possit
2352 452 2597 524 implere
2651 453 2807 525 quod
2860 452 3105 521 dixerat,
3157 445 3375 513 faciant
3427 467 3565 509 eum
3606 452 3764 517 inter

357 556 529 599 sima.

425 628 686 685 CLXVII.
721 629 826 694 Qui
858 634 1244 689 contemnunt
1295 636 1580 704 praecepta
1624 631 1915 700 majorum
1941 634 1999 685 et

349 718 583 791 regulas
614 719 973 788 monasterii,
1006 738 1132 791 quae
1187 721 1281 775 Dei
1334 726 1612 792 praecepto
1663 721 1993 777 constitutas

356 813 514 873 sunt,
538 812 595 864 et
617 809 777 880 parvi
800 810 1064 880 pendunt
1083 810 1380 865 seniorum
1394 811 1655 876 consilia,
1684 810 1996 882 corripien-

354 898 645 967 turjuxta
674 898 939 955 ordinem
973 899 1576 964 constitutum,donec
1608 898 1993 970 corrigantur.

425 987 721 1043 CLXVIII.
774 988 881 1051 Qui
923 989 1107 1057 judex
1169 994 1258 1044 est
1291 990 1554 1043 omnium
1601 994 1992 1059 peccatorum,

355 1078 414 1132 et
451 1076 825 1148 perversitate
874 1077 1103 1143 mentis,
1155 1078 1240 1133 vel
1291 1078 1642 1149 negligentia
1699 1077 1998 1149 reliquerit

353 1163 678 1228 veritatem,
729 1165 933 1237 viginti
980 1164 1087 1219 viri
1131 1166 1313 1220 sancti
1362 1170 1416 1221 et
1467 1166 1740 1221 timentes
1787 1166 1995 1233 Deum,

355 1253 475 1311 sive
505 1254 727 1321 decem,
757 1259 815 1310 et
843 1271 1025 1326 usque
1057 1255 1127 1310 ad
1157 1256 1437 1326 quinque,
1463 1256 1533 1310 de
1552 1255 1769 1328 quibus
1793 1270 1997 1310 omnes

356 1343 494 1403 dent
544 1343 969 1410 testimonium,
1012 1344 1298 1400 sedebunt
1345 1348 1402 1400 et
1433 1344 1792 1415 judicabunt
1838 1360 1994 1411 eum,

355 1435 415 1488 et
440 1432 938 1503 regradabunt-in
990 1430 1267 1488 ultimum
1315 1432 1565 1503 gradum
1614 1432 1793 1488 donec
1825 1432 2000 1487 corri-

356 1524 550 1594 gatur.

428 1608 657 1666 CLXIX.
689 1609 795 1674 Qui
827 1610 1139 1665 conturbat
1171 1610 1415 1664 fratrum
1448 1610 1697 1676 animos,
1726 1614 1783 1666 et
1810 1609 1996 1665 facilis

355 1699 428 1754 ad
458 1698 849 1771 loquendum‘
881 1702 989 1765 est,
1021 1698 1154 1752 lites
1198 1714 1398 1753 serens
1447 1716 1512 1753 ac
1550 1700 1771 1771 jurgia,
1805 1698 1998 1753 decies

2106 539 2450 612 languentes
2481 542 2853 611 commorari,
2887 548 2945 598 et
2995 547 3269 615 pascetur
3314 542 3467 599 inter
3511 544 3761 617 otiosos,

2106 629 2287 686 donec
2319 635 2447 685 acta
2480 631 2836 702 pmnitentia,
2866 631 3106 703 impleat
3148 632 3303 704 quod
3350 632 3624 704 promisit
3645 634 3756 705 [ΑΙ.

2114 719 2494 791 promiserit].

2176 808 2431 864 CLXXII.
2470 809 2637 863 Pueri
2668 809 2718 864 si
2750 809 2810 864 in
2843 809 3016 866 domo
3048 811 3263 866 fuerint
3290 809 3470 867 dediti
3528 809 3764 870 lusibus

2104 900 2162 952 et
2191 897 2327 964 otio,
2378 902 2435 952 et
2476 898 2723 969 correpti
2774 916 2887 954 non
2941 899 3169 971 possint
3217 901 3539 972 emendari,
3586 903 3765 959 debet

2105 986 2453 1057 praepositus
2484 1004 2670 1057 usque
2699 989 2771 1042 ad
2804 988 2929 1043 dies
2960 989 3205 1060 triginta
3233 989 3357 1059 ipse
3383 1005 3484 1048 eos
3515 1005 3762 1048 monere

2105 1079 2164 1129 et
2210 1075 2522 1146 corripere.
2582 1076 2639 1130 Si
2692 1076 2902 1131 viderit
2958 1077 3018 1132 in
3078 1078 3362 1149 pravitate
3418 1080 3761 1153 persistere,

2105 1168 2163 1217 et
2194 1180 2308 1218 non
2339 1164 2760 1220 renuntiaverit
2809 1166 3015 1232 Patri',
3061 1171 3118 1221 et
3164 1166 3403 1238 aliquod
3448 1173 3760 1239 peccatum

2105 1251 2165 1306 in
2196 1252 2279 1307 eis
2342 1252 2517 1308 fuerit
2569 1254 3025 1325 deprehensum,
3083 1256 3210 1327 ipse
3268 1272 3372 1328 pro
3427 1256 3515 1312 eis
3566 1257 3760 1331 culpa:

2107 1341 2455 1413 subjacebit,
2505 1343 2675 1414 juxta
2746 1344 2903 1415 quod
2974 1350 3275 1416 peccatum
3334 1346 3510 1402 fuerit
3558 1347 3760 1405 inven-

2107 1432 2257 1486 tum.

2177 1520 2280 1579 80
2312 1520 2599 1576 CLXXIII.
2646 1521 2863 1577 Omnes
2916 1523 3149 1577 antem‘
3178 1523 3340 1595 pueri
3389 1522 3491 1596 qui
3534 1540 3652 1580 non
3683 1525 3763 1581 ti-

2105 1625 2238 1664 men
2271 1609 2547 1665 confundi
2580 1627 2683 1681 pro
2739 1615 2993 1683 peccato,
3044 1617 3101 1667 et
3147 1628 3250 1683 per
3293 1612 3761 1684 imprudentiam

2098 1697 2392 1769 judicium
2466 1698 2562 1754 Dei
2635 1716 2750 1754 non
2826 1699 3105 1770 cogitant,
3157 1705 3215 1756 et
3268 1702 3519 1773 correpti
3579 1702 3760 1758 verbo

358 1786 841 1851 commonebitur.
875 1788 944 1841 Et
974 1787 1021 1843 ei
1053 1803 1165 1842 non
1200 1786 1376 1843 fuerit
1423 1788 1787 1853 emendatus,
1817 1787 1995 1842 corri-
2029 1819 2077 1883 B
2107 1802 2222 1841 non
2252 1786 2710 1855 emendaverint,
2752 1788 3130 1843 verberantur
3176 1789 3441 1860 quandiu
3483 1787 3756 1861 discipli-

359 1875 553 1947 pietur
570 1875 770 1931 ordine
801 1876 1161 1942 monasterii,
1199 1876 1380 1930 donec
1412 1876 1759 1947 corrigatur.

431 1963 639 2019 CLXX.
672 1963 779 2028 Qui
826 1963 1035 2019 viderit
1087 1967 1156 2019 de
1198 1965 1523 2035 majoribus
1571 1969 1626 2020 et
1673 1963 2003 2037 praepositis

361 2054 599 2109 fratrem
630 2069 803 2108 suum
827 2053 885 2107 in
917 2052 1343 2120 tribulatione”,
1377 2059 1434 2109 et
1476 2053 1729 2109 noluerit
1758 2069 2000 2109 causam

360 2140 759 2197 tribulationis
834 2141 1151 2213 inquirere,
1231 2157 1484 2213 eumque
1562 2140 2001 2213 contempserit,

359 2233 652 2303 quaeretur
681 2246 859 2285 causa
887 2246 920 2284 a
958 2230 1312 2302 supradictis
1347 2229 1651 2301 judicibus
1704 2229 1856 2284 inter
1884 2230 1999 2284 fra-

356 2323 506 2375 trem
539 2322 709 2391 atque
742 2319 1149 2390 praepositum:
1202 2323 1259 2374 et
1300 2319 1348 2374 si
1398 2318 1868 2390 deprehendatur
1899 2334 1997 2374 ne-

354 2405 635 2479 gligentia
666 2407 955 2479 praepositi
989 2406 1077 2462 vel
1109 2407 1382 2478 superbia
1408 2412 1857 2479 coangustatum
1890 2407 2001 2464 fra-

354 2498 527 2561 trem,
559 2499 615 2550 et
636 2495 935 2565 judicasse
966 2512 1099 2551 eum
1130 2496 1227 2551 79
1268 2512 1383 2551 non
1432 2497 1757 2551 secundum
1796 2495 2001 2550 verita-

360 2588 497 2648 tem,
530 2585 630 2640 sed
665 2585 990 2639 secundum
1022 2601 1351 2655 personam,
1384 2585 1789 2657 regradahitur
1812 2585 1882 2640 de
1912 2602 1998 2640 so-

356 2672 437 2727 lio
469 2689 595 2739 suo,
629 2673 811 2728 donec
842 2672 1167 2745 corrigatur
1195 2678 1251 2727 et
1276 2680 1346 2727 ab
1378 2673 1680 2745 injustitiaz
1726 2674 2000 2729 sordibus

356 2762 746 2829 emundetur;
780 2762 921 2834 quia
948 2778 1063 2817 non
1108 2762 1495 2818 consideravit
1539 2762 1864 2831 veritatem,
1895 2764 1999 2819 sed

355 2864 658 2923 personas,
700 2853 759 2904 et
808 2848 1040 2906 servivit
1084 2850 1352 2921 pravitati
1402 2848 1583 2907 animi
1629 2849 1851 2920 sui,'et
1883 2866 1998 2906 non

356 2938 459 2994 Dei
474 2937 718 3009 judicio.

423 3026 655 3083 CLXXI.
700 3026 759 3082 Si
810 3028 942 3099 quis
981 3028 1314 3099 promiserit
1360 3044 1423 3084 se
1471 3028 1777 3083 observare
1826 3044 1997 3101 regu-

354 3115 443 3173 las
472 3115 835 3180 monasterii,
866 3120 923 3172 et
961 3117 1146 3172 facere
1192 3116 1449 3188 cceperit,
1500 3133 1712 3189 easque
1758 3117 1997 3173 dimise-

2112 1890 2248 1930 nam
2279 1876 2568 1947 accipiant
2594 1880 2652 1931 et
2681 1876 2976 1935 timorem.

2181 1961 2453 2019 CLXXIV.
2484 1963 2593 2028 Qui
2634 1964 2850 2035 injuste
2883 1964 3257 2035 judicaverit,
3301 1968 3464 2038 justo
3512 1969 3587 2024 ab
3619 1967 3761 2027 aliis

2111 2053 2616 2109 condemnabitur.
3726 2090 3733 2093 -

2180 2141 2431 2196 CLXXV.
2466 2142 2525 2197 Si
2563 2159 2719 2197 unus
2767 2158 2798 2197 e
2842 2142 3143 2210 fratribus,
3186 2143 3275 2199 vel
3325 2146 3463 2213 duo,
3511 2145 3603 2201 vel
3633 2150 3762 2204 tres

2110 2230 2483 2285 scandalizati
2539 2230 2612 2286 ab
2657 2230 2855 2304 aliquo
2903 2232 3247 2289 recesserint
3302 2234 3373 2289 de
3443 2233 3642 2303 domo,
3698 2240 3765 2313 et

2110 2323 2310 2391 postea
2337 2319 2622 2386 venerint,
2666 2320 3041 2375 ventilabitur
3086 2322 3237 2377 inter
3301 2339 3398 2379 eos
3428 2327 3485 2379 et
3515 2324 3765 2381 scanda-

2108 2406 2376 2464 lizantem
2410 2408 2899 2479 antejudicium;
2948 2414 3006 2465 et
3053 2410 3103 2465 si
3155 2427 3287 2467 reus
3336 2411 3607 2470 inventus
3637 2414 3765 2471 fue-

2109 2494 2207 2563 rit,
2239 2496 2576 2552 monasterii
2613 2497 2830 2569 regulis
2861 2499 3289 2556 emendabitur.

2177 2585 2452 2649 CLXXVI.
2478 2586 2585 2651 Qui
2617 2586 2909 2648 causentit
2947 2588 3347 2658 peccantibus,
3388 2593 3446 2645 et
3490 2591 3765 2650 defendit

2107 2672 2288 2729 alium
2321 2674 2782 2745 delinquentem,
2826 2675 3173 2732 maledictus
3224 2677 3334 2733 erit
3379 2680 3536 2751 apud
3566 2684 3759 2738 Deum

2107 2766 2163 2817 et
2192 2762 2481 2832 homines,
2514 2767 2571 2818 et
2590 2763 2935 2835 corripiatur
2954 2764 3348 2836 increpatione
3382 2768 3762 2829 severissima

2108 2852 2214 2922 (At.
2277 2852 2574 2923 pessima).
2634 2852 2796 2919 Quod
2855 2852 2903 2907 si
2960 2868 3063 2925 per
3137 2853 3527 2925 ignorantiam
3586 2859 3758 2917 dece-

2107 2944 2243 3012 ptus
2275 2945 2381 3007 est,
2415 2944 2471 2995 et
2502 2957 2616 2997 non
2648 2941 2727 2996 ita
2755 2942 2996 3012 putavit,
3032 2946 3096 2997 ut
3118 2960 3321 2999 verum
3352 2950 3464 3015 est,
3495 2945 3769 3020 ignosce-

2105 3032 2203 3084 tur
2232 3030 2303 3084 ei.
2333 3030 2406 3084 Et
2434 3030 2627 3085 omnis
2674 3028 2774 3102 qui
2828 3035 3029 3101 peccat
3070 3047 3173 3101 per
3214 3033 3630 3105 ignorantiam,
3664 3038 3765 3095 fa-

2108 3118 2218 3175 cile
2247 3118 2490 3190 accipiet
2519 3118 2781 3175 veniam:
2815 3119 2917 3191 qui
2944 3124 3141 3177 autem
3173 3122 3369 3180 sciens
3408 3126 3757 3197 peccaverit,

353 3204 470 3274 rit;
520 3210 723 3278 postea
762 3210 961 3262 autem
1010 3222 1276 3262 reversus
1321 3207 1505 3279 egerit
1570 3207 1995 3278 pcsnitentiam,
2028 3180 2071 3249 ε·
2109 3180 2425 3264 sustinebit
2452 3180 2909 3279 increpationem
2952 3209 3124 3280 juxta
3171 3180 3510 3270 mensuram
3556 3180 3760 3289 operis

354 3293 679 3351 obtendens
739 3293 1142 3350 infirmitatem
1174 3295 1997 3369 corpusculi,'per.quam‘non

429 3474 445 3508 ¹
479 3473 705 3529 Rursus
736 3467 958 3541 eade‘m,
989 3473 1062 3529 ad
1091 3473 1499 3539 detrahendum.

426 3545 448 3579 ²
475 3544 588 3611 ΑΙ.,
617 3546 857 3615 fratrum
884 3562 1109 3601 suorum
1136 3546 1571 3613 tribulationem,
1604 3551 1709 3601 etc.

421 3616 445 3651 ⁸
475 3617 683 3673 Excusi
713 3620 887 3672 antea
914 3617 1141 3673 addunt
1163 3620 1506 3673 monasterii.

2108 3296 2251 3352 sui“.

2177 3476 2198 3508 ‘
2228 3473 2563 3530 Holstenius
2591 3475 2787 3531 saltem
2807 3491 2912 3546 pro
2941 3479 3150 3533 autem.

2177 3547 2197 3579 ³
2231 3546 2381 3602 Olim
2412 3550 2535 3603 erat
2564 3562 2881 3603 mensuram
2907 3563 3143 3621 opusque
3168 3553 3373 3621 peccati
3423 3556 3529 3611 sui.-

1214 3907 1645 3970 PRJSCEPTA
1686 3908 1785 3970 AC
1830 3906 2076 3969 LEGES
2121 3908 2189 3968 S.
2234 3908 2304 3967 P.
2352 3908 2428 3968 N.
2471 3907 2876 3969 PACHOMII.

592 4203 673 4259 De
695 4202 1188 4275 sex'jorationibus
1214 4203 1587 4278 vespertinis,
1619 4207 1676 4260 et
1716 4202 1788 4259 de
1817 4198 2057 4258 collecta
2086 4213 2215 4271 qua:
2253 4215 2356 4273 per
2386 4200 2652 4275 singulas
2685 4203 2891 4259 domos
2913 4203 2979 4259 ﬁt
3001 4203 3488 4278 sexﬂorationum.

410 4357 713 4431 CLXXVII.
754 4358 1287 4430 Vigintifquinque
1335 4359 1558 4431 forgyas
1634 4354 1982 4429 praapositus
2011 4351 2060 4417 D
2092 4350 2295 4407 benter
2324 4353 2649 4424 majoribus
2678 4354 3090 4426 subjiciantur,
3115 4356 3407 4426 sedentes,
3434 4359 3750 4420 ambulan-

340 4427 648 4503 rasisse
680 4427 973 4504 secundus
1006 4427 1303 4503 debebunt
1342 4427 1789 4520 devpalmorum
1832 4445 1985 4502 foliis

340 4540 552 4605 texere,
587 4541 651 4593 ut
678 4537 751 4593 ad
784 4536 1114 4610 exemplum
1134 4553 1333 4593 eorum
1358 4542 1673 4609 operentur
1692 4541 1748 4591 et
1769 4535 1980 4592 caateri.

341 4626 502 4691 Quod
535 4626 584 4682 si
619 4644 733 4683 non
772 4627 986 4682 fuerint
1024 4627 1081 4681 in
1132 4627 1423 4698 presenti,
1474 4625 1573 4697 qui
1624 4625 1749 4680 loco
1780 4640 1983 4680 eorum

339 4716 654 4788 prefuerit,
687 4715 821 4772 huic
852 4716 1011 4788 operi
1034 4719 1207 4788 atque
1234 4732 1523 4771 mensurae
1545 4715 1808 4770 studium
1830 4729 1983 4769 com-

341 4804 622 4861 modabit.

409 4892 749 4949 CLXXVIII.
804 4893 1119 4965 Postquam
1168 4892 1331 4948 acciti
1370 4892 1588 4949 fuerint
1633 4892 1870 4948 veniant
1907 4893 1980 4947 ad

339 4979 682 5050 collectam;
715 4985 773 5038 et
819 4985 1133 5054 antequam
1178 4985 1473 5045 vocentur,
1523 4978 1733 5037 cellula
1782 4980 1981 5039 nullus

339 5069 536 5147 exibit.
566 5071 622 5126 Si
655 5070 755 5143 qui
787 5070 907 5126 haec
939 5074 1228 5142 praecepta
1273 5070 1755 5142 contempserint,
1792 5070 1975 5127 incre-

338 5156 560 5231 pationi
584 5160 769 5215 solitas
800 5160 1209 5229 subjacebunt.

408 5248 689 5303 CLXXIX.
739 5249 820 5304 Ne
866 5248 999 5320 plus
1057 5248 1250 5318 cperis
1300 5248 1505 5304 fratres
1555 5248 1981 5319 compellantur

335 5335 560 5393 facere:
595 5338 692 5393 sed
726 5338 1063 5393 moderatus
1095 5337 1257 5393 labor
1286 5353 1490 5392 omnes
1520 5338 1593 5392 ad
1614 5341 1977 5409 operandum

337 5431 624 5498 provocet.
667 5426 871 5499 Sitque
911 5426 1060 5481 inter
1089 5441 1188 5481 eos
1219 5442 1328 5497 pax
1360 5430 1416 5481 et
1458 5429 1788 5500 concordia,
1819 5435 1877 5486 et
1902 5430 1977 5485 1i-

2092 4443 2201 4508 tes,
2252 4456 2316 4496 ac
2362 4446 2585 4499 stantes
2615 4444 2909 4516 inzordine
2938 4462 3069 4513 suo,
3118 4445 3367 4507 invicem
3396 4448 3469 4505 de
3497 4448 3751 4508 humili-

2093 4532 2209 4586 tate
2241 4536 2526 4587 certantes
2558 4534 2664 4603 (At.
2711 4536 3025 4606 curantes).

2164 4655 2420 4711 CLXXX.
2457 4656 2515 4713 Si
2575 4657 2715 4729 quid
2772 4663 3071 4730 peccatum
3131 4660 3326 4730 fuerit,
3382 4662 3582 4722 Patres
3611 4680 3741 4723 mo-

2091 4744 2413 4801 nasterium
2444 4746 2754 4802 emendare
2784 4751 3074 4819 poterunt,
3109 4753 3165 4805 et
3194 4751 3546 4813 constituere
3578 4758 3741 4829 quod

2092 4833 2257 4906 sequi
2290 4834 2558 4891 debeant.

2161 4948 2433 5005 CLXXXI.
2466 4950 2819 5024 Praepositus
2846 4956 3042 5011 autem
3064 4955 3296 5022 domus,
3317 4959 3375 5014 et
3399 4956 3501 5030 qui
3523 4974 3741 5025 secun-

2090 5038 2201 5094 dus
2232 5039 2303 5094 ab
2333 5056 2400 5094 eo
2429 5043 2539 5106 est,
2572 5038 2680 5095 hoc
2713 5045 2939 5099 tantum
2985 5042 3223 5100 habebit
3259 5045 3439 5117 juris,
3486 5052 3551 5107 ut
3581 5065 3742 5113 com-

2090 5125 2267 5200 pellat
2299 5128 2505 5184 fratres
2536 5127 2594 5184 in
2626 5128 2894 5187 collecta‘
2932 5132 3166 5203 domus,
3216 5133 3337 5193 sive
3385 5135 3442 5191 in
3492 5135 3741 5213 collecta

2090 5217 2328 5288 majore,
2365 5217 2473 5274 hoc
2502 5223 2589 5274 est
2620 5218 2882 5276 omnium
2915 5221 3185 5291 fratrum,
3217 5224 3521 5298 subjacere
3549 5229 3739 5300 pomi-

2087 5309 2297 5361 tentirs.

2157 5425 2458 5483 CLXXXII.
2493 5427 2652 5492 Quod
2678 5427 2725 5484 si
2759 5426 3103 5499 prapositus
3130 5444 3370 5502 peregre
3400 5430 3592 5506 fuerit,
3625 5434 3734 5506 qui

406 5606 421 5640 ¹
450 5604 686 5683 Veteres
717 5604 997 5672 ferebant,
1014 5604 1213 5676 fratres
1247 5607 1303 5662 in
1332 5607 1567 5676 singulis
1590 5612 1825 5681 peccatis
1852 5612 1912 5668 in
1940 5611 2180 5681 collecta,
2212 5614 2321 5667 etc.
