3970 6434
201 357 274 435 ω’
1071 362 1702 432 INTERPRE’I‘A'I‘IO
1745 363 2086 432 REGULJE
2128 366 2196 431 8.
2239 365 2647 435 PACHOMII.
3493 363 3574 435 ’0

205 502 482 564 secundus.
504 506 596 560 est
626 501 821 560 locum
853 503 980 574 ejus
1009 501 1310 571 obtinebit,
1372 507 1494 559 tam
1536 503 1596 558 in
1629 505 1808 576 pceni-
1841 501 1894 568 Α
1924 503 2082 570 tatis,
2117 503 2358 559 audient
2402 504 2514 576 ipsi
2563 505 2818 577 majores
2847 504 2952 578 [Αἰ.
2985 502 3297 562 audientur
3325 521 3359 562 a
3387 506 3572 578 majo-

200 597 356 654 tentia
410 594 607 650 fratris
668 593 1019 666 recipienda,
1081 609 1255 666 quam
1318 593 1376 649 in
1461 609 1813 667 quocunque

200 686 294 744 alio
320 701 532 753 eorum,
567 701 694 757 qua:
743 685 802 740 in
835 683 1009 739 domo
1059 683 1164 754 [Αἰ.
1197 684 1454 756 domino]
1487 683 1812 739 necessaria

198 779 335 831 sunt.

256 863 566 920 CLXXXIII.
627 863 686 919 Si
734 862 868 935 quis
900 863 1121 935 absque
1171 862 1529 918 conscientia
1559 863 1810 918 duorum

196 953 311 1010 ierit
337 954 403 1008 ad
458 953 700 1008 alteram
737 952 1000 1016 domum,
1057 951 1140 1007 vel
1174 950 1413 1006 alterius
1454 952 1666 1006 domus
1690 952 1810 1007 fra-

194 1047 345 1108 trem,
375 1043 630 1098 codicem
660 1041 974 1114 legendum
1009 1045 1277 1096 mutuum
1347 1039 1644 1111 postulare
1701 1041 1808 1112 [Αἱ.

196 1131 588 1206 postulaverit],
641 1131 724 1186 vel
778 1129 1077 1202 quodlibet
1124 1128 1307 1192 aliud.
1357 1133 1412 1184 et
1459 1129 1518 1183 in
1563 1128 1672 1184 hoc
1721 1129 1811 1184 in-

193 1226 376 1278 ventus
406 1221 600 1287 fuerit,
635 1217 971 1275 monasterii
1003 1218 1208 1274 ordine
1247 1217 1665 1290 increpabitur.

251 1309 569 1366 CLXXXIV.
620 1309 727 1374 Qui
756 1308 879 1364 vult
913 1307 1038 1364 sine
1069 1307 1296 1363 macula
1329 1312 1386 1362 et
1416 1306 1640 1378 absque
1671 1323 1810 1362 con-

191 1403 390 1472 temptu
443 1399 502 1454 in
562 1399 736 1454 domo
790 1398 885 1454 cui
945 1397 1260 1469 deputatus
1289 1399 1397 1464 est,
1431 1412 1559 1452 esse
1591 1397 1696 1467 [ΑΙ.
1734 1396 1813 1450 vi-

189 1489 342 1560 vere],
372 1489 724 1560 omniaquae
783 1491 1067 1560 praecepta
1121 1490 1261 1542 sunt
1315 1501 1512 1541 coram
1561 1485 1678 1540 Deo
1708 1485 1809 1541 ob-

189 1593 398 1634 servare
426 1577 680 1635 debebit.

249 1667 540 1724 CLXXXV.
575 1667 865 1740 Quidquid
922 1665 1319 1722 necessarium
1374 1669 1463 1720 est
1518 1664 1578 1718 in
1607 1680 1810 1720 mona-

187 1757 363 1825 sterio,
395 1756 514 1813 sive
533 1755 592 1811 in
617 1773 776 1829 agro,
807 1757 855 1812 si
890 1755 1238 1828 prmpositus
1259 1755 1471 1813 domus
1493 1758 1810 1826 occupatus

183 1849 278 1912 est,
299 1847 589 1902 secundus
617 1845 864 1918 impleat
884 1846 922 1900 ί.

242 1935 562 1992 CLXXXVI.
587 1935 698 1990 Sex
714 1934 1002 1990 orationes
1026 1933 1211 1988 facere
1233 1933 1615 2004 vespertinas,
1641 1933 1812 2003 juxta

181 2023 494 2096 exemplum
554 2023 796 2094 majoris
853 2022 1124 2089 collectae,
1175 2022 1269 2078 8|
1335 2021 1393 2075 in
1435 2037 1553 2092 qua
1607 2038 1810 2078 omnes

178 2109 368 2166 fratres
389 2110 609 2184 pariter
632 2114 1080 2183 congregantur,
1098 2125 1344 2164 summie
1367 2108 1769 2165 delectationis
1790 2111 1811 2144 ²

177 2203 277 2267 est,
303 2203 358 2255 et
384 2201 468 2256 ita
497 2198 665 2255 facile
699 2199 868 2265 ﬁunt,
902 2203 967 2253 ut
996 2197 1224 2253 nullum
1271 2215 1420 2253 onus
1451 2198 1723 2264 habeant,
1756 2203 1813 2254 et

177 2289 330 2360 [F0rt.
363 2290 448 2360 ut]
480 2306 552 2344 ex
581 2304 754 2345 onere
788 2293 1066 2344 nascatur
1095 2288 1356 2344 taedium.

236 2378 583 2434 CLXXXVII.
615 2377 678 2434 Si
711 2378 842 2450 quis
866 2378 936 2433 de
983 2377 1124 2432 foris
1171 2376 1415 2444 venerit,
1465 2379 1522 2432 et
1550 2381 1693 2432 testu
1725 2376 1808 2432 la-

171 2467 466 2533 boraverit,
499 2467 752 2540 aliisque
813 2468 1019 2524 fratres
1067 2467 1390 2522 orationem
1432 2465 1813 2522 celebrabunt

171 2554 266 2628 [AL
298 2556 770 2625 celebraverint];
804 2556 850 2611 si
882 2556 964 2611 ire
998 2571 1112 2610 non
1154 2558 1364 2626 potest,
1400 2571 1513 2610 non
1549 2560 1807 2627 cogetur.

229 2644 615 2700 CLXXXVIII.
661 2644 902 2709 Quando
933 2643 1228 2716 preposnti
1259 2643 1570 2698 domorum
1603 2645 1810 2699 fratres

168 2733 233 2790 de
269 2733 712 2790 conversatione
766 2737 979 2788 sanctae
1035 2732 1164 2787 vitae
1223 2731 1536 2798 docebunt,
1588 2733 1812 2805 absque

164 2823 504 2895 gravissima
535 2821 881 2878 necessitate
901 2823 922 2856 ³
952 2821 1152 2876 nullus
1183 2821 1388 2876 aberit.

226 2912 556 2970 CLXXXIX.
590 2911 860 2982 Majores.
890 2911 990 2983 qui
1045 2927 1180 2965 cum
1241 2909 1519 2967 fratribus
1561 2910 1811 2966 mittun-

164 3004 252 3057 tur
295 3002 473 3070 foras,
509 3000 776 3074 quandiu
830 3000 910 3055 ibi
944 3000 1178 3066 fuerint,
1212 2999 1637 3071 habebuntjus
1666 3017 1810 3073 prae-

161 3092 500 3162 positorum,
521 3096 584 3147 et
613 3106 814 3146 eorum
847 3093 1058 3146 cuncta
1081 3094 1356 3161 regentur
1379 3090 1485 3160 [ΑΙ.
1511 3091 1809 3162 gerentur]

161 3180 411 3250 arbitrio,
463 3181 876 3251 docebuntque
910 3181 1120 3234 fratres
1149 3194 1261 3250 per.
1283 3179 1630 3235 constitutos
1661 3180 1809 3236 dies.

1924 591 2126 660 ribus],
2173 597 2230 647 et
2278 592 2689 663 dijudicabunt
2736 610 2997 660 causam,
3030 598 3086 650 et
3124 593 3371 667 dignum
3402 594 3574 667 culpa

1921 681 2328 754 increpabunt,
2361 689 2424 738 ut
2453 684 2522 738 ad
2558 684 2869 756 imperium
2902 700 3104 740 eorum
3137 684 3336 740 statim
3368 701 3571 757 pacem

1921 773 2092 844 pleno
2123 773 2294 828 corde
2327 774 2679 830 consocient.

1993 862 2208 918 CXC.Si
2235 862 2369 934 quis
2391 879 2458 918 ex
2476 863 2758 919 fratribus
2803 868 3007 920 contra
3055 864 3431 936 praepositum
3463 866 3572 922 do-

1921 968 2056 1007 mus
2105 969 2222 1006 suae
2275 952 2546 1007 habuerit
2585 953 2909 1023 tristitiam,
2943 959 3045 1008 aut
3069 953 3194 1026 ipse
3225 955 3573 1026 praepositus

1920 1046 2121 1095 contra
2145 1041 2379 1096 fratrem
2411 1041 2668 1113 aliquam
2691 1043 3142 1114 querimoniam,
3170 1044 3425 1114 probatae
3457 1043 3572 1099 fra-

1919 1132 2037 1185 tres
2059 1131 2516 1186 conversationis
2539 1135 2597 1186 et
2639 1132 2771 1187 fidei
2815 1148 2914 1187 eos
2941 1133 3142 1188 audire
3165 1134 3483 1200 debebunt,
3519 1137 3575 1188 et

1919 1218 2330 1290 dijudicabunt
2383 1221 2536 1275 inter
2564 1237 2682 1276 eos.
2717 1221 2775 1277 Si
2810 1227 3008 1277 tamen
3043 1222 3258 1279 absens
3291 1228 3379 1279 est
3410 1224 3574 1279 Pater

1923 1309 2284 1374 monasterii,
2314 1309 2401 1365 vel
2433 1309 2628 1382 aliquo
2661 1311 2760 1367 82
2788 1311 3102 1383 profectus.
3147 1313 3405 1383 primum
3439 1313 3570 1386 qui-

1921 1398 2053 1454 dem
2110 1399 2530 1470 exspectabunt
2584 1417 2758 1467 eum;
2819 1399 2908 1454 sin
2941 1405 3138 1455 autem
3180 1401 3404 1457 diutius
3436 1403 3574 1457 fori

1918 1487 2170 1542 viderint
2189 1489 2560 1556 commorari,
2585 1494 2725 1544 tunc
2748 1490 2987 1544 audient
3015 1489 3169 1544 inter
3194 1490 3570 1562 praepositum

1921 1581 1979 1632 et
2009 1577 2268 1644 fratrem,
2303 1594 2373 1632 ne
2405 1577 2504 1633 diu
2537 1593 2826 1650 suspenso
2867 1579 3094 1649 judicio
3123 1579 3366 1635 tristitia
3386 1581 3576 1650 major

1921 1666 2163 1722 oriatur.
2200 1668 2266 1722 Et
2296 1666 2392 1723 ille
2441 1668 2541 1739 qui
2572 1666 2920 1739 praepositus
2950 1673 3060 1736 est,
3089 1672 3145 1723 et
3174 1668 3270 1723 ille
3301 1668 3400 1741 qui
3435 1669 3572 1724 sub-

1912 1755 2126 1826 jectus,
2161 1761 2217 1811 et
2239 1755 2297 1810 hi
2324 1757 2424 1827 qui
2451 1756 2719 1823 audiunt,
2748 1757 2912 1827 juxta
2940 1757 3212 1812 timorem
3237 1757 3338 1813 Dei
3366 1763 3577 1814 cuncta

1841 1882 1888 1946 B
1922 1845 2156 1912 faciant,
2191 1849 2248 1900 et
2273 1861 2388 1900 non
2420 1846 2560 1900 dent
2587 1845 2648 1900 in
2700 1845 2815 1901 ullo
2855 1846 3220 1902 occasionem
3251 1846 3571 1903 discordiae.

1991 1933 2171 1990 CXCI.
2225 1933 2406 2006 Igitur
2463 1935 2563 2005 qui
2592 1934 2787 1990 animo
2818 1951 2935 1990 uno
2966 1952 3095 1991 esse
3125 1936 3574 2005 concupiscunt,

1920 2026 1976 2078 et
2005 2022 2190 2078 vivere
2224 2027 2416 2080 mente
2468 2023 2767 2078 communi
2827 2023 3266 2095 disposuerunt,
3310 2025 3576 2082 consiliis

1920 2112 2212 2182 majorum
2263 2112 2623 2167 inserviant:
2677 2113 2830 2185 quod
2877 2129 2946 2168 ex
2978 2112 3241 2170 consiliis
3274 2131 3574 2186 processe-

1920 2200 1998 2255 rit
2031 2201 2291 2266 Patrum,
2324 2201 2381 2256 id
2415 2201 2650 2256 faciant.

1991 2289 2197 2346 CXCII.
2231 2292 2305 2345 De
2337 2291 2625 2346 vesliculis.
2662 2290 2720 2346 Si
2753 2289 2886 2361 quis
2917 2291 2990 2346 ab
3039 2291 3149 2362 [AL
3203 2291 3296 2364 de]
3324 2292 3416 2348 his
3446 2310 3572 2365 quae

1921 2383 2209 2452 praecepta
2237 2384 2395 2444 sunt,
2431 2379 2687 2450 amplius
2718 2379 3008 2446 habuerit,
3043 2381 3266 2452 absque
3314 2397 3571 2437 commo-

1920 2468 2140 2523 nitione
2163 2469 2456 2538 majoris‘,
2491 2468 2711 2523 deferet
2751 2468 2821 2522 ad
2853 2469 3155 2524 custodem
3187 2468 3364 2537 cellae,
3397 2475 3454 2524 et
3485 2469 3572 2524 in-

1920 2555 2302 2623 troeundi,vel
2327 2544 2663 2628 postulandi
2684 2573 2752 2611 ea
2775 2573 2889 2611 non
2922 2557 3161 2612 habebit
3183 2561 3530 2630 potestatem
3560 2576 3570 2614 :

1920 2647 2021 2702 sed
2054 2650 2227 2701 erunt
2269 2647 2379 2701 sub
2410 2645 2728 2718 praepositi,
2761 2650 2818 2701 et
2847 2646 2976 2717 ejus
3007 2646 3107 2718 qui
3142 2647 3438 2703 secundus
3467 2652 3573 2714 est,

1921 2734 2189 2790 arbitrio.

1992 2823 2224 2880 CXCIII.
2286 2825 2359 2879 De
2411 2825 2728 2896 puellarum
2785 2824 3101 2897 disciplina.
3144 2825 3327 2882 Nemo
3376 2827 3447 2882 ad
3479 2844 3575 2882 eas

1920 2913 2096 2967 vadat
2117 2912 2442 2968 visitandas
2465 2915 2505 2981 ⁵,
2531 2918 2641 2969 etc.

1992 3001 2222 3057 CXCIV.
2257 3003 2600 3074 Quicunque
2629 3003 2701 3059 de
2723 3002 2816 3060 his
2842 3003 3136 3060 mandatis
3181 3002 3402 3075 aliquid
3435 3022 3577 3076 prai-

1921 3091 2145 3146 terierit
2174 3091 2395 3164 absque
2427 3091 2548 3147 ulla
2569 3093 2938 3148 dubitatione
2967 3092 3332 3164 negligentia:
3363 3098 3420 3148 et
3445 3111 3577 3149 con-

1921 3183 2202 3251 temptus,
2236 3185 2369 3253 aget
2401 3181 2819 3251 paenitentiam,
2853 3186 2917 3236 ut
2946 3180 3243 3252 possidere
3273 3180 3576 3238 valeamus

160 3268 222 3326 Et
242 3271 288 3326 si
318 3272 570 3328 forsitan
593 3268 816 3341 aliquid
839 3269 992 3324 inter
1011 3284 1110 3324 eos
1140 3272 1333 3323 ortum
1382 3268 1555 3324 fuerit
1595 3268 1804 3325 simul-
1836 3255 1879 3320 C
1918 3285 2098 3341 regna
2127 3268 2426 3325 caelorum.

218 3442 232 3474 ¹
263 3441 306 3496 E
341 3439 644 3498 contrario
671 3443 798 3496 erat
853 3443 1064 3512 antea,‘
1099 3441 1424 3512 praepositus
1456 3441 1649 3512 etiam
1695 3455 1807 3496 non

151 3515 444 3583 postulatus
475 3514 727 3584 impleat.
779 3510 998 3567 Statius
1052 3509 1272 3584 legerat
1329 3511 1642 3582 implicatus
1700 3529 1804 3584 pro

151 3600 249 3641 nan
276 3587 612 3642 postulatus.

213 3658 235 3692 ²
259 3655 447 3714 Antea
476 3661 604 3714 erat
633 3671 872 3713 summae
899 3655 1231 3710 dilectionis.

214 3728 236 3761 ³
261 3729 404 3787 Item
463 3733 692 3786 eratet
746 3729 1076 3798 gravissima
1130 3726 1463 3799 aegritudine
1477 3744 1497 3789 ;
1555 3731 1611 3783 et
1670 3742 1806 3783 mox

158 3802 463 3875 quicunque,
483 3818 517 3858 α
543 3801 825 3873 fratribus
845 3801 1170 3866 mittuntur,
1203 3803 1312 3854 etc.

1959 3440 2008 3523 ᾖ
2035 3437 2242 3495 Verius
2298 3437 2440 3494 olim
2500 3438 2658 3506 editi,
2718 3438 2920 3512 absque
2973 3441 3314 3496 concessione
3387 3440 3567 3512 majo-

1915 3527 2013 3617 ηδε.
2037 3581 2282 3656 Reliqua
2337 3581 2518 3656 hujus
2561 3581 2800 3656 capituli
2833 3581 2945 3656 alio
2978 3581 3192 3656 inloco
3224 3582 3378 3641 inter
3398 3585 3566 3656 Begu:

1916 3656 1998 3727 las
2025 3653 2676 3727 virginumjllolsteniu‘s
2701 3654 2896 3727 posuit
2926 3671 2992 3710 ex
3021 3655 3136 3711 fide
3169 3656 3296 3712 cod.
3329 3671 3439 3712 ms.
3466 3653 3565 3727 qui

1914 3726 2068 3782 inter
2089 3730 2145 3781 S.
2179 3725 2508 3782 Paschomii
2542 3725 2827 3799 praecepta
2858 3743 2973 3783 non
3002 3727 3287 3800 agnoscit.

1425 4144 1728 4207 MONI'I‘A
1771 4144 1838 4205 S.
1885 4141 2287 4204 PACHOMII.

206 4512 440 4572 Honora
470 4515 690 4580 Deum,
719 4521 777 4570 et
803 4513 1044 4570 valebis.
1107 4513 1330 4569 Memor
1381 4517 1504 4568 esto
1545 4511 1802 4585 gemitus
1831 4515 1878 4579 Β
1909 4515 2112 4576 tatem,
2147 4527 2180 4566 a
2201 4511 2399 4566 divina
2428 4509 2759 4582 cognitione
2781 4509 3193 4566 fraudabitur:
3229 4526 3333 4566 nec
3365 4510 3576 4582 poterit

142 4615 280 4672 quos
310 4603 587 4677 perpessi
619 4607 762 4660 sunt
816 4602 1025 4659 sancti.
1085 4602 1424 4658 Efﬁciamur
1465 4601 1799 4669 unanimes,

137 4699 554 4764 perinanentes
611 4693 672 4748 in
730 4710 843 4766 quo
875 4693 1057 4749 vocati
1101 4710 1348 4762 sumus;
1382 4710 1485 4766 pro
1518 4693 1796 4750 omnibus

168 4797 330 4839 uram
369 4789 678 4858 gerentes,
711 4789 778 4838 ut
817 4783 970 4838 hanc
1013 4800 1191 4855 quam
1226 4782 1586 4855 arripuimus
1617 4781 1796 4838 vitam

134 4871 406 4941 perficere
427 4872 760 4940 valeamus,
793 4876 850 4928 et
901 4888 1141 4928 cursum
1173 4871 1564 4928 institutionis
1588 4874 1798 4928 nostrae

133 4958 243 5018 Deo
271 4962 592 5036 placitum
626 4962 905 5036 perficere
953 4978 1322 5028 mereamur;
1375 4966 1440 5016 ut
1472 4978 1542 5016 ne
1575 4959 1801 5017 similes

134 5046 531 5120 inveniamur,
567 5051 669 5125 qui
691 5051 749 5106 in
769 5049 937 5107 vanis
957 5055 1013 5107 et
1033 5050 1270 5107 caducis
1292 5051 1466 5107 rebus
1492 5049 1762 5105 laetantur
1785 5065 1797 5104 :

135 5153 198 5195 ne
226 5143 470 5212 quando
504 5157 680 5200 mens
710 5145 914 5198 nostra
943 5139 1081 5196 recti
1114 5140 1342 5196 itineris
1388 5140 1602 5196 lineam
1634 5139 1803 5195 dere-

133 5223 429 5303 linquens,
465 5233 533 5288 in
569 5235 869 5304 pwcatum
903 5233 1157 5299 corruat,
1189 5234 1247 5285 et
1276 5247 1380 5302 spe
1400 5235 1618 5286 aeterna
1648 5230 1806 5284 frau-

133 5316 307 5377 detur.
343 5321 671 5378 Intellectu
708 5336 961 5392 namque
1012 5323 1101 5376 est
1131 5320 1421 5392 optimum
1455 5335 1803 5392 cognoscere

132 5407 494 5470 voluntatem
529 5410 656 5469 Dei.
714 5409 990 5467 Omnium
1049 5409 1206 5466 enim
1252 5410 1519 5483 superior
1549 5408 1804 5465 efficitur

132 5496 314 5574 homo,
348 5503 458 5578 qui
499 5499 793 5559 obedierit
818 5499 1068 5556 veritati.
1121 5499 1399 5556 Omnium
1433 5499 1591 5556 enim
1625 5497 1804 5554 malo-

133 5603 252 5648 rum
278 5593 460 5668 pejus
513 5594 630 5660 est,
664 5590 776 5664 legi
809 5589 908 5646 Dei
961 5590 1255 5656 resistere,
1316 5593 1374 5644 et
1428 5587 1804 5662 acquiescere

134 5682 365 5755 propriae
399 5681 727 5740 voluntati.
783 5680 890 5746 Qui
923 5679 1078 5737 enim
1130 5695 1300 5737 suam
1333 5679 1560 5752 perficit
1586 5678 1804 5736 volun-

1914 4600 2265 4674 perficiendo
2297 4599 2592 4672 propriam
2625 4598 3195 4666 voluntatem,~viam
3227 4604 3569 4656 sanctorum

1909 4691 2214 4759 incedere;
2249 4695 2306 4745 et
2336 4690 2394 4745 in
2456 4688 2772 4745 novissimo
2819 4687 3117 4744 interitum
3151 4695 3208 4746 et
3262 4688 3564 4760 planctum

1909 4779 2182 4836 inveniet.
2217 4780 2382 4835 Nunc
2440 4778 2622 4850 igitur
2676 4782 2912 4849 tempus
2970 4777 3234 4850 placendi
3276 4777 3566 4835 Domino:

1911 4870 2049 4942 quia
2079 4869 2238 4926 salus
2272 4869 2330 4926 in
2362 4873 2621 4940 tempore
2651 4866 3046 4923 tribulationis
3089 4865 3432 4940 acquiritur.
3485 4869 3570 4924 Ne

1909 4975 2046 5031 ergo
2094 4958 2502 5014 tantummodo
2558 4955 2964 5013 credulitatem
3024 4957 3157 5012 fidei
3210 4957 3267 5012 in
3301 4961 3566 5028 tempore

1912 5047 2124 5104 laetitia:
2170 5053 2500 5118 teneamus,
2559 5051 2615 5102 et
2644 5047 2704 5101 in
2754 5051 3017 5120 tempore
3073 5045 3468 5102 tribulationis
3498 5048 3569 5103 ab

1912 5139 2115 5193 eadem
2148 5138 2514 5194 recedamus.
2546 5136 2839 5208 Scriptum
2880 5141 2968 5192 est
3017 5137 3212 5191 enim:
3273 5134 3335 5191 Si
3363 5140 3572 5193 noveris

1911 5233 2094 5284 votum
2123 5229 2372 5293 Domino,
2402 5242 2472 5281 ne
2497 5241 2708 5281 moram
2735 5228 2931 5298 feceris
2960 5225 3181 5280 reddere
3210 5225 3352 5280 illud
3374 5228 3566 5297 (Ecclc.

1909 5336 1964 5387 v,
1996 5319 2073 5390 3),
2106 5322 2162 5373 et
2219 5318 2277 5371 in
2325 5315 2700 5372 tribulatione
2757 5333 2827 5371 ne
2859 5313 3136 5383 deficias;
3197 5315 3299 5371 sed
3341 5317 3569 5388 patiens

1912 5413 2058 5475 esto,
2090 5412 2148 5463 et
2179 5408 2420 5463 obsecra
2449 5405 2786 5461 Dominum.
2857 5404 3185 5460 Immobilis
3243 5405 3402 5461 enim
3436 5408 3566 5463 lidei

1913 5497 2213 5570 plenitudo
2269 5496 2561 5551 tribuetur
2617 5511 2650 5550 a
2709 5493 2846 5560 Deo,
2907 5512 3085 5566 quam
3142 5512 3245 5568 per
3282 5495 3565 5568 Spiritum

1903 5591 2182 5644 sanctum
2207 5583 2609 5657 acquisierunt
2647 5583 2962 5656 propheta,
2995 5585 3052 5641 in
3087 5602 3204 5658 qua
3233 5590 3290 5641 et
3319 5587 3564 5658 apostoli

1914 5675 2241 5734 confirmati
2272 5679 2429 5744 sunt,
2464 5673 2562 5747 qui
2618 5678 2852 5747 propter
2877 5675 3051 5733 fidem
3085 5675 3343 5735 diversas
3374 5676 3563 5732 tribu-
