3970 6468
310 353 390 422 σι’
1559 350 1623 414 S.
1668 348 1980 414 EUSEBII
2023 348 2470 415 HIERONYMI
3623 338 3705 408 9!

305 489 556 549 lationes
604 489 705 548 88
760 487 1234 563 persecutionum
1288 485 1639 559 excipientes
1698 486 1766 541 ad
1816 502 1947 557 pro-
1977 484 2031 551 Α
2060 502 2293 541 omnem
2327 486 2585 558 requiem
2641 484 3021 558 corporalem.
3074 483 3176 542 84
3206 476 3707 540 Abrenuntiemus

311 580 495 638 missa
526 580 765 653 praemia
796 581 1199 651 pervenerunt.
1230 577 1345 631 Hoc
1395 591 1530 647 ergo
1578 574 1845 640 scientes,
1877 591 1948 628 ne
2057 573 2194 629 huic
2233 574 2383 639 vitae,
2418 578 2481 629 ut
2512 575 2626 629 Deo
2658 575 2847 631 vivere
2877 574 3196 630 valeamus.

310 671 794 726 circumferamur
838 683 1103 723 errorum
1161 666 1498 721 seductione
1553 664 1814 736 decepti;
1849 663 1950 717 sed

312 760 507 831 potius
529 757 679 814 ﬁrmi
712 762 769 812 et
790 755 1121 811 immobiles
1151 769 1516 819 maneamus,
1548 757 1611 807 ut
1658 752 1952 824 cogitatio-

309 865 453 904 num
487 846 947 919 pervagationes,
979 861 1108 917 quae
1154 842 1311 898 velut
1355 859 1516 914 aqum
1548 842 1948 906 effervescunt,

2133 664 2416 718 Memores
2447 679 2583 733 ergo
2643 663 2852 731 simus,
2910 662 3264 729 charissimi,
3324 658 3709 733 professionis

2061 756 2291 818 nostrae,
2326 752 2822 823 quemadmodum
2856 751 2969 806 Deo
3002 750 3242 823 polliciti
3275 766 3484 805 sumus
3509 749 3710 805 deser-

2058 840 2210 896 vire:
2244 840 2351 895 hoc
2396 842 2589 911 ipsum
2641 840 2796 895 enim
2847 840 3174 911 exquiritur
3231 856 3265 896 a
3323 838 3493 894 nobis
3524 837 3584 892 in
3614 835 3713 893 die

310 936 515 992 divinae
537 934 683 1007 legis
703 934 944 989 assidua
960 932 1243 988 memoria
1260 931 1636 995 refrenemus,
1656 947 1758 1001 per
1773 946 1949 1001 quam
2052 928 2953 1000 judicii.Esuriamus,sitiamus,
2970 928 3295 984 nuditatem
3322 927 3710 999 perferamus,

310 1023 564 1081 carnalis
592 1022 1077 1094 concupiscentiae
1108 1020 1293 1092 legem
1342 1020 1726 1084 destruentes,
1779 1033 1951 1072 omne

311 1113 467 1184 quod
501 1112 616 1167 Deo
643 1110 919 1183 placitum
944 1114 1033 1164 est
1052 1108 1353 1179 exquirere
1397 1106 1695 1161 valeamus
1721 1124 1734 1161 :
1766 1111 1822 1161 et
1850 1122 1949 1160 cu-

311 1200 640 1258 stodiamur
669 1199 830 1254 illaesi
863 1217 896 1253 a
924 1198 1081 1253 curis
1112 1195 1509 1265 saecularibus,
1542 1195 1819 1266 omnique
1840 1195 1953 1250 ela-

308 1290 486 1355 tione,
519 1306 645 1362 quaa
678 1294 766 1343 est
786 1286 1014 1342 insania
1038 1285 1315 1358 pessima,
1358 1286 1518 1356 pejor
1546 1283 1810 1339 omnium
1836 1300 1953 1338 ma-

310 1378 517 1434 lorum.
568 1376 876 1432 Dominum
905 1390 1139 1445 semper
1160 1390 1275 1445 prae
1297 1371 1485 1428 oculis
1524 1372 1830 1440 habentes,
1865 1389 1951 1427 re-

308 1466 689 1522 miniscamur
717 1462 1049 1536 passionem
1108 1461 1299 1517 crucis
1328 1462 1456 1529 eius
1488 1477 1553 1515 ac
1596 1461 1821 1525 mortis,
1853 1476 1956 1530 per

305 1568 477 1625 quem
508 1550 791 1622 redempti
822 1566 888 1604 ac
916 1548 1189 1604 vivificati
1222 1564 1451 1603 sumus.
1493 1548 1775 1602 Odiamus
1818 1564 1954 1619 ergo

304 1642 591 1697 mundum
617 1644 674 1696 et
702 1638 900 1694 omnia
920 1654 1047 1709 quas
1068 1636 1128 1692 in
1150 1652 1216 1693 eo
1254 1642 1413 1703 sunt,
1456 1636 1725 1692 odiamus
1754 1637 1951 1693 etiam.

2059 1016 2389 1089 vigilemus,
2421 1021 2478 1071 et
2498 1016 2556 1071 in
2582 1017 2825 1088 psalmis
2847 1021 3022 1087 atque
3062 1015 3430 1072 orationibus
3450 1013 3713 1087 positiex

2061 1106 2267 1161 intimo
2296 1106 2467 1160 corde
2502 1105 2952 1177 ingemiscentes
2978 1105 3264 1177 lacrymas
3294 1104 3711 1169 effundamus;

2064 1194 2454 1265 nosmetipsos
2484 1200 2656 1249 cauta
2686 1193 3050 1249 discussione
3083 1194 3417 1265 probantes,
3450 1192 3499 1248 si
3530 1190 3619 1247 vel
3650 1191 3712 1249 in

2063 1281 2258 1352 aliquo
2288 1282 2451 1353 digni
2483 1286 2591 1337 Deo
2622 1298 2724 1353 pro
2773 1283 2900 1352 ejus
2944 1283 3235 1337 immensa
3285 1280 3596 1338 clementia
3619 1279 3713 1336 in-

2062 1369 2243 1424 veniri
2290 1386 2635 1425 mereamur.
2699 1369 3120 1425 Tribulationis
3190 1369 3524 1443 angustiam
3590 1384 3711 1425 non

2063 1459 2442 1531 refugiamus,
2486 1464 2550 1514 ut
2605 1459 3019 1515 consolationis
3076 1459 3386 1515 Dominicas
3446 1456 3715 1530 requiem

2064 1564 2532 1619 consequamur;
2582 1553 2639 1604 et
2669 1547 3019 1604 immortalis
3079 1548 3207 1602 vita:
3248 1563 3315 1603 ac
3345 1546 3715 1618 sempiterna

2065 1636 2326 1708 requiem
2360 1636 2653 1710 percipere
2684 1653 3034 1692 mereamur.

1080 2006 1229 2093 SS.
1294 2006 1440 2091 PP.
1504 2004 2052 2092 PACHOMII
2110 2006 2253 2090 ΕΤ
2329 2004 2928 2091 'I‘HEODORI

692 2239 1579 2383 EPISTOLAE1
1674 2252 1874 2379 ET
1969 2250 2484 2384 VERBA
2578 2248 3319 2390 MYSTICA.

464 2717 812 2774 EPISTULA
850 2718 1105 2774 PATRIS
1144 2715 1411 2775 NOSTRI
1448 2717 1795 2774 PACHOMII

305 2842 384 2898 Ad
412 2845 663 2898 sanctum
691 2844 873 2897 virum
930 2842 1262 2904 Cornelium,
1322 2843 1420 2913 qui
1464 2842 1627 2896 Pater
1678 2843 1789 2912 [uit
1836 2858 1949 2897 mo-

373 2915 612 2969 nasterii
664 2913 1043 2969 Machanseos:
1074 2915 1137 2968 in
1188 2930 1297 2984 qua
1342 2914 1591 2985 loquitur
1637 2914 1802 2985 jumta
1842 2914 1949 2968 lin-

376 3002 544 3054 guam
565 3001 684 3057 quae
720 2985 979 3040 ambobus
1027 2985 1094 3039 ab
1124 2985 1323 3053 angelo
1354 2984 1554 3039 tradita
1583 2984 1679 3050 est,
1720 2993 1771 3040 et
1798 2985 1952 3055 cujus

373 3072 471 3111 nos
528 3072 724 3111 sonum
781 3057 1058 3123 audimus,
1115 3065 1372 3111 cistarum
1442 3058 1579 3111 vires
1635 3064 1687 3111 et
1739 3072 1954 3111 sensum

380 3129 692 3197 intelligere
718 3144 829 3183 non
857 3144 1161 3200 possumus.

374 3253 417 3308 Ι.
451 3252 605 3308 Deus
632 3252 886 3325 sapiens,
920 3252 1071 3308 Deus
1119 3254 1340 3325 absque
1380 3251 1518 3307 ullis
1549 3251 1953 3307 occasionibus

307 3341 517 3408 bonus,
551 3340 705 3396 Deus
752 3340 879 3396 sine
909 3340 1067 3396 omni
1090 3340 1345 3412 querela,
1373 3340 1533 3395 dedit
1553 3340 1811 3412 requiem
1835 3340 1953 3413 spi-

310 3429 452 3484 ritui
474 3434 576 3485 tuo
601 3445 614 3483 :
648 3434 705 3484 et
729 3434 789 3484 tu
814 3429 891 3483 da
917 3430 1179 3501 requiem
1202 3429 1408 3485 animae
1428 3434 1567 3484 tum:
1620 3435 1685 3484 ut
1729 3429 1957 3484 laetetur

306 3518 444 3574 Sion
467 3516 527 3574 in
549 3517 754 3573 diebus
777 3506 1095 3573 nativitatis
1117 3534 1255 3572 suae.
1287 3518 1395 3572 Fac
1441 3534 1588 3589 opus
1611 3517 1763 3583 lotis,
1797 3518 1953 3589 quod

304 3611 572 3662 vocatum
604 3610 695 3661 est
720 3606 767 3661 Y
799 3606 856 3662 in
907 3606 1117 3661 diebus
1174 3606 1433 3677 antiquis
1461 3623 1473 3661 :
1523 3611 1581 3661 et
1613 3622 1761 3677 pone
1792 3605 1955 3661 Delta

304 3699 438 3751 ante
469 3694 690 3761 oculos,
728 3700 790 3750 ut
845 3695 991 3750 bene
1048 3695 1125 3751 sit
1156 3694 1364 3750 animm
1420 3699 1547 3749 tuas.
1595 3695 1678 3751 Ro
1709 3694 1955 3750 tetendit

306 3800 548 3840 manum
580 3800 773 3851 suam,
805 3788 871 3838 ut
901 3783 1229 3855 perveniret
1260 3784 1329 3838 ad
1361 3788 1453 3851 te;
1489 3784 1642 3855 quod
1675 3787 1764 3838 est
1796 3784 1951 3839 lota:

305 3873 413 3928 hoc
456 3876 545 3929 est
576 3872 909 3944 sepulcrum
946 3870 1201 3927 cubiculi
1226 3872 1333 3927 tui.
1358 3876 1507 3926 Cane
1529 3877 1590 3926 tu
1612 3885 1675 3939 Ω,
1708 3888 1779 3927 ne
1806 3871 1952 3927 forte

305 3974 344 4017 Ω
368 3960 474 4016 tibi
505 3966 676 4016 canat
712 3960 991 4017 saeculum
1051 3960 1659 4032 impudentissimum.
1707 3960 1954 4015 Laetetur

306 4055 524 4115 tecum,
556 4054 718 4106 netu
749 4067 884 4104 cum
944 4049 1155 4105 saeculo
1212 4050 1469 4122 gaudeas
1512 4048 1948 4121 procacissime.
1982 4082 2025 4150 Ο

308 4138 600 4193 Memento
621 4137 813 4193 Hetaa:
848 4154 920 4192 ne
968 4137 1331 4193 obliviscaris
1381 4137 1792 4205 Kalendarum,
1825 4153 1952 4209 qum

306 4231 448 4283 sunt
467 4226 591 4282 dies
613 4225 973 4299 paupertatis
995 4231 1052 4282 et
1080 4225 1291 4282 cubilia
1320 4227 1426 4281 tui.
1470 4226 1629 4283 Tolle
1672 4226 1775 4281 tibi
1812 4227 1949 4291 lota,

308 4316 463 4387 quod
491 4316 848 4387 praecipuum
893 4320 1069 4371 estex
1090 4315 1175 4371 eis
1200 4332 1212 4369 :
1240 4331 1356 4370 non
1381 4315 1537 4371 enim
1555 4319 1677 4370 erat
1697 4315 1957 4371 Lambda

306 4406 362 4459 iu
399 4403 580 4473 Heta;
612 4410 669 4460 et
699 4404 915 4461 idcirco
947 4405 1240 4460 enutritus
1285 4421 1347 4460 es
1396 4404 1522 4460 sine
1572 4405 1801 4475 pannis.
1847 4404 1955 4460 Re-

306 4497 526 4549 vertere
557 4493 629 4550 ad
662 4492 953 4548 Kalendas
977 4510 1105 4565 quas
1158 4498 1299 4548 sunt
1321 4493 1409 4548 Xi.
1433 4494 1504 4548 de
1533 4493 1581 4548 Y
1609 4496 1959 4564 paraverunt

307 4581 573 4654 plaustra
604 4582 965 4638 tabernaculi
1016 4582 1308 4655 principes
1339 4583 1619 4649 tribuum,
1654 4587 1710 4637 et
1734 4581 1959 4637 obtule-

306 4675 445 4727 runt
472 4688 541 4728 ea
574 4672 1194 4743 lastantes,cunctaque
1215 4672 1365 4726 dona
1387 4687 1517 4726 cum
1542 4670 1700 4726 omni
1723 4669 1956 4743 gaudio.

306 4760 374 4815 Et
403 4764 467 4815 tu
498 4764 566 4816 ut
596 4760 831 4833 sapiens
859 4775 1144 4831 cognosce
1196 4758 1476 4830 capillum
1534 4758 1742 4831 capitis
1782 4760 1868 4813 tui
1898 4757 1959 4813 in

304 4848 417 4915 via,
455 4853 521 4905 ut
549 4850 743 4906 veniat
771 4850 963 4921 gratia
1006 4865 1184 4921 super
1214 4847 1331 4915 his,
1389 4865 1516 4920 quae
1549 4852 1688 4903 sunt
1715 4847 1839 4903 dies
1866 4847 1958 4903 in-

308 4938 592 4995 nocentia:
651 4945 786 4995 tum.
819 4937 1095 5011 Nunquid
1156 4954 1273 4993 non
1325 4936 1592 4993 Kalendm
1623 4940 1764 4993 sunt
1789 4936 1965 5003 'I‘au‘l

386 5117 408 5151 °
437 5114 709 5186 Dehisce
734 5114 999 5186 epistolis
1029 5113 1366 5186 Gennadius
1414 5130 1539 5184 cap.
1567 5115 1601 5165 7
1636 5130 1709 5186 :_«
1741 5112 1962 5168 Pacho-

316 5187 494 5256 mius,
514 5184 741 5258 inquit,
769 5183 1013 5258 scripsit
1042 5187 1116 5258 ad
1148 5184 1401 5256 collegas
1422 5183 1817 5258 praepositum:
1843 5202 1962 5240 suae

316 5255 625 5327 epistulas,
652 5260 709 5313 in
743 5255 958 5330 quibus
1006 5255 1381 5329 alphabetum
1424 5255 1696 5330 mysticis
1742 5261 1963 5311 tectum

321 5331 722 5398 sacramentis,
748 5327 901 5384 velut
921 5327 1193 5384 humana:
1212 5327 1653 5383 consuetudinis
1684 5329 1966 5383 excedens

320 5401 760 5475 intelligentiam
796 5402 1026 5467 clausit,
1078 5400 1231 5475 soli_s_
1276 5400 1447 5454 credo
1484 5414 1706 5475 parum
1766 5399 1962 5475 gratia:

320 5472 405 5527 vel
438 5470 661 5528 maritis
693 5470 1373 5543 manifestatumrUnam
1430 5471 1501 5525 ad
1553 5470 1821 5526 abbatem
1862 5472 1968 5543 Sy-

328 5561 475 5611 rum,
510 5561 687 5600 unam
719 5545 791 5599 ad
822 5544 1093 5599 abbatem
1148 5542 1502 5599 Cornelium.
1566 5544 1647 5598 Ad
1702 5542 1965 5599 omnium

326 5615 813 5676 monasteriorum
846 5613 1209 5689 praepositos,
1260 5618 1323 5671 ut
1349 5613 1405 5669 in
1449 5630 1634 5671 unum
1667 5615 1966 5689 antiquius

1983 2723 2032 2787 Β
2062 2716 2205 2774 Heta
2235 2720 2324 2773 est
2382 2716 2621 2793 Pascha.
2672 2717 2738 2774 In
2785 2717 2879 2775 his
2926 2717 3202 2775 omnibus
3251 2733 3323 2775 ne
3350 2717 3723 2779 obliviscaris

2061 2805 2317 2873 Simmaa,
2370 2807 2523 2879 quod
2557 2811 2796 2863 vocatur
2838 2808 3075 2880 quidem
3124 2806 3369 2878 Simma,
3402 2807 3504 2864 sed
3535 2806 3721 2866 habet

2067 2896 2541 2951 communionem
2576 2913 2708 2951 cum
2738 2900 2856 2952 Ro:
2889 2896 3129 2953 donavit
3150 2895 3233 2951 illi
3267 2900 3492 2969 partem
3517 2913 3715 2968 suam,

2065 2987 2131 3038 ut
2160 2983 2260 3038 fiat
2279 2984 2517 3040 divesin
2558 2997 2615 3042 Ω.
2668 2984 2893 3040 Litteras
2931 2984 3112 3055 hujus
3160 2984 3429 3058 Epistolm
3481 2984 3717 3058 scriptis

2065 3076 2204 3126 sunt
2234 3071 2481 3139 Delta,et
2512 3074 2650 3128 Iota.
2674 3073 2875 3128 Saluta
2895 3079 3071 3145 caput
3091 3079 3147 3128 et
3168 3075 3367 3145 pedes,
3390 3078 3448 3130 et
3476 3089 3714 3144 manus,

2063 3166 2119 3214 et
2164 3160 2385 3227 oculos,
2420 3164 2477 3215 et
2506 3160 2730 3233 reliqua
2760 3160 3003 3233 spiritus
3032 3163 3142 3231 tui,
3174 3178 3303 3234 qum
3333 3166 3477 3219 sunt
3500 3161 3714 3235 Alpha.

2224 3266 2575 3323 EPISTOLA
2615 3266 2869 3323 PATRIS
2907 3267 3169 3323 NOSTRI
3210 3266 3554 3325 PACHOMII

2064 3355 2142 3410 Ad
2162 3356 2384 3428 Patrem
2411 3358 2739 3411 monasterii
2767 3356 2987 3428 Syrum,
3011 3358 3107 3428 qui
3134 3360 3183 3412 et
3204 3358 3319 3427 ipse
3337 3359 3576 3425 gratiam
3590 3374 3721 3414 cum

2136 3426 2433 3482 Pachomio
2462 3435 2513 3483 et
2547 3426 3085 3497 Conwlio'angelicae
3115 3426 3314 3500 linguae
3341 3433 3639 3501 acceperat.

2135 3515 2233 3572 85
2266 3515 2335 3572 Il.
2368 3515 2657 3571 Memento
2688 3534 2814 3589 qua
2847 3517 3182 3589 scripserim
3235 3517 3341 3573 tibi
3382 3519 3451 3588 Y,
3486 3517 3546 3573 in
3580 3519 3717 3591 lapi-

2065 3604 2216 3661 stola
2246 3610 2482 3677 propter
2501 3606 2620 3661 Tau
2645 3605 2951 3678 scriptum,
2999 3611 3058 3662 et
3083 3607 3403 3675 recordare,
3437 3611 3494 3663 et
3522 3608 3718 3667 scribe

2062 3694 2130 3749 Ni
2164 3699 2400 3766 prepter
2424 3695 2650 3751 Simma
2680 3696 2830 3766 quod
2864 3696 3150 3768 scriptum
3173 3701 3283 3753 est.
3307 3696 3604 3769 Numquid
3638 3698 3715 3754 Xi

2064 3799 2178 3838 non
2230 3787 2319 3838 est
2364 3782 2436 3848 Y,
2493 3784 2649 3855 quod
2703 3783 2761 3838 in
2811 3783 3013 3855 Kappa
3067 3784 3469 3840 convertitur?
3522 3784 3585 3841 in
3615 3785 3714 3844 his

2062 3871 2337 3927 omnibus
2369 3873 2693 3938 recordare,
2727 3876 2782 3927 et
2811 3864 3000 3929 scribe
3058 3874 3125 3930 Ni
3159 3877 3216 3929 et
3260 3875 3381 3929 Iota
3424 3878 3490 3930 ut
3514 3873 3716 3947 Alpha

2062 3959 2235 4032 pulch
2248 3977 2306 4015 re
2338 3961 2628 4016 scribatur
2647 3962 2704 4016 in
2727 3962 2976 4033 gratiam
2999 3962 3380 4018 excelsorum.
3405 3963 3712 4036 Numquid

2063 4048 2162 4104 80
2189 4049 2313 4105 Moe
2345 4067 2458 4104 non
2491 4059 2577 4105 est
2602 4050 2650 4104 Y
2679 4055 2737 4105 et
2766 4054 2987 4122 Kappa,
3024 4052 3225 4124 Kappa
3255 4068 3369 4108 non
3426 4056 3516 4129 est
3539 4051 3665 4108 Tau
3686 4051 3717 4108 ?

2064 4137 2233 4207 Aperi
2264 4155 2329 4193 os
2361 4144 2551 4205 tuum,
2580 4144 2634 4193 et
2659 4137 2783 4194 leva
2814 4138 3019 4194 faciem
3050 4144 3307 4205 tuam,ut
3337 4140 3490 4197 oculi
3515 4141 3603 4196 tui
3633 4142 3718 4197 vi-

2065 4225 2322 4291 deant,et
2343 4227 2534 4296 possis
2557 4226 2746 4298 legere
2766 4244 2892 4299 qua:
2916 4226 3133 4298 scripta
3154 4228 3567 4284 sunt.Attende
3587 4227 3737 4285 dilio‘

2063 4318 2287 4386 genter,
2316 4320 2373 4369 et
2393 4332 2527 4370 cave
2554 4332 2625 4370 ne
2658 4314 2881 4371 scribas
2909 4314 3073 4372 Delta
3105 4333 3283 4388 super
3311 4317 3438 4384 Phi,
3469 4320 3528 4373 et
3556 4316 3721 4374 inve-

2064 4408 2358 4458 terescant
2388 4403 2511 4458 dies
2544 4403 2650 4469 tui,
2684 4408 2741 4459 et
2767 4420 2931 4475 aqua:
2966 4409 3078 4460 tum
3117 4404 3567 4461 imminuantur.
3598 4405 3723 4463 Me-

2067 4496 2348 4558 mento,et
2378 4492 2565 4547 scribe
2594 4493 2777 4547 Theta
2805 4497 2861 4547 et
2892 4496 2973 4548 Ro
3016 4498 3084 4548 ut
3115 4494 3198 4549 Ro
3228 4494 3520 4550 scribatur
3547 4494 3722 4553 bene.

2225 4598 2573 4653 EPISTULA
2614 4598 2877 4654 PATRIS
2916 4599 3176 4656 NOSTRI
3214 4600 3560 4657 PACHOMII

2070 4688 2151 4743 Ad
2208 4693 2428 4742 Patrem
2494 4689 2845 4763 monasterii
2883 4687 3218 4755 Cornelium,
3288 4690 3436 4763 quod
3496 4698 3734 4748 vocatur

2713 4759 3069 4817 Mochanseos.

2142 4847 2238 4903 Ill.
2272 4847 2502 4903 Honora
2530 4847 2865 4917 Dominum,
2895 4852 2954 4905 et
2981 4851 3727 4911 confortaheris.|lemenlo

2068 4936 2328 5008 gemitus
2360 4941 2719 5005 sanctorum,
2750 4938 2952 4995 Simna
2980 4944 3039 4997 et
3066 4939 3171 4996 Phi
3202 4940 3342 4997 fiat:
3374 4940 3586 5000 domus
3616 4946 3727 5000 tua

2073 5114 2722 5189 monasterium,_quod
2755 5115 2957 5189 lingua
2979 5117 3314 5189 Egyptiaca
3341 5118 3525 5176 Baum
3554 5136 3730 5180 voca-

2071 5190 2188 5266 tur,
2222 5185 2564 5266 congregati
2586 5185 2871 5243 ’Paschaa'
2886 5185 3214 5266 diemv'elut
3234 5190 3604 5266 aeternalege
3631 5208 3729 5251 ce-

2076 5256 2667 5329 lebrent,’epistolam
2707 5276 2909 5315 unam.
2950 5260 3231 5317 Similiter
3259 5266 3317 5317 et
3344 5263 3416 5318 ad
3446 5256 3604 5320 diem
3635 5281 3731 5323 re-

2078 5329 2398 5404 missionis,
2435 5346 2558 5400 qua:
2592 5347 2791 5387 mense
2818 5332 3079 5404 Augusto
3110 5333 3323 5404 agitur,
3356 5339 3423 5389 ut
3446 5334 3506 5391 in
3533 5353 3727 5395 unum

2079 5400 2372 5476 praepositi
2406 5400 3259 5476 congregarentur;epistolam
3318 5423 3498 5462 unam
3522 5425 3537 5476 ;
3559 5412 3619 5465 et
3646 5410 3728 5467 ad

2080 5475 2307 5554 fratres,
2325 5472 2450 5554 qui
2473 5472 2647 5528 foras'
2674 5472 3097 5531 monasterium
3130 5477 3297 5532 missi
3329 5472 3563 5537 fuerant
3590 5495 3729 5554 ope.

2079 5543 2214 5612 rari,
2248 5543 2554 5615 epistolam
2587 5560 2784 5602 unam.
2820 5569 2848 5595 ››
