3970 6402
1043 344 1682 413 INTERPRETATIO
1725 348 2283 417 EPISTOLARUM
2330 351 2397 417 S.
2444 353 2850 421 PACHOMII.

3549 366 3646 433 94:

217 465 385 576 juxta
411 483 599 530 annos
628 472 759 533 tuos
789 474 865 534 sit
894 478 1201 553 disposita,
1218 484 1390 554 juxta
1437 485 1698 559 exempla
1728 502 1863 542 san-
1894 485 1948 552 Α
1981 486 2348 547 Desiderium
2380 508 2491 548 non
2519 498 2608 551 est
2639 495 2814 553 unius
2844 496 3253 559 rei.Laudatur
3281 510 3550 576 peccator
3567 506 3629 565 in

225 558 465 650 uterum,
499 577 616 617 non
650 562 709 620 in
758 566 902 623 cibis
933 573 1376 645 temporalibus,
1407 558 1621 650 nequei
1654 580 1711 635 in
1747 580 1866 636 ulla

224 644 611 708 similitudine
638 669 862 728 eorum,
898 674 1025 730 quas
1057 662 1328 720 videntur
1358 667 1416 721 in
1447 666 1591 724 cmlo
1627 670 1747 725 sive
1803 671 1864 726 in

221 736 392 791 terra.
427 739 705 798 Habetote
734 755 795 811 Ω,
829 749 890 802 ut
920 750 1159 821 possitis
1190 770 1493 812 occurrere
1526 762 1638 813 Deo
1680 759 1739 814 in
1771 760 1866 817 die

219 823 588 914 visitationis,
617 828 849 889 liberati
878 837 954 892 ab
990 839 1385 914 increpatione
1427 846 1686 904 Marthae.
1721 849 1866 905 Para

222 912 456 1007 domum
488 922 651 975 tuam
683 926 1007 982 secundum
1060 912 1342 991 terminos
1401 937 1549 1007 ejus.
1610 938 1865 996 Observa

218 1001 411 1067 Theta.
446 1022 519 1062 ne
549 1025 683 1066 reus
735 1013 820 1069 sis
847 1014 1265 1090 increpationis
1308 1001 1458 1095 ejus,
1512 1027 1606 1081 cui
1638 1028 1861 1084 dictum

218 1096 321 1187 est.
367 1094 555 1187 Redde,
591 1101 862 1159 rationem
897 1094 1479 1180 dispensatimzisiluw
1537 1119 1685 1187 (Luc.
1745 1134 1862 1186 xw,

217 1182 269 1253 2)
313 1199 325 1249 ;
383 1183 469 1239 vel
502 1185 662 1245 illius
713 1192 814 1263 qui
862 1199 1115 1254 comedit
1168 1205 1227 1257 et
1273 1203 1420 1258 bibit
1468 1182 1602 1261 cum
1661 1182 1860 1273 ebriis,

217 1272 443 1342 quando
476 1275 669 1335 noluit
699 1280 894 1340 fodere
926 1302 1031 1342 nec
1062 1289 1199 1346 dare
1222 1294 1516 1349 conservis
1549 1295 1771 1352 cibaria
1801 1296 1859 1351 in

218 1363 470 1451 tempore
502 1382 609 1422 suo
665 1370 873 1441 (Matth.
934 1378 1108 1449 πων).
1162 1381 1294 1437 Ideo
1347 1384 1731 1441 reddiderunt
1786 1385 1859 1451 ei,

215 1448 346 1521 quia
372 1451 589 1512 oblitus
620 1463 711 1513 est
740 1458 885 1533 legis
918 1448 1098 1533 Dei,et
1130 1468 1395 1528 inﬁrmos
1440 1473 1676 1533 visitare
1722 1448 1858 1534 con;

212 1541 463 1640 tempsit.
486 1544 559 1640 Et
579 1545 795 1640 idcirco
814 1551 1095 1613 ﬂuctuare
1119 1560 1653 1638 coepit,etindigere
1675 1585 1856 1640 pane:

213 1628 442 1687 imitans
490 1633 758 1695 homines
813 1628 1346 1706 conﬁdentissi—mos
1392 1656 1449 1708 et
1493 1628 1857 1729 arrogantes,

211 1719 306 1790 qui
336 1722 650 1781 noluerunt
678 1729 921 1789 domum
952 1735 1042 1792 Hi.
1078 1737 1284 1810 Homo,
1317 1759 1604 1816 cognosce
1629 1719 1757 1819 qua:
1780 1719 1858 1804 di;

208 2075 494 2169 pationem
549 2083 824 2155 Danielis,
870 2094 928 2146 et
975 2075 1209 2151 ruinam
1258 2098 1434 2169 Esau,
1466 2075 1541 2158 et
1578 2105 1858 2165 duritiam

209 2162 388 2235 Moab,
423 2173 482 2226 et
511 2171 894 2235 defectionem
927 2181 1212 2252 Ismaelis,
1263 2198 1321 2244 et
1349 2162 1654 2251 illecebras
1699 2162 1858 2253 satu:

207 2253 392 2359 ritatis
422 2275 492 2316 ac
529 2265 773 2335 ventris,
823 2269 963 2354 quia
1009 2282 1331 2345 sapuerunt
1378 2296 1446 2336 ea
1497 2299 1625 2354 quae
1683 2302 1863 2359 super

214 2345 604 2446 terramgsu‘nt.
639 2349 1014 2417 Abundantia
1041 2368 1237 2422 autem
1280 2345 1540 2428 hominis
1573 2345 1862 2446 sapientia

208 2434 458 2535 ejuses-t.
493 2440 540 2498 O
573 2442 748 2502 homo
792 2447 804 2503 l
868 2452 1031 2509 trade
1062 2453 1385 2529 discipline:
1418 2478 1518 2518 cor
1560 2434 1752 2535 tuum,
1787 2483 1859 2522 ne

206 2524 556 2626 multiplices
587 2539 849 2593 mortuos
896 2539 955 2595 in
988 2524 1329 2619 contemptu
1387 2554 1447 2606 et
1505 2524 1861 2626 negligentia

206 2614 321 2706 tua,
346 2623 587 2706 propter
604 2637 859 2683 errorem
881 2631 1075 2688 cordis
1099 2633 1204 2690 tui.
1225 2614 1284 2691 VO
1307 2636 1480 2696 homo
1505 2642 1516 2696 !
1553 2614 1626 2697 n3
1660 2614 1864 2706 visibi-

204 2697 283 2801 lia
327 2705 638 2801 despicias.
670 2712 1065 2777 Mercenarius
1097 2739 1211 2779 non
1256 2731 1347 2782 est
1395 2735 1598 2801 pastor
1631 2749 1643 2788 :
1678 2733 1737 2790 in
1768 2739 1862 2790 te-

202 2792 386 2852 nebris
410 2798 620 2898 vulpes
650 2807 984 2898 comedunt.
1020 2812 1177 2869 Tene
1195 2792 1463 2888 gladium
1486 2819 1688 2894 gloria:
1719 2827 1857 2898 tuae,

202 2895 472 2954 cognosce
498 2886 742 2949 loricam
785 2896 1052 2967 justitiaa,
1087 2907 1144 2958 et
1189 2886 1259 2960 ne
1289 2886 1635 2968 contemnas
1688 2886 1860 2970 babi:

201 2971 448 3032 taculum
480 2978 804 3052 sapientiae.
836 2990 945 3043 Fac
994 2990 1100 3046 tibi
1134 2995 1423 3064 sacculos,
1450 2999 1552 3071 qui
1612 3019 1727 3058 non
1771 3004 1859 3059 in-

200 3064 568 3160 veterescant,
627 3075 692 3126 ut
748 3076 943 3145 possis
975 3079 1046 3135 ad
1076 3081 1335 3140 foramen
1369 3064 1643 3160 asp-idum
1707 3072 1853 3148 mit.-

200 3150 309 3250 tere
353 3169 620 3250 manum.
680 3161 787 3225 Ne,
818 3162 1127 3225 inebrieris
1174 3171 1328 3243 vino,
1357 3150 1597 3250 ex.quo
1660 3180 1844 3237 ruina

200 3236 341 3338 Eunt
377 3242 671 3317 plurimae,
722 3256 779 3307 et
824 3256 1134 3316 ambulant
1183 3236 1324 3317 nudi
1374 3236 1553 3338 super
1599 3236 1836 3327 terram.

200 3325 386 3425 Cogita
414 3337 576 3405 quod
607 3337 698 3395 lex
727 3341 863 3399 data
893 3345 971 3401 sit
991 3348 1062 3404 de
1093 3349 1339 3409 muliere
1371 3325 1756 3425 menstruata,

200 3420 344 3513 extra
370 3427 567 3480 castra
597 3429 967 3503 projiciatur;
998 3437 1103 3492 via:
1136 3439 1293 3497 enim
1326 3443 1454 3513 ejus
1483 3449 1677 3502 strata:
1703 3456 1844 3506 sunt

199 3506 388 3577 spinis.
409 3516 747 3605 Paupertas
778 3519 1052 3581 bumiliat
1076 3527 1288 3598 virum,
1321 3506 1379 3587 et
1409 3535 1699 3605 perstillat
1736 3538 1838 3595 do-

200 3601 465 3701 musiubi
496 3603 695 3662 otiosae
726 3616 867 3668 sunt
898 3631 1129 3672 manus.
1164 3618 1244 3675 Ne
1275 3601 1591 3681 inﬁrmetis
1624 3627 1696 3682 ad
1720 3627 1842 3701 pla-

196 3686 631 3790 lignorum,
684 3698 806 3790 'i‘au
837 3706 916 3758 et-
946 3704 1049 3761 Ro.
1103 3707 1336 3767 Ventris
1386 3713 1618 3771 insania
1674 3686 1840 3790 pejor

196 3778 276 3880 Est
298 3781 575 3877 omnibus
606 3786 799 3845 malis.
833 3792 1008 3855 Error
1037 3796 1340 3856 oculorum
1363 3778 1835 3880 imminuit.pru-

195 3861 438 3966 dentiam
470 3874 825 3947 sapientum.
856 3880 1063 3941 Deficit
1093 3888 1329 3960 sapiens
1358 3898 1597 3966 propter
1625 3861 1834 3953 concu-

193 3959 522 4053 piscentiam
554 3967 752 4023 carnis
782 3969 841 4025 in
874 3988 1068 4042 carne,
1092 3959 1246 4048 quod
1277 3959 1521 4055 sanguis
1552 3987 1829 4060 sanguini

193 4053 515 4143 misceatur.
572 4053 788 4114 Omnes
818 4062 917 4132 qui
973 4063 1111 4120 estis
1141 4053 1543 4141 cooperatores
1601 4053 1723 4143 Dei,
1756 4095 1829 4135 ne

192 4134 432 4238 pcidatis
460 4140 709 4238 glori-am
740 4156 1013 4208 vestram.
1063 4154 1218 4211 Scito
1250 4134 1401 4215 -ante
1432 4164 1632 4219 omnia
1671 4134 1825 4238 quod

191 4221 237 4312 si
262 4221 436 4284 fueris
464 4228 525 4286 in
558 4232 760 4306 Alpbu,
816 4238 969 4297 Deus
1013 4247 1337 4303 consentiet
1364 4250 1491 4307 tibi.
1545 4221 1825 4312 Cum‘au;

190 4309 296 4418 gem
324 4313 437 4373 Deo
464 4327 854 4397 consenseris,
893 4330 951 4385 in
983 4349 1098 4405 quo
1129 4350 1340 4394 cursus
1374 4344 1514 4398 tuus
1540 4348 1648 4408 est,
1682 4362 1827 4418 gau-

192 4396 311 4457 dere
329 4420 440 4501 non
472 4412 692 4481 poteris
720 4414 779 4470 in
824 4421 1050 4478 omnire
1105 4441 1322 4483 vanas:
1357 4431 1529 4501 cujus
1549 4434 1596 4489 si
1620 4396 1823 4492 cuiam

190 4493 446 4590 gesseris,
478 4502 793 4571 prudentia
820 4512 923 4565 tua
949 4517 1207 4570 vertetur
1245 4517 1304 4572 in
1345 4493 1680 4579 stultitiam.
1715 4526 1821 4590 Qui

1977 584 2251 655 operibus
2285 601 2568 641 manuum
2617 603 2880 642 suarum.
2914 589 3144 648 Dictum
3195 597 3285 649 est
3331 598 3390 651 et
3446 596 3625 654 aliis:

1974 674 2207 743 Qualem
2232 676 2460 731 domum
2488 677 2829 748 wzli/icabitis
2867 681 3007 735 mihi
3046 682 3172 753 (Isa.
3208 701 3354 741 LXVI.
3391 685 3446 754 l)
3475 686 3504 740 Ἰ
3526 686 3626 760 qui

1975 764 2365 838 quadraginta
2421 766 2592 823 annis
2650 769 2964 826 audierunt
3019 788 3349 830 sermonem
3400 776 3522 839 Dei.
3573 781 3632 834 et

1975 870 2089 909 non
2147 855 2197 909 ei
2256 854 2597 912 obtulerunt
2651 858 2940 929 victimas,
3002 878 3107 917 nec
3160 863 3332 920 annis
3389 870 3628 935 septua-

1974 942 2138 1015 ginta
2205 946 2624 1016 jejunaverunt
2676 947 2783 1003 illi.
2842 950 2953 1005 Cor
3008 950 3164 1006 enim
3225 969 3428 1009 eorum
3506 961 3630 1011 erat

1973 1034 2107 1103 post
2138 1032 2312 1099 idola,
2347 1051 2453 1089 nec
2483 1035 2793 1093 voluerunt
2834 1038 2948 1095 Deo
2981 1057 3186 1097 vacare
3217 1041 3430 1098 dicenti
3464 1060 3476 1098 :
3511 1044 3622 1100 Va—

1970 1129 2089 1176 cate
2117 1130 2169 1178 et
2216 1123 2389 1179 videte
2441 1128 2701 1196 quoniam
2755 1143 2850 1198 ego
2891 1145 3010 1185 sum
3069 1132 3206 1186 Deus
3265 1133 3434 1205 (Psal.
3477 1143 3625 1201 στιν,

1973 1210 2082 1281 lt).
2117 1216 2174 1267 et
2205 1229 2391 1285 usque
2422 1215 2492 1270 ad
2525 1214 2674 1271 hanc
2704 1217 2859 1272 diem
2889 1235 3004 1274 non
3032 1225 3243 1276 vacant
3271 1220 3386 1278 Deo
3414 1222 3424 1275 l
3475 1223 3623 1278 Dici-

1970 1304 2069 1355 tur
2092 1301 2221 1369 tibi,
2259 1302 2453 1360 homo.
2491 1305 2668 1373 Quare
2696 1306 2930 1378 diligitis
2990 1312 3292 1366 vanitatem
3321 1311 3498 1383 (Psal.
3552 1330 3626 1378 ιν,

1970 1389 2077 1461 3)?
2106 1392 2190 1446 An
2223 1408 2321 1448 cor
2350 1398 2609 1449 vestrum
2643 1402 3023 1470 aggravatum
3082 1399 3219 1454 est?
3252 1400 3390 1456 Cain
3424 1410 3627 1474 opera-

1973 1479 2145 1535 batur
2173 1485 2410 1548 terram,
2447 1487 2509 1537 ut
2539 1484 2769 1539 oll‘erret
2799 1484 3069 1541 victimas
3100 1485 3236 1552 Deo,
3270 1490 3327 1542 et
3365 1488 3630 1544 condidit

1971 1568 2301 1639 civitatem;
2343 1571 2442 1626 sed
2497 1589 2611 1627 non
2653 1573 2822 1644 juxta
2871 1574 3198 1644 scientiam,
3249 1592 3377 1648 quae
3440 1577 3630 1649 placet

1971 1658 2108 1727 Deo,
2145 1659 2276 1714 fecit
2308 1660 2676 1719 haec'omnia.
2715 1662 2829 1719 Noe
2860 1668 2917 1718 et
2937 1664 3132 1720 omnis
3162 1665 3376 1721 domus
3407 1667 3534 1737 ejus
3564 1668 3623 1722 in

1971 1764 2104 1803 arca
2122 1750 2190 1805 de
2216 1750 2420 1805 mundi
2443 1756 2532 1807 est
2553 1756 2781 1808 servata
2802 1754 3126 1827 naufragio.
3148 1754 3447 1811 Abraham
3469 1756 3628 1813 dives

1970 1838 2082 1893 fuit
2115 1856 2126 1894 :
2163 1843 2325 1895 Isaac
2357 1839 2593 1913 reliquit
2634 1842 3098 1900 benedictionem
3129 1843 3331 1901 Jacob.
3376 1845 3624 1919 Ipseque

1970 1926 2147 1983 Jacob
2208 1928 2494 1985 intellexit
2540 1948 2717 2002 quem
2765 1949 2961 1989 amare
2992 1933 3247 2001 deberet,
3280 1938 3337 1991 et
3394 1935 3631 1991 benedi-

1971 2016 2219 2073 ctionem
2245 2018 2374 2088 ejus
2394 2018 2540 2092 legis
2563 2020 2750 2077 instar
2769 2020 3121 2079 habuerunt.
3145 2023 3365 2097 Joseph
3393 2025 3629 2097 adjutor

1970 2106 2082 2161 fuit
2111 2108 2341 2180 generis
2373 2109 2486 2176 sui,
2520 2110 2660 2182 quia
2691 2115 2990 2184 peccatum
3023 2112 3193 2186 fugit,
3217 2118 3275 2169 et
3303 2114 3627 2171 detestatus

1970 2199 2059 2251 est
2070 2195 2425 2270 voluptatem
2436 2198 2709 2267 ,ostendit
2722 2217 2835 2272 que
2846 2202 3098 2273 posteris
3112 2203 3267 2275 quod
3283 2201 3627 2261 visitaturus

1972 2300 2071 2351 eos
2101 2291 2256 2343 esset
2284 2287 2461 2355 Deus,
2493 2295 2550 2344 et
2578 2291 2808 2362 aperuit
2835 2291 3115 2363 mysteria
3144 2291 3626 2360 futurorum,me-

1971 2374 2219 2431 moriam
2242 2376 2580 2450 relinquens
2612 2379 2912 2451 sapientiae
2942 2396 3080 2435 suae.
3129 2380 3392 2437 Surrexit
3422 2385 3626 2455 postea

1971 2464 2221 2538 Moyses,
2254 2466 2355 2538 qui
2409 2466 2609 2523 saeculi
2663 2466 2801 2523 vicit
2846 2467 3169 2537 illecebras,
3227 2470 3460 2526 divitias
3518 2487 3623 2542 pro

1969 2553 2154 2610 nihilo
2185 2555 2816 2630 habuit,£gyptiorum
2848 2558 3198 2631 sapientiam
3221 2560 3466 2617 stultam
3492 2576 3622 2617 esse

1971 2644 2336 2701 monstravit.
2400 2647 2620 2704 Idcirco
2672 2646 2847 2705 Jeeus
2904 2648 3283 2706 ministrabat
3358 2650 3433 2716 ei,
3518 2649 3621 2722 qui

1971 2733 2256 2790 intellexit
2284 2735 2612 2793 doctrinam
2642 2753 2866 2805 eorum,
2912 2743 2972 2795 et
3000 2738 3207 2795 habuit
3259 2739 3485 2797 socium
3516 2739 3619 2795 Ca-

1971 2821 2084 2879 leb.
2145 2825 2424 2883 Homines
2481 2826 2647 2883 stulti
2700 2844 2815 2883 non
2873 2827 3285 2885 intellexerunt
3359 2829 3502 2896 haec,
3564 2832 3621 2885 et

1971 2912 2185 2969 idcirco
2217 2913 2413 2970 lumen
2448 2915 2719 2972 tenebras
2770 2933 2899 2973 esse
2957 2917 3249 2974 dixerunt.
3308 2917 3464 2974 Deus
3521 2918 3619 2974 de—

1969 3002 2056 3057 dit
2099 3004 2553 3075 justiticationes
2632 3023 2795 3074 suas,
2852 3010 2918 3062 ut
2967 3006 3296 3064 ambularet
3363 3008 3619 3081 populus

1968 3090 2027 3147 in
2112 3093 2219 3161 eis,
2294 3099 2351 3149 et
2425 3093 2485 3149 in
2568 3095 2659 3150 his
2735 3096 3012 3152 omnibus
3089 3113 3205 3152 non
3272 3097 3619 3154 invenerunt

1967 3199 2063 3237 cor
2094 3200 2290 3248 suum,
2324 3200 2429 3240 nec
2462 3184 2786 3241 conversati
2811 3189 2951 3241 sunt
2982 3185 3063 3254 in,
3114 3186 3411 3243 mandatis
3469 3188 3568 3243 Dei
3599 3213 3614 3255 ;

1875 3241 1918 3308 (ἶ
1956 3273 2055 3328 sed
2115 3273 2398 3328 vacabant
2455 3272 2761 3329 desideriis
2821 3274 2969 3341 suis,
3030 3278 3087 3331 et
3164 3291 3277 3331 non
3335 3275 3612 3349 cperibus

1951 3361 2072 3417 Dei.
2107 3362 2150 3417 O
2182 3361 2357 3418 homo
2387 3360 2399 3417 Ξ
2444 3379 2754 3436 usquequo
2786 3380 2901 3420 non
2931 3363 3101 3421 audis
3133 3364 3424 3421 dicentem
3457 3365 3560 3421 tibi
3593 3381 3607 3420 :

1959 3453 2168 3517 Vacate,
2197 3461 2248 3507 et
2273 3452 2450 3509 videte
2478 3454 2612 3525 quia
2641 3469 2738 3523 ego
2765 3470 2888 3509 sum
2934 3456 3076 3510 Deus
3100 3472 3119 3509 :
3152 3454 3251 3510 sed
3286 3456 3609 3528 unusquis-

1950 3558 2065 3613 que
2092 3541 2360 3614 sequitur
2388 3542 2772 3614 cogitationes
2803 3543 3013 3599 animse
3044 3560 3163 3600 suae
3183 3542 3211 3598 ‘I
3264 3543 3414 3599 Num
3477 3544 3609 3602 visi-

1948 3632 2117 3687 tastis
2149 3632 2438 3699 inﬁrmos,
2470 3650 2650 3705 quare
2682 3633 3064 3689 moriemini?
3099 3650 3203 3689 cur
3231 3634 3304 3689 ad
3327 3632 3603 3707 laqueum

1947 3721 2181 3776 curritis
2199 3721 2227 3777 ?
2256 3721 2385 3777 Haec
2412 3727 2553 3779 sunt
2580 3723 2736 3777 enim
2768 3726 3059 3795 praecepta
3084 3721 3306 3790 vitalia,
3343 3740 3474 3796 quae
3505 3740 3597 3779 ac-

1945 3815 2224 3881 ceperunt
2252 3811 2460 3881 sancti,
2486 3816 2550 3867 ut
2572 3816 2945 3868 versarentur
2964 3811 3024 3867 in
3045 3810 3151 3878 eis,
3175 3815 3241 3867 ut
3270 3811 3416 3868 nihil
3442 3812 3601 3869 aliud

1942 3900 2283 3971 cogitarent,
2318 3905 2385 3956 ut
2415 3901 2670 3957 facerent
2716 3918 2892 3973 opera
2920 3901 3100 3974 digna
3128 3899 3594 3957 immortalitate.

1940 3988 2212 4045 Volatilia
2242 3987 2369 4045 cceli
2403 4006 2519 4045 non
2551 3990 2848 4046 seminant
2904 4006 3009 4045 nec
3039 3992 3289 4057 metunt,
3323 3994 3382 4045 et
3444 3995 3609 4048 Deus.

1940 4078 2100 4133 dedit
2129 4079 2237 4145 eis,
2269 4082 2333 4133 ut
2370 4084 2641 4150 raperent
2689 4080 2790 4137 88
2822 4097 2891 4136 ex
2939 4078 3227 4136 universis
3283 4078 3595 4149 fructibus,

1938 4173 1993 4223 et
2023 4169 2279 4239 gratuito
2328 4167 2823 4225 viverent-Homo
2879 4169 3125 4241 iniquus
3182 4173 3241 4225 et
3294 4171 3593 4241 pessimus

1939 4258 2037 4329 qui
2069 4275 2162 4313 res
2193 4256 2415 4313 alienas
2446 4258 3028 4326 desiderat,imitator
3068 4262 3158 4314 est
3184 4258 3379 4315 avium
3414 4261 3599 4332 pessi-

1939 4364 2170 4403 morum
2203 4362 2217 4401 :
2252 4348 2404 4419 rapit
2429 4352 2485 4404 et
2517 4348 2769 4404 comedit
2799 4364 2911 4405 non
2963 4366 3090 4405 sua.
3142 4348 3258 4405 Hos
3286 4349 3470 4406 vitare
3499 4350 3594 4406 de-

1938 4437 2165 4504 bemus,
2198 4441 2253 4493 et
2282 4436 2607 4509 intelligere
2637 4436 2967 4510 parabolas,
3001 4441 3058 4493 et
3086 4454 3203 4492 non
3235 4453 3365 4495 esse
3399 4444 3589 4511 rapto-

1936 4543 2027 4581 res
2060 4531 2116 4582 et
2144 4526 2381 4599 iniqui;
2442 4527 2544 4583 sed
2597 4527 2813 4582 imitari
2871 4528 3122 4596 majores
3179 4532 3433 4594 nostros,
3490 4537 3592 4601 qui

285 4579 295 4590 ο
1478 4575 1487 4577 ⁷
1550 4575 1680 4579 ⁷“⁷““““
1723 4575 1821 4590 ν““’
1936 4575 2025 4581 ““’”
2062 4575 2115 4582 ⁷⁷
2147 4575 2226 4583 ”’“’
2278 4575 2331 4583 *⁵
2367 4575 2381 4595 Ὶ
2442 4575 2544 4583 “*’”
2597 4575 2813 4582 ”“”“’“”““
2875 4575 3120 4596 ’“’““υ”*”
3179 4575 3433 4594 ”*”’““’“Ἷ
3492 4575 3590 4601 ’1-⁸

190 4575 370 4689 ξδτίυε
396 4592 508 4689 ξεῖν
537 4590 771 4689 ebrium
809 4614 923 4655 non
956 4606 1147 4673 potest
1176 4606 1471 4678 adjuvare.
1509 4613 1614 4677 Qui
1647 4620 1823 4685 errat,
1860 4619 1902 4684 ι)
1936 4575 2282 4688 ριαουθιιυῐῖι
2316 4617 2576 4684 Domino,
2608 4621 2666 4673 et
2722 4617 3168 4688 increpaverunt
3207 4616 3417 4683 Adam,
3449 4618 3590 4689 quia

187 4672 459 4771 quomodo
490 4681 708 4771 erranti
749 4672 1098 4748 monstrabit
1141 4672 1291 4751 viam
1336 4697 1363 4752 ?
1422 4672 1546 4771 qui-
1580 4672 1825 4761 voluerit

186 4750 403 4850 ductore
432 4781 499 4822 eo
531 4769 636 4837 uti,
668 4789 752 4830 ve
784 4774 888 4834 illi.
941 4779 1137 4838 Caecus
1168 4784 1323 4842 enim
1375 4750 1592 4846 cze‘cum
1650 4793 1823 4850 ducet

185 4845 238 4945 in
260 4845 499 4945 .t‘oveam.
533 4857 834 4933 Sapientia
862 4870 1018 4940 apud
1065 4879 1300 4931 sanctos
1356 4882 1463 4945 est,
1498 4884 1556 4935 et
1582 4845 1589 4846 γ
1612 4845 1684 4937 in—

297 4939 562 5046 voluntas
587 4932 917 5046 reperitur;
945 4975 1063 5017 non
1088 4962 1146 5017 in
1173 4963 1267 5021 his
1288 4932 1821 5046 quibus‘repugn-at

183 5017 338 5133 Pius,
369 5035 425 5087 et
454 5038 555 5107 qui
585 5017 789 5133 dicunt
819 5063 833 5102 :
865 5046 1021 5105 Deus
1074 5053 1133 5107 in
1175 5017 1506 5114 nobis-est.

184 5123 364 5222 eorum
395 5131 762 5188 convertatur
789 5134 849 5191 in
907 5137 1153 5197 luctum.
1187 5142 1313 5200 Non
1342 5146 1499 5203 enim
1528 5123 1815 5222 cognove-

183 5209 304 5260 runt
327 5216 664 5283 mysterium
691 5224 787 5279 Dei
813 5242 827 5281 :
863 5244 1051 5301 neque
1077 5231 1425 5293 invenerunt
1446 5209 1818 5298 viamuservo-

185 5302 383 5395 :ummt
402 5312 717 5395 operentur
736 5313 792 5368 in
818 5331 904 5371 ea.
931 5317 1228 5393 Flagellati
1249 5329 1595 5395 sunt,ctnon
1617 5330 1814 5389 dolue-

184 5384 342 5482 runt“:
365 5388 587 5482 seducti
620 5405 783 5467 sunt,
804 5408 862 5459 et
889 5422 1007 5463 non
1033 5384 1465 5470 intellexerunt.
1501 5416 1561 5471 In
1594 5384 1812 5477 Siﬁhis

184 5472 511 5581 emnibus,_o
541 5481 714 5543 homo
745 5488 867 5564 Dei,
893 5503 1179 5555 revertere
1201 5499 1258 5556 in
1290 5504 1585 5561 excelsum
1614 5532 1627 5576 ;
1653 5511 1807 5581 quod

183 5560 256 5662 est
279 5560 876 5662 scientiagsapientite.
916 5586 1212 5661 Scriptum
1258 5597 1368 5662 est,
1418 5597 1537 5652 Non
1606 5560 1806 5657 coimu-

179 5659 325 5714 Ρυεεδ
352 5659 549 5728 (Exod.
581 5681 677 5742 xx,
712 5669 823 5745 l7),
856 5678 913 5733 et
969 5659 1227 5751 rursum,
1259 5659 1384 5741 Non
1416 5684 1802 5749 inebriaberis

1935 4707 2188 4762 comedit
2230 4707 2301 4762 ad
2362 4706 2801 4780 persuasionem
2863 4705 3005 4760 Evas.
3068 4704 3215 4772 Quia
3269 4711 3586 4776 antequam

1932 4797 2280 4863 comederet,
2301 4797 2543 4853 nomina
2563 4800 2788 4853 cunctis
2821 4796 2996 4852 rebus
3027 4793 3400 4866 imposuit,et
3431 4813 3588 4853 nunc

1932 4900 2164 4956 quoque
2196 4885 2319 4940 suis
2350 4883 2647 4940 vocabulis
2670 4882 3017 4956 apellantur.
3042 4886 3360 4954 Postquam
3386 4889 3586 4941 autem

1930 4974 2207 5042 comedit,
2241 4976 2461 5047 ejectus
2489 4979 2579 5030 est
2607 4974 2677 5031 de
2734 4972 3027 5046 paradiso,
3059 4976 3116 5029 et
3162 4977 3439 5042 Operatus
3495 4979 3586 5030 cst

1926 5067 2165 5130 terram,
2197 5064 2517 5137 gemuitque
2549 5064 2689 5119 Cain
2712 5069 2771 5120 et
2816 5061 2979 5132 Abel,
3034 5078 3135 5135 qui
3166 5068 3493 5131 creverunt,
3527 5069 3583 5120 et

1927 5152 2145 5224 cperati
2180 5153 2512 5224 suntjuxta
2548 5153 2909 5210 voluntatem
2968 5167 3158 5207 suam.
3224 5150 3384 5222 Opus
3445 5153 3579 5209 Abel

1926 5241 2145 5313 placuit
2174 5247 2286 5298 Deo
2321 5243 2508 5315 magis
2540 5260 2719 5315 quam
2750 5242 2911 5310 Cain,
2944 5241 3085 5314 quia
3112 5257 3243 5313 quas
3273 5248 3439 5296 erant
3469 5242 3581 5299 ele-

1924 5336 2016 5387 cta
2045 5336 2101 5387 et
2132 5332 2410 5404 primaria
2440 5332 2717 5389 offerebat
2747 5332 2862 5387 Deo
2888 5351 2900 5398 ;
2934 5349 2965 5387 e
2995 5331 3287 5386 contrario
3332 5330 3492 5400 Cain,
3528 5334 3577 5389 si

1922 5421 2060 5494 quid
2096 5422 2353 5477 deterius
2387 5421 2513 5487 fuit,
2547 5421 2656 5477 hoc
2687 5420 2901 5477 obtulit
2933 5421 3049 5477 Deo
3086 5437 3099 5475 :
3157 5417 3256 5492 qui
3291 5419 3348 5475 in
3381 5436 3572 5477 exem-

1922 5510 2082 5584 plum
2118 5510 2358 5567 humani
2390 5510 2621 5581 generis
2653 5516 3091 5583 praecesserunt.
3139 5508 3355 5566 Omnes
3414 5513 3569 5568 enim

1918 5600 2019 5673 qui
2045 5600 2228 5657 electa
2257 5601 2508 5658 offerunt
2541 5606 2677 5670 Deo,
2699 5600 2925 5657 similes
2958 5603 3099 5655 sunt
3128 5597 3272 5655 Abel
3301 5617 3314 5666 ;
3349 5602 3448 5672 qui
3478 5602 3569 5658 de-

1918 5691 2152 5762 teriora,
2187 5691 2325 5749 Cain
2358 5690 2633 5766 operibus
2682 5694 3139 5766 comparantur:
3174 5691 3230 5743 et
3277 5690 3407 5763 ejus
3465 5695 3562 5771 qui
