3970 6420
309 349 405 420 ’δ’
1558 356 1626 427 8.
1669 354 1983 428 EUSEBH
2029 352 2483 424 HIERONYMI
3645 347 3688 418 ο

310 489 496 549 irrisit
526 494 754 566 patrem
785 504 983 563 suum,
1015 497 1073 551 et
1119 496 1445 553 nuditatem
1499 498 1628 569 ejus
1684 498 1964 551 fratribus
1993 497 2047 561 Α
2076 511 2261 550 omnes
2292 494 2535 549 homines
2576 492 2692 548 vult
2729 492 2958 559 salvari,
2991 494 3043 548 et
3087 487 3275 548 venire
3316 486 3393 548 ad
3434 489 3731 550 scientiam

309 581 642 651 nuntiavit;
675 588 730 639 et
760 581 925 640 illius
955 582 1054 657 qui
1086 585 1391 641 mdiﬁcavit
1423 588 1630 641 turrim
1664 587 1722 641 in
1756 602 1962 657 campo

309 671 590 740 Sennaar,
620 672 841 729 oblitus
874 673 1337 730 misericordiam
1371 675 1492 739 Dei,
1538 693 1569 729 a
1592 692 1706 746 quo
1740 677 1795 729 in
1830 692 1965 731 arca

309 765 572 816 servatus
603 748 711 830 est,
744 766 800 815 et
833 761 1118 819 liberatus
1152 780 1186 817 a
1216 763 1451 831 diluvio,
1491 769 1547 819 et
1578 781 1610 819 a
1641 782 1755 835 quo
1788 765 1961 819 bene-

309 848 449 904 dicti
482 852 621 904 sunt
650 854 846 922 patres
877 850 1024 920 ejus.
1069 852 1175 915 Qui
1209 852 1400 907 furore
1460 852 1713 923 quodam
1775 854 1964 908 socios

309 935 715 1007 hortabantur,
779 940 1075 995 dicentes:
1110 939 1332 1007 Venite,
1386 940 1654 996 dolemus
1714 941 1960 1013 lapides,

307 1041 375 1079 ac
404 1026 702 1081 cedamus
723 1043 1056 1099 sycomoros
1084 1033 1141 1083 et
1160 1031 1388 1093 cedros,
1406 1035 1461 1085 et
1486 1031 1770 1085 faciamus
1794 1032 1963 1086 nobis

307 1113 519 1169 turrim
535 1132 651 1169 non
669 1116 1105 1173 considerantes
1122 1117 1398 1173 ultionem
1418 1120 1596 1173 turris
1610 1120 1961 1187 Chalannae‘,

307 1203 602 1274 quomodo
639 1205 786 1258 Deus
830 1204 1090 1260 diviserit
1120 1205 1352 1277 linguas
1383 1224 1608 1275 eorum,
1642 1208 1960 1263 volentium

305 1290 592 1347 aadiﬁcare
623 1292 830 1347 turrim
864 1294 1145 1365 superbia:
1169 1295 1240 1348 ad
1268 1294 1477 1350 cmlum
1512 1313 1700 1366 usque
1728 1296 1964 1350 tenden-

304 1383 445 1446 tem,
480 1384 537 1435 et
565 1380 918 1436 Orientalem
951 1381 1183 1454 plagam
1244 1383 1711 1455 relinquentium
1750 1402 1762 1451 ;
1824 1384 1963 1455 quia

301 1467 465 1523 obliti
496 1473 634 1524 sunt
662 1468 848 1541 legem
881 1470 1003 1535 Dei,
1038 1488 1213 1541 quam
1256 1472 1315 1526 in
1348 1474 1521 1527 corde
1552 1478 1959 1544 susceperunt.

300 1555 466 1612 Nunc
488 1555 921 1629 igiturprovide
934 1563 991 1613 et
1010 1558 1269 1631 intellige
1285 1560 1565 1616 ultionem
1582 1562 1764 1616 turris
1783 1580 1794 1629 ;
1813 1579 1958 1633 quae.

300 1644 571 1716 quamvis
600 1645 831 1701 excelsa
873 1648 967 1715 sit,
1027 1648 1096 1702 ad
1156 1648 1366 1703 cmlum
1425 1667 1612 1721 usque
1663 1651 1963 1722 pervenire

304 1748 417 1787 non
449 1737 676 1804 poterat
708 1750 722 1788 :
754 1737 812 1789 et
839 1733 987 1806 lapis
1017 1752 1195 1807 super
1228 1735 1480 1809 lapidem
1516 1755 1629 1793 non
1671 1739 1961 1810 relinque-

302 1825 402 1876 tur
427 1820 489 1876 in
520 1821 829 1893 templo,in
855 1839 971 1895 quo
991 1829 1191 1881 contra
1216 1826 1510 1882 Christum
1534 1828 1959 1884 Pharisaeorum

300 1912 391 1964 est
410 1914 765 1982 congregata
784 1911 1076 1983 impietas.
1097 1914 1392 1986 Scriptum
1417 1921 1505 1971 est
1530 1933 1542 1972 :
1577 1918 1694 1971 Non
1713 1919 1963 1988 pertrans

301 1999 407 2054 ibit
429 2002 707 2070 generatio
736 2016 930 2056 eorum
956 2002 1128 2058 donec
1157 2002 1275 2061 hac
1304 2006 1325 2038 ²
1367 2007 1554 2061 omnia
1609 2008 1747 2077 ﬁant
1804 2008 1960 2079 (Luc.

302 2103 416 2154 XXI,
447 2089 560 2160 32).
594 2088 758 2144 Nunc
788 2094 1023 2163 tempus
1052 2097 1160 2159 est,
1195 2098 1259 2149 ut
1317 2110 1629 2167 operemur
1690 2096 1952 2165 Domino,

301 2175 442 2249 quia
458 2176 620 2233 salus
638 2183 842 2256 postra
882 2179 940 2234 in
964 2184 1220 2250 tempore
1243 2187 1334 2238 est
1376 2183 1733 2255 angustiaa,si
1761 2189 1960 2256 potue-

301 2265 489 2321 rimus
535 2249 666 2337 ejug
720 2267 946 2324 calcare
994 2269 1259 2342 vestigia,
1319 2276 1376 2326 et
1432 2272 1622 2327 dicere
1670 2289 1949 2343 semper:

301 2355 693 2427 Magniﬁcetur
746 2358 1013 2413 Dominus
1078 2363 1176 2430 qui
1229 2362 1475 2430 diligunt
1549 2362 1962 2430 salutare,eius

300 2444 474 2513 (Psal.
508 2448 694 2512 XXXIX,
726 2446 837 2517 l7).
874 2447 943 2502 Et
1000 2448 1211 2503 iterum
1268 2467 1282 2502 :
1319 2450 1428 2517 Ego
1483 2459 1664 2505 autem
1734 2453 1960 2523 sperabo

298 2534 357 2586 in
388 2535 883 2605 tesemper(Psal.
921 2553 1044 2600 nu,
1104 2537 1217 2605 14).
1269 2538 1395 2593 Non
1454 2539 1611 2594 enim
1668 2543 1756 2595 est
1812 2541 1958 2595 ﬁdes

306 2636 433 2692 qua:
464 2624 697 2677 tantum
753 2623 854 2679 89
908 2628 1170 2697 tempore
1202 2626 1402 2697 gaudii
1432 2631 1539 2691 est,
1573 2632 1629 2682 et
1673 2629 1870 2684 deﬁcit
1900 2629 1958 2684 in

301 2712 562 2782 tempore
590 2710 1010 2769 tribulationis.
1051 2718 1344 2786 Scriptum
1399 2720 1488 2771 est
1543 2734 1555 2771 :
1616 2719 1750 2786 Quae
1802 2734 1955 2789 egre-

299 2797 527 2855 dientur
553 2816 623 2856 ea:
651 2816 743 2856 ore
781 2809 893 2870 tuo,
954 2803 1175 2859 observa
1231 2813 1292 2860 ut
1343 2808 1520 2876 facias
1554 2808 1733 2878 (Deut.
1794 2825 1955 2875 XXIII,

297 2888 411 2959 23).
449 2889 513 2943 Et
543 2906 751 2946 rursus
783 2908 795 2947 :
827 2890 887 2945 Si
916 2894 1123 2947 voveris
1153 2894 1401 2961 Domino,
1437 2911 1511 2949 ne
1567 2898 1798 2951 moreris
1835 2896 1956 2952 red-

298 2976 464 3033 dere:
496 2994 565 3034 ne
584 2980 727 3050 forte
784 2984 1031 3051 requirat
1072 2983 1335 3038 Dominus
1363 3000 1395 3039 a
1428 2992 1495 3047 te,
1526 2987 1575 3039 et
1604 2987 1677 3040 sit
1723 2986 1826 3040 tibi
1885 2987 1946 3040 in

298 3070 595 3137 peccatum.
654 3069 840 3133 Quare
872 3069 920 3125 si
954 3069 1169 3126 dixeris
1201 3088 1214 3126 :
1248 3073 1354 3143 Ego
1404 3077 1584 3129 autem
1612 3075 1835 3145 sperabo
1892 3076 1953 3129 in

306 3161 357 3211 te
379 3169 595 3229 semper
612 3174 633 3219 ,·
662 3162 720 3212 et
772 3158 832 3213 in
865 3157 973 3213 hoc
1003 3159 1406 3231 spoponderis,
1439 3161 1615 3233 imple
1645 3179 1855 3234 oppere
1887 3167 1952 3218 ut

307 3244 367 3300 in
391 3245 771 3303 tribulatione
792 3264 1026 3320 quoque
1046 3249 1296 3305 salutem
1321 3250 1598 3307 merearis
1621 3268 1655 3306 a
1688 3251 1955 3319 Domino,
1991 3235 2033 3302 C

301 3335 630 3392 Recordare
661 3337 816 3408 quod
849 3337 1138 3409 scriptum
1166 3342 1255 3394 est
1314 3356 1327 3393 :
1385 3340 1462 3395 Ne
1492 3340 1712 3410 deﬁcias
1770 3343 1820 3396 et
1863 3357 1963 3396 cu-

296 3422 440 3479 stodi
467 3425 766 3480 consilium
793 3442 975 3481 meum
998 3435 1051 3482 et
1078 3429 1463 3497 cognitionem,
1499 3437 1558 3485 ut
1584 3432 1729 3485 vivat
1770 3432 1965 3486 anima

296 3515 398 3567 tua
429 3514 611 3584 (Prov.
647 3530 737 3583 III,
764 3514 875 3587 24).
942 3515 1050 3579 Qui
1086 3516 1242 3572 enim
1297 3517 1555 3573 custodit
1610 3518 1958 3575 mandatum

308 3600 481 3674 legis,
517 3604 709 3659 serVat
737 3603 994 3660 animam
1026 3621 1217 3661 suam.
1249 3606 1545 3679 Scriptum
1571 3611 1661 3663 est
1692 3624 1705 3663 :
1740 3608 1964 3691 Operui‘

300 3706 398 3746 nos
433 3692 633 3747 umbra
658 3695 868 3757 mortis,
900 3697 951 3749 et
980 3710 1091 3750 non
1118 3710 1307 3750 sumus
1356 3695 1514 3751 obliti
1567 3698 1814 3752 nominis
1867 3699 1964 3773 De,-

296 3781 490 3836 nostri.
522 3780 585 3837 Si
608 3783 974 3854 expandimus
1018 3801 1215 3839 manus
1260 3789 1477 3841 nostras
1505 3786 1577 3841 ad
1622 3787 1796 3843 Deum
1820 3788 1959 3844 atie-

296 3886 433 3926 num
462 3870 634 3943 (Psal.
668 3888 830 3941 XLIII,
853 3874 925 3928 20
952 3873 1067 3944 21).
1097 3874 1169 3929 Et
1184 3872 1455 3930 ittsrrum
1488 3891 1502 3930 :
1539 3876 1968 3947 Occupaverunt

296 3975 382 4015 me
415 3960 601 4034 laquei
624 3964 839 4032 mmtis,
895 3963 1149 4034 pericula
1204 3964 1417 4035 inferni
1473 3966 1805 4021 invenerunt
1852 3983 1959 4023 me.

299 4049 729 4106 Tribulationem
757 4054 810 4107 et
834 4050 1076 4108 dolorem
1104 4053 1310 4109 inveni.
1342 4055 1407 4109 In
1435 4055 1689 4111 omnibus
1721 4054 1807 4111 his
1850 4073 1962 4113 non

295 4145 376 4193 est
397 4152 716 4193 conversum
770 4144 1070 4197 retrorsum
1108 4157 1201 4197 cor
1257 4147 1529 4209 nostrum,
1609 4145 1705 4200 sed
1762 4161 1963 4202 nomen

300 4225 523 4282 Domini
578 4228 827 4285 invocavi
883 4229 1053 4301 (Psal.
1106 4247 1246 4299 xvn,
1294 4231 1330 4287 5
1374 4232 1451 4302 7).
1503 4232 1655 4288 Dicit
1704 4237 1763 4290 et
1809 4233 1960 4292 alius

300 4314 546 4371 credens
575 4317 749 4373 corde
777 4317 1121 4374 ﬁrmissimo
1146 4336 1160 4375 :
1188 4321 1306 4375 Non
1336 4321 1535 4377 timebo
1566 4323 1749 4378 millia
1766 4325 1961 4396 populi

295 4404 701 4485 circumdantis
730 4423 817 4462 me
862 4408 1034 4476 (Psal.
1070 4425 1156 4475 III,
1203 4410 1283 4480 7.)
1333 4410 1401 4464 Et
1451 4409 1559 4465 hoc
1607 4411 1769 4479 dicit,
1820 4413 1961 4485 quia

301 4480 479 4549 habet
536 4493 813 4551 ﬁduciam
863 4496 922 4551 in
950 4496 1083 4552 Deo.
1139 4496 1267 4567 Fili,
1303 4515 1373 4553 nc
1431 4500 1692 4566 deﬁcias,
1739 4480 1959 4558 suscita

2076 585 2319 639 veritatis
2351 584 2397 655 (l
2431 585 2561 638 Tim.
2615 600 2675 651 II,
2725 582 2798 653 4).
2844 580 2901 637 Si
2962 579 3174 636 audisti
3228 596 3425 636 vocem
3471 579 3573 639 Dei
3636 581 3725 658 lo-

2077 673 2333 743 quentis,
2367 672 2567 726 Caelum
2601 675 2652 726 et
2689 674 2896 725 terram
2937 687 3032 739 ego
3064 672 3261 741 impleo
3290 672 3506 738 (Jerem.
3559 687 3728 741 XXIII,

2072 760 2186 830 24),
2221 778 2333 814 non
2390 760 2646 827 timebis,
2704 760 2803 813 sed
2860 759 3054 814 dices:
3116 760 3377 814 Dominus
3422 765 3607 816 noster
3664 762 3729 816 in

2071 851 2203 904 caelo
2224 866 2439 905 sursum
2460 850 2657 918 (Iosue,
2681 866 2743 917 II,
2768 850 2876 917 11),
2904 853 2959 902 et
2980 865 3159 919 super
3178 854 3393 904 terram
3416 849 3723 920 deorsum,

2073 955 2145 994 ne
2205 939 2410 992 audias
2447 954 2460 992 :
2493 938 2715 993 Modica:
2772 938 2920 1008 ﬁdei,
2954 954 3124 1008 quare
3181 938 3451 992 dubitasti
3504 938 3723 1006 (Matth.

2072 1044 2184 1093 xw,
2217 1029 2307 1097 21)
2340 1027 2369 1080 ?
2399 1032 2455 1082 et
2478 1031 2539 1081 tu
2572 1043 2807 1081 rursum
2841 1026 3219 1097 respondebis
3252 1044 3265 1082 :
3296 1028 3424 1082 Nisi
3451 1028 3729 1099 quia‘Do-

2072 1119 2255 1172 minus
2309 1125 2428 1172 erat
2485 1118 2544 1170 in
2573 1119 2747 1181 nobis,
2781 1133 2904 1169 cum
2932 1125 3318 1186 consurgerent
3361 1116 3606 1174 homines
3662 1118 3729 1173 in

2071 1223 2187 1271 nos,
2219 1208 2360 1276 forte
2390 1207 2535 1260 vivos
2587 1205 2947 1275 deglutissent
2999 1221 3095 1259 nos
3155 1204 3334 1275 (Psal.
3392 1222 3588 1273 cxxIII,
3640 1206 3725 1274 3).

2077 1297 2239 1366 Sazpe
2270 1295 2425 1350 enim
2459 1296 2529 1349 ab
2553 1294 2943 1349 adolescentia
2971 1298 3072 1348 tua
3094 1299 3500 1365 pugnaverunt
3520 1298 3731 1351 contra

2071 1390 2128 1440 te
2164 1402 2176 1439 :
2204 1388 2261 1439 et
2290 1388 2353 1439 tu
2386 1384 2627 1455 portasti
2653 1384 2865 1455 jugum
2916 1383 3113 1437 ﬁdei-a
3144 1383 3393 1455 pueritia
3450 1388 3569 1439 tua.
3605 1384 3729 1441 Nec

2072 1489 2415 1547 percussum
2501 1477 2590 1527 est
2663 1472 2904 1527 dorsum
2979 1475 3146 1527 tuum
3233 1473 3510 1529 oneribus
3552 1472 3730 1546 Egy-

2073 1561 2230 1635 ptiis,
2266 1577 2369 1617 nec
2401 1560 2727 1615 servierunt
2760 1577 2971 1615 manus
3001 1565 3115 1615 tua;
3147 1560 3204 1614 in
3235 1560 3523 1632 cophino;
3584 1561 3733 1633 quia

2072 1650 2583 1706 circumcisionem
2616 1647 2824 1703 amasti
2887 1647 3212 1720 spiritalem
3248 1664 3261 1703 :
3314 1665 3441 1721 quas
3474 1650 3734 1707 occasio-

2074 1756 2209 1795 nem
2270 1738 2431 1795 dedit
2485 1737 2663 1792 saluti
2693 1737 2903 1792 anima:
2943 1740 3076 1803 tuae,
3134 1737 3389 1793 Breviter
3446 1736 3726 1794 auditis:

2078 1828 2297 1901 grande
2330 1825 2653 1899 periculum
2685 1830 2775 1881 est
2803 1825 3081 1893 hominis,
3114 1825 3256 1881 dum
3318 1831 3580 1882 mustum
3613 1831 3731 1894 est,

2079 1935 2149 1973 ne
2180 1917 2467 1971 eﬁ'erveat.

2232 2022 2578 2077 EPISTOLA
2621 2020 2877 2076 PATRIS
2917 2020 3184 2077 NOSTRI
3224 2020 3565 2079 PACHOMII

2072 2113 2149 2167 Ad
2182 2112 2383 2184 Syrum
2418 2120 2629 2181 patrem
2684 2110 3303 2184 monasterii_Chnum,
3355 2120 3406 2165 et
3460 2113 3734 2170 Joannem

2280 2185 2637 2254 praepositum
2673 2182 2864 2238 domus
2895 2181 3135 2252 ejusdem
3166 2184 3512 2237 monasterii.

2064 2286 2069 2289 ‘
2144 2272 2235 2327 IV.
2270 2271 2679 2328 Transivimus
2710 2287 2812 2342 per
2851 2275 2927 2337 te,
2960 2275 3018 2325 et
3074 2287 3187 2326 non
3250 2270 3551 2341 potuimus
3611 2288 3735 2344 prae

2071 2361 2253 2417 nimia
2285 2360 2659 2416 festinatione
2693 2359 2956 2414 divinum
2989 2364 3181 2414 tecum
3216 2360 3479 2415 conferre
3508 2376 3737 2418 sermo-

2071 2467 2203 2509 nem
2239 2467 2252 2505 :
2288 2450 2416 2505 ideo
2459 2465 2615 2505 nunc
2675 2465 2777 2520 per
2834 2447 3141 2519 epistolam
3176 2447 3492 2521 loquimur.
3550 2453 3732 2507 Omnt

2068 2540 2278 2595 virtute
2310 2539 2616 2604 contende;
2654 2543 2717 2592 ut
2752 2536 3001 2608 impleas
3058 2538 3545 2594 consuetudinem
3600 2554 3732 2596 mo-

2070 2628 2334 2693 nasterii,
2366 2632 2422 2682 et
2453 2627 2633 2682 facias
2664 2643 2791 2698 quaa
2823 2631 3108 2698 praecepta
3151 2632 3291 2682 sunt
3325 2645 3339 2695 ;
3401 2644 3472 2684 ne
3530 2644 3732 2685 corre-

2070 2717 2253 2792 ptioni
2286 2716 2469 2772 futuri
2500 2716 2781 2787 temporis
2810 2716 3479 2788 praeparerisJ‘uerisque
3500 2717 3555 2772 in
3590 2734 3729 2790 pec-

2070 2812 2330 2864 catorum
2404 2803 2653 2860 vinculis
2711 2805 3212 2872 condemnandus,
3268 2810 3325 2861 et
3386 2806 3730 2865 offerendas

2072 2898 2183 2953 Deo
2216 2898 2450 2968 propter
2479 2894 2914 2966 negligentiam,
2940 2910 3053 2949 non
3087 2894 3278 2949 solum
3310 2899 3497 2961 tuam,
3531 2896 3632 2951 sed
3667 2900 3729 2953 et

2069 2985 2315 3041 fratrum
2349 2983 2449 3054 qui
2485 2988 2678 3038 tecum
2712 2987 2870 3049 sunt,
2902 2987 2958 3037 et
2987 2988 3375 3055 cooperantur
3402 2983 3507 3051 ibi,
3542 2984 3734 3041 scien-

2066 3075 2239 3140 tium,
2272 3074 2427 3145 quod
2481 3088 2551 3127 ea
2582 3088 2710 3144 qua:
2743 3071 2913 3127 nobis
2971 3071 3151 3140 dedit,
3207 3072 3324 3128 illis
3382 3071 3734 3131 ﬁdelissime

2067 3162 2513 3219 tradiderimus.
2545 3159 2881 3216 Memineris
2940 3164 2995 3215 et
3027 3157 3337 3216 ministerii
3394 3160 3738 3234 laborisque

2072 3258 2439 3315 sanctorum,
2474 3255 2530 3306 et
2574 3249 2748 3305 amici
2778 3249 2888 3315 tui,
2916 3249 3016 3321 qui
3070 3254 3466 3321 cognoverunt
3520 3249 3736 3307 volun—

2073 3346 2251 3398 tatem
2284 3340 2382 3396 Dei
2418 3357 2430 3394 :
2467 3343 2531 3395 ut
2576 3344 2634 3394 et
2662 3338 2774 3410 ipsi
2805 3338 2948 3394 ﬁant
2979 3337 3308 3394 cohaeredes
3337 3338 3605 3409 ejusdem
3636 3356 3733 3397 re-

2073 3427 2507 3503 promissionis,
2531 3436 2586 3484 et
2613 3427 2868 3484 habeant
2888 3424 3285 3483 immortalem
3315 3427 3491 3484 ﬁdem
3524 3444 3559 3484 a
3587 3431 3731 3498 Deo,

2073 3537 2200 3593 quas
2250 3522 2443 3575 creata
2479 3521 2569 3573 est
2600 3534 2703 3589 per
2730 3516 3005 3589 spiritum
3053 3516 3493 3589 prOphetarum,
3552 3521 3610 3573 et
3651 3519 3730 3578 ab

2073 3607 2355 3682 apostolis
2386 3607 2676 3662 roborata.
2711 3605 2817 3672 Qui
2850 3606 3259 3661 sustinuerunt
3287 3622 3391 3678 pro
3419 3622 3489 3663 ea
3519 3622 3731 3666 omnes

2072 3696 2377 3771 angustias
2402 3698 2460 3752 et
2480 3695 2936 3768 persecutiones.
2956 3694 3341 3750 Crediderunt
3355 3694 3514 3752 enim
3536 3711 3735 3768 repro-

2072 3785 2343 3843 missioni
2373 3785 2525 3856 ejus,
2558 3788 2614 3839 et
2644 3783 2860 3839 idcirco
2893 3783 3273 3856 ﬂagrantiam
3330 3783 3468 3840 boni
3529 3785 3734 3844 odoris

2072 3873 2186 3931 sibi
2216 3874 2584 3946 paraverunt.
2608 3871 3059 3928 Consideremus
3087 3887 3226 3944 ergo
3249 3886 3370 3939 eos,
3393 3887 3542 3944 quos
3572 3871 3734 3930 Deus

2073 3962 2483 4019 dominatione
2511 3961 2771 4026 donavit,
2804 3960 2856 4016 si
2903 3960 3047 4016 forte
3104 3960 3190 4016 eis
3250 3959 3469 4016 servire
3509 3975 3742 4019 merea-

2073 4068 2227 4118 mur,
2260 4056 2316 4107 et
2343 4066 2544 4107 eorum
2576 4049 2871 4105 adhaerere
2901 4048 3413 4117 doctrinas,relicta
3437 4048 3597 4106 omni
3627 4066 3734 4108 su-

2070 4140 2273 4215 perbia
2300 4145 2358 4195 et
2406 4144 2675 4211 peccato:
2743 4136 3065 4194 fortissime
3124 4138 3463 4195 resistentes
3515 4137 3731 4211 Alpha,

2070 4230 2224 4304 quod
2258 4230 2480 4300 absque
2538 4228 2750 4284 timore
2781 4232 3061 4299 operatur
3106 4226 3165 4282 in
3222 4226 3587 4301 corporibus.
3618 4229 3731 4285 Ab-

2068 4327 2251 4391 sorpta
2283 4321 2359 4373 est
2389 4320 2538 4372 enim
2587 4333 2731 4371 mors
2788 4318 2848 4370 in
2902 4317 3129 4371 victoria
3158 4316 3205 4386 (ι
3234 4316 3355 4373 Cor.
3386 4333 3481 4386 xv,
3509 4317 3624 4389 54).
3655 4318 3733 4377 Et

2068 4408 2361 4481 quomodo
2393 4423 2629 4463 rursum
2663 4405 2883 4461 inﬁrmi
2918 4422 3129 4461 sumus
3158 4404 3355 4465 inhoc
3410 4409 3677 4479 tempore
3712 4424 3726 4463 :

2068 4499 2322 4555 scientes
2349 4496 2503 4569 quod
2545 4498 2766 4550 statuta
2794 4494 2872 4549 sit
2904 4493 3163 4551 Ecclesia
3190 4498 3248 4550 et
3303 4494 3611 4568 dirigenda
3656 4496 3728 4553 in

298 4582 555 4639 amicum
591 4588 781 4651 tuum,
834 4601 938 4657 pro
971 4603 1087 4658 quo
1129 4588 1304 4643 ﬁdem
1334 4588 1542 4654 fecisti,
1574 4590 1768 4645 sciens
1799 4592 1952 4663 quod
1986 4610 2031 4674 D
2065 4590 2309 4652 bonum,
2341 4582 3025 4674 sicutetpraadixit‘tibi.
3063 4583 3226 4674 Nosti
3259 4584 3419 4674 quod
3451 4601 3566 4640 non
3597 4583 3729 4660 glo-

296 4688 500 4730 omnes
529 4679 734 4746 gentes
765 4679 831 4731 ut
860 4675 1080 4731 surculi
1134 4679 1237 4734 90
1265 4694 1334 4733 ex
1366 4678 1520 4750 igne,
1553 4684 1611 4733 et
1640 4679 1811 4735 sicuti
1845 4681 1948 4736 sti-

296 4759 447 4832 pula:
476 4760 650 4831 leves,
684 4780 811 4836 qua
838 4766 951 4821 huc
982 4770 1157 4838 atque
1190 4765 1328 4821 illuc
1360 4783 1505 4821 aura
1560 4767 1731 4823 celeri
1790 4770 1945 4825 dete-

295 4854 528 4921 runtur,
562 4856 620 4907 et
649 4852 805 4908 sicut
836 4852 1028 4925 pulvis
1059 4856 1159 4927 qui
1195 4859 1462 4927 raptatur
1490 4856 1741 4912 turbine.
1794 4859 1948 4916 Scito

299 4939 455 5011 quod
487 4941 773 5014 scriptum
823 4941 901 4998 sit
932 4942 1057 5009 tibi,
1093 4961 1163 4999 ne
1196 4961 1328 5000 cum
1379 4944 1590 5001 videris
1648 4964 1866 5019 equum
1899 4956 1971 5005 et.

300 5034 695 5100 ascensorem,
751 5035 810 5087 et
866 5030 1162 5087 inﬁnitam
1223 5031 1688 5104 multitudinem,
1747 5038 1955 5095 timeas

311 5115 509 5172 animo
551 5134 566 5186 ;
622 5120 722 5175 sed
756 5124 1050 5176 memento
1110 5121 1333 5176 Domini
1385 5122 1484 5177 Dei
1541 5124 1624 5178 tui
1658 5126 1769 5196 qui.
1798 5128 1956 5183 dedit

300 5204 409 5260 tibi
488 5206 918 5277 fortitudinem,
1002 5214 1064 5265 ut
1138 5210 1197 5265 in
1260 5210 1454 5283 praelio
1510 5212 1794 5285 vinceres,
1854 5218 1955 5289 qui

372 5364 611 5440 ‘Sentit
661 5367 721 5440 in
769 5367 1100 5440 Chalanne,
1155 5385 1280 5440 quas
1330 5372 1532 5426 eadem
1594 5390 1728 5428 cum
1778 5374 1963 5430 Ctesi-'

302 5437 519 5513 phonte
542 5438 935 5513 ad‘TigrideIn
959 5437 1421 5513 civitas—putatur
1441 5460 1591 5509 esse,
1626 5444 1953 5501 Babelicam

301 5508 737 5587 turrimfuisse
762 5512 1095 5580 excitatam,
1126 5508 1220 5569 cui
1274 5508 1583 5587 sententia:
1612 5521 1744 5587 post
1775 5517 1953 5573 Euse-

303 5580 468 5658 biu_m
526 5581 960 5658 Hieronymus,
1000 5591 1056 5658 et
1128 5586 1349 5658 passim
1404 5580 1717 5657 scripto-res
1770 5590 1950 5646 Graeci

301 5652 715 5726 suffragantur,
749 5652 820 5713 ex
850 5652 1012 5713 Isaiae
1043 5652 1190 5727 loc'o,
1222 5675 1279 5726 x,
1311 5657 1365 5726 9,
1398 5652 1577 5731 penes
1608 5658 1750 5715 LXX
1776 5676 1793 5715 :
1836 5660 1946 5720 Τὴν

2063 4677 2244 4733 rietur
2272 4674 2493 4731 securis
2545 4673 2671 4728 sine
2702 4688 2767 4728 eo
2794 4672 2895 4743 qui
2932 4671 3198 4743 praecidit
3254 4672 3314 4726 in
3344 4688 3432 4738 ea,
3493 4676 3550 4728 et
3594 4688 3731 4745 quas

2057 4768 2302 4823 doceant
2332 4782 2439 4819 nos
2499 4761 2808 4833 Scriptura
2841 4761 3056 4817 habere
3114 4778 3461 4833 responsum
3516 4763 3732 4819 mortis

2010 4879 2021 4890 -
2064 4857 2137 4929 (ll
2179 4855 2299 4910 Cor.
2351 4853 2416 4923 II)
2459 4869 2472 4906 :

2532 4867 2709 4922 quam
2772 4850 2822 4905 si
2874 4849 3368 4916 devoraverimus,
3427 4849 3730 4910 salvamus

2062 4944 2322 5001 animam
2359 4944 2642 4997 nostram.
2696 4940 2820 4995 Non
2852 4944 2944 4996 est
2996 4939 3297 4995 timendus
3355 4939 3629 4996 interitus
3660 4939 3730 4998 in

2064 5034 2190 5090 loco
2224 5029 2709 5106 peregrinationis
2741 5034 2987 5096 nostris;
3024 5029 3124 5084 sed
3158 5028 3729 5103 pugnandum,quo-

2065 5123 2239 5178 modo
2270 5136 2471 5193 pacem
2496 5133 2629 5173 cum
2663 5118 2754 5173 his
2786 5118 2889 5190 qui
2921 5117 3023 5174 Dei
3046 5117 3501 5190 justiﬁcationes
3528 5122 3736 5176 custo-

2065 5210 2256 5278 diunt,
2287 5208 2503 5265 habere
2531 5205 2847 5279 possimus.
2881 5206 3045 5273 Heta,
3088 5206 3138 5263 si
3196 5205 3441 5263 lucreris
3480 5223 3724 5265 omnem

2068 5380 2238 5446 χώραν
2276 5380 2369 5436 τὴν
2419 5375 2581 5446 ἐπάγω
2628 5375 2913 5434 Βαϐυλῶνος
2958 5375 3041 5446 κᾳὶ
3084 5373 3329 5446 Χαλάνηξ,
3363 5372 3492 5446 ρῦβ
3536 5376 3725 5440 πύργος

2077 5437 2381 5521 eaepse»
2416 5441 2723 5521 ηςαίοτηηηε
2773 5440 3009 5521 quaest.
3057 5437 3633 5521 monachum;
3650 5437 3726 5521 ’με

2110 5470 2381 5513 κοοομηση.
2416 5470 2723 5509 lu’ywuc'u,
2773 5470 2895 5510 qua
2927 5470 3003 5494 σου
3057 5470 3223 5509 cal/ru
3279 5470 3633 5510 υιῑυυιυιισπο,
3660 5470 3722 5521 ρι

2066 5470 2391 5578 ἷὴαιαηετη,
2423 5512 2518 5565 ubi
2572 5513 2748 5566 turris
2774 5509 3046 5579 aediﬁcata
3073 5516 3169 5565 est.
3224 5508 3356 5567 Haec
3404 5513 3601 5569 tamen
3656 5528 3722 5571 ω

2071 5585 2295 5643 Latinis
2326 5582 2623 5640 codicibus
2654 5582 3082 5638 desiderantur.

2140 5658 2162 5691 ²
2192 5657 2256 5714 In
2285 5655 2518 5727 Vulgat.
2551 5656 2689 5726 haec,
2725 5662 2779 5711 et
2807 5653 3004 5711 Graeco
3033 5666 3269 5726 quoque
3295 5660 3440 5723 αὐτή.
