3970 6452
243 330 311 399 9Ἷ
1015 328 1652 399 INTERPRETATIO
1693 330 2261 402 EPISTULARUM
2306 339 2369 401 S.
2418 334 2819 402 PAGHOMII.
3532 344 3626 410 =98

245 466 535 536 mundum,
566 470 624 524 et
652 466 869 525 habeas
898 473 1098 525 contra
1116 468 1299 525 Deum
1338 469 1699 539 inimicitias,
1733 487 1859 543 qua
1891 485 1945 551 Α

243 554 612 615 οεῒιήίἰίιαεῖ
636 560 811 613 Docet
853 556 1033 630 igitur
1080 561 1145 613 ut
1190 573 1318 631 qua
1368 557 1645 614 dicuntur
1674 558 1864 623 nobis,

241 644 536 719 aliquando
612 645 1049 719 intelligamus:
1120 645 1370 703 scientes
1415 647 1557 720 quia
1604 647 1866 703 mundus

240 737 535 808 pratereat,
593 739 652 791 et
716 734 1009 792 desideria
1064 736 1213 807 ejus.
1263 735 1513 808 Vigilate
1563 739 1620 792 et
1675 735 1866 792 videte

232 824 508 898 quomodo
523 821 862 880 ambuletis.
876 825 1162 881 Movimus
1176 825 1331 896 quod
1344 824 1655 882 ineruditis
1669 841 1867 881 occur-

240 919 318 971 rat
343 929 514 970 mors.
547 914 619 969 Et
662 914 754 970 91
811 930 928 970 non
970 913 1278 987 intelligite
1322 917 1610 986 tempora,
1636 914 1696 970 in
1729 914 1864 987 qui-

239 1002 338 1060 bus
373 1008 457 1059 est
508 1017 672 1058 error
710 1006 768 1059 et
808 1002 1091 1059 seductio.
1126 1002 1442 1059 Considera
1482 1002 1659 1059 horas
1689 1009 1864 1075 atque

241 1096 534 1164 momenta,
562 1095 619 1148 et
650 1092 944 1148 mensium
984 1091 1198 1166 spatia,
1250 1108 1499 1165 quorum
1545 1109 1720 1149 cursu
1754 1092 1861 1148 bu-

240 1197 398 1238 mans
427 1182 550 1238 vita
596 1180 957 1238 devolvitur:
1007 1186 1067 1238 et
1112 1197 1313 1239 eorum
1366 1197 1610 1238 numero
1658 1183 1863 1251 scitur,

242 1274 434 1343 quanto
460 1275 724 1344 tempore
772 1271 1184 1345 unusquisque
1234 1271 1474 1327 vixerit:
1522 1277 1588 1327 ut
1633 1271 1863 1344 possint

240 1360 489 1435 colligere
516 1360 669 1417 vires
699 1377 859 1429 suas,
893 1365 950 1416 et
996 1359 1241 1434 implere
1287 1377 1357 1417 ex
1403 1360 1496 1416 bis
1542 1360 1774 1427 horrea,
1805 1363 1863 1415 et

239 1454 536 1509 sementem
566 1449 782 1506 futuris
813 1448 1108 1506 messibus
1160 1465 1506 1523 praeparare,
1556 1454 1614 1505 et
1644 1454 1710 1505 ut
1737 1448 1859 1505 cul-

235 1544 364 1597 tura
391 1538 589 1597 studia
618 1543 877 1612 tempore
908 1538 1223 1596 messionis
1242 1539 1559 1605 inveniant,
1584 1544 1642 1595 et
1662 1554 1859 1595 coram

236 1629 339 1687 Deo
367 1633 421 1686 et
447 1629 726 1686 omnibus
757 1629 1096 1702 possideant
1146 1629 1498 1697 necessaria,
1549 1629 1755 1685 mortis
1785 1629 1860 1685 ti-

234 1734 378 1777 more
397 1722 692 1793 superato,
723 1723 781 1775 et
798 1723 1142 1776 transeunte
1164 1719 1406 1788 mundo,
1430 1735 1547 1774 non
1568 1717 1863 1774 celebrent

232 1810 396 1867 festos
424 1810 551 1866 dies
582 1809 642 1864 in
671 1808 968 1865 veteribus
1014 1808 1398 1864 vestimentis.
1452 1807 1728 1865 Civitates
1759 1809 1858 1864 de-

232 1862 975 1972 inaggatergegiea
1023 1862 1252 1969 alienis,
1288 1862 1396 1970 qui
1423 1862 1864 1970 baudwpii'sunt
1891 1862 1940 1927 Β

231 1988 365 2046 inire
402 1987 715 2047 consilium
752 1987 1009 2060 sapiens.
1062 1987 1256 2043 Fluxit
1299 1987 1362 2042 in
1408 1987 1637 2043 deserto
1686 2003 1861 2059 aqua,

228 2083 280 2134 et
326 2078 762 2135 exsultaverunt
808 2077 1081 2149 jumenta
1138 2092 1205 2131 ac
1271 2074 1551 2131 volatilia.
1615 2075 1863 2148 Sapiens

227 2170 280 2223 et
304 2169 603 2226 continens
631 2167 809 2224 homo
860 2182 975 2222 non
1024 2167 1279 2237 ungetur
1325 2168 1650 2237 unguento,
1705 2164 1859 2236 quod

227 2257 501 2316 demolita
530 2263 671 2314 sunt
700 2273 918 2314 musca
943 2254 1280 2321 morientes,
1311 2259 1370 2310 et
1399 2252 1555 2326 quod
1578 2253 1865 2326 composi-

226 2349 343 2403 tum
371 2351 458 2404 est
485 2346 628 2403 ﬁliis
660 2345 806 2420 agri.
839 2346 972 2401 Ideo
1002 2342 1244 2417 vigilare
1286 2343 1589 2409 debemus,
1618 2347 1675 2398 et
1703 2342 1862 2398 omni

225 2433 609 2493 sollicitudine
658 2436 872 2491 futuris
917 2432 1213 2506 lapidibus
1261 2431 1598 2504 providere:
1651 2436 1718 2487 ut
1747 2445 1861 2486 non

227 2525 651 2583 confundamur
687 2524 747 2580 in
792 2527 1075 2597 tempore,
1122 2522 1358 2595 quando
1405 2520 1670 2577 venerint
1714 2524 1861 2576 tem-

224 2628 354 2685 pora
380 2615 689 2689 refrigerii,
724 2618 781 2671 et
809 2629 880 2670 ne
910 2612 1280 2668 inveniamur
1307 2611 1531 2668 subditi
1572 2609 1859 2679 servituti,

220 2704 318 2760 sed
346 2708 411 2759 ut
439 2707 631 2762 simus
653 2719 802 2760 nova
832 2701 1172 2775 conspersio
1198 2716 1212 2755 :
1255 2700 1506 2757 scientes
1554 2700 1710 2773 quod
1734 2700 1861 2772 pul-

221 2791 483 2851 cbritudo
517 2792 829 2859 nobiscum
859 2792 955 2848 sit.
995 2791 1275 2865 Loquitur
1302 2794 1360 2846 et
1388 2789 1529 2845 alibi
1559 2804 1753 2846 sermo
1783 2788 1866 2844 di-

220 2882 413 2940 vinus:
482 2881 765 2955 Numquid
835 2880 1114 2938 comedam
1177 2895 1369 2935 carnes
1426 2883 1712 2935 taurorum
1768 2883 1866 2935 aut

220 2975 544 3047 sanguinem
576 2972 856 3027 hircorum
888 2971 1072 3027 bibam
1102 2969 1272 3041 (Psat.
1303 2985 1455 3036 xux,
1492 2969 1578 3038 l3)
1598 2968 1626 3023 ‘I
1657 2969 1867 3033 Quam-

222 3063 413 3119 obrem
446 3080 564 3120 non
609 3061 1074 3117 circunferamur
1121 3060 1283 3115 omni
1326 3064 1499 3114 vento
1548 3057 1862 3114 doctrina:

221 3152 354 3224 quia
374 3154 537 3210 venit
564 3156 801 3225 tempus
832 3155 896 3206 ut
924 3149 1111 3206 sancti
1143 3165 1389 3222 regnum
1412 3149 1722 3221 accipiant.
1757 3146 1863 3203 Ex-

2141 471 2486 529 EPISTOLA
2525 474 2783 530 PATRIS
2821 473 3089 531 NOSTRI
3127 474 3472 533 PACHOMII

1976 578 2053 633 Ad
2087 580 2343 655 universa
2400 581 2785 655 monasteria:
2817 585 2877 636 ut
2932 583 3119 637 cuncti
3169 584 3374 655 fratres
3405 599 3623 654 congre-

2044 659 2242 722 gentur
2296 653 2356 706 in
2386 722 2399 725 _
2438 654 2835 725 monasterium
2914 670 3112 725 majus,
3171 653 3332 725 quod
3405 653 3629 711 vocatur

2043 727 2244 849 fauni?
2276 724 2333 777 in
2363 722 2559 779 diebus
2584 725 2827 792 Pascha,
2873 729 2925 780 et
2954 722 3026 780 sit
3073 722 3322 782 omnium
3374 744 3487 783 una
3537 743 3624 785 so-

2065 810 2187 849 emn
2235 810 2319 849 as.
3569 823 3573 826 ν

2043 922 2111 973 V.
2140 921 2346 974 Curam
2380 922 2583 974 vestra
2616 919 2940 992 prudentia
2970 922 3394 994 congreganda
3427 923 3626 980 subire

1972 1007 2218 1077 debetis,
2252 1011 2317 1063 ut
2345 1007 2421 1062 sit
2451 1012 2652 1080 aperta
2673 1009 2861 1079 janua
2890 1014 3086 1065 vestra
3115 1002 3427 1083 antequam
3460 1028 3625 1069 exea-

1970 1096 2048 1152 tis
2076 1112 2108 1151 e
2137 1095 2368 1152 saculo.
2397 1096 2622 1169 Pauper
2643 1113 2777 1153 cum
2811 1098 3255 1169 vescitur,juxta
3285 1090 3623 1157 mensuram

1969 1201 2092 1241 sua
2120 1184 2483 1258 paupertatis
2511 1187 2787 1242 vescitur.
2828 1187 2949 1243 Dixi
2989 1188 3178 1259 vobis,
3237 1193 3303 1244 ut
3349 1190 3628 1247 noveritis

1971 1273 2147 1330 horas
2173 1291 2239 1330 ac
2267 1279 2536 1346 tempora
2570 1276 2827 1344 pueritia
2856 1280 3078 1342 vestra,
3112 1283 3178 1333 ut
3204 1295 3324 1335 non
3354 1280 3487 1335 sitis
3516 1278 3628 1336 sol-

1974 1361 2120 1418 liciti
2151 1364 2222 1417 de
2248 1362 2445 1431 domo,
2480 1380 2607 1436 qua
2659 1371 2978 1437 praparata
3006 1372 3095 1422 est
3149 1372 3347 1423 vestra
3374 1369 3626 1425 venatio.

1968 1452 2040 1507 Et
2071 1467 2173 1507 vos
2202 1452 2438 1522 quando
2470 1451 2680 1507 venitis
2710 1453 2781 1507 ad
2816 1469 2942 1520 nos,
2977 1454 3248 1510 habetote
3278 1455 3629 1513 sollicitudi-

1975 1556 2111 1595 nem
2143 1539 2338 1595 lectuli
2372 1540 2894 1604 inﬁrmantium,ut
2921 1543 3194 1598 sternatis
3227 1542 3485 1611 illum,et
3516 1560 3631 1599 non

1972 1629 2290 1704 indigeatis
2313 1647 2482 1703 pane.
2520 1631 2579 1686 Si
2611 1632 2845 1703 quando
2894 1632 3152 1687 invenire
3182 1632 3422 1689 valeatis
3451 1633 3629 1689 culci-

1981 1725 2133 1775 tram
2163 1718 2283 1775 sive
2309 1718 2621 1792 pulvillum
2654 1720 2723 1776 ad
2759 1725 2956 1792 caput,
3010 1726 3075 1776 ut
3103 1720 3369 1795 languidi
3400 1724 3627 1795 requie-

1976 1813 2145 1865 scant
2177 1826 2190 1864 :
2224 1812 2291 1864 ut
2320 1809 2753 1866 monimentum
2783 1810 2939 1881 quod
2982 1810 3153 1866 nobis
3201 1812 3486 1884 scriptum
3517 1817 3629 1880 est,

1972 1898 2291 1972 impleatur
2322 1918 2336 1955 :
2369 1899 2432 1956 Si
2459 1901 2582 1972 quis
2610 1904 2793 1956 autem
2823 1916 3069 1969 suorum,
3103 1905 3155 1957 et
3179 1905 3426 1960 maxime
3453 1903 3632 1959 dome-

1972 1990 2257 2055 sticorum,
2289 2005 2479 2045 curam
2507 2005 2617 2044 non
2679 1989 2858 2056 habet,
2890 1990 3127 2047 deterior
3178 1992 3403 2063 inﬁdeli
3454 1997 3533 2049 est
3590 1994 3633 2064 (Ι

1975 2079 2107 2133 Tim.
2139 2096 2195 2149 ν,
2227 2080 2304 2150 8).
2339 2078 2475 2134 Gith
2517 2080 2681 2152 virga
2709 2080 3025 2148 excutitur,
3061 2085 3116 2137 et
3174 2081 3474 2154 cyminum
3535 2099 3629 2139 co-

1972 2168 2232 2224 meditur
2253 2184 2386 2224 cum
2420 2184 2569 2240 pane
2602 2168 2727 2239 (Isti.
2762 2170 2960 2240 xxvu).
3022 2170 3085 2225 Si
3131 2172 3486 2227 attrectastis
3545 2189 3633 2228 ca-

1973 2256 2183 2330 pillum
2204 2257 2413 2329 capitis
2434 2257 2699 2325 vestri,et
2718 2257 3022 2315 invenistis
3044 2264 3413 2331 unguentum
3439 2262 3629 2316 barba

1974 2352 2197 2414 vestra,
2232 2346 2389 2418 quod
2431 2346 2736 2402 descendit
2766 2363 2956 2419 usque
3002 2348 3076 2403 ad
3109 2347 3401 2404 ﬁmbriam
3455 2350 3628 2405 vesti-

1972 2440 2305 2491 mentorum
2349 2435 2950 2507 vestrorum,implere
2980 2437 3248 2508 poteritis
3269 2438 3469 2493 omnia
3500 2455 3629 2510 qua

1974 2525 2195 2596 scripta
2227 2528 2372 2581 sunt
2409 2524 2601 2580 nobis.
2658 2524 2932 2597 Legimus
2989 2524 3130 2581 alibi
3167 2526 3295 2589 :_Ne
3354 2526 3634 2582 deﬁciant

1974 2612 2128 2670 oculi
2158 2613 2375 2681 vestri;
2409 2611 2659 2670 alacrior
2711 2618 2800 2670 est
2854 2614 3011 2670 enim
3071 2631 3294 2672 merces
3351 2617 3628 2688 operibus

1972 2704 2093 2760 tuis
2126 2721 2138 2759 :
2172 2703 2301 2760 ideo
2332 2703 2517 2760 ﬂuant
2548 2703 2702 2759 oculi
2729 2704 2904 2760 vestri
2936 2720 3106 2774 aqua,
3141 2709 3200 2760 et
3248 2702 3509 2761 defluant
3545 2705 3625 2761 la-

1973 2810 2182 2867 cryma
2214 2793 2422 2849 diebus
2452 2810 2518 2850 ac
2549 2794 2839 2863 noctibus,
2870 2810 2976 2850 nec
3031 2794 3324 2851 deficiant.
3365 2795 3502 2853 Volo
3522 2812 3625 2851 vos

1973 2900 2102 2939 esse
2151 2882 2376 2940 similes
2429 2900 2656 2949 eorum,
2702 2883 2801 2955 qui
2848 2880 3266 2956 ignoraverunt
3326 2885 3623 2941 dexteram

1975 2989 2144 3045 suam
2176 2978 2233 3028 et
2260 2973 2587 3029 sinistram.
2636 2972 2906 3046 Vigilate,
2941 2978 2998 3029 et
3049 2974 3267 3030 tendite
3315 2990 3487 3030 arcus
3534 2990 3627 3030 ve-

1974 3066 2148 3118 stros.
2211 3061 2565 3118 Tetenderunt
2620 3062 2778 3117 enim
2835 3062 3150 3118 adversarii
3209 3079 3423 3131 arcum,
3507 3080 3625 3118 rem

1974 3168 2222 3207 amaram
2253 3151 2426 3222 (Psat.
2460 3167 2614 3218 LXIII,
2662 3151 2735 3222 4).
2770 3149 3179 3206 Recordamini
3225 3152 3378 3221 quod
3440 3151 3628 3207 sancti

221 3244 413 3314 pandit
441 3242 585 3300 Sion
628 3258 838 3298 manus
872 3256 1033 3308 suas,
1078 3256 1194 3295 non
1246 3243 1336 3294 est
1381 3238 1480 3311 qui
1529 3236 1866 3294 consoletur
1896 3237 1938 3304 C
1978 3245 2243 3313 aperiant
2266 3243 2485 3296 ostium
2518 3256 2692 3296 suum
2723 3239 2883 3295 omni
2911 3240 3261 3295 transeunti.
3290 3239 3628 3313 Pracipilur

221 3346 360 3388 eam.
395 3333 498 3390 92
529 3334 784 3388 Iuvenes
826 3328 1109 3385 inﬁrmati
1159 3332 1302 3384 sunt
1346 3326 1408 3383 in
1452 3326 1641 3399 plagis
1678 3326 1867 3400 ligno-

222 3436 344 3477 rum
370 3439 384 3477 :
418 3422 829 3495 dispergentes
859 3435 1047 3491 aquas
1080 3418 1310 3474 itineris
1338 3417 1451 3472 sui.
1483 3418 1868 3489 Myrmicoteon

224 3512 401 3582 periit,
434 3528 498 3567 eo
523 3512 657 3584 quia
686 3525 795 3566 non
824 3510 1046 3565 haberet
1091 3524 1265 3564 escam
1316 3508 1452 3577 (Job.
1507 3524 1582 3573 1v,
1614 3507 1723 3579 ll).
1758 3508 1865 3573 Qui

222 3614 346 3656 cum
389 3601 518 3658 fure
549 3600 822 3674 partitur,
871 3600 995 3656 odit
1043 3597 1303 3654 animam
1348 3611 1537 3652 suam.
1588 3597 1866 3654 Profanas

220 3694 273 3744 et
300 3707 479 3747 novas
512 3689 813 3747 doctrinas
846 3687 1055 3744 devita.
1106 3688 1342 3743 Advena
1390 3686 1544 3743 sicut
1591 3686 1867 3760 indigena

219 3776 291 3835 sit
317 3779 469 3837 inter
496 3796 625 3837 vos.
674 3777 880 3835 Occidit
921 3781 981 3834 in
1027 3776 1298 3850 grandine
1342 3779 1530 3833 vineas
1574 3792 1786 3846 eorum,
1817 3780 1868 3833 et

218 3882 514 3939 :ycomoros
589 3885 778 3927 eorum
852 3872 914 3925 in
982 3870 1193 3941 pruina
1252 3869 1418 3940 (Psal.
1482 3884 1692 3937 LXXVII,
1751 3867 1866 3937 47.)

217 3958 600 4033 Acceptabilis
629 3959 784 4033 regis
832 3958 1101 4014 minister
1143 3957 1497 4030 intelligens.
1549 3956 1657 4013 Mel
1704 3955 1863 4013 inve-

218 4047 367 4119 nisti,
400 4050 649 4107 comode
690 4050 845 4123 quod
878 4048 1117 4114 sufﬁcit,
1149 4064 1222 4103 ne
1263 4048 1408 4104 forte
1453 4047 1704 4103 satiatus
1734 4062 1863 4103 evo-

218 4153 337 4195 mas
365 4139 447 4197 id.
483 4140 777 4198 Memento
799 4139 1031 4212 judieii,
1064 4144 1120 4194 et
1149 4137 1586 4205 misericordia,
1618 4153 1685 4194 ac
1706 4135 1860 4193 ﬁdei.

216 4226 444 4302 Iudicii,
470 4248 574 4303 per
605 4230 762 4303 quod
792 4229 1061 4303 regiones
1091 4226 1445 4284 habitabiles
1470 4226 1656 4283 ﬁunt:
1690 4226 1865 4283 mise-

214 4314 493 4391 ricordia,
528 4337 635 4393 per
662 4335 842 4392 quam
892 4318 1256 4392 gloriﬁcatur
1300 4322 1493 4373 Deus:
1546 4316 1703 4386 ﬁdei,
1736 4334 1865 4390 qua

216 4406 669 4467 fundamentum
738 4413 831 4465 est
898 4411 1268 4465 mortuorum
1322 4412 1498 4478 atque
1554 4406 1861 4463 vivorum:

217 4500 277 4553 ut
301 4513 404 4572 per
431 4499 546 4558 hoc
586 4516 755 4572 spem
786 4497 1086 4571 possidere
1113 4496 1433 4553 valeamus.
1459 4496 1663 4570 Pugna
1690 4501 1865 4570 atque

214 4588 519 4661 contende,
552 4593 611 4645 et
642 4588 742 4661 qui
774 4591 968 4644 tecum
1001 4592 1141 4643 sunt
1186 4587 1418 4657 fratres,
1469 4586 1609 4658 quia
1656 4584 1865 4658 scripsi
1895 4618 1943 4684 D

212 4676 367 4735 vobis
397 4678 461 4735 in
494 4678 707 4752 ﬁguris
738 4682 795 4735 et
821 4676 881 4733 in
910 4676 1224 4750 parabolis,
1261 4680 1327 4731 ut
1370 4679 1646 4748 quaratis
1676 4692 1745 4731 ea
1772 4692 1867 4732 sa-

214 4764 452 4838 pienter,
487 4773 808 4842 sequentes
840 4771 1178 4824 sanctorum
1200 4765 1479 4839 vestigia:
1515 4782 1620 4821 nec
1670 4765 1866 4822 incur-

211 4857 350 4914 ratis
380 4858 755 4932 injudicium
782 4857 880 4913 Dei
913 4857 1065 4914 docti
1088 4857 1465 4914 sermonibus
1488 4856 1637 4927 ejus.
1666 4856 1867 4913 Hiems
1928 4926 1939 4935 _

209 4949 513 5019 prasentis
543 4947 744 5005 saculi
774 4964 881 5003 nos
911 4946 1217 5003 ambulare
1245 4963 1359 5003 non
1382 4945 1693 5021 prohibeat
1716 4964 1728 5002 :
1754 4947 1861 5003 sed

210 5035 639 5096 incessabiliter
659 5037 959 5111 justitiam
1007 5037 1105 5094 Dei
1156 5054 1391 5112 semper
1437 5053 1750 5113 operemur
1775 5053 1863 5094 re-

212 5130 520 5186 cordantes
600 5127 761 5185 illius
842 5128 1204 5185 testimonii:
1293 5129 1468 5186 Donec
1517 5130 1867 5202 pertranseat

210 5215 395 5288 hiems,
427 5223 483 5277 et
513 5219 718 5293 pluvia
742 5220 900 5275 abeat
940 5235 1004 5275 ac
1039 5218 1253 5275 recedat
1280 5222 1391 5277 sibi
1436 5222 1615 5293 (Cant.
1651 5236 1714 5285 ιι,
1752 5216 1862 5290 11).

210 5306 357 5368 Deus
388 5311 635 5383 adjutor
664 5311 844 5367 nostri
899 5310 976 5367 sit
1030 5309 1090 5365 in
1140 5327 1303 5383 pace,
1363 5327 1490 5383 qua
1522 5324 1864 5366 mensuram

212 5414 317 5459 non
341 5400 528 5458 habet
568 5399 878 5475 largitatis,
919 5418 1046 5475 qua
1093 5401 1172 5457 sit
1211 5403 1269 5457 in
1318 5399 1593 5457 domibus
1622 5397 1864 5467 nostris,

210 5492 384 5551 donec
412 5493 822 5566 vespertinum
852 5496 1087 5565 tempus
1108 5496 1492 5565 pertranseat.
1516 5490 1646 5547 Hac
1667 5487 1865 5545 omnia

212 5584 409 5661 scripsi
436 5582 635 5654 vobis,
665 5587 731 5641 ut
756 5598 915 5645 nunc
942 5583 1280 5643 laborantes
1308 5580 1573 5657 requiem
1600 5580 1660 5641 in
1702 5580 1861 5639 futu-

236 5692 333 5747 um
358 5681 590 5747 habere
608 5677 874 5757 possitis.

1978 3328 2147 3386 nobis
2179 3334 2245 3385 ut
2273 3329 2561 3385 intremus
2591 3328 2929 3385 cubiculum
2981 3332 3275 3395 nostrum,
3307 3333 3364 3385 et
3394 3330 3629 3386 clauda-

1978 3436 2111 3475 mus
2141 3418 2381 3486 ostium,
2406 3435 2509 3475 nec
2540 3418 2700 3474 omni
2731 3422 2902 3474 vento
2935 3418 3444 3475 circumteraruus.
3466 3419 3630 3477 Unde

1977 3508 2318 3582 diligentius
2376 3513 2606 3582 oportet
2678 3509 2979 3565 attendere
3013 3551 3027 3576 ,
3111 3526 3184 3566 ne
3239 3509 3300 3565 in
3355 3510 3632 3566 bonitatis

1976 3603 2243 3672 tempora
2271 3599 2728 3668 absorbeamur;
2763 3614 2823 3654 se
2847 3603 2910 3653 ut
2941 3599 3241 3655 imitemur
3270 3616 3337 3655 ea
3367 3603 3632 3672 tempora

1976 3706 2104 3762 qua
2135 3690 2237 3745 98
2269 3690 2372 3745 94
2405 3689 2645 3745 fuerunt
2673 3693 2805 3744 ante
2835 3687 3144 3756 diluvium,
3177 3689 3415 3761 quando
3447 3705 3627 3745 unus-

1975 3779 2225 3851 quisque
2250 3779 2548 3847 justorum
2584 3776 2803 3850 placuit
2839 3780 2948 3833 Deo
2980 3793 3114 3833 cum
3142 3777 3303 3833 omni
3354 3777 3527 3832 domo
3560 3793 3627 3832 ac

1976 3867 2177 3924 liberis
2198 3867 2343 3934 suis,
2376 3871 2435 3922 et
2465 3865 2694 3921 nullum
2738 3870 3039 3939 peccatum
3088 3865 3390 3921 inventum
3423 3869 3512 3921 est
3570 3865 3629 3920 in

1974 3958 2079 4014 eis.
2109 3958 2317 4013 Postea
2345 3973 2478 4013 vero
2510 3960 2807 4012 crescente
2838 3956 3164 4028 iniquitate,
3198 3959 3256 4010 et
3283 3955 3442 4010 omni
3474 3960 3631 4013 terra

1976 4047 2171 4104 carnis
2199 4045 2354 4101 vitiis
2387 4045 2739 4111 adhaerente,
2799 4041 3170 4099 olienderunt
3221 4044 3427 4111 Deum,
3464 4048 3520 4100 et
3566 4044 3624 4099 in

1973 4135 2455 4193 condemnatione
2486 4150 2689 4190 eorum
2724 4133 2886 4190 solus
2916 4132 3033 4189 Noe
3066 4150 3200 4190 cum
3259 4133 3434 4191 domo
3465 4151 3531 4190 ac
3560 4134 3628 4192 li-

1974 4224 2129 4282 beris
2167 4223 2386 4280 diluvio
2438 4224 2762 4279 inundante
2812 4228 3075 4279 servatus
3134 4228 3243 4290 est,
3292 4229 3350 4280 et
3398 4223 3628 4298 pericli-

1976 4318 2138 4372 tante
2169 4314 2412 4385 mundo,
2446 4312 2635 4369 tenuit
2647 4312 2893 4385 justitia
2926 4312 3346 4386 gubernacula,
3378 4330 3483 4369 nec
3512 4313 3634 4371 ulla

1975 4409 2347 4477 peccatorum
2430 4406 2779 4475 tempestate
2837 4406 3150 4475 superatus
3205 4407 3313 4460 est.
3401 4403 3471 4458 Et
3530 4402 3632 4477 qui

1973 4511 2109 4551 eum
2142 4493 2447 4563 deriserat,
2478 4497 2535 4549 et
2567 4492 2845 4548 fratribus
2901 4492 3024 4548 suis
3057 4492 3429 4550 nuntiaverat
3458 4492 3631 4550 nudi-

1974 4589 2154 4641 tatem
2186 4585 2336 4656 ejus,
2397 4582 2748 4639 maledictus
2795 4586 2887 4638 est
2944 4599 3077 4638 cum
3110 4582 3332 4639 semine
3389 4599 3518 4648 suo,
3576 4586 3634 4638 et

1981 4673 2292 4747 impletum
2324 4678 2416 4729 est
2444 4690 2510 4728 eo
2541 4677 2803 4745 tempore
2824 4671 2969 4727 illud
2994 4673 3148 4744 quod
3182 4670 3470 4745 scriptum
3502 4677 3631 4727 est:

1980 4767 2089 4834 Qui
2134 4764 2435 4820 inhonorat
2458 4764 2694 4836 justum,
2722 4770 2907 4834 peccat
2963 4764 3147 4829 (Prov.
3198 4761 3356 4832 xvii).
3405 4760 3475 4816 Et
3504 4778 3632 4816 rur-

1979 4872 2111 4912 sum
2149 4871 2162 4911 :
2193 4852 2513 4910 Maledicta:
2543 4854 2641 4924 qui
2667 4851 2949 4907 maledicit
2976 4852 3129 4923 patri
3155 4858 3207 4907 et
3232 4851 3404 4905 matri
3433 4850 3626 4921 (Exod.

1976 4962 2092 5013 xxx,
2122 4945 2232 5016 l7).
2266 4943 2445 4999 Sicut.
2481 4943 2667 4999 Eseau
2700 4941 3113 4998 contemnebat
3162 4944 3435 5014 parentes
3467 4956 3629 4998 suos.

1976 5034 2142 5092 Unde
2170 5033 2456 5107 scriptum
2490 5039 2579 5090 est
2608 5033 2678 5088 de
2735 5049 2800 5088 eo
2836 5049 2849 5086 :
2881 5032 2959 5087 Ne
3016 5032 3137 5104 quis
3193 5031 3499 5104 fornicator
3539 5033 3637 5087 aut

1974 5127 2270 5198 profanus,
2302 5126 2442 5179 sicut
2466 5125 2609 5178 Esau
2638 5122 2817 5195 (Hebr.
2853 5123 3001 5192 xm).
3066 5121 3455 5192 Rebeccaque
3498 5116 3635 5177 istu-

1974 5214 2069 5271 die
2104 5215 2325 5271 factum
2357 5220 2466 5282 est,
2501 5217 2567 5269 ut
2610 5229 2723 5268 non
2764 5214 3217 5281 consequeretur
3273 5210 3631 5268 benedictio-

1974 5321 2132 5373 nem,
2172 5320 2279 5361 nec
2337 5302 2552 5360 stolam
2616 5299 2991 5375 primogeniti
3040 5300 3350 5373 acciperet,
3397 5300 3636 5359 olfensis

1974 5395 2319 5469 parentibus
2351 5392 2497 5458 suis,
2551 5391 2650 5466 qui
2709 5390 3018 5446 reddentes
3072 5388 3123 5446 ei
3182 5390 3392 5459 vicem,
3452 5398 3511 5447 et
3560 5391 3633 5449 ad

1975 5485 2408 5541 amulationem
2442 5483 2575 5538 boni
2609 5479 2801 5554 operis
2832 5480 3169 5553 superbiam
3224 5480 3388 5537 illius
3426 5497 3631 5555 provo-

1974 5579 2195 5641 cantes,
2211 5573 2533 5629 induerunt
2556 5570 2920 5627 vestimentis
2938 5571 3068 5644 ejus
3097 5569 3298 5628 Jacob.
3319 5569 3445 5629 Non
3471 5570 3631 5633 enim

1974 5664 2305 5729 merebatur
2332 5677 2536 5724 eorum
2566 5660 2653 5724 uti
2683 5659 3127 5739 vsstibus,qucs
3156 5659 3450 5743 superbus
3469 5682 3538 5729 ac
3557 5672 3631 5733 ri-
