3970 6404
332 310 427 369 99
1593 304 1658 368 S.
1705 300 2013 367 EUSEBII
2058 298 2501 365 HIERONYMI

3633 294 3752 358 100

345 443 518 517 gidus
540 440 891 516 negligebat.
917 439 984 497 Et
1014 438 1227 497 ideirco
1251 456 1363 496 non
1387 440 1708 496 diviserunt
1727 439 1995 493 substan-
2024 438 2079 504 Α
2112 452 2334 503 vacare,
2369 437 2470 491 sed
2506 434 2680 490 vitiis.
2712 433 2919 490 Noster
2950 438 3141 489 autem
3167 432 3348 504 judex
3378 434 3437 487 et
3462 429 3631 487 testis
3659 434 3753 487 est

345 532 489 587 tiam
523 547 691 587 suam
728 529 863 585 filiis
894 530 1023 601 ejus
1058 546 1069 584 :
1106 529 1207 585 sed
1236 532 1447 584 cuncta
1478 529 1761 583 dederunt
1789 527 1989 590 Jacob,

345 621 446 692 qui
479 620 820 677 innocenter
860 619 1165 674 habitabat
1211 618 1473 687 domum,
1531 623 1587 673 et
1637 633 1839 672 eorum
1897 616 1994 670 ob-

340 710 705 782 temperabat
727 707 1007 780 imperiis.
1033 706 1321 778 Loquitur
1340 712 1397 762 et
1415 706 1686 760 Salomon
1709 706 1780 759 de
1804 704 1951 759 Esau
1975 720 1988 757 :

341 799 518 853 Filius
574 797 890 853 inobediens
946 798 1006 851 in
1061 796 1387 867 perditione.
1446 796 1513 849 Et
1585 794 1809 864 Moyses
1868 792 1991 864 pari

342 902 524 943 sensu
558 903 571 942 :
602 885 945 951 Maledicta,
977 884 1191 956 inquit,
1220 884 1375 939 homo
1421 885 1518 955 qui
1544 884 1821 937 maledicit
1843 882 1995 952 patri

338 976 421 1032 vel
449 977 640 1031 matri.
676 975 1054 1045 Rursumque
1082 971 1351 1028 Salomon
1388 989 1400 1027 :
1437 972 1577 1026 Filio
1630 970 1809 1025 doloso
1845 969 1991 1023 nihil

338 1066 447 1120 erit
478 1064 608 1119 boni
636 1063 822 1135 (Prov.
858 1079 972 1127 x1v,
1009 1063 1114 1123 15).
1150 1060 1405 1115 Perdidit
1435 1076 1572 1131 ergo
1636 1058 1987 1113 benedictio-

337 1156 558 1219 nem,et
578 1157 820 1225 paterna
841 1150 1173 1206 haereditate
1198 1149 1457 1221 privatus
1478 1153 1584 1203 est.
1612 1146 1761 1211 Quid
1784 1147 1990 1218 loquar

337 1243 409 1297 de
437 1241 649 1307 Adam,
680 1241 778 1312 qui
812 1241 883 1295 ab
914 1239 1079 1294 initio
1111 1238 1351 1293 humani
1380 1236 1612 1309 generis
1644 1237 1703 1289 in
1736 1237 1986 1291 formam

334 1329 743 1386 inobedientiae
772 1332 1261 1398 contemptusque
1320 1325 1657 1395 praecessit?
1689 1325 1868 1379 Datus
1900 1329 1989 1379 est

334 1418 490 1474 enim
523 1418 573 1473 ei
604 1418 940 1472 dominatus
971 1416 1029 1470 in
1062 1431 1265 1469 omnes
1307 1415 1523 1469 bestias
1579 1418 1783 1479 terras;
1835 1414 1989 1468 sicut

216 1518 223 1523 '
331 1516 391 1563 et
449 1506 837 1579 primogenito
879 1506 1052 1576 jussa
1081 1508 1221 1559 sunt
1276 1503 1401 1558 dari
1449 1502 1708 1574 duplicia
1766 1503 1983 1558 omnia.

333 1596 650 1668 Postquam
681 1611 816 1651 vero
866 1592 1219 1664 contempsit
1251 1592 1561 1664 imperium
1594 1591 1716 1657 Dei,
1750 1609 1863 1647 non
1894 1610 1984 1647 so-

332 1685 458 1740 lum
490 1684 748 1756 perdidit
776 1680 1235 1737 dominationem
1263 1706 1276 1747 ;
1310 1682 1411 1736 sed
1443 1686 1501 1735 et
1548 1682 1767 1751 ejectus
1797 1686 1887 1736 est
1913 1682 1984 1735 de

333 1772 481 1839 loco,
516 1788 694 1844 quem
728 1771 797 1825 ad
832 1768 1249 1825 habitationem
1292 1773 1591 1839 accepenat
1631 1768 1689 1823 in
1712 1768 1985 1823 similitu-

333 1861 531 1916 dinem
563 1859 821 1915 hominis
854 1856 1331 1929 tornicantis,qui
1354 1858 1424 1911 de
1457 1856 1708 1912 Ecclesia
1732 1858 1984 1927 ejicitur,

334 1954 393 2005 et
424 1966 460 2005 a
488 1965 602 2021 quo
632 1947 897 2003 aufertur
936 1946 1122 2019 gloria
1156 1964 1282 2002 sua.
1314 1946 1525 2001 Omnia
1570 1963 1694 2019 quas
1726 1945 1821 2001 ille
1853 1962 1987 2018 per-

334 2054 544 2109 pessus
564 2036 1063 2102 est,sustinebunt
1086 2036 1142 2091 hi
1164 2035 1262 2106 qui
1283 2035 1381 2090 Dei
1397 2035 1569 2105 jussa
1582 2040 1987 2102 contemnunt,

334 2131 393 2182 et
452 2125 823 2183 ambulantes
878 2124 937 2179 in
972 2123 1248 2196 superbia
1304 2123 1559 2179 sentient
1626 2122 1771 2179 illud
1830 2126 1985 2194 quod

334 2215 619 2287 scriptum
653 2219 785 2270 est:
837 2217 1024 2281 Dixit,
1054 2221 1104 2268 et
1150 2213 1426 2268 devoravit
1470 2228 1556 2267 eos
1608 2220 1758 2267 terra
1803 2213 1984 2283 (Num.

333 2321 450 2368 XVI,
481 2305 591 2373 32).
624 2303 735 2359 Nos
764 2320 918 2368 vero,
942 2302 1091 2372 justi
1126 2302 1230 2357 viri
1294 2302 1596 2357 imitemur
1632 2300 1986 2373 exemplum,

335 2393 435 2465 qui
468 2392 763 2464 sapienter
793 2409 961 2447 suam
995 2392 1247 2446 servavit
1278 2392 1541 2457 domum,
1575 2396 1632 2447 et
1679 2391 1984 2463 gigantum

334 2497 614 2554 percussa
672 2481 967 2552 superbia,
1016 2479 1345 2534 humilitate
1389 2483 1653 2535 servatus
1704 2490 1810 2536 est.
1873 2480 1986 2535 Nec

338 2571 556 2625 mirum
587 2568 637 2624 si
669 2569 793 2641 ipse
825 2573 883 2624 et
912 2568 1101 2634 liberi,
1132 2573 1306 2639 atque
1366 2584 1573 2623 uxores
1632 2584 1855 2630 eorum,
1916 2569 1988 2623 de

341 2662 550 2714 cuncto
580 2657 839 2712 humano
869 2673 1076 2728 genere
1107 2656 1383 2711 reservati
1415 2661 1555 2711 sunt
1588 2672 1599 2709 :
1646 2673 1777 2712 cum
1810 2658 1984 2712 etiam

328 2748 605 2818 jumenta
628 2750 685 2801 et
713 2744 966 2800 volatilia
997 2746 1287 2802 evaserint
1307 2750 1549 2800 mortem
1573 2749 1629 2799 et
1657 2746 1987 2801 obedientia

333 2834 565 2891 liberati
597 2835 718 2890 sint
754 2876 766 2888 .
802 2833 1155 2890 Columbam
1188 2834 1384 2891 emisit
1414 2834 1484 2889 de
1515 2850 1648 2889 arca
1686 2834 1824 2901 Noe,
1858 2851 1984 2905 qum

337 2923 625 2978 mittentis
654 2939 866 2994 parens
917 2921 1331 2991 voluntati,ivit
1378 2927 1435 2976 et
1492 2940 1719 2977 reversa
1774 2928 1883 2985 est,
1930 2928 1987 2978 et

336 3012 745 3068 condemnavit
765 3012 1094 3067 obedientia
1114 3028 1221 3066 sua
1240 3011 1507 3067 homines
1524 3017 1983 3083 contemptores;

334 3118 400 3157 eo
431 3101 583 3173 quod
616 3100 736 3157 avis
768 3099 1017 3156 audierit
1048 3101 1302 3171 justum,
1336 3105 1392 3154 et
1440 3099 1710 3154 homines
1744 3116 1853 3154 non
1886 3116 1985 3153 au-

2112 525 2286 591 Deus,
2319 526 2389 580 de
2421 523 2562 579 coelo
2593 528 2802 579 cuncta
2831 528 3229 595 prospectans,
3261 525 3317 576 et
3345 521 3405 575 in
3434 519 3530 575 die
3553 518 3750 576 visita-

2102 614 2282 668 tionis
2315 613 2640 668 secundum
2663 628 2839 683 opera
2860 610 3109 683 singulis
3132 609 3490 665 redditurus.
3512 607 3749 664 Omnia-

2102 718 2215 773 que
2246 702 2431 756 sancti
2465 702 2593 771 ejus
2624 705 2947 772 sequantur
2974 699 3238 770 vestigia,
3271 714 3522 770 quorum
3553 702 3613 753 et
3639 711 3750 753 nos

2101 790 2386 845 debemus
2411 790 2614 844 audire
2646 793 2951 861 praecepta.
2989 789 3244 844 Locutus
3276 804 3407 843 sum
3436 786 3601 843 vobis
3648 803 3754 858 per

2101 878 2506 934 infirmitatem
2540 895 2752 933 meam.

2302 1021 2556 1077 95-96
2598 1021 2945 1077 EPISTULA
2988 1020 3048 1076 P.
3091 1021 3157 1093 Ν.
3200 1018 3543 1076 PACHOMII

2106 1128 2188 1185 Ad
2217 1130 2420 1200 Syrum
2460 1130 2681 1183 Patrem
2710 1129 3049 1196 monasterii,
3082 1128 3223 1199 quod
3267 1132 3489 1183 vocatur
3513 1126 3749 1195 Chnum,

2168 1203 2216 1325 fit
2253 1203 2516 1256 Joannem
2543 1201 2897 1271 pra‘pvsz'lum
2928 1202 2986 1254 in
3015 1200 3200 1256 eodem
3228 1201 3554 1255 monasterio
3583 1200 3754 1255 unius

2209 1288 2387 1325 mnus.

2209 1288 2387 1326 emus.

2169 1414 2262 1468 Vl.
2297 1413 2437 1469 Volo
2469 1430 2570 1468 vos
2602 1413 2925 1485 intelligere
2957 1413 3200 1480 litteras,
3247 1429 3394 1485 quas
3426 1414 3756 1486 scripsistis

2097 1502 2354 1566 mihi,et
2412 1520 2558 1574 quas
2616 1519 2722 1574 ego
2778 1503 3049 1573 rescripsi
3109 1502 3292 1568 vobis,
3351 1507 3409 1558 et
3454 1504 3752 1575 quomodo

2100 1595 2363 1663 oporteat
2392 1591 2589 1645 omnia
2612 1591 2859 1662 spiritali
2889 1590 3192 1663 Alphabeti
3224 1591 3512 1647 elementa
3531 1609 3753 1666 cogno-

2095 1695 2276 1733 scere.
2310 1680 2555 1734 Scribite
2587 1680 2712 1734 Moe
2743 1696 2920 1750 super
2948 1679 3088 1735 Heta
3118 1684 3175 1734 et
3206 1680 3407 1747 Theta,
3426 1686 3483 1736 et
3510 1681 3751 1738 scribite

2091 1767 2224 1822 Zeta
2254 1784 2432 1839 super
2460 1767 2525 1822 Xi
2550 1786 2561 1822 :
2585 1772 2643 1823 et
2671 1768 2779 1822 Ma:
2810 1773 2866 1823 et
2898 1768 3157 1824 Lambda
3185 1774 3243 1824 et
3275 1769 3415 1824 Iota.
3445 1770 3751 1834 Quomodo

2095 1856 2355 1929 legentes
2385 1857 2491 1912 has
2536 1855 2762 1911 litteras
2809 1855 3260 1929 compleveritis,
3294 1858 3531 1915 scribite
3558 1859 3750 1932 vobis,

2096 1949 2161 2000 ut
2213 1944 2555 2017 intelligetis
2614 1946 2892 2017 mysteria
2940 1946 3290 2001 litterarum.
3339 1946 3421 2002 Ne
3474 1947 3752 2004 scribatis

2097 2034 2223 2089 Moe
2255 2050 2433 2106 super
2461 2034 2525 2088 Xi
2557 2038 2614 2089 et
2643 2039 2735 2089 eta
2792 2038 2849 2089 et
2881 2034 2949 2089 Hi
2983 2051 2997 2089 ε
3031 2035 3131 2089 sed
3161 2039 3228 2090 ut
3256 2034 3443 2105 magis
3472 2036 3752 2093 scribatis

2096 2123 2232 2177 Zeta
2261 2139 2438 2193 super
2468 2123 2555 2187 Xi,
2589 2128 2643 2177 et
2666 2122 2792 2177 Moe
2823 2138 3002 2193 super
3030 2123 3176 2178 Heta
3210 2127 3268 2178 et
3296 2124 3499 2181 Theta.
3531 2126 3752 2181 Susce-

2097 2211 2211 2282 ptis
2244 2211 2453 2266 litteris
2481 2211 2692 2266 vestris
2723 2212 2921 2266 statim
2973 2211 3265 2284 rescripsi,
3296 2216 3354 2269 et
3395 2213 3468 2269 ad
3500 2214 3754 2287 mystica

2096 2316 2201 2372 ego
2232 2316 2466 2371 quoque
2494 2304 2721 2355 sacrata
2779 2300 3073 2371 respondi.
3131 2301 3529 2358 Animadverti
3585 2303 3750 2361 enim

2095 2389 2377 2444 terminos
2409 2405 2536 2444 esse
2567 2388 2836 2459 Epistolas
2866 2393 3069 2443 vestrae
3120 2389 3265 2445 Heta
3316 2395 3373 2446 et
3421 2391 3609 2447 Theta
3641 2410 3654 2448 :
3690 2397 3754 2449 et

2098 2478 2311 2533 idcirco
2342 2476 2515 2533 etiam
2544 2493 2649 2549 ego
2698 2476 2758 2531 in
2816 2478 3092 2532 eumdem
3150 2495 3391 2535 sensum
3447 2481 3752 2554 verbaque

2096 2567 2365 2622 consensi
2396 2582 2407 2620 :
2444 2582 2516 2621 ne
2546 2566 2738 2637 impar
2766 2566 2958 2621 videre
3005 2572 3208 2622 vestra:
3268 2567 3654 2641 negligentie,
3686 2576 3754 2628 et

2095 2655 2314 2727 aliquid
2364 2671 2433 2709 ex
2479 2654 2649 2709 nobis
2679 2655 2879 2710 damni
2910 2655 3281 2711 sustineretis
3336 2658 3550 2731 Scripsi
3607 2676 3754 2734 ergo

2095 2761 2197 2799 vos
2227 2744 2451 2798 Simma
2482 2742 2622 2798 Phi:
2686 2744 2990 2799 rescribite
3021 2743 3146 2801 Chi.
3184 2745 3409 2817 .Itaque
3467 2763 3625 2804 nunc
3684 2749 3757 2807 in

2095 2833 2304 2888 diebus
2334 2832 2462 2886 istis
2494 2848 2607 2886 non
2665 2832 2980 2888 scribimus
3034 2833 3216 2888 Theta
3270 2834 3415 2889 Moe.
3449 2836 3520 2891 Et
3548 2854 3621 2893 ne
3664 2838 3756 2900 di.

2095 2921 2293 2978 xeritis
2328 2938 2340 2975 :
2379 2927 2693 2975 Possumus
2753 2920 3003 2977 scribere
3065 2922 3133 2991 N,
3168 2922 3332 2991 Heta,
3363 2924 3492 2993 Phi,
3525 2926 3752 2998 Labda,

2097 3010 2405 3075 OYYOYY,
2442 3010 2655 3074 Labda,
2686 3011 2823 3073 lota,
2857 3010 3089 3077 Labda;
3131 3027 3262 3066 ecce
3321 3013 3529 3084 scripsi
3583 3015 3758 3075 vobis

2094 3105 2151 3155 et
2181 3099 2243 3155 Xi
2278 3104 2463 3154 totum
2497 3102 2669 3169 atque
2701 3099 3019 3169 perlectum
3058 3099 3114 3153 in
3146 3115 3336 3172 gyros.
3372 3102 3440 3156 Et
3463 3118 3565 3159 vos
3596 3104 3754 3161 scri-

337 3189 550 3275 dierint
580 3195 782 3245 Deum.
812 3189 1028 3244 Omnes
1058 3204 1286 3260 quoque
1319 3188 1510 3243 bestiis
1543 3193 1597 3242 et
1628 3192 1835 3243 cuncta
1861 3186 1979 3241 ani-
2009 3175 2050 3241 C
2091 3190 2230 3245 bitis
2288 3188 2351 3242 Xi
2402 3193 2459 3243 et
2506 3187 2631 3252 Phi,
2681 3192 2743 3242 ut
2794 3187 3033 3259 possitis
3080 3189 3333 3245 scribere
3355 3189 3578 3247 Simma
3597 3195 3749 3251 Hoc.

341 3279 565 3335 mantia
595 3295 697 3351 per
716 3278 1104 3334 obedientiam
1131 3277 1375 3332 liberata
1394 3282 1551 3332 sunt.
1577 3278 1646 3331 Et
1673 3276 1813 3348 quia
1844 3276 1985 3331 talia

339 3372 528 3433 erant,
562 3373 866 3440 propterea
895 3367 965 3421 de
996 3366 1113 3422 illis
1144 3366 1354 3422 obtulit
1391 3366 1651 3421 victimas
1684 3366 1816 3421 Deo.
1850 3366 1983 3429 Qum

340 3455 588 3513 historia
618 3472 725 3511 nos
756 3456 943 3521 docet,
970 3472 1098 3526 qua:
1131 3454 1353 3510 scilicet
1393 3454 1453 3509 in
1510 3455 1607 3510 Dei
1670 3456 1988 3509 offerantur

341 3545 629 3600 sacrificio
660 3543 771 3617 [Αι.
804 3544 1148 3614 sacrificia];
1180 3548 1237 3597 et
1264 3544 1313 3599 si
1345 3544 1680 3599 obedientes
1713 3543 1782 3597 ad
1829 3543 1988 3598 illius

341 3633 561 3689 fuerint
604 3633 957 3705 jussionem,
990 3637 1273 3688 eruantur
1302 3634 1372 3688 de
1405 3632 1630 3703 laqueis
1661 3630 1899 3699 diaboli,
1934 3637 1990 3687 et

338 3723 467 3792 ejus
499 3722 668 3779 bonis
702 3721 1112 3795 perfruantur;
1150 3739 1261 3776 non
1311 3722 1632 3777 secundum
1684 3737 1858 3793 opera
1895 3721 1991 3791 ju-

338 3811 510 3867 stitia:
542 3829 681 3877 suae,
717 3811 817 3867 sed
851 3812 1173 3867 secundum
1210 3810 1668 3865 misericordiam
1701 3810 1850 3878 ejus,
1875 3826 1992 3881 qua

339 3900 390 3957 ei
420 3917 624 3957 omnes
655 3900 1280 3973 appropinquavimus.
1302 3902 1435 3965 Quae
1469 3905 1711 3954 ventura
1742 3899 1992 3955 scientes

341 3990 510 4046 nobis
540 3990 789 4046 invicem
824 3989 1109 4045 charitate
1132 3990 1548 4060 jungamur,ut
1584 3987 1835 4059 effugere
1869 4005 1992 4060 pos-

340 4079 530 4135 simus
558 4077 966 4133 imminentem
1014 4078 1358 4133 sententiam
1410 4077 1532 4133 Dei.
1591 4076 1714 4131 Noli
1752 4078 1821 4132 ad
1881 4078 1992 4132 ira-

339 4167 615 4223 cundiam
658 4164 914 4238 aliquem
978 4167 1296 4239 provocari,
1357 4183 1428 4222 ne
1486 4167 1629 4222 forte
1688 4166 1993 4231 moriatur,

340 4261 399 4312 et
457 4254 810 4328 relinqueris
862 4255 1102 4328 ligatus,
1160 4257 1471 4327 omnisque
1510 4257 1638 4326 ejus
1669 4256 1905 4311 tristitia
1935 4255 1994 4310 in

342 4351 508 4401 tuam
564 4346 820 4401 animam
872 4346 1223 4413 conferatur,
1259 4350 1315 4400 et
1355 4345 1616 4400 effundat
1647 4345 1789 4400 iram
1826 4360 1994 4400 suam

344 4450 522 4506 super
552 4438 607 4489 te
638 4434 811 4502 Deus,
846 4434 984 4507 quia
1015 4441 1069 4490 et
1101 4439 1162 4490 tu
1206 4434 1458 4489 etfudisti
1521 4433 1773 4489 furorem
1828 4440 1994 4488 tuum

2093 3280 2236 3334 Ecce
2293 3277 2476 3332 Theta
2534 3274 2815 3347 scriptum
2850 3282 2939 3331 est
2968 3276 3231 3332 antehac.
3268 3279 3533 3335 Sufficiat
3576 3282 3753 3340 vobis

2093 3383 2294 3422 curam
2324 3366 2536 3421 habere
2593 3365 2791 3436 Kappa
2847 3372 2903 3419 et
2958 3366 3101 3421 Tau.
3163 3366 3220 3421 Si
3277 3371 3472 3423 tamen
3530 3370 3750 3429 exituri

2094 3457 2251 3521 estis,
2287 3455 2636 3526 scripsimus
2678 3456 2840 3509 vobis
2889 3454 2979 3521 Hi,
3040 3460 3275 3526 propter
3332 3455 3590 3514 laborem
3643 3476 3747 3516 ve-

2097 3550 2308 3607 strum,
2342 3549 2405 3599 ut
2430 3560 2663 3598 omnem
2718 3542 3044 3598 adhibeatis
3075 3542 3531 3602 sollicitudinem
3583 3552 3755 3606 ante-

2098 3650 2275 3707 quam
2306 3631 2776 3705 proﬁciscamini.
2811 3632 2953 3686 Nam
2988 3636 3045 3687 et
3101 3650 3205 3689 nos
3246 3636 3510 3691 eamdem
3542 3653 3755 3696 curam

2098 3722 2386 3778 habemus
2418 3737 2594 3792 quam
2628 3725 2684 3774 et
2712 3738 2810 3777 vos
2856 3737 2869 3775 :
2933 3738 3120 3793 neque
3176 3723 3490 3796 sripsimus
3547 3726 3759 3801 Kappa

2096 3818 2154 3867 et
2186 3812 2329 3866 Tan.
2359 3810 2576 3881 Scripsi
2608 3810 2770 3865 vobis
2804 3812 3061 3878 nomine,
3084 3812 3239 3868 unde
3270 3818 3327 3868 et
3354 3830 3477 3881 vos,
3511 3817 3758 3887 quando

2099 3901 2359 3955 videritis
2390 3899 2676 3971 scriptum
2712 3904 2914 3972 Kappa
2958 3906 3016 3956 et
3064 3901 3207 3967 Tau,
3242 3903 3544 3961 rescribite
3592 3906 3753 3965 Zeta.

2101 3989 2342 4056 Quando
2374 3988 2634 4044 videritis
2692 3989 2916 4044 Simma
2973 3994 3029 4045 et
3082 3990 3207 4057 Phi,
3270 3994 3569 4049 rescribite
3602 3995 3758 4053 Moe.

2102 4079 2343 4145 Quando
2378 4078 2574 4133 YOYY
2604 4079 2966 4151 Kappa,-Ro,
3032 4080 3171 4150 quia
3226 4081 3555 4138 invenimus
3612 4085 3760 4141 scri-

2103 4174 2267 4240 ptum
2296 4186 2308 4236 ;
2337 4185 2443 4223 nos
2474 4172 2670 4223 autem
2722 4168 3065 4237 scripsimus
3104 4169 3346 4239 Simma,
3380 4170 3483 4226 Phi
3540 4172 3760 4232 habete

2105 4273 2329 4313 curam.
2366 4257 2482 4311 Hoc
2511 4256 2667 4312 enim
2700 4256 2975 4312 scribitur
3005 4258 3064 4313 in
3097 4258 3304 4314 diebus
3337 4259 3464 4315 istis
3495 4261 3598 4329 Ro,
3632 4262 3757 4319 sol-

2103 4346 2245 4402 liciti
2280 4351 2462 4401 estote
2486 4364 2499 4413 ;
2534 4362 2661 4418 quae
2694 4344 2928 4400 litterra:
2955 4351 3235 4402 vocantur
3255 4349 3585 4422 XEgyptiace
3609 4350 3762 4409 Ore:

2105 4441 2162 4492 et
2192 4436 2355 4491 Thei.
2389 4434 2684 4506 Scriptum
2720 4434 3050 4491 invenimus
3082 4437 3514 4510 enim,quaeque
3543 4457 3759 4498 voean-

343 4540 523 4596 super
553 4523 788 4579 fratrem
823 4529 1015 4579 tuum.
1054 4524 1175 4579 Non
1210 4523 1634 4579 obliviscamini
1699 4524 1996 4579 mandato-
2028 4546 2073 4610 Β
2107 4530 2207 4581 tur
2237 4525 2565 4597 Egyptiace
2596 4524 2797 4579 littera:
2858 4524 2957 4580 Rei
3016 4531 3072 4581 et
3117 4526 3281 4583 Thei.
3343 4528 3561 4584 Habeto
3613 4546 3760 4604 ergo

347 4630 477 4670 rum
514 4612 637 4680 Dei,
673 4630 741 4668 ne
773 4612 1003 4669 dicatur
1031 4613 1102 4667 de
1150 4613 1313 4668 vobis
1363 4628 1375 4665 :
1438 4616 1734 4667 Verterunt
1787 4614 1860 4668 ad
1913 4630 1998 4668 me

343 4702 512 4759 dorsa
541 4719 663 4769 sua,
695 4710 746 4757 et
790 4720 899 4757 non
929 4704 1155 4773 faciem,
1197 4711 1247 4757 et
1304 4703 1362 4756 in
1413 4706 1649 4771 tempore
1678 4703 1999 4773 afﬂi'rtionis

342 4808 455 4849 suae
482 4792 685 4849 dicent.
725 4792 894 4862 Surge
920 4799 972 4846 et
1000 4792 1176 4846 salvos
1202 4807 1303 4845 nos
1324 4791 1414 4860 [ac
1442 4792 1659 4857 (Jerem.
1694 4808 1849 4857 xvm,
1888 4794 1993 4863 17).

348 4882 415 4937 Et
446 4882 571 4953 ipse
603 4879 981 4951 respondebit
1013 4896 1026 4934 :
1084 4881 1340 4950 Arguam
1391 4878 1629 4934 delicias
1688 4896 1910 4944 eorum,
1941 4888 1997 4937 et

347 4987 462 5026 non
490 4986 589 5027 eos
617 4968 826 5025 faciam
860 4968 1157 5041 pervenire
1187 4968 1255 5022 ad
1293 4969 1528 5040 pascha,
1558 4970 1629 5023 ad
1661 4971 1813 5041 quod
1858 4988 1994 5027 con;

346 5063 644 5114 vocantur.
682 5058 1063 5121 Lahoremus,
1096 5058 1338 5112 invicem
1400 5075 1578 5113 onera
1637 5065 1832 5113 nostra
1864 5077 1993 5131 por-

348 5151 559 5214 tantes,
596 5148 746 5201 sicut
774 5151 829 5201 ct
858 5146 1126 5201 Christus
1170 5148 1417 5217 portavit
1465 5146 1834 5204 infirmitates
1891 5166 1992 5204 no-

350 5240 504 5293 stras
534 5235 594 5289 in
626 5251 732 5290 suo
764 5252 1022 5307 corpore,
1070 5240 1127 5289 et
1184 5252 1295 5290 non
1328 5236 1553 5290 defecit.
1618 5237 1674 5292 Si
1720 5238 1996 5309 magister

350 5329 551 5384 noster
579 5329 667 5381 est
695 5324 983 5389 Christus,
1010 5324 1203 5379 simus
1224 5324 1351 5395 ejus
1382 5326 1723 5394 imitatores,
1750 5333 1806 5381 et
1838 5327 1994 5383 illius

352 5418 652 5489 portemus
684 5413 929 5484 injurias
965 5430 977 5468 :
1014 5429 1085 5467 ne
1117 5413 1172 5468 in
1203 5414 1395 5469 futuro
1426 5419 1685 5487 tempore
1717 5434 1749 5471 a
1780 5416 1997 5471 nostris

352 5503 651 5570 fratribus,
685 5502 785 5575 qui
817 5502 1221 5559 tribulationes
1250 5504 1407 5576 passi
1441 5511 1598 5567 sunt,
1632 5522 1993 5579 separemur.

352 5592 517 5675 Sicut
543 5597 600 5652 et
650 5591 750 5653 alii
779 5592 940 5670 passi
972 5597 1111 5653 sunt
1164 5594 1280 5671 qui
1315 5593 1633 5655 noluerunt
1681 5594 1996 5669 virtutibus

2106 4632 2308 4670 curam
2341 4614 2430 4680 Hi,
2462 4619 2518 4669 et
2547 4614 2781 4669 scribite
2809 4612 3029 4685 Alpha;
3063 4616 3198 4687 quia
3229 4617 3361 4673 dedi
3413 4619 3575 4676 vobis
3605 4619 3760 4679 illud

2108 4721 2210 4777 pro
2243 4704 2331 4759 Hi.
2368 4703 2613 4759 Scribite
2643 4718 2875 4775 quoque
2934 4704 3178 4774 Simma,
3213 4706 3312 4779 qui
3350 4708 3633 4781 scriptum
3666 4716 3765 4769 est

2106 4794 2223 4849 Tan
2259 4798 2315 4849 et
2345 4792 2527 4857 Delta,
2561 4797 2625 4846 ut
2653 4792 2723 4847 ad
2785 4809 2891 4848 nos
2920 4795 3218 4864 pervenire
3252 4795 3510 4852 valeatis.
3545 4799 3764 4860 Cavete

2107 4900 2178 4937 ne
2210 4880 2633 4937 obliviscamini
2686 4881 2937 4939 scribere
2976 4884 3069 4939 Psi
3127 4901 3305 4955 super
3360 4886 3581 4959 Kappa,
3612 4889 3764 4959 quia

2108 4972 2393 5043 scriptum
2426 4974 2513 5025 est
2545 4972 2725 5041 prius,
2759 4976 2815 5026 et
2847 4972 2927 5027 Ro
2957 4977 3091 5029 ante
3131 4973 3275 5029 illud
3305 4976 3590 5047 scriptum
3620 4983 3716 5034 est
3743 4995 3759 5036 :

2109 5066 2165 5115 et
2196 5078 2267 5114 ne
2321 5060 2465 5115 forte
2496 5058 2701 5115 dicatis
2731 5060 2915 5117 Theta
2946 5061 3229 5134 scriptum
3261 5081 3407 5129 esse,
3440 5070 3497 5120 et
3529 5070 3760 5138 partem

2104 5150 2191 5204 Xi.
2238 5150 2365 5204 Ideo
2398 5153 2583 5203 totum
2617 5150 2929 5208 scribimus
2961 5152 3133 5220 Beta;
3168 5170 3238 5209 ne
3296 5154 3563 5211 diceretis
3596 5160 3761 5229 quod

2108 5238 2356 5294 Gamma
2411 5239 2485 5293 sit
2544 5238 2853 5311 scriptum.
2908 5241 2970 5295 In
3030 5243 3189 5298 omni
3252 5244 3508 5316 Epistola
3573 5263 3760 5319 quam

2108 5326 2313 5398 scripsi
2346 5327 2527 5395 vobis,
2561 5328 2631 5383 de
2662 5334 2852 5385 vestra
2908 5332 3167 5387 sessione
3199 5334 3530 5390 continetur
3575 5341 3633 5391 et
3681 5337 3759 5397 de

2106 5416 2552 5484 resurrectione,
2586 5421 2642 5473 et
2669 5417 2741 5473 de
2783 5419 2990 5474 umbra
3040 5422 3443 5493 antemuralis,
3505 5440 3631 5496 quae
3663 5431 3764 5486 est

2106 5512 2267 5562 extra
2290 5522 2544 5561 murum.
2578 5506 2731 5562 Odor
2760 5508 3059 5578 sapientia:
3091 5516 3291 5566 vestra:
3321 5514 3393 5569 ad
3426 5530 3532 5569 nos
3565 5528 3758 5591 usque

2106 5594 2390 5671 pervenit,
2422 5601 2478 5655 et
2507 5596 2790 5675 compulit
2814 5596 2935 5659 haec
2968 5598 3435 5667 vobis‘scribere.
3466 5604 3653 5668 Etvos
3689 5612 3758 5693 ut
