3970 6428
222 312 320 388 tot
1003 308 1644 377 INTERPHETA'I‘IO
1687 302 2250 375 EPISTOLARUM
2297 307 2362 371 s.
2408 301 2813 373 PACHOMII.
2910 285 2927 301 '
3502 301 3620 365 λος

222 446 501 520 sapientes
528 444 834 521 intelligite
865 463 991 520 qua:
1033 446 1366 519 scripserim
1398 445 1563 502 vobis
1606 464 1620 513 ;
1673 450 1729 500 et
1758 461 1852 501 ex-
1888 450 1940 514 Α
1969 446 2240 515 quaerunt
2296 458 2429 496 cum
2463 440 2758 513 lacrymis,
2790 443 2845 493 et
2875 438 3086 493 diebus
3114 452 3182 491 ac
3213 434 3482 491 noctibus
3528 435 3617 491 in-

222 536 402 593 hibete
428 552 534 594 vos
576 535 782 609 quales
829 552 997 593 meus
1048 552 1241 592 sermo
1283 534 1612 591 describere
1659 534 1853 606 elegit.
1967 530 2337 603 gemiscunt:
2371 530 2470 585 sed
2505 528 2730 601 decepti
2761 525 3063 584 oculorum
3105 523 3620 597 concupiscentiis,

362 679 706 737 EPISTULA
743 679 1007 737 PATRIS
1046 678 1314 736 NOSTRI
1354 675 1705 734 PACHOMII

2060 619 2255 676 carnis
2312 618 2750 676 titillationibus
2796 616 3076 689 superati,
3138 614 3510 670 dormierunt
3559 614 3621 670 in

2057 708 2191 764 nitu
2221 711 2278 764 et
2309 706 2509 764 dolore
2538 706 2751 772 cordis,
2785 705 2939 778 quod
2996 721 3111 759 non
3166 706 3484 776 potuerunt
3516 703 3618 760 do-

220 787 300 846 Ad
326 787 584 865 universa
612 789 972 865 monasteria,
1004 795 1066 842 ut
1092 792 1489 865 congregemur
1529 801 1723 865 omnes
1739 800 1859 865 mo-

2057 796 2182 852 nari
2216 796 2370 852 carni
2404 814 2545 863 suae,
2573 800 2630 851 et
2663 794 3039 852 zestuantium
3071 792 3492 865 cogitationum
3530 793 3623 847 in-

283 860 648 915 nasteriorum
698 860 976 931 principes
1033 866 1084 916 et
1140 858 1426 915 domorum
1464 858 1749 928 praepositi
1796 858 1859 910 in

283 932 674 987 monasterium
729 930 869 1002 quod
921 932 1145 985 vocatur
1208 933 1406 994 Baum,
1463 926 1860 1002 vicesimo__die

2057 885 2193 941 itiva
2223 886 2640 957 comprimere;
2674 901 2778 956 pro
2803 883 2987 938 ﬁrmis
3016 886 3073 938 et
3095 881 3396 954 perpetuis
3426 879 3629 937 inania

2057 975 2281 1002 ...:........
2314 979 2603 1002 “manna...
2651 973 2753 1002 nn:
2781 973 3111 1002 ,δηνάρια-...νει
3139 970 3320 1002 Ιηηηηη
3368 975 3420 1002 οι
3453 986 3626 1002 Ann-an

285 970 1430 1074 $5337.33];vﬁwig§525}"hpp‘éiui&’r
1667 970 1858 1070 η’[ίᾶἶ

2057 975 2284 1046 aviaque
2314 979 2625 1032 sectantes.
2651 973 2759 1039 Qui
2779 973 3116 1028 desiderant
3136 970 3347 1043 legem,
3367 975 3425 1027 et
3452 986 3627 1043 opere

285 1060 595 1146 Augustus],
643 1060 707 1129 ἀι
763 1060 1163 1146 ritefoinnium‘
1173 1060 1520 1145 peccatorum
1547 1060 1861 1143 αιᾳιιθόρά-
1969 1064 2071 1121 Dei
2097 1064 2413 1120 destruunt
2440 1062 2800 1118 voluntatem
2823 1080 2836 1131 ;
2859 1078 2995 1117 vera
3013 1060 3368 1130 judicant,et
3389 1060 3627 1132 vincun-

287 1145 405 1202 rum
438 1147 691 1201 remissio
722 1145 1074 1217 compleatur.

2057 1172 2069 1208 ξ
2124 1153 2469 1209 mendaciis.
2519 1153 2648 1208 IdtO
2706 1150 3128 1224 Ingemiscunt,
3179 1149 3349 1221 juxta
3397 1149 3628 1220 eloquia

287 1251 404 1308 νη.
437 1252 696 1323 Tempus
726 1251 788 1306 in
819 1250 1083 1322 proximo
1114 1255 1229 1319 est,
1258 1252 1325 1305 ut
1380 1249 1441 1304 in
1472 1263 1658 1304 unum
1724 1262 1861 1303 con-
1973 1242 2479 1316 pr0phetarum,et
2526 1245 2805 1312 perpetuo
2835 1244 3053 1295 terrore
3085 1238 3392 1304 ﬂuctuant,
3445 1238 3631 1294 donec

221 1340 458 1398 veniatis
479 1343 653 1412 juxta
694 1357 915 1396 morem
966 1339 1306 1412 pristinum,
1341 1339 1514 1410 juxta
1559 1336 1862 1408 antiquam
1973 1331 2271 1398 deﬁciant,
2304 1336 2361 1386 et
2392 1331 2696 1385 tabescant
2725 1330 2783 1383 in
2816 1328 2926 1383 viis
2978 1327 3103 1383 suis
3133 1333 3192 1383 et
3239 1328 3541 1384 dormiant
3569 1326 3629 1382 in

224 1431 723 1499 consuetudinem,
756 1434 821 1485 ut
877 1428 1148 1485 remissio
1193 1427 1460 1484 omnium
1510 1414 1707 1483 rerum
1756 1425 1866 1479 rite
1973 1419 2298 1476 doloribus.
2335 1419 2439 1483 Qui
2474 1424 2669 1474 autem
2701 1434 2832 1473 vere
2851 1417 2999 1487 justi
3029 1420 3186 1484 sunt,
3218 1421 3278 1472 et
3306 1415 3527 1473 habent
3568 1416 3628 1472 in

223 1519 558 1587 celebretur,
592 1524 659 1575 ut
708 1518 1076 1592 cognoscatis
1105 1517 1351 1573 invicem
1388 1535 1401 1572 :
1445 1520 1510 1572 ut
1564 1514 1868 1571 dimittant
1977 1525 2041 1566 se
2072 1525 2300 1582 pacem,
2334 1507 2712 1580 perfruuntur
2740 1507 2953 1579 gaudio
2983 1505 3361 1578 sempiterno.

224 1608 454 1683 singuli,
478 1610 650 1681 juxta
679 1613 1034 1681 praeceptum
1066 1605 1378 1679 Evangelii,
1430 1605 1626 1661 debita
1672 1602 1864 1659 fratri-
2138 1633 2489 1689 EPISTOLA
2528 1632 2789 1688 PATRIS
2828 1631 3083 1687 NOSTRI
3125 1631 3460 1686 PACHOMH

224 1698 330 1800 bus
355 1698 505 1800 suis,
539 1702 595 1800 et
622 1696 895 1800 tristitiae
925 1714 990 1753 ac
1011 1694 1345 1800 simultates
1382 1711 1394 1750 :
1436 1698 1495 1750 et
1521 1694 1571 1800 si
1776 1695 1869 1800 έθξ
1976 1723 2055 1779 Ad
2078 1725 2279 1795 fratres
2310 1724 2407 1794 qui
2440 1721 2735 1800 tondebant
2765 1722 2821 1775 in
2852 1720 3097 1800 deserto__
3118 1736 3333 1800 capras,
3385 1720 3449 1775 de
3497 1737 3637 1792 qua-

218 1787 413 1862 jurgii,
447 1804 483 1844 a
510 1786 684 1843 choro
716 1789 1052 1843 sanctorum
1095 1784 1367 1857 abigatur
1424 1801 1438 1839 :
1498 1787 1564 1839 ut
1620 1782 1869 1838 liberent
1897 1827 1947 1892 Β
2078 1782 2089 1795 ⁸
2316 1782 2333 1794 ⁸
2404 1810 2529 1848 rum
2564 1793 2676 1863 ﬁli;
2706 1796 2971 1848 umnam-
2998 1782 3208 1847 σίιέοίιί,

223 1877 392 1933 corda
420 1893 530 1933 sua
554 1876 764 1932 timore
796 1876 913 1942 Dei,
946 1880 1003 1931 et
1031 1874 1231 1948 fugato
1262 1872 1586 1941 mendacio,
1606 1871 1872 1927 domine-

223 1970 318 2022 tur
343 1966 652 2034 veritas,ut
680 1965 1051 2021 cessantibus
1080 1961 1274 2031 bellis,
1297 1962 1454 2035 pacis
1474 1959 1877 2033 tranquillitas

226 2055 458 2124 redeat;
509 2059 567 2111 et
595 2054 655 2111 in
685 2071 754 2110 ea
783 2052 1090 2110 ambulare
1121 2050 1361 2125 possitis
1390 2066 1587 2106 coram
1647 2049 1763 2105 Deo
1821 2053 1879 2105 et

229 2144 573 2201 hominibus
608 2160 621 2198 :
653 2148 720 2199 ut
748 2159 955 2199 omnes
984 2142 1288 2214 mqualiter
1325 2139 1587 2213 diligatis
1613 2157 1625 2195 :
1662 2143 1726 2194 ut
1754 2155 1876 2195 ser-

2057 1909 2207 1966 Vlll.
2245 1911 2394 1966 Deus
2427 1908 2636 1982 quaerit
2692 1908 3003 1981 diligentes
3062 1924 3167 1963 se:
3219 1908 3374 1964 sicut
3420 1908 3643 1964 invenit

1987 1997 2163 2055 Israel
2192 1999 2361 2071 quasi
2394 2015 2567 2053 uvam
2598 1997 2655 2052 in
2689 1997 2939 2064 deserto,
2972 2001 3030 2053 et
3059 1990 3228 2069 quasi
3257 1997 3403 2053 ficus
3436 1998 3642 2069 primi-

1990 2089 2156 2154 tivas,
2190 2087 2275 2144 sic
2334 2089 2627 2151 inventus,
2659 2090 2749 2143 est
2801 2091 2858 2142 et
2880 2086 3062 2142 Jacob
3116 2086 3177 2142 in
3216 2082 3639 2159 Mesopotamia

1987 2194 2123 2234 cum
2155 2182 2378 2233 erraret
2402 2178 2569 2249 quasi
2604 2193 2715 2232 uva
2744 2176 2803 2232 in
2835 2175 3170 2243 solitudine,
3229 2181 3288 2231 et
3316 2175 3533 2248 Joseph
3580 2178 3644 2232 in

1989 2268 2232 2340 [Egypto
2266 2267 2422 2322 sicut
2468 2267 2614 2322 ficus
2646 2265 2943 2337 primitiva
2974 2282 2988 2320 :
3023 2281 3199 2337 quem
3258 2265 3413 2321 inter
3440 2282 3645 2322 omnes

1992 2356 2198 2411 fratres
2228 2372 2366 2411 suos
2410 2354 2679 2427 cognovit
2706 2354 2945 2419 Deus,et
2974 2353 3135 2409 dedit
3165 2353 3217 2409 ei
3251 2352 3643 2425 principatum

1990 2449 2125 2518 post
2161 2443 2379 2499 multas
2436 2442 2761 2516 angustias.
2823 2444 3005 2508 Quem
3064 2441 3348 2497 debemus
3404 2441 3645 2511 imitari,

1990 2534 2130 2606 quia
2157 2532 2294 2587 vicit
2323 2548 2558 2588 carnem
2612 2547 2803 2593 suam.
2838 2530 3266 2603 prostravitque
3311 2522 3646 2604 peccatum,

1993 2627 2051 2679 et
2081 2622 2382 2678 oculorum
2415 2620 2659 2677 ealcavit
2687 2620 2953 2675 insidias.
2988 2619 3112 2675 Non
3145 2623 3235 2676 est
3261 2624 3497 2676 secutus
3549 2637 3648 2676 sa-

1993 2711 2297 2768 turitatem
2328 2710 2571 2776 ventris,
2606 2713 2670 2765 ut
2723 2714 2977 2766 servaret
3008 2708 3266 2765 animam
3299 2726 3467 2765 suam
3513 2726 3649 2765 san-

1994 2806 2146 2857 ctam
2185 2802 2316 2867 Deo,
2350 2805 2416 2856 ut
2462 2800 2623 2855 fieret
2673 2798 2961 2871 templum
3017 2797 3270 2871 Spiritus
3328 2800 3542 2869 sancti,
3595 2802 3654 2855 et

1996 2888 2392 2962 captivitatem
2452 2887 2717 2944 libertate
2756 2892 3029 2943 mutaret.
3090 2873 3229 2942 Non.
3274 2885 3653 2944 obliviscetur

1996 2979 2150 3035 Deus
2182 2978 2514 3033 timentium
2547 2995 2629 3043 se,
2684 2982 2743 3034 et
2774 2977 3114 3033 facientium
3154 2977 3460 3048 justitiam
3496 2978 3649 3045 ejus.

1998 3068 2161 3124 Unde
2192 3075 2247 3123 et
2278 3067 2373 3123 ille
2422 3066 2782 3134 adolescens,
2836 3071 3012 3137 atque
3070 3065 3126 3120 in
3187 3064 3413 3121 lubrico
3463 3066 3652 3122 aetatis

2000 3157 2249 3231 positus,
2284 3172 2456 3228 quem
2503 3154 2696 3211 carnis
2726 3155 3132 3211 blandimenta
3188 3170 3304 3209 non
3362 3155 3650 3220 vicerunt,

2000 3246 2138 3301 vicit
2166 3243 2400 3300 vincula
2427 3248 2484 3300 et
2510 3239 2794 3309 carceres,
2824 3247 2883 3299 et
2913 3242 2972 3297 in
3023 3241 3149 3298 loco
3207 3243 3494 3315 angustize
3525 3242 3651 3314 pla-

1998 3335 2121 3391 cuit
2155 3340 2285 3389 Deo.
2320 3333 2387 3388 Et
2417 3350 2524 3388 nos
2554 3348 2690 3405 ergo
2722 3332 3113 3396 conﬁdamus,
3157 3331 3312 3404 quod
3351 3332 3500 3387 Deus
3546 3348 3648 3388 no-

1998 3425 2226 3481 biscum
2257 3423 2337 3479 sit
2365 3424 2423 3478 in
2457 3422 2791 3491 solitudine,
2826 3426 2883 3477 et
2914 3420 3240 3478 recordatio
3262 3422 3392 3493 ejus
3421 3438 3656 3494 semper

2000 3515 2058 3571 in
2091 3514 2261 3570 corde
2291 3514 2367 3568 sit
2395 3516 2613 3567 nostro.
2646 3511 3075 3583 Servemusque
3104 3514 3369 3567 sanctam
3417 3526 3651 3566 carnem

2000 3608 2058 3660 et
2087 3604 2344 3658 animam
2367 3600 2427 3656 in
2459 3601 2713 3667 deserto,
2736 3599 2887 3656 sicut
2906 3604 2963 3654 et
2990 3598 3204 3671 Josepb
3240 3598 3299 3653 in
3322 3600 3656 3670 captivitate

2001 3691 2270 3759 servavit,
2305 3694 2371 3745 ut
2400 3688 2733 3745 meminerit
2753 3688 2936 3744 nostri
2972 3690 3143 3755 Deus,
3169 3692 3225 3743 et
3247 3687 3326 3743 sit
3346 3686 3654 3744 nobiscum

2002 3798 2190 3854 usque
2221 3780 2292 3836 ad
2326 3780 2524 3835 finem.

225 2232 389 2290 victis
418 2232 535 2289 Deo
559 2236 736 2305 atque
763 2230 1106 2300 concordiae,
1139 2235 1197 2287 et
1228 2246 1344 2286 non
1383 2227 1878 2301 concupiscentiis

222 2323 418 2391 variis,
444 2327 503 2379 et
521 2320 702 2378 errori
730 2320 1035 2378 oculorum
1060 2324 1386 2376 vestrorum
1434 2335 1447 2372 :
1506 2322 1564 2373 et
1590 2317 1878 2374 tumentis

225 2412 478 2470 scientias
510 2409 945 2477 fraudulentiis,
1007 2409 1319 2481 carnisque
1373 2406 1555 2463 vitiis.
1589 2407 1630 2462 Ε
1664 2407 1880 2479 quibus

227 2502 495 2559 oriuntur
522 2499 864 2567 schismata,
896 2503 956 2554 et
984 2500 1378 2569 comtemptus
1408 2495 1552 2568 legis
1583 2494 1706 2563 Dei,
1743 2511 1881 2551 con-

223 2592 423 2658 tentio,
459 2589 626 2647 malae
654 2588 1039 2662 cogitationes
1068 2604 1197 2659 quae
1229 2586 1365 2658 igne
1400 2583 1718 2641 iracundiae
1751 2584 1881 2641 bul-

226 2680 432 2738 lientes
465 2679 818 2752 quandoque
855 2681 1176 2751 erumpunt
1234 2676 1407 2743 foras,
1443 2678 1500 2731 et
1527 2674 1885 2746 despumant

229 2770 286 2826 in
316 2769 581 2844 corporis
637 2767 1050 2839 voluptatibus.
1112 2765 1333 2822 Idcirco
1390 2764 1611 2836 scripta
1662 2767 1754 2818 est
1794 2762 1886 2819 lex

228 2860 348 2927 Dei,
380 2864 449 2916 ut
481 2858 572 2916 lex
599 2874 907 2930 corporum
937 2858 995 2912 et
1014 2856 1154 2927 jura
1182 2854 1483 2911 solvantur
1517 2870 1530 2908 :
1564 2857 1623 2908 et
1678 2853 1883 2909 erube-

229 2956 414 3018 scant,
449 2949 552 3022 qui
586 2948 645 3004 in
684 2964 886 3004 eorum
943 2944 1188 3003 07-98
1247 2942 1555 2999 ambulant
1608 2943 1883 3014 concupi-

227 3040 509 3106 scentiis;
542 3038 899 3108 tandemque
928 3035 1169 3093 redeant
1197 3032 1270 3090 ad
1332 3037 1530 3101 Deum,
1564 3036 1621 3086 et
1674 3030 1887 3104 spretis

230 3127 676 3202 temporalibus,
709 3131 927 3182 aeterna
976 3122 1320 3202 perquirant
1352 3139 1364 3178 :
1400 3120 1708 3194 praeparati
1752 3137 1886 3177 san-

229 3199 456 3275 ctorum
518 3215 864 3283 haereditati,
897 3214 996 3287 qui
1029 3199 1512 3284 contempserunt
1542 3214 1885 3281 presentem
1918 3200 1961 3267 C

225 3309 400 3364 vitam
437 3324 547 3381 pro
574 3306 693 3362 vita
717 3304 897 3361 futuri
928 3301 1127 3360 saeculi
1153 3319 1166 3358 :
1200 3317 1305 3373 pro
1329 3300 1553 3356 malitia
1583 3302 1889 3371 sperantes

229 3396 676 3471 benignitatem,
711 3410 814 3468 pro
845 3391 1104 3449 tumultu
1138 3396 1313 3463 atque
1343 3388 1655 3445 discordiis
1684 3404 1888 3459 pacem

227 3490 285 3543 et
309 3485 712 3554 concordiam,
741 3500 845 3557 pro
904 3481 1218 3554 adoptione
1266 3479 1484 3544 carnis,
1537 3476 1888 3534 famulatum

232 3575 347 3633 Dei.
380 3576 457 3633 Ut
489 3592 560 3632 ea
602 3577 885 3649 quierant,
919 3588 1045 3644 quae
1076 3569 1309 3643 placent
1364 3567 1525 3624 illius
1583 3566 1888 3636 voluntati,

231 3666 423 3722 carnis
457 3663 753 3720 incentiva
781 3665 1148 3735 superantes.
1182 3658 1478 3731 Scriptum
1535 3662 1624 3713 est
1681 3657 1837 3713 enim
1875 3675 1887 3713 :

210 3756 291 3825 ,Si
316 3754 651 3812 dimiseritis
682 3750 992 3808 hominibus
1036 3756 1256 3822 peccata
1312 3763 1525 3815 eorum,
1556 3746 1794 3803 dimittet
1839 3752 1895 3803 et

232 3846 379 3901 vobis
434 3846 611 3899 Pater
666 3844 853 3909 vester,
889 3842 983 3913 qui
1039 3842 1100 3895 in
1126 3839 1277 3894 cadis
1333 3845 1431 3903 est,
1466 3837 1665 3893 delicta
1716 3846 1892 3895 vestra

236 3934 446 4006 (Matth.
474 3950 559 4001 γι,
592 3932 701 4004 42).
734 3932 801 3987 Et
831 3880 1067 3986 inimum
1104 3945 1116 3983 :
1154 3880 1453 3985 Dimittan’t
1510 3928 1720 3999 singuli
1773 3931 1876 4000 fra-

2128 3880 2367 3971 VERBA
2408 3915 2546 3971 PER
2586 3914 2938 4006 LITTsaAs
2978 3913 3038 3969 P.
3082 3913 3150 3969 N.
3193 3912 3528 3969 PAGHOMII

232 4000 408 4080 tribus
436 4040 519 4079 ex
749 4035 866 4075 suo.
898 4019 965 4073 Et
1025 4018 1235 4074 iterum
1297 4018 1581 4085 Dimittzte,
1612 4022 1665 4072 et
1701 4017 1890 4074 dimit-
2127 4007 2186 4061 ιη
2219 4006 2413 4076 ιίηθυα
2439 4002 2773 4068 αδδσοηάίίαν
2798 4000 2862 4057 de
2893 4001 2978 4057 Ῐιίε
3010 4019 3130 4074 qua?
3160 4003 3353 4069 Γαευνα
3380 4012 3527 4058 sunt.

229 4118 373 4170 tatur
395 4113 553 4170 vobis
584 4109 794 4183 (Matth.
825 4125 986 4174 xvm,
1022 4109 1128 4179 14).
1162 4108 1231 4162 Et
1278 4107 1490 4163 deinde
1522 4124 1535 4162 :
1582 4109 1891 4179 Benefacite
2074 4113 2169 4179 1V,
2201 4125 2300 4169 ΑΩ.
2329 4110 2552 4167 Saecula
2599 4109 2995 4165 ell‘erbuerunt
3023 4109 3083 4164 in
3142 4109 3319 4176 malo,
3354 4111 3505 4181 quod
3568 4116 3657 4165 est

230 4202 314 4260 his
342 4205 445 4276 qui
472 4200 709 4258 oderunt
736 4215 827 4254 vos
855 4199 1005 4271 (Luc.
1038 4215 1114 4264 vr,
1146 4198 1258 4268 27).
1294 4197 1362 4252 Et
1392 4197 1530 4252 alibi
1568 4214 1580 4252 :
1637 4197 1716 4253 Ne
1768 4200 1889 4253 vin-
2001 4201 2185 4258 Delta.
2220 4214 2293 4258 Br
2326 4202 2548 4256 fructus
2578 4197 2903 4271 completus
2934 4204 3024 4254 est
3061 4199 3118 4254 in
3152 4199 3346 4265 labiis,
3378 4201 3534 4271 quod
3565 4206 3657 4256 est

227 4295 372 4349 caris
401 4295 468 4348 in
499 4291 647 4346 malo
680 4307 698 4343 :
729 4288 820 4344 sed
850 4289 1001 4343 vince
1035 4288 1093 4341 in
1124 4286 1262 4341 bono
1320 4286 1530 4340 malum
1560 4286 1734 4357 (Rom.
1788 4304 1889 4356 xu,
1998 4292 2144 4347 Tau.
2172 4290 2263 4347 IX.
2289 4291 2443 4346 Deus
2463 4288 2727 4345 oblivisci
2752 4288 2886 4344 fecit
2908 4305 3000 4344 me
3025 4290 3386 4361 paupertatis
3405 4291 3461 4345 in
3483 4290 3658 4346 domo

224 4382 336 4453 21).
368 4381 443 4437 Et
469 4378 618 4435 illud
652 4395 666 4434 :
699 4377 775 4433 Ne
800 4377 969 4445 dicas,
1006 4376 1233 4431 Vindica
1268 4391 1354 4429 me
1405 4374 1470 4430 de
1499 4376 1726 4431 inimico
1773 4393 1889 4433 meo
2000 4396 2131 4437 mea
2158 4380 2230 4436 de
2259 4382 2447 4451 capite
2478 4378 2778 4434 montium
2811 4394 2999 4450 usque
3023 4378 3096 4434 ad
3128 4378 3399 4435 verticem
3431 4396 3658 4445 eorum,

224 4470 376 4539 (Luc.
410 4484 585 4534 xvm,
613 4468 690 4539 3).
723 4466 790 4522 Et
818 4464 959 4522 alibi
993 4481 1006 4521 :
1041 4465 1155 4520 Non
1196 4464 1483 4519 recidentes
1538 4466 1750 4521 malum
1788 4482 1888 4537 pro
1999 4470 2154 4542 quod
2182 4473 2270 4525 est
2299 4482 2389 4527 ΡΟ.
2422 4481 2505 4525 ΛΦ
2539 4472 2781 4540 propter
2829 4465 3304 4523 dormitationem
3362 4468 3573 4536 viduae,
3602 4476 3661 4525 et

225 4560 370 4616 malo
401 4559 455 4632 (I
482 4559 604 4613 Pet.
634 4573 718 4623 ιιι,
777 4555 851 4627 9).
914 4554 985 4610 Et
1013 4552 1228 4610 iterum
1291 4570 1303 4607 :
1364 4553 1717 4610 Providentes
1748 4556 1889 4612 bona
1922 4558 2245 4642 Dgloriam
2302 4557 2598 4630 pauperis,
2656 4556 2807 4627 quod
2879 4561 2968 4611 est
3040 4569 3258 4615 0r.Er-
3329 4558 3659 4613 Audierunt

225 4663 421 4706 coram
450 4645 715 4705 omnibus
768 4643 1087 4700 hominibus
1116 4642 1294 4715 (Rom.
1321 4660 1425 4710 xu,
1455 4644 1571 4715 47.)
1602 4644 1673 4699 Et
1702 4642 1846 4701 illud
1885 4681 1898 4720 ε
2008 4652 2239 4704 montes
2268 4646 2531 4702 laetitiam
2563 4651 2752 4711 terrae,
2783 4645 2936 4717 quod
2997 4650 3090 4701 est
3142 4652 3263 4703 ΞΞΙ.
3295 4646 3469 4702 Terra
3522 4647 3657 4703 abs-
3692 4646 3699 4653 ’

227 4738 345 4795 Non
388 4738 746 4809 vosmetipsos
798 4735 1160 4802 vindicantes,
1219 4732 1534 4788 charissimi
1564 4734 1721 4805 (Ibid.
1783 4735 1897 4807 l9.)
2008 4736 2243 4793 condita
2271 4741 2359 4793 est
2400 4737 2623 4807 absque
2648 4734 2853 4806 pretio,
2913 4734 3070 4806 quod
3126 4740 3215 4791 est
3243 4748 3300 4794 Ν.
3332 4745 3409 4794 NG
3469 4734 3657 4808 plane

226 4826 342 4885 Nec
374 4843 500 4883 non
533 4829 593 4882 et
621 4823 762 4880 alibi
795 4840 809 4879 :
837 4824 1020 4879 Estote
1051 4823 1291 4878 invicem
1320 4821 1565 4891 benigni,
1614 4828 1895 4895 aperantes
2006 4830 2179 4882 erunt
2194 4841 2372 4897 super
2389 4824 2575 4881 oculis
2597 4840 2783 4894 usque
2806 4823 2878 4878 ad
2900 4839 3198 4894 vesperam
3228 4837 3264 4882 I.
3296 4838 3384 4882 BP.
3408 4828 3658 4896 putasne

228 4916 433 4972 bonum
462 4913 542 4972 ad
566 4929 754 4970 omnes
782 4913 986 4985 (Gaiat.
1022 4929 1103 4983 v1,
1138 4912 1249 4983 10).
1274 4912 1346 4967 Et
1373 4911 1588 4967 iterum
1626 4929 1639 4967 :
1676 4912 1895 4983 Diligite
2003 4914 2320 4987 respicient
2349 4930 2527 4986 super
2556 4919 2819 4986 puteum,
2853 4912 3009 4984 quod
3054 4918 3143 4969 est
3176 4925 3233 4970 ιι.
3268 4925 3343 4971 Ir.
3378 4913 3658 4972 Biberunt

228 5006 490 5062 inimicos
520 5011 765 5060 vestros:
802 5002 1101 5074 benefacite
1153 5001 1238 5055 his
1296 5001 1395 5073 qui
1442 5001 1682 5057 oderunt
1735 5018 1824 5058 vos
1870 5020 1892 5057 :
2002 5003 2412 5060 absconditum
2440 5001 2498 5057 in
2525 5001 2747 5069 laetitia,
2772 5001 2926 5074 quod
2947 5006 3038 5057 est
3066 5001 3304 5059 Isot.?0
3326 5014 3543 5059 tactum
3566 5011 3657 5060 est
3708 5038 3715 5047 ο

230 5099 386 5151 orate
405 5108 517 5163 pro
568 5093 673 5159 his,
707 5092 805 5163 qui
836 5106 925 5147 vos
974 5092 1383 5162 persequuntur
1435 5089 1585 5161 (Luc.
1641 5107 1720 5159 v1,
1777 5092 1889 5163 27).
2002 5092 2193 5165 spolia
2220 5098 2384 5149 terrai
2415 5092 2543 5149 sine
2573 5091 2880 5165 sanguine.
2902 5094 3021 5139 ΝΛΞ
3044 5092 3194 5147 facta
3219 5096 3360 5147 sunt
3384 5093 3654 5164 profundi

230 5180 685 5239 Considerimus
740 5196 898 5252 ergo,
958 5179 1168 5235 fratres
1237 5178 1593 5247 cbarissimi,
1653 5181 1891 5251 quantis
2000 5181 2197 5255 abyssi
2229 5182 2287 5237 in
2320 5180 2482 5239 luctu
2504 5182 2719 5246 cordis,
2751 5182 2905 5253 quod
2965 5186 3054 5238 est
3082 5190 3175 5238 ΞΕ.
3208 5193 3307 5239 HN.
3358 5182 3657 5255 Fugerunt

227 5268 598 5330 testimoniis
626 5268 801 5325 homo
831 5267 1020 5324 fidelis
1050 5264 1421 5325 concluditur
1450 5285 1484 5323 a
1513 5267 1630 5324 Deo
1661 5283 1734 5323 ne
1763 5284 1892 5342 pec-
2000 5271 2329 5327 absconditi
2364 5270 2490 5327 sine
2518 5271 2744 5337 timore,
2769 5271 2929 5335 Quod
2954 5275 3042 5326 est
3065 5283 3205 5329 0A9.
3231 5273 3522 5329 99-108
3544 5274 3653 5339 Qui

230 5365 318 5418 cet
347 5379 363 5418 :
395 5359 451 5417 si
486 5364 688 5417 tamen
717 5356 964 5414 voluerit
992 5356 1197 5412 audire
1226 5354 1414 5428 legem
1445 5356 1594 5428 ejus,
1640 5361 1698 5412 et
1724 5356 1890 5413 ineli-
2001 5360 2161 5416 novit
2190 5359 2240 5417 si
2271 5364 2592 5416 revertatur
2619 5365 2679 5415 et
2707 5362 2841 5431 agat
2871 5358 3265 5430 paenitentiam
3302 5365 3470 5418 Deus.
3503 5373 3653 5422 τΒΨ.

230 5467 367 5509 nare
400 5462 618 5508 aurem
647 5462 814 5503 suam
846 5444 1149 5519 praceptis
1181 5442 1341 5500 illius
1368 5461 1382 5501 :
1416 5444 1641 5518 aperire
1670 5445 1891 5516 oculos,
2000 5448 2292 5505 Lsatentur
2322 5445 2535 5519 coeli,et
2562 5445 2813 5505 exsultet
2866 5452 3043 5504 terra.
3075 5460 3193 5507 81x.
3225 5447 3347 5505 Dan
3390 5454 3653 5523 expectat

230 5540 488 5615 dirigere
519 5552 643 5605 cor,
673 5539 736 5593 ut
763 5535 951 5609 possit
978 5533 1220 5609 implere
1249 5533 1405 5606 quod
1436 5533 1670 5590 dicitur.
1721 5534 1888 5591 Multi
1999 5535 2255 5594 salutare
2284 5535 2384 5592 Dei
2416 5548 2564 5593 οΑψ.
2596 5536 2669 5592 de
2698 5535 2983 5592 Nazareth
3016 5539 3209 5610 potest
3252 5535 3474 5610 aliquid
3505 5539 3645 5597 boni

206 5618 387 5719 ’ναίω
414 5628 573 5705 sunt
599 5624 699 5709 qui
727 5624 1061 5689 desiderant
1117 5620 1355 5706 quidem
1378 5622 1557 5703 bona,
1615 5627 1674 5688 et
1704 5621 1891 5689 Deum
1997 5641 2127 5697 esse
2157 5637 2214 5692 ιι
2242 5636 2333 5691 Br.
2365 5623 2716 5691 Benedictus
2744 5623 2902 5691 Deus
2929 5640 3128 5695 escam
3183 5624 3345 5695 dedit
3388 5624 3650 5695 timenti-
