3970 6438
375 263 492 384 ica

1621 319 1684 382 S.
1734 315 2042 383 EUSEBII
2087 319 2529 387 HIERONYMI

3662 308 3783 374 104

374 454 487 510 bus
519 468 582 510 se
611 465 779 510 QKZT.
815 449 1060 507 Fructus
1090 448 1208 508 oris
1237 450 1350 508 mei
1382 452 1567 509 dulcis
1599 454 1784 509 factus
1841 458 1928 509 est
1961 455 2017 510 in
2048 459 2103 522 Α
2133 456 2388 510 salutare
2419 460 2607 508 tuum.
2636 465 2711 515 ce
2741 469 2838 510 cor
2869 451 3102 523 sapiens
3131 447 3402 522 intelligit
3421 445 3780 520 parabolam.

372 541 548 598 labiis
576 542 722 597 meis
756 541 888 596 INC.
931 540 1217 596 Dominus
1246 542 1347 596 dat
1378 541 1519 596 mihi
1547 541 1808 614 linguam
1843 542 2018 597 disci-

372 631 546 703 plinae
603 643 729 690 ΛΘΡ.
788 629 912 684 Non
955 629 1191 696 moriar,
1242 631 1338 685 sed
1391 631 1599 696 vivam,
1659 635 1714 685 et
1769 632 2018 686 narrabo

369 737 546 792 opera
574 719 826 775 Domini.
891 728 970 775 ΙΩ.
1025 718 1128 782 Qui
1163 718 1490 789 ingreditur
1519 736 1619 790 per
1651 736 1761 785 me,
1822 719 2017 774 salvus

369 809 501 864 erit.
529 808 672 864 ΤΚο
705 807 1294 879 qumriturjudicium
1352 807 1580 862 Domini
1611 807 1681 862 ad
1732 807 2017 880 populum

367 899 495 968 ejus
526 897 866 953 Damascus.
906 910 1012 952 ΟΔΖ
1045 896 1182 967 quia
1214 897 1490 951 misertus
1523 901 1612 951 est
1650 895 1805 950 Deus
1831 897 2014 952 Israe-

365 982 462 1054 lis,
495 988 552 1038 et
582 983 837 1038 humiles
871 982 1066 1054 populi
1089 983 1181 1036 sui
1213 983 1545 1038 consolatus
1569 987 1671 1038 est.
1703 984 1828 1038 MN.
1855 984 2017 1038 Sicut

364 1089 519 1145 aqua
548 1071 767 1145 frigida
797 1071 1004 1127 animm
1038 1071 1278 1136 sitienti,
1314 1072 1393 1127 sic
1427 1071 1668 1126 nuntius
1725 1072 1914 1127 bonus
1944 1073 2014 1127 de

361 1165 520 1217 terra
549 1160 892 1235 longinqua.
926 1173 1290 1218 ΘΡΝΙΝΖΟΡΙΠ.

363 1304 602 1360 VERBA
642 1303 803 1369 QUAS
844 1303 1163 1359 LOCUTUS
1205 1304 1337 1359 EST
1378 1303 1437 1358 P.
1482 1303 1548 1358 N.
1609 1303 2012 1359 PACIIOMIUS

359 1407 429 1457 In
456 1403 664 1457 visione
692 1402 948 1457 erudiens
989 1404 1191 1472 fratres
1249 1403 1308 1455 in
1357 1403 1684 1457 monasterio
1739 1401 2014 1456 Mochansi

431 1473 497 1527 de
526 1472 608 1528 his
639 1489 755 1544 qua:
785 1475 861 1528 eis
891 1477 1152 1528 eventura
1211 1477 1407 1538 essent,
1439 1482 1490 1528 et
1548 1473 1644 1526 illo
1695 1472 1906 1527 dicente
1961 1479 2012 1528 et

432 1545 680 1614 loquente
710 1545 768 1597 in
797 1545 1017 1614 spiritu,
1048 1549 1270 1613 excepta
1300 1552 1424 1597 sunt
1475 1561 1508 1597 a
1549 1545 1834 1612 fratribus,
1890 1559 2013 1614 quae

428 1615 512 1669 vel
540 1617 747 1698 facturi
775 1625 951 1670 essent
976 1616 1255 1686 principes
1277 1616 1750 1680 monasteriorum,
1783 1615 1866 1670 vel
1885 1631 2012 1686 pas-

439 1702 581 1742 surt.

622 1776 1334 1822 ΑΝΝΑΜΜΑΔΒΝΙΡΙΖΖΟΙΓΙΘ
1368 1772 1729 1821 ΡΗΟΩΨΙἼὙΧ

689 1854 1676 1902 ΨΑΟΜΝΠΦΧΓΘΙΛΨΒΙΜΞΤΑΖΑΡΕΤ.

431 1969 500 2023 Χ.
535 1967 1024 2024 Monasteriorum
1076 1967 1368 2039 principes
1428 1967 1647 2038 operati
1702 1973 1841 2022 sunt
1896 1968 2004 2023 ini-

358 2056 641 2128 quitatem
699 2056 758 2110 in
817 2055 1111 2128 sportellis
1169 2055 1338 2112 suis:
1375 2055 1605 2127 gladius
1663 2056 2007 2128 perditionis
2046 2079 2060 2098 ι

355 2147 628 2217 ipsorum
673 2145 783 2200 sub
816 2144 1002 2200 axella
1059 2161 1278 2210 eoram,
1310 2146 1409 2216 qui
1467 2149 1555 2200 est
1611 2151 1776 2200 ortus
1809 2162 1822 2200 :
1859 2145 2005 2201 insi-

356 2235 597 2289 diantur
646 2234 802 2305 apud
855 2235 1062 2304 ianuas
1120 2233 1351 2288 inferni.
1413 2235 1788 2289 Abundantia
1841 2239 2004 2289 terra:

361 2328 418 2378 et
449 2324 600 2378 bona
628 2339 758 2394 quae
814 2322 1062 2395 largitus
1118 2327 1206 2378 est
1263 2323 1420 2378 Deus
1477 2323 1616 2378 ﬁliis
1673 2323 2001 2390 hominum,

353 2412 673 2467 dixerunt:
725 2411 950 2478 Venite,
1008 2417 1066 2466 et
1122 2416 1456 2467 scrutemur
1484 2411 1606 2467 vias
1664 2418 1916 2477 nostras,
1950 2418 2006 2466 et

353 2501 658 2556 videamus
689 2501 738 2556 si
771 2499 1137 2556 invenianius
1177 2501 1549 2568 fermentum,
1586 2505 1642 2555 et
1699 2501 2004 2555 mittamus

360 2588 506 2644 illud
537 2589 596 2644 in
619 2605 878 2644 massam
913 2589 1133 2656 farinae,
1167 2605 1297 2660 quae
1355 2607 1469 2644 non
1530 2589 1715 2659 possit
1771 2589 2000 2654 elevari,

357 2693 546 2749 neque
575 2677 634 2732 in
669 2677 853 2732 altum
886 2693 1275 2750 consurgere;
1302 2679 1401 2733 sed
1434 2679 1665 2734 deﬁciat
1693 2679 1864 2733 fame.
1900 2678 2001 2732 Pa-

351 2771 625 2822 raverunt
657 2766 868 2838 laquos
898 2767 1144 2838 pedibus
1174 2767 1318 2834 suis,
1350 2773 1406 2822 et
1447 2785 1644 2822 arcum
1707 2768 2000 2829 manibus,

351 2861 410 2911 et
430 2855 683 2911 securim
710 2855 952 2910 humero
984 2861 1357 2927 portaverunt
1417 2873 1429 2910 :
1491 2863 1889 2927 veneruntque
1930 2857 2000 2912 ad

359 2944 655 3001 hominem
689 2944 786 3015 qui
818 2944 1069 3000 habebat
1097 2950 1402 3010 serram,et
1451 2945 1593 2999 dixit
1647 2945 1732 3000 eis
1766 2962 1777 2999 :
1814 2945 1912 3010 Ite,
1947 2951 2003 3000 et

357 3033 518 3107 ligua
548 3034 859 3106 praecidite.
922 3034 989 3088 Et
1019 3033 1293 3090 dixerunt
1322 3034 1414 3090 ei:
1449 3035 1864 3106 Nequaquam;
1899 3035 1998 3090 sed

356 3129 690 3179 scrutamur
717 3123 839 3177 vias
872 3127 1121 3190 nostras,
1155 3128 1210 3178 et
1259 3123 1589 3178 invenimus
1626 3124 1995 3191 fermentum,

2130 545 2175 598 T
2205 545 2462 598 vidimus
2495 542 2648 614 quod
2681 542 2813 596 Sion
2849 539 3184 613 spoliaverit
3203 557 3264 594 se
3296 537 3564 611 gloriam,
3597 550 3779 607 quam

2129 633 2334 688 habuit
2365 636 2436 688 ab
2496 631 2661 686 initio
2695 648 2708 686 :
2744 631 2957 685 idcirco
2985 647 3099 685 non
3152 627 3460 684 incanduit
3508 632 3566 681 C.
3625 625 3784 680 Inter

2128 720 2352 776 litteras
2384 734 2460 778 NI‘
2490 737 2603 775 non
2636 719 2906 773 scribitas
2938 720 2997 787 Ζ,
3031 719 3130 773 sed
3166 717 3353 788 magis
3383 732 3452 771 ex
3484 714 3783 786 superﬂuo

2128 811 2362 866 scribite
2393 810 2554 864 ΑΟΑ.
2591 811 2712 864 AIA
2747 809 2865 862 scio
2898 808 3052 878 quod
3088 807 3314 862 scribas
3343 822 3410 861 ex
3441 803 3777 874 temetipso.

2127 899 2188 953 In
2221 899 2313 952 his
2345 899 2618 954 omnibus
2651 902 2940 952 memento
2970 898 3034 963 A,
3069 895 3281 950 festina
3314 900 3378 949 ut
3403 893 3625 949 scribas
3653 892 3697 947 Ι.
3721 895 3782 947 et

2125 987 2285 1042 dicas
2303 988 2454 1058 quod
2481 986 2666 1058 iqsius
2686 986 2763 1040 sit
2783 985 3087 1056 hucusque
3112 985 3171 1040 E.
3193 985 3476 1054 scriptum
3500 986 3590 1038 est
3614 992 3777 1038 lanx.

2123 1075 2248 1147 ipse
2280 1075 2514 1146 scripsit
2537 1079 2594 1141 Ξ,
2628 1079 2685 1129 et
2713 1074 2761 1128 si
2803 1073 3088 1143 scriptum
3150 1076 3237 1126 est
3295 1069 3567 1126 similiter
3593 1074 3652 1124 et
3709 1069 3775 1123 Κ.

2123 1181 2361 1219 rursum
2403 1157 2734 1235 expansum
2759 1162 2966 1216 habeto
2993 1161 3057 1216 Ο.
3089 1159 3217 1215 Tibi
3257 1159 3652 1215 necessarium
3683 1160 3778 1213 est

2123 1268 2452 1318 numerare,
2485 1257 2540 1307 et
2569 1251 2653 1308 sic
2685 1252 2894 1306 iterum
2927 1250 3118 1304 scribo
3144 1250 3190 1303 A
3221 1253 3277 1304 et
3329 1248 3470 1303 CIII.
3532 1246 3684 1301 Pone
3733 1251 3777 1294 Ω

2124 1346 2256 1396 ante
2286 1341 2485 1396 oculos
2518 1347 2673 1406 tuos,
2704 1344 2768 1394 ut
2798 1340 2942 1394 bene
2975 1338 3048 1393 sit
3071 1337 3276 1392 animae
3309 1341 3443 1392 tua).
3476 1336 3772 1391 Memento

2121 1429 2181 1484 C.
2207 1431 2361 1502 quod
2396 1445 2690 1484 reversum
2745 1428 2820 1483 sit
2850 1428 2909 1482 in
2963 1426 3272 1490 Kalendas,
3319 1425 3474 1496 quod
3533 1429 3624 1480 est
3652 1433 3776 1482 560

2121 1531 2216 1574 or.
2252 1520 2539 1573 Memento
2569 1522 2626 1572 et
2655 1517 2842 1572 scribe
2871 1518 2929 1581 Ζ,
2957 1521 3186 1586 prooter
3226 1515 3288 1580 K,
3323 1514 3480 1585 quod
3513 1517 3601 1568 est
3632 1512 3776 1568 seri-

2118 1612 2306 1678 ptum,
2341 1624 2457 1662 non
2489 1624 2602 1678 quo
2635 1622 2739 1676 ego
2764 1605 2868 1659 tibi
2903 1621 3058 1659 nunc
3089 1603 3302 1670 dicam,
3335 1602 3438 1657 sed
3482 1618 3600 1672 quo
3630 1617 3774 1656 con-

2119 1697 2320 1761 ﬁdam,
2351 1696 2505 1767 quod
2538 1695 2687 1749 hanc
2718 1695 2872 1748 diem
2907 1692 3182 1750 audieris.
3245 1692 3285 1746 P
3316 1705 3548 1746 rursum
3578 1689 3774 1745 tendit

2040 1820 2085 1884 Β
2118 1801 2359 1840 manum
2393 1801 2560 1838 suam
2592 1784 2660 1837 ad
2694 1799 2801 1837 nos
2830 1781 2888 1836 in
2921 1781 3146 1852 diebus_
3186 1780 3334 1835 istis.
3370 1782 3515 1834 Ante
3567 1778 3774 1835 oculos

2114 1877 2248 1928 tuos
2277 1889 2376 1928 cor
2404 1877 2668 1927 nostrum
2701 1870 2854 1926 dolet
2882 1886 2986 1941 pro
3016 1869 3078 1937 C,
3111 1869 3251 1940 quia
3307 1885 3438 1923 vere
3491 1872 3582 1924 est
3609 1868 3670 1923 C.
3704 1871 3771 1924 et

2117 1968 2257 2018 sunt
2287 1961 2450 2016 obliti
2509 1959 2917 2015 Kalendarum.
2977 1958 3315 2014 101-102
3347 1957 3507 2023 Quod
3567 1960 3771 2012 autem

2117 2049 2436 2120 scripsistis
2467 2053 2514 2101 A
2544 2048 2681 2116 CHI,
2709 2052 2766 2102 et
2797 2046 2946 2102 alius
2979 2051 3111 2101 ante
3139 2062 3244 2102 nos
3276 2046 3410 2100 fecit
3440 2045 3548 2101 hoc
3582 2045 3767 2112 idem,

2115 2143 2172 2193 et
2201 2137 2343 2192 dixit
2374 2155 2389 2194 :
2424 2139 2555 2191 Ecce
2581 2139 2740 2192 mitto
2767 2152 2858 2191 vos
2886 2139 2966 2190 sic
2995 2151 3115 2191 oves
3164 2138 3222 2189 in
3277 2135 3454 2189 medio
3512 2135 3772 2205 luporum

2115 2227 2300 2294 (Math.
2333 2244 2388 2292 x,
2424 2226 2531 2295 46).
2567 2226 2918 2280 Audivimus
2967 2240 3204 2280 rursum
3263 2225 3333 2280 de
3387 2236 3545 2289 EINQ,
3603 2223 3769 2294 quod

2115 2316 2242 2371 dure
2266 2320 2406 2371 sunt
2430 2314 2713 2371 molentes
2732 2313 2908 2369 simul
2933 2332 2946 2381 ;
2981 2331 3098 2368 una
3115 2317 3470 2376 assumatur,
3495 2317 3553 2367 et
3581 2311 3771 2368 altera

2115 2405 2498 2477 relinquatur.

2222 2547 2616 2602 EPISTOLA‘
2671 2545 2926 2600 PATRIS
2968 2545 3231 2600 NOSTRI
3285 2543 3650 2600 THEODORI

2433 2635 2511 2690 Ad
2542 2635 2729 2690 omnia
2755 2637 3087 2691 Monasteria
3116 2633 3180 2688 de
3210 2635 3438 2688 Pascha.

2185 2759 2302 2814 XII.
2355 2759 2819 2830 AprOpinquavit
2877 2757 3218 2813 solemnitas
3275 2773 3635 2830 azymorum,
3697 2758 3764 2813 in

2114 2866 2230 2920 qua
2262 2849 2482 2903 Pascha
2511 2847 2923 2903 celebrandum
2973 2852 3080 2913 est,
3115 2848 3187 2901 de
3243 2863 3358 2918 quo
3416 2852 3472 2902 et
3529 2848 3767 2916 Moyses

2110 2938 2300 2992 erunti
2335 2936 2546 3009 populo
2577 2937 2646 2991 de
2674 2942 2827 2992 terra
2881 2937 3107 3007 .Egypti
3168 2936 3440 3007 praecepit
3495 2937 3699 2992 dicens
3746 2953 3761 2991 :

2113 3026 2382 3081 Comedite
2438 3025 2579 3080 illud
2630 3043 2754 3080 cum
2811 3028 2969 3081 omni
3020 3027 3372 3096 festinatione
3429 3025 3620 3091 (Exod.
3653 3043 3762 3094 xu,

2109 3116 2215 3186 41).
2253 3115 2444 3170 Josias
2475 3131 2708 3186 quoque
2740 3131 2837 3170 rex
2884 3118 3086 3185 justus
3133 3113 3581 3186 diligentissime
3609 3114 3765 3170 cele-

347 3211 425 3267 ud
452 3213 734 3268 mittanus
760 3211 902 3267 illud
935 3212 992 3266 in
1028 3229 1306 3280 massam,
1367 3230 1492 3283 quae
1551 3230 1662 3268 non
1714 3213 1990 3278 elevatur,

2185 3205 2549 3282 avitﬂPa‘scha
2581 3205 2638 3258 in
2671 3204 2878 3259 diebus
2911 3205 3054 3268 suis,
3079 3208 3135 3259 et
3165 3204 3429 3260 studium
3461 3205 3587 3275 ejus
3619 3203 3768 3259 huc-

347 3316 533 3373 neque
562 3301 621 3355 in
643 3300 828 3356 altum
859 3306 1045 3372 potest
1066 3318 1436 3374 consurgere,
1459 3303 1560 3356 sed
1589 3302 1797 3357 defecit
1817 3304 1987 3357 fame.

347 3389 588 3446 Vocavit
617 3406 752 3462 ergo
784 3390 958 3446 homo
1017 3391 1236 3446 amicos
1267 3408 1424 3456 suos,
1460 3397 1516 3445 et
1556 3392 1993 3446 excoriaverunt

348 3479 522 3550 pedes
571 3494 794 3543 eorum,
851 3478 1338 3550 summitatesqne
1393 3497 1656 3547 manum,
1711 3480 1818 3534 hoc
1878 3486 1987 3546 est,

348 3566 600 3638 digitos:
632 3571 687 3620 et
717 3566 1082 3622 deﬂuxerunt
1113 3566 1166 3621 in
1198 3572 1433 3622 terram.
1468 3569 1766 3623 Venerunt
1795 3574 1990 3624 autem

349 3655 490 3727 pulli
522 3671 845 3716 corvorum.
881 3661 937 3710 et
967 3655 1301 3712 detulerunt
1333 3675 1448 3723 eos,
1483 3658 1742 3713 fecerunt
1776 3657 1853 3711 ibi
1903 3658 1990 3712 ni-

347 3745 509 3812 dum,
541 3749 597 3799 et
627 3745 777 3799 corvi
811 3750 1140 3815 genuerunt
1172 3745 1225 3799 in
1253 3745 1393 3800 locis
1415 3763 1636 3811 eorum,
1664 3763 1728 3800 ac
1763 3762 1864 3816 per
1893 3762 1991 3800 eos

346 3831 680 3888 inhabitata
709 3836 797 3888 est
827 3837 997 3887 terra.

472 3966 710 4021 VERBA
749 3965 886 4020 PER
929 3966 1274 4022 LITTERAS
1318 3967 1373 4022 P.
1416 3967 1481 4022 N.
1528 3967 1868 4023 PACHOMII

453 4059 522 4110 In
575 4056 768 4125 lingua
797 4055 1130 4124 abscondita,
1164 4054 1228 4111 de
1259 4055 1343 4110 his
1375 4073 1492 4128 qua:
1521 4060 1710 4127 futura
1739 4061 1882 4110 sunt.

416 4178 510 4232 XI.
545 4177 727 4233 Verax
785 4182 872 4234 est
905 4179 960 4232 in
1011 4179 1286 4235 omnibus
1318 4181 1491 4244 Deus,
1556 4180 1654 4251 qui
1688 4180 1827 4234 dicit
1880 4181 1990 4249 PN,

346 4283 550 4323 omnes
581 4271 868 4323 torrentes
915 4269 1137 4323 vadunt
1167 4269 1224 4323 in
1278 4286 1437 4324 mare
1469 4269 1533 4324 K.
1588 4269 1871 4325 Dominus
1905 4285 1990 4325 re-

346 4355 535 4427 spexit
563 4356 633 4410 de
665 4355 827 4411 coelo.
859 4359 924 4411 A.
973 4358 1094 4412 Non
1156 4363 1244 4412 est
1276 4357 1426 4412 ultra
1485 4357 1767 4428 sapientia
1823 4358 1883 4412 in
1915 4363 1990 4414 te.

345 4457 544 4501 ΜΑΝΥΤ
576 4445 768 4501 Placet
797 4446 1034 4502 domino
1067 4447 1123 4500 in
1157 4446 1249 4501 his
1288 4448 1387 4518 qui
1419 4446 1627 4501 timent
1660 4447 1988 4502 Dominum.

2101 3311 2287 3365 usque
2318 3299 2586 3348 narratur
2615 3295 2703 3361 (IV
2732 3299 2856 3363 Reg.
2893 3292 2974 3360 ιι).
3027 3296 3210 3363 Super
3234 3308 3350 3363 quo
3408 3297 3465 3348 et
3519 3295 3768 3364 Aposto-

2100 3382 2193 3438 lus
2229 3383 2488 3454 loquitur
2520 3399 2532 3436 :
2570 3383 2780 3438 Pascha
2812 3386 3056 3436 nostrum
3103 3381 3419 3436 immolalus
3462 3388 3540 3436 est
3567 3381 3768 3437 Chris-

2097 3481 2209 3527 stus
2243 3473 2286 3544 (I
2320 3473 2436 3526 Cor.
2472 3489 2524 3540 v,
2556 3473 2630 3541 7).
2680 3472 2876 3541 Itaque
2911 3471 2967 3524 in
3028 3487 3094 3525 eo
3158 3470 3305 3525 festa
3361 3470 3758 3539 celebremus,

2100 3562 2252 3616 sicut
2311 3565 2662 3632 praeceptum
2696 3565 2784 3614 est
2815 3559 3004 3614 nobis.
3038 3559 3333 3630 Accingite
3364 3557 3598 3613 lumbos
3647 3574 3757 3614 ve-

2101 3655 2272 3715 stros,
2307 3655 2363 3702 et
2394 3647 2641 3703 calceate
2681 3648 2855 3718 pedes
2883 3647 3292 3703 calceamentis
3351 3647 3706 3719 evangelicis
3742 3664 3757 3702 :

2099 3738 2379 3793 habentes
2410 3736 2648 3791 baculos
2677 3737 2732 3790 in
2760 3736 3054 3806 manibus,
3088 3742 3143 3791 et
3166 3736 3434 3791 lucernas
3458 3738 3756 3806 ardentes;

2102 3831 2168 3882 ut
2200 3826 2493 3898 possimus
2525 3826 2824 3881 comedere
2855 3825 3074 3880 Pascha
3104 3841 3239 3880 cum
3274 3826 3665 3892 festinatione,
3691 3831 3759 3882 et

2101 3917 2489 3972 ascendamus
2521 3917 2578 3969 in
2631 3914 2954 3969 Jerusalem
3015 3919 3147 3970 ante
3177 3931 3278 3970 sex
3332 3916 3458 3970 dies
3489 3913 3752 3986 Pascha,

2101 4004 2535 4061 sanctiﬁcantes
2569 4003 2978 4075 nosmetipsos,
3035 4007 3099 4058 ut
3144 4008 3413 4058 sanctum
3471 4003 3626 4059 diem
3687 4003 3752 4060 in

2101 4093 2416 4148 sanctitate
2446 4092 2827 4162 celebremus,
2873 4093 3093 4163 absque
3124 4091 3347 4146 malitia
3376 4096 3432 4147 et
3463 4091 3752 4162 nequitia,

2098 4182 2158 4236 in
2193 4181 2584 4237 sanctimonia
2613 4187 2670 4236 et
2696 4181 2954 4248 veritate,
2990 4197 3108 4252 qua
3139 4181 3410 4253 praecepit
3469 4180 3639 4236 nobis
3693 4184 3756 4237 et

2100 4270 2437 4343 Apostolus,
2470 4275 2528 4326 et
2560 4271 2726 4325 Pater
2754 4274 2970 4336 noster,
3005 4286 3038 4325 a
3069 4285 3183 4341 quo
3206 4268 3598 4324 coenobiorum
3629 4268 3757 4326 vita

2100 4361 2345 4414 fundata
2373 4365 2462 4414 est
2515 4361 2558 4412 ³.
2592 4359 2666 4414 Ut
2725 4360 2942 4430 pariter
2994 4374 3417 4430 congregemur
3474 4358 3533 4413 in
3581 4372 3755 4428 pace,

2093 4450 2263 4520 juxta
2290 4449 2571 4503 terminos
2601 4464 2748 4519 quos
2781 4447 3070 4518 praeterire
3101 4447 3264 4502 nefas
3296 4451 3386 4502 est
3417 4464 3429 4501 :
3461 4451 3526 4501 ut
3547 4445 3754 4504 nullus

345 4534 539 4589 COOM
571 4538 846 4606 Exsurge,
879 4535 1086 4607 utquid
1121 4536 1422 4602 dormites,
1485 4535 1775 4590 Domine?
1805 4549 1842 4592 6
1899 4553 1991 4592 sa-
2024 4559 2068 4623 Β
2102 4542 2369 4594 nostrum
2403 4537 2623 4608 absque
2657 4536 3039 4607 dispositione
3069 4537 3359 4607 majorum
3375 4535 3436 4590 in
3459 4539 3755 4592 monaste-

345 4623 608 4696 pientum
641 4625 791 4680 oculi
825 4625 882 4680 in
915 4625 1106 4696 capite
1155 4641 1378 4679 eorum.
1433 4626 1686 4678 Arrabon
1748 4629 1835 4679 est
1887 4643 1987 4696 pa-

344 4712 549 4769 tientia
603 4714 898 4786 pauperis.
962 4726 1122 4769 ΗΘΛΜ
1179 4713 1397 4766 Laetitia
1451 4713 1746 4782 justorum
1806 4714 1990 4769 facere

336 4801 648 4873 judicium.
676 4802 720 4857 N
746 4802 902 4857 ﬁlius
934 4803 1167 4873 sapiens
1191 4801 1504 4871 judicium.
1537 4805 1623 4848 ΦΓ
1651 4801 1816 4857 dolor
1843 4803 1986 4858 stuti

345 4895 434 4946 est
451 4891 697 4946 deﬁcere
717 4889 1110 4961 disciplinam.
1136 4892 1178 4945 T
1197 4892 1361 4945 aufer
1379 4889 1791 4946 vestimentum
1819 4894 1946 4963 ejus
1971 4910 1984 4961 ;

345 4979 663 5052 preteribit
692 4978 846 5034 enim
880 4978 1202 5049 injuriosus
1233 4991 1335 5034 ΥΦ.
1368 4984 1424 5033 et
1480 4979 1610 5033 allis
1651 4980 1818 5035 faciet
1845 4998 1986 5036 coni-

344 5068 669 5125 tumeliam.
703 5067 815 5122 CN.
847 5067 1182 5121 Thesaurus
1240 5067 1644 5123 desiderabilis
1677 5070 1988 5140 requiescit

345 5157 405 5212 in
433 5174 530 5213 ore
573 5155 873 5228 sapientis.
908 5155 1012 5209 ΚΜ
1071 5171 1376 5227 usquequo
1435 5156 1673 5228 respicis
1729 5164 1985 5214 contem-

346 5250 561 5319 ptores,
585 5250 642 5300 et
669 5245 887 5300 tacebis
910 5245 937 5298 ?
965 5244 1136 5299 TMA.
1168 5244 1510 5301 Defecerunt
1548 5245 1698 5302 oculi
1754 5248 1867 5303 mei
1925 5247 1984 5302 in

419 5389 435 5422 ί
469 5386 669 5442 Plures
698 5385 1037 5453 hujusmodi
1082 5386 1354 5451 epistolas
1411 5405 1446 5442 a
1500 5388 1798 5444 Theodoro
1855 5407 1987 5446 con-

350 5459 617 5528 scriptas,
645 5473 892 5529 easque
918 5465 1235 5512 sanctarum
1280 5459 1690 5529 Scripturan
1743 5477 1988 5518 sermone

350 5527 605 5612 digestas,
637 5527 970 5612 Gennadius
1003 5535 1283 5612 memorat
1303 5527 1435 5612 cap:
1459 5532 1510 5586 8.

419 5601 441 5641 ³
465 5598 1076 5675 Pachumiusnompe,
1106 5602 1275 5675 cujus
1298 5598 1467 5662 tertio
1523 5616 1756 5676 quoque
1811 5604 1985 5664 verbo

2100 4629 2202 4682 riis
2234 4643 2537 4682 remanere
2568 4625 2892 4692 desideret;
2923 4630 2989 4679 ut
3046 4625 3472 4692 convenientes,
3523 4623 3752 4695 absque

2100 4720 2386 4788 praecepto
2419 4716 2709 4786 majorum
2743 4731 2858 4768 non
2902 4714 3157 4769 veniant.
3208 4714 3325 4769 Nos
3355 4729 3588 4785 quoque
3644 4713 3755 4783 qui

2098 4805 2363 4860 videmur
2395 4803 2682 4876 praepositi
2716 4819 2844 4857 esse
2876 4803 3174 4872 fratribus,
3208 4806 3265 4858 et
3290 4800 3753 4858 conversationis

2095 4911 2296 4949 eorum
2330 4893 2632 4948 ostendere
2662 4891 2914 4963 regulas,
2949 4893 3171 4963 absque
3210 4891 3553 4948 necessitate
3581 4891 3751 4963 gravi

2096 5001 2210 5038 non
2243 5000 2341 5038 eos
2374 4981 2669 5054 patiamur
2697 4981 2952 5036 residere
3000 4980 3156 5035 domi
3193 4998 3205 5036 :
3238 4997 3344 5036 nec
3385 4997 3487 5052 pro
3543 4983 3751 5037 nostra.

2095 5073 2396 5127 occasione
2429 5069 2723 5124 Paschalis
2773 5070 3098 5140 frequentia
3146 5070 3482 5136 deseratur;
3544 5073 3608 5123 ut
3657 5068 3752 5124 in-

2094 5161 2400 5216 veniamur
2428 5175 2704 5214 evacuare
2737 5163 3024 5230 praecepta
3057 5158 3243 5214 Patris
3291 5157 3511 5226 nostri;
3545 5157 3645 5213 sed
3680 5161 3752 5215 ut

2094 5249 2328 5306 contriti
2358 5265 2424 5304 ea
2455 5264 2580 5319 quae
2603 5247 2822 5319 scripta
2853 5251 2988 5302 sunt
3018 5248 3089 5302 ab
3139 5263 3224 5314 eo,
3279 5263 3546 5302 normam
3596 5247 3750 5303 veri-

2095 5391 2364 5447 meminit
2391 5390 2451 5444 in
2482 5389 2590 5446 hac
2616 5389 2884 5461 epistola,
2916 5389 3434 5461 quemadmodum
3495 5393 3552 5444 et
3594 5389 3747 5446 Gen-

2095 5463 2264 5518 nadic
2298 5466 2559 5518 notatum
2591 5460 2697 5528 est,
2729 5479 2854 5531 cap.
2910 5460 3162 5527 laudato,
3220 5462 3375 5532 quod
3432 5463 3749 5533 frequenter

2093 5535 2404 5591 meminerit
2432 5533 2692 5604 magistri
2737 5537 2786 5588 et
2845 5533 3172 5588 institutoris
3229 5531 3318 5588 sui
3373 5531 3656 5590 Pachbmii
3686 5539 3746 5600 et

2093 5604 2394 5666 donarium
2415 5605 2532 5680 eius
2558 5621 2625 5664 ac
2649 5605 2778 5665 vita
2799 5605 3146 5682 proposuerit
3173 5604 3440 5680 exempta.
