3970 6404
186 275 288 363 106
560 278 1201 355 INTERPRETATIO
1228 289 1438 357 LIBRI
1469 292 1751 359 DlDYMl
1784 296 1888 360 DE
1921 296 2237 363 SPlRlTU
2268 297 2594 366 SANCTO.
2627 334 2705 347 -
2732 296 3193 405 ADMONITIO.
3470 301 3588 370 106

182 416 305 493 tatis
328 419 611 515 putemus
637 438 653 491 ;
685 425 743 479 et
767 422 1129 515 gloriﬁcatur
1150 428 1428 515 Deus,qui
1453 429 1647 501 posuit
1668 430 1821 488 sicut
1849 440 1898 502 Α
1931 436 2091 488 etant
2120 433 2441 491 terribilem
2474 437 2883 495 remissionem
2914 443 3310 512 peccatorum,
3357 443 3415 497 et
3443 457 3581 515 gra-

179 523 300 564 oves
324 506 603 566 familias.
625 510 1058 583 Videantreeti,
1082 519 1140 572 et
1190 514 1498 579 laetentur;
1532 524 1588 573 et
1627 519 1820 577 omnis
1930 522 2073 578 tiam
2106 523 2430 595 spiritualis
2463 527 2748 598 mysterii,
2805 506 3048 585 audiant
3105 546 3207 602 per
3260 506 3383 599 vos,
3425 506 3579 603 quod

176 596 442 693 iniquitas
473 598 706 693 obturet
736 617 835 656 cor
861 618 1058 660 suum.
1085 604 1158 660 Ut
1188 622 1391 662 omnes
1422 624 1551 676 nos,
1574 614 1816 667 senatus
1930 612 2066 667 flere
2096 612 2347 669 debeant
2374 618 2432 669 et
2473 596 2674 688 lugere
2704 618 2950 689 antiqua
2976 596 3234 691 peccata,
3270 623 3327 675 et
3350 596 3582 693 praepa-

173 684 416 761 ﬁlierum
449 686 651 757 Israel,
693 693 912 748 etcum
945 692 1029 749 eis
1088 696 1331 751 secundi
1388 698 1692 773 veniamus
1742 700 1809 755 ad
1925 718 2054 757 rare
2084 719 2144 757 se
2176 703 2623 761 sanctiﬁcationi
2656 706 2990 763 animarum
3036 712 3093 765 et
3150 726 3485 782 corporum,
3517 713 3583 766 ut

174 774 403 846 Pascha,
436 781 496 833 et
522 776 983 839 nullusenobis
1014 782 1276 856 reliquus
1302 785 1652 855 inveniatur,
1714 788 1814 862 qui
1924 791 2151 862 possint
2206 791 2497 849 sustinere
2556 795 2904 868 sanguinem
2963 801 3021 853 et
3078 814 3291 871 corpus
3347 799 3579 855 Domini

174 883 278 923 non
308 865 550 940 impleat
578 869 865 927 terminos
915 872 1097 928 Patris
1130 874 1314 930 nostri
1346 894 1359 931 :
1421 880 1477 931 et
1506 876 1810 950 dispensa-
1921 880 2236 936 Salvatoris
2271 899 2283 935 :
2318 881 2388 937 de
2418 899 2534 954 quo
2583 865 2759 940 etiam
2819 886 3107 959 cogitasse
3165 865 3405 943 terroris
3469 892 3578 945 est.

173 960 315 1023 tores
367 956 861 1014 monasteriorum
918 963 976 1016 et
1031 961 1340 1018 domorum
1402 965 1714 1036 praepositi,
1755 969 1812 1021 et
1920 968 2137 1025 Caetera
2166 974 2361 1027 autem
2393 988 2520 1043 quae
2552 973 2742 1029 facere
2790 956 3072 1043 debeatis,
3105 978 3323 1050 optime
3372 978 3580 1045 nostis,

174 1044 352 1103 omnis
382 1045 526 1102 ordo
558 1047 1224 1124 fratrum,nniversaque
1247 1052 1511 1109 membra
1532 1054 1591 1110 in
1623 1072 1808 1112 unum
1919 1074 2025 1113 nec
2056 1076 2290 1115 necesse
2320 1066 2407 1116 est
2437 1076 2540 1133 per
2564 1061 2871 1134 epistolam
2906 1081 3311 1122 commonere:
3346 1070 3412 1122 ut
3437 1084 3579 1139 prai-

172 1151 370 1207 corpus
400 1141 629 1205 coeant,
659 1140 723 1192 ut
751 1138 1037 1195 suscitent
1066 1140 1351 1214 templum
1383 1142 1519 1199 Deo.
1555 1145 1808 1217 Congre-
1918 1148 2133 1219 paretis
2158 1166 2258 1205 vos
2286 1149 2344 1205 in
2376 1153 2635 1222 tempore
2666 1153 3004 1222 constituto,
3040 1155 3197 1227 quod
3257 1138 3579 1212 Paterino-

172 1239 364 1296 gemur
391 1226 592 1279 autem
624 1223 682 1280 in
716 1241 857 1297 pace
884 1230 1061 1298 atque
1109 1229 1416 1286 concordia
1471 1249 1482 1287 :
1540 1236 1605 1289 ut
1660 1234 1805 1289 fines
1916 1241 2037 1292 ster
2066 1237 2373 1309 disposuit.
2405 1239 2521 1295 Nos
2552 1244 2608 1295 et
2637 1256 2841 1298 omnes
2874 1223 3104 1311 fratres,
3140 1244 3238 1316 qui
3268 1244 3576 1301 nobiscum

170 1316 493 1370 sanctorum
528 1317 587 1370 et
616 1313 804 1370 Patris
834 1317 1019 1373 nostri
1042 1319 1276 1390 regulas
1307 1318 1804 1393 impleamus.Sed
1915 1330 2074 1393 sunt,
2109 1344 2209 1382 vos
2242 1327 2536 1400 impendio
2569 1328 2990 1400 salutamus,et
3014 1313 3348 1391 universam
3371 1335 3576 1390 frater-

166 1406 216 1459 et
241 1402 599 1460 catecumeni
645 1403 746 1478 qui
784 1410 924 1461 sunt
953 1405 1012 1461 in
1064 1409 1458 1476 monasteriis,
1492 1415 1548 1468 et
1600 1428 1801 1485 exspe-
1914 1414 2158 1472 nitatem
2190 1433 2319 1489 quae
2346 1416 2406 1473 in
2436 1417 2647 1474 vestris
2677 1423 2767 1475 est
2798 1418 3193 1476 monasteriis.

874 1869 995 1972 s.
1055 1868 1737 1975 nusnnn
1808 1846 2846 1979 unumunum

1287 2125 1860 2188 STRIDONENSIS
1910 2128 2405 2192 PRESBYTERI

598 2262 1442 2476 INTERPHETATIO
1539 2330 1827 2478 LIBRI
1924 2332 2293 2481 manu
2390 2333 3115 2483 ALEXANDRINI

832 2619 1089 2747 DE
1181 2619 1993 2752 SPIRI'I‘U
2106 2622 2881 2753 SANCTO

1611 3004 2079 3066 ADMONITIO.

201 3184 478 3258 Didymus
524 3178 979 3247 Alexandrinus,
1013 3179 1114 3251 qui
1146 3177 1498 3236 miraculum
1530 3180 1620 3235 sui
1653 3180 2090 3253 praebuit,quod
2122 3184 2328 3254 captus
2356 3199 2395 3260 a.
2418 3198 2595 3255 parva
2623 3185 2788 3238 aetate
2817 3182 3022 3251 oculis,
3047 3182 3426 3256 ipsorumque
3448 3181 3564 3240 ele-

144 3278 458 3331 mentorum
492 3267 926 3344 ignarus,omni
955 3272 1153 3326 tamen
1183 3267 1559 3324 scientiarum
1591 3269 2020 3343 genere,iisque
2050 3270 2225 3326 etiam
2259 3287 2385 3342 qua:
2420 3270 2673 3326 maxime
2701 3269 2828 3327 visu
2860 3271 3567 3345 indigent,fueritexpoliv

141 3365 246 3432 tus,
265 3362 414 3420 inter
439 3363 655 3418 cetera
683 3374 797 3431 que
824 3357 1044 3432 ingenii
1079 3357 1169 3413 sui
1202 3357 1441 3430 reliquit
1471 3362 1878 3426 monumenta,
1910 3359 2069 3415 hunc
2127 3360 2192 3415 de
2245 3360 2459 3432 Spiritu
2490 3364 2678 3416 sancto
2721 3359 2937 3416 librum
2968 3360 3257 3433 frequenti
3316 3361 3563 3417 fratrum

145 3450 532 3523 exhortatione
560 3446 905 3521 compulsus
936 3450 1025 3504 est
1054 3447 1328 3518 scribere,
1374 3450 1439 3502 ut
1470 3447 1886 3503 nonnullorum
1922 3454 2251 3505 commenta
2281 3448 2571 3505 refelleret
2600 3450 2757 3507 circa
2787 3449 3070 3523 Spiritum
3115 3455 3408 3518 sanctum,
3440 3467 3569 3526 quae

144 3556 315 3615 neque
344 3540 404 3596 in
443 3518 770 3611 Scripturis
799 3535 968 3605 lecta,
1002 3552 1190 3609 neque
1220 3554 1254 3592 a
1286 3553 1579 3609 quoquam
1612 3536 2142 3594 ecclesiasticorum
2175 3543 2435 3594 veterum
2472 3539 2713 3594 fuerant
2742 3540 3575 3614 usurpata.Hieronymus,qui

144 3628 356 3704 Didymi
385 3627 784 3686 eruditionem
816 3643 949 3682 cum
976 3625 1185 3699 primis
1216 3630 1308 3682 est
1337 3624 1878 3700 admiratus,eoque
1910 3628 2191 3701 magistro
2219 3645 2365 3685 usus
2395 3628 3050 3703 Alexandrim,primum
3078 3630 3317 3703 quidem
3356 3629 3567 3706 impel_

143 3716 282 3778 lente
311 3720 566 3778 Damaso
596 3720 857 3774 Romano
888 3716 1191 3785 Pontifice,
1226 3732 1361 3773 cum
1390 3716 1585 3772 Romae
1614 3723 1829 3790 ageret,
1864 3718 2085 3775 Latinis
2116 3718 2284 3775 illum
2315 3718 2510 3775 verbis
2542 3723 2793 3792 coeperat
2821 3719 3129 3791 explicare,
3162 3720 3375 3775 deinde
3406 3723 3567 3778 Jero-

144 3809 409 3882 solymam
441 3805 808 3883 postliminio
839 3822 1126 3874 reversus,
1158 3805 1489 3862 Pauliniani
1525 3807 1723 3863 fratris
1755 3807 2013 3877 hortatu,
2042 3826 2107 3865 ex
2142 3809 2368 3881 integro
2397 3809 2572 3864 vertit
2601 3813 2777 3880 atque
2806 3809 3009 3865 edidit.

202 3898 525 3973 Singularis
555 3912 727 3970 porro
748 3894 1033 3965 estliber,
1066 3896 1565 3968 quemadmodum
1593 3901 1651 3953 et
1676 3898 2066 3971 Hieronymus
2124 3898 2248 3971 ipse
2302 3899 2534 3971 quoties
2582 3914 2716 3954 eum
2776 3896 2997 3966 laudat,
3052 3902 3119 3953 ut
3172 3896 3233 3952 in
3287 3895 3565 3970 Catalogo

139 4003 252 4062 cap.
284 3990 404 4057 109,
437 3992 501 4044 et
523 3986 673 4043 libro
704 4000 745 4042 ιι
772 3984 833 4041 in
865 3985 1143 4042 Ruﬁnum
1178 4002 1191 4042 :
1225 3989 1281 4041 et
1309 4001 1452 4042 mss.
1487 3987 1717 4043 codices
1748 3992 2036 4060 quotquot
2066 3986 2800 4060 inspeximus,testimonio
2833 3990 2992 4042 sunt.
3025 3983 3399 4058 Augustinus
3420 4001 3566 4057 quo~

139 4093 239 4150 que
264 4076 362 4135 lib.
390 4092 432 4136 ιι
463 4077 839 4147 ρυωδιίοηιιηι
868 4078 927 4131 in
958 4074 1226 4147 Exodum,
1261 4092 1387 4148 cap.
1420 4078 1510 4144 25,
1545 4076 1912 4151 Nicephorus
1944 4077 1981 4133 l.
2018 4096 2069 4133 ιι
2100 4095 2227 4150 cap.
2264 4079 2350 4146 17,
2385 4081 2441 4133 et
2473 4075 2849 4142 Ratramnus,
2895 4075 2996 4148 qui
3048 4074 3566 4149 Hieronymianam

139 4165 277 4227 hanc
315 4168 512 4241 ipsam
543 4165 871 4223 versionem
901 4164 1066 4239 legit,
1096 4168 1288 4222 contra
1318 4169 1542 4223 Graecos
1572 4164 1674 4221 lib.
1710 4184 1749 4221 ιι
1781 4182 1909 4240 cap.
1941 4169 1996 4235 5,
2030 4168 2271 4223 unicum
2305 4166 2523 4222 librum
2582 4171 2833 4233 vocant;
2868 4181 2974 4221 nec
3020 4165 3133 4221 nisi
3190 4165 3567 4223 incommoda

141 4266 369 4332 περιεργίᾳ
399 4257 625 4314 factum
645 4260 829 4328 est,ut
849 4259 1053 4312 contra
1074 4255 1332 4313 auctoris
1360 4260 1535 4328 atque
1566 4256 1902 4329 interpretis
1934 4261 2194 4313 mentem
2228 4255 2299 4312 ad
2336 4256 2493 4355 hanc.
2514 4272 2705 4355 usque
2734 4256 2889 4355 diem
2951 4254 3041 4355 ab.
3084 4254 3568 4355 editoribus-“cri-

140 4346 373 4421 ticisque
401 4347 463 4404 in
509 4350 626 4404 tres
657 4345 840 4403 libros
868 4344 1040 4418 vulgo
1066 4344 1241 4400 fuerit
1270 4344 1635 4418 dispertitus.
1672 4346 1805 4418 Ipsa
1834 4346 2008 4401 etiam
2041 4344 2328 4401 librorum
2360 4344 2658 4401 distinctio
2682 4344 2923 4399 fortuita
2960 4347 3052 4400 est
3081 4348 3257 4417 atque
3288 4343 3514 4400 inutilis
3548 4359 3562 4410 ;

144 4451 266 4493 nam
293 4435 545 4510 exempli
576 4434 784 4509 gratia,
814 4434 1024 4491 tertius
1055 4432 1203 4490 liber
1230 4450 1260 4490 e
1291 4434 1487 4490 media
1517 4434 1841 4507 prophetici
1899 4434 2010 4491 loci
2043 4434 2404 4507 expositione
2450 4433 2687 4489 initium
2726 4434 2934 4503 jussus
2962 4436 3050 4489 est
3099 4448 3353 4503 sumere,
3406 4432 3560 4506 quod

141 4524 334 4582 vitium
355 4530 447 4584 est
466 4525 543 4582 ab
587 4522 1417 4596 erruditiscriptorisingenio
1454 4523 1903 4580 alienissimum.
1947 4525 2057 4580 Sed
2083 4522 2140 4580 in
2168 4528 2285 4579 tres
2314 4523 2552 4595 quidem
2600 4526 2819 4595 partes,
2872 4524 2977 4577 aut
3018 4521 3213 4594 capita
3258 4521 3565 4578 commode

146 4614 315 4685 possit
340 4613 619 4671 distribui
646 4632 660 4683 ;
696 4629 834 4669 nam
864 4613 1054 4686 primo
1085 4612 1370 4685 Spiritum
1403 4618 1674 4670 sanctum
1706 4612 1946 4670 diversae
1980 4615 2052 4670 ab
2085 4612 2311 4687 angelis
2342 4617 2563 4669 natura:
2598 4629 2725 4667 esse
2757 4609 2960 4667 multis
2990 4611 3353 4683 argumentis
3382 4627 3449 4667 ac
3478 4614 3561 4666 te-

145 4704 422 4763 stimoniis
455 4702 805 4772 constituit;
839 4702 1049 4761 deinde
1076 4705 1205 4776 ejus
1235 4720 1471 4777 quoque
1504 4704 1761 4760 nominis
1791 4704 2219 4761 invocationem
2253 4703 2313 4759 in
2347 4702 2639 4775 baptismo
2672 4701 3064 4757 necessariam
3095 4699 3321 4772 probat,
3355 4702 3421 4755 ut
3449 4700 3559 4755 im-

146 4793 381 4866 perfecte
408 4793 691 4867 baptizet,
722 4810 912 4866 neque
940 4793 1083 4851 adeo
1110 4812 1144 4851 a
1173 4798 1408 4868 peccato
1439 4794 1663 4862 liberet,
1698 4794 1796 4867 qui
1831 4793 2127 4850 reticuerit
2163 4811 2174 4850 :
2200 4792 2371 4849 tertio
2403 4790 2822 4848 indivisibilem
2855 4806 2984 4847 esse
3018 4787 3211 4857 illum,
3243 4791 3420 4861 atque
3450 4786 3561 4843 im-

145 4883 495 4954 pasaibilem,
521 4882 679 4940 Patri
711 4898 778 4938 ac
808 4881 952 4939 Filio
981 4891 1261 4956 ὁμοούσιον,
1294 4888 1469 4955 atque
1500 4882 1629 4940 aliis
1659 4882 1866 4939 divina:
1899 4883 2243 4939 substantim
2277 4881 2574 4938 attributis
2606 4880 2916 4977 praeditum
2946 4878 3132 4977 docet.
3337 4964 3348 4975 .
3383 4964 3397 4977 .

207 4971 434 5030 Greene
464 4972 700 5046 Didymi
732 4976 927 5030 textus
958 4972 1270 5039 intercidit,
1304 4990 1555 5045 eumque
1586 4974 1834 5030 fortasse
1872 4990 1902 5029 e
1934 4972 2236 5029 doctorum
2271 4972 2544 5029 manibus
2574 4969 2832 5027 excussit
2860 4969 2989 5042 ipsa
3020 4968 3352 5040 Hieronymi
3382 4968 3561 5022 inter-

148 5062 376 5130 pretatio
403 5080 418 5131 ;
452 5061 527 5119 de
556 5062 727 5134 cujus
755 5065 952 5119 tamen
984 5061 1265 5119 fidelitate
1296 5079 1411 5119 non
1444 5061 1586 5118 satis
1620 5061 1883 5118 consulte
1912 5062 2185 5118 videntur
2214 5060 2480 5118 nonnulli
2518 5059 2838 5156 detrahere,
2870 5058 3011 5156 dum
3069 5054 3276 5156 multa,
3307 5070 3435 5156 quae
3489 5056 3561 5112 ab

149 5147 520 5209 Muandrino
550 5156 786 5209 auctore
814 5151 973 5209 haud
1005 5154 1418 5225 processerint,
1443 5157 1663 5215 assuta,
1699 5150 1997 5224 multaque
2030 5151 2165 5220 alia,
2197 5157 2255 5208 et
2286 5152 2574 5225 praecipue
2604 5146 2938 5222 Origeniani
2972 5145 3285 5219 dogmatis,
3311 5145 3403 5201 cui
3437 5158 3562 5213 erat

150 5237 400 5311 addictus
429 5240 649 5298 menda
677 5245 946 5315 purgata,
983 5242 1056 5297 ab
1086 5242 1399 5315 interprete
1430 5242 1978 5299 comminiscuntur.
2010 5242 2289 5315 Exiguam
2324 5258 2465 5298 sane
2497 5240 2785 5297 rationem
2848 5254 2975 5293 esse
3003 5236 3174 5292 velim
3223 5235 3371 5306 ejus,
3403 5233 3563 5313 quod.

149 5328 323 5387 tamen
380 5331 747 5403 praecipuum
804 5335 911 5399 est,
948 5333 1285 5406 argumenti
1343 5350 1411 5389 ex
1441 5341 1717 5405 ὁμοουσίου,

1992 5340 2161 5389 ουσίου
2194 5332 2454 5399 vocibus,
2489 5348 2522 5386 a
2578 5329 2816 5402 quibus,
2850 5324 3184 5382 Adamantii
3243 5329 3560 5382 sectatores

152 5414 381 5476 multum
409 5419 777 5476 contendunt
805 5420 1202 5478 abhorruisse.
1235 5420 1380 5476 Nam
1415 5437 1603 5493 neque
1631 5421 1716 5477 ita
1744 5419 1997 5493 singulis
2027 5420 2395 5492 Origenianaa
2421 5418 2722 5479 sententiae
2755 5416 3045 5489 capitibus
3077 5415 3359 5489 Didymus
3389 5414 3564 5470 fuerit

152 5504 442 5565 obstrictus
464 5515 535 5564 ut
563 5506 706 5565 nihil
732 5507 903 5566 licere
935 5509 1048 5566 sibi
1080 5508 1394 5583 putaverit,
1429 5524 1618 5583 neque
1648 5510 1697 5566 si
1737 5509 1883 5565 nihil
1918 5513 2194 5583 praeterea
2224 5526 2408 5565 ausus
2438 5513 2547 5577 est,
2611 5508 2846 5579 quando
2903 5508 3033 5578 ejus
3061 5509 3324 5604 Graec-um
3374 5519 3558 5604 citem.

154 5591 262 5665 plar
322 5596 714 5668 desideratur,
736 5600 971 5673 probari
1005 5598 1123 5657 ullo
1157 5599 1329 5657 modo
1356 5600 1562 5672 possit.
1595 5601 1811 5659 Caetera
1837 5616 1964 5674 quae
1998 5600 2056 5654 in
2081 5614 2207 5656 eam
2241 5616 2360 5655 rem
2416 5598 2793 5655 adducuntur
2819 5597 2990 5671 longe
3021 5600 3159 5654 sunt
3213 5593 3564 5651 infirmiora.

443 5726 721 5793 Panos.
765 5727 991 5794 XXIII.
3201 5725 3241 5783 4
