3970 6404
246 264 352 338 109

850 326 859 329 -
963 270 1712 349 TRANSLATIOLIBRI
1755 271 2041 343 DlDYMI
2083 276 2186 341 DE
2228 278 2546 349 SPIHITU
2588 278 2914 345 SANGTO.

242 419 364 461 vero
393 418 579 474 meus,
608 404 843 462 oculum
874 406 1099 465 habens
1130 426 1358 482 sponsa:
1389 410 1460 467 de
1489 412 1723 467 Cantico
1746 429 1877 468 can-

3524 277 3642 355 HO

1988 412 2144 469 furta
2173 418 2517 486 cognoscet;
2553 420 2610 472 et
2628 419 2964 473 contemnet
2982 415 3222 486 rivulos,
3246 430 3379 472 sum
3401 401 3642 490 coeperit

237 493 496 561 ticornm,
520 498 577 550 et
600 493 948 554 illalumina
976 515 1102 572 quae
1126 499 1185 554 in
1207 500 1525 557 candentes
1548 501 1625 573 (α)
1648 506 1874 574 segetes
1903 493 1958 504 ”
1985 501 2221 560 haurire
2253 504 2323 559 de
2356 504 2639 561 fontibus.
2676 506 2990 579 Imperitus
3023 522 3295 563 sermone
3324 509 3435 575 est,
3457 512 3515 563 et
3536 507 3635 579 [αι.

236 582 529 640 sublimari
558 587 732 641 Jesus
763 586 1033 659 praecepit
1063 590 1104 658 ί,
1128 588 1328 660 procul
1362 588 1540 646 altius
1570 590 1869 646 intuetur:

233 677 284 729 et
301 672 602 761 antiquum
621 674 793 731 nobis
817 692 1038 734 morem
1063 678 1352 747 reddidit;
1377 683 1444 735 ut
1467 679 1685 736 Videas
1711 697 1870 736 voce-

231 764 321 818 tur
364 761 663 835 propheta.
696 763 861 822 Certe
893 767 994 839 qui
1046 766 1203 823 hunc
1253 767 1477 841 legerit,
1526 769 1867 826 Latinorum

294 943 309 978 ¹
339 943 537 1000 Matth.
568 960 696 1016 xm,
729 945 798 1001 16
823 962 837 1014 ;
868 945 1039 1003 Joan.
1072 963 1151 1014 IV,
1179 947 1268 1004 35.

228 1122 297 1204 (a)
325 1122 821 1204 In‘congrue-satis
852 1124 1224 1204 candelabra,
1250 1126 1863 1204 quaeiplurimislocis

230 1194 467 1249 insertas
510 1194 796 1251 candelas
825 1212 1033 1263 capere
1075 1194 1356 1263 valerent,
1390 1194 1665 1255 Barthius
1692 1198 1866 1255 intel-

230 1214 467 1249 msertas
520 1214 796 1251 canaeias
825 1214 893 1251 ca
938 1214 1033 1251 ere
1075 1214 1356 1263 valerent,
1390 1214 1665 1255 uartmus
1692 1214 1861 1255 intel-

228 1264 373 1349 lexit.
403 1265 709 1349 Enimvero
762 1214 972 1349 alludit
1003 1268 1174 1349 Dier.
1207 1270 1454 1349 Joannis
1494 1288 1569 1334 IV,
1600 1272 1653 1349 εὶ,
1688 1288 1861 1349 quem

223 1335 404 1395 locum
432 1337 493 1393 in
521 1340 957 1414 commentariis
984 1342 1050 1414 in
1096 1342 1411 1414 Matthazum
1460 1359 1585 1414 cap.
1620 1335 1863 1399 laudato

225 1425 523 1486 exponens,
558 1432 585 1460 α
619 1411 807 1486 Beati,
834 1411 1046 1483 inquit,
1080 1412 1258 1486 oculi,
1292 1431 1439 1486 quos
1482 1411 1658 1469 levari
1688 1415 1862 1471 Jesus

224 1480 279 1559 in
291 1479 545 1559 sublime
564 1482 860 1559 praecepit,
881 1479 945 1559 ut
965 1479 1282 1541 candentes
1303 1479 1528 1559 segetes
1550 1486 1860 1559 aspiciant.

220 1551 337 1609 Vid.
364 1554 535 1625 epist.
564 1551 657 1621 76,
688 1551 1087 1626 aJAbigaum,
1119 1572 1177 1612 n.
1209 1560 1266 1627 2,
1297 1551 1525 1614 invﬁne.

1983 592 2107 665 sed]
2141 610 2255 650 non
2288 593 2531 650 scientia
2564 611 2576 650 :
2612 595 2999 668 apostolicum
3030 596 3220 653 virum
3251 613 3321 653 ex
3351 596 3479 669 ipso
3509 612 3636 654 ser-

1982 697 2153 739 mone
2212 684 2310 754 [al.
2371 684 2542 757 stylo]
2599 685 2958 758 exprimens,
3016 690 3139 742 tam
3207 703 3491 743 sensuum
3551 686 3635 743 lu-

1980 770 2137 828 mine
2168 773 2244 845 (b)
2276 791 2455 847 quam
2490 774 2866 847 simplicitate
2898 776 3230 834 verborum.

2049 1128 2127 1199 (b)
2158 1128 2251 1184 Sic
2271 1143 2352 1205 rex
2378 1128 2508 1205 Vat.
2536 1144 2644 1183 τηε.
2673 1146 2737 1184 ac
2769 1130 2945 1205 veteri
2967 1130 3219 1187 editione
3240 1131 3458 1205 Veneta
3489 1131 3631 1205 legi-

1978 1216 2149 1274 mus:
2186 1204 2357 1274 antea
2381 1201 2537 1255 enim
2571 1205 2697 1274 erat
2718 1224 2746 1250 ‹‹
2768 1202 3042 1274 nomine;
3079 1225 3106 1251 »
3129 1201 3627 1274 quemadmoddm

1976 1276 2033 1327 et
2156 1271 2333 1353 epist.
2357 1274 2450 1337 65,
2474 1275 2642 1353 num,
2675 1272 2763 1340 49,
2787 1272 2989 1353 haberi
3019 1271 3504 1353 non'diftitemur,
3529 1277 3628 1333 ubi

1974 1342 2475 1419 pulchritudinem
2509 1344 2652 1419 dicit
2686 1366 2713 1394 ι(
2744 1345 2994 1419 positam
3028 1346 3217 1419 magis
3249 1346 3308 1402 in
3340 1364 3627 1404 sensuum

1976 1414 2231 1484 nomine,
2250 1431 2427 1491 quam
2444 1414 2501 1491 in
2517 1418 2657 1491 llore
2669 1414 3336 1491 yerborum.)_>_l{gautem
3350 1419 3481 1491 ipsa
3493 1436 3631 1477 neu-

1973 1491 2132 1562 t_rum
2192 1487 2335 1542 satis
2381 1487 2622 1543 arridet.
2661 1487 2782 1562 _Ms.
2827 1487 3054 1562 collegii
3107 1489 3274 1546 Rom.
3323 1487 3628 1548 societatis

1969 1558 2130 1628 Jesu,
2160 1582 2188 1609 «
2221 1562 2340 1615 tam
2374 1574 2481 1615 suo
2513 1557 2773 1615 nomine.
2809 1581 2835 1609 υ

528 1881 568 1935 ⁷
633 1888 931 1980 LIBER
989 1890 1343 1981 DIDYMI
1420 1881 1495 1954 (⁸)
1569 1890 2265 1982 ALEXANDRINI
2337 1891 2469 1981 DE
2529 1891 2930 1982 SPIRITU
2995 1892 3408 2005 SANGTO,

1364 2037 1441 2144 ’S.
1484 2086 1913 2145 HIERONYMO
1952 2086 2434 2145 INTERPRETE.

282 2371 332 2427 l.
352 2370 894 2446 Omnibusquidem
917 2391 1045 2448 quae
1070 2374 1265 2431 divina
1280 2378 1438 2441 sunt,
1459 2391 1866 2432 cumreveren-
1897 2377 1944 2442 B
1974 2373 2279 2446 ignoratur
2326 2375 2427 2447 qui
2476 2378 2638 2431 extra
2668 2391 2895 2431 sacram
2948 2375 3311 2448 Soripturam
3359 2380 3624 2452 philoso-

213 2462 292 2519 tia
306 2467 361 2519 et
375 2462 705 2519 vehementi
728 2480 867 2519 cura
884 2468 1112 2537 oportet
1126 2465 1430 2521 intendere
1454 2482 1467 2522 :
1493 2464 1745 2521 maxime
1762 2482 1860 2520 au-

211 2554 324 2609 tem
336 2552 428 2608 his
445 2569 578 2625 qua
589 2552 661 2608 de
672 2552 924 2626 Spiritus
939 2554 1037 2627 [αι.
1062 2555 1248 2609 sancti
1266 2554 1542 2626 Spiritus]
1557 2554 1858 2610 divinitate

213 2641 500 2712 dicuntur,
535 2642 858 2715 praesertim
893 2660 1027 2699 cum
1067 2642 1437 2715 blasphemia
1467 2646 1525 2698 in
1560 2660 1696 2699 eum
1728 2643 1856 2698 sine

212 2732 371 2788 venia
401 2732 479 2790 sit
509 2731 589 2804 (2)
623 2748 637 2789 :
669 2733 752 2788 ita
781 2737 847 2788 ut
878 2731 1345 2805 blasphemantis
1378 2750 1549 2805 paena
1580 2733 1857 2788 tendatur

210 2836 320 2879 non
342 2821 537 2879 solum
562 2822 622 2877 in
654 2838 826 2878 omne
847 2839 1104 2895 praesens
1132 2822 1435 2893 saeculum,
1462 2823 1563 2879 sed
1597 2823 1772 2879 etiam
1796 2823 1852 2877 in

210 2911 489 2967 futurum.
524 2910 620 2967 Ait
641 2910 857 2984 quippe
885 2911 1169 2979 Salvator,
1192 2911 1625 2984 blasphemanti
1653 2912 1710 2965 in
1730 2911 1856 2983 Spi~

210 2999 379 3056 ritum
410 3003 686 3057 sanctum
718 3017 834 3056 non
866 3017 994 3057 esse
1042 2999 1473 3068 remissionem,
1507 3024 1533 3051 ‹‹
1571 3017 1759 3072 neque
1794 3000 1850 3054 in

211 3090 313 3147 isto
358 3090 596 3159 saeculo,
630 3106 819 3162 neque
865 3090 925 3146 in
975 3089 1170 3145 futuro
1195 3090 1237 3145 ³.
1272 3112 1300 3140 ››
1334 3090 1497 3146 Unde
1544 3090 1732 3163 magis
1789 3106 1853 3145 ac

210 3180 389 3254 magis
421 3183 653 3254 oportet
683 3178 1003 3247 intendere,
1038 3197 1165 3252 quas
1215 3179 1655 3252 Scripturarum
1687 3180 1757 3236 de
1787 3196 1853 3236 eo

212 3268 406 3327 relatio
438 3270 519 3326 sit
554 3285 567 3324 :
603 3285 674 3325 ne
704 3270 764 3324 in
813 3268 1071 3342 aliquem
1103 3268 1310 3326 saltem
1347 3270 1418 3342 (3)
1448 3286 1550 3342 per
1579 3269 1851 3343 ignoran-

210 3357 343 3415 tiam
366 3357 754 3432 blasphemim
776 3375 937 3415 error
957 3358 1216 3430 obrepat.
1249 3359 1592 3431 Expedierat
1613 3358 1853 3430 quidem

212 3446 379 3515 ﬁdeli,
412 3453 470 3504 et
498 3447 729 3517 timido,
759 3447 1087 3504 moderanti
1128 3447 1279 3504 vires
1310 3464 1468 3514 suas,
1495 3447 1851 3520 magnitudi-

210 3552 335 3595 nem
354 3537 665 3611 praesentis
686 3536 1028 3609 quaestionis
1046 3536 1279 3593 silentio
1302 3536 1595 3609 praeterire
1615 3553 1627 3590 :
1653 3541 1710 3592 et
1730 3553 1850 3592 rem

210 3624 434 3699 plenam
461 3625 723 3700 periculo
750 3643 867 3682 non
899 3626 959 3681 in
992 3642 1168 3682 suum
1191 3625 1507 3681 discrimen
1540 3625 1850 3682 attrahere.

207 3712 414 3774 Verum
445 3717 729 3790 quoniam
761 3716 1001 3789 quidam
1034 3716 1131 3787 [αι.
1165 3714 1407 3787 quidam
1438 3716 1596 3789 cum]
1627 3715 1857 3772 temeri-

210 3806 319 3862 tate
346 3806 572 3878 potius,
605 3822 783 3878 quam
834 3808 990 3861 recta
1016 3804 1111 3860 via
1140 3806 1316 3860 etiam
1348 3805 1407 3858 in
1458 3822 1715 3877 superna
1744 3805 1855 3861 eri-

209 3899 444 3966 guntur,
477 3898 538 3952 et
565 3893 688 3951 haec
710 3896 782 3951 de
811 3894 1034 3966 Spiritu
1061 3898 1262 3951 sancto
1278 3893 1575 3966 jactitant,
1599 3911 1724 3967 quae
1757 3910 1856 3950 ne-

211 3998 316 4055 que
340 3983 401 4039 in
434 3984 760 4057 Scripturis
789 3982 958 4053 lecta,
992 4000 1183 4057 neque
1205 4001 1239 4039 a
1265 3999 1565 4055 quoquam
1588 3982 1857 4040 ecclesia-

210 4073 487 4131 sticarum
518 4078 781 4130 veterum
822 4078 1108 4147 usurpata
1138 4078 1295 4143 sunt,
1330 4071 1619 4145 compulsi
1648 4090 1858 4130 sumus

210 4162 572 4220 creberrimae
614 4162 1001 4219 exhortationi
1050 4163 1297 4219 fratrum
1330 4162 1533 4218 cedere
1567 4178 1580 4217 :
1613 4178 1858 4234 quaeque

211 4248 284 4306 sit
307 4254 513 4307 nostra
541 4251 615 4306 de
646 4266 714 4307 eo
746 4249 967 4323 opinio,
997 4251 1175 4307 etiam
1210 4250 1647 4323 Scripturarum
1694 4251 1855 4307 testi-

210 4340 420 4397 moniis
450 4340 836 4413 comprobare
869 4358 883 4396 :
920 4356 991 4396 ne
1023 4339 1320 4413 imperitia
1361 4339 1510 4395 tanti
1540 4340 1855 4413 dogmatis,

210 4426 267 4483 hi
294 4430 394 4503 qui
437 4430 737 4487 contraria
765 4434 1090 4504 opponunt,
1124 4429 1419 4503 decipiant
1446 4446 1545 4485 eos
1576 4430 1699 4501 qui,
1733 4431 1861 4486 sine

208 4518 591 4577 discussione
629 4518 900 4589 sollicita,
932 4519 991 4576 in
1018 4519 1483 4576 adversariorum
1509 4521 1859 4577 sententiam

210 4610 402 4665 statim
436 4608 883 4682 pertrahuntur.

208 4698 260 4752 2.
289 4698 624 4772 Appellatio
672 4698 926 4772 Spiritus
958 4700 1168 4768 sancti,
1200 4705 1260 4756 et
1305 4717 1372 4756 ca
1404 4716 1529 4773 quae
1564 4704 1860 4755 monstra-

210 4788 302 4844 tur
330 4804 399 4845 ex
428 4788 565 4862 ipsa
613 4788 1005 4862 appellatione
1055 4790 1389 4846 substantia
1408 4788 1642 4862 penitus
1669 4790 1739 4845 ab
1769 4788 1862 4845 his

1969 2463 2246 2535 phantur.
2280 2463 2660 2520 Solummodo
2682 2464 2841 2519 enim
2871 2463 2931 2519 in
2960 2468 3324 2523 nostratibus
3347 2469 3580 2530 Litteris
3607 2492 3621 2543 ;

1968 2558 2026 2609 et
2056 2553 2213 2609 notio
2246 2554 2374 2624 ejus
2405 2556 2461 2609 et
2489 2552 2843 2609 vocabulum
2875 2555 3148 2623 refertur,
3180 2560 3301 2613 tam
3352 2559 3410 2614 in
3444 2561 3619 2620 Novis

1968 2659 2145 2715 quam
2160 2642 2220 2698 in
2233 2642 2562 2699 Veteribus.
2584 2643 2812 2700 Veteris
2834 2643 3049 2717 quippe
3068 2646 3427 2704 Testamenti
3444 2649 3620 2709 homo

1967 2732 2171 2798 David,
2206 2733 2496 2805 particeps
2529 2735 2657 2806 ejus
2688 2732 2952 2801 effectus,
2984 2735 3189 2791 orabat
3214 2740 3278 2792 ut
3302 2736 3363 2793 in
3395 2754 3457 2795 se
3488 2756 3618 2814 per-

1967 2825 2250 2887 maneret,
2279 2821 2512 2876 dicens:
2549 2844 2576 2873 ‹‹
2597 2822 2879 2894 Spiritum
2898 2826 3066 2879 tuum
3086 2829 3357 2883 sanctum
3372 2844 3443 2884 ne
3456 2830 3617 2886 aufe-

1967 2927 2063 2965 ras
2077 2929 2109 2966 a
2122 2928 2213 2967 me
2234 2910 2274 2966 ³.
2295 2933 2322 2960 ››
2342 2914 2409 2965 Et
2421 2910 2643 2967 Danieli
2659 2911 2730 2966 ad
2746 2911 2861 2967 huc
2874 2927 3054 2984 puero
3072 2915 3394 2973 suscitasse
3406 2917 3619 2975 dicitur

1966 2999 2119 3056 Deus
2170 3000 2454 3073 Spiritum
2506 3005 2778 3056 sanctum
2809 3002 2851 3069 ‘,
2883 3003 3040 3058 ωδ
3070 3004 3240 3075 quasi
3288 3004 3415 3076 jam
3447 3006 3615 3064 habi-

1964 3094 2187 3146 tantem
2218 3090 2277 3144 in
2311 3106 2398 3145 eo.
2434 3090 2549 3145 Nec
2581 3106 2694 3145 non
2729 3091 2906 3146 etiam
2942 3092 2998 3146 in
3049 3092 3206 3148 Novo
3238 3094 3620 3153 Testamento

1963 3178 2025 3234 hi
2056 3178 2162 3233 viri
2196 3178 2296 3250 qui
2322 3183 2430 3234 Deo
2461 3178 2753 3251 placuisse
2779 3179 3131 3248 referuntur,
3163 3181 3383 3253 Spiritu
3416 3190 3620 3242 sancto

1966 3268 2122 3341 pleni
2155 3270 2314 3323 sunt.
2346 3266 2604 3323 Joannes
2636 3267 2852 3339 quippe
2899 3267 3090 3325 adhuc
3122 3269 3180 3324 in
3212 3272 3419 3328 matris
3451 3276 3616 3330 utero

1964 3357 2364 3414 sanctiﬁcatus
2382 3356 2686 3424 exsultat“,
2703 3362 2759 3412 et
2776 3356 2949 3413 Jesus
2972 3375 3005 3413 a
3019 3358 3268 3416 mortuis
3282 3378 3617 3436 resurgens,

1964 3464 2099 3503 cum
2116 3446 2474 3502 insutﬂasset
2491 3446 2548 3500 in
2575 3446 2781 3502 faciem
2803 3446 3251 3519 discipulorum,
3271 3449 3353 3506 ait
3377 3469 3390 3507 :
3410 3473 3438 3501 ‹‹
3456 3452 3617 3509 Aeci-

1966 3537 2084 3610 pite
2106 3537 2390 3608 Spiritum
2410 3540 2680 3592 sanctum
2697 3538 2738 3591 ⁸.
2756 3558 2784 3586 ››
2803 3536 2982 3593 Plena
3005 3543 3145 3594 sunt
3159 3539 3455 3598 volumina
3476 3543 3618 3599 divi-

1967 3642 2175 3682 narum
2209 3625 2646 3699 Scripturarum
2678 3624 2770 3681 his
2801 3627 3172 3685 sermonibus
3204 3645 3452 3701 quorum
3486 3648 3619 3689 con-

1968 3717 2187 3788 geriem
2201 3715 2261 3771 in
2276 3715 2547 3788 praesenti
2572 3731 2744 3787 opere
2767 3715 3028 3787 digerere
3042 3718 3343 3789 supersedi
3358 3719 3436 3792 (4)
3452 3735 3465 3774 :
3482 3720 3623 3792 quia

1966 3804 2203 3860 difﬁcile
2235 3821 2349 3860 non
2382 3808 2471 3860 est
2522 3821 2590 3860 ex
2619 3803 2711 3859 his
2741 3820 2869 3876 qua:
2915 3806 3371 3877 assumpsimus,
3404 3824 3618 3865 unum-

1968 3910 2263 3967 quemque
2292 3892 2566 3950 lectorem
2600 3892 2710 3948 sibi
2744 3892 2965 3948 similia
2994 3895 3266 3965 reperire.

2037 3986 2091 4039 3.
2120 3985 2299 4040 Nemo
2340 3988 2536 4039 autem
2570 3982 2904 4054 suspicetur
2932 3981 3114 4038 alium
3163 3982 3448 4057 Spiritum
3482 4003 3619 4044 san-

1968 4079 2129 4130 ctum
2158 4073 2340 4129 fuisse
2371 4073 2429 4128 in
2464 4073 2684 4129 sanctis
2704 4070 2845 4127 viris
2867 4076 3001 4128 ante
3023 4073 3338 4130 adventum
3361 4074 3619 4145 Domini,

1967 4167 2025 4220 et
2045 4162 2226 4218 alium
2250 4162 2309 4218 in
2337 4160 2621 4234 apostolis
2647 4161 2988 4234 cmterisque
3010 4162 3342 4236 discipulis,
3375 4169 3432 4220 et
3451 4164 3622 4238 quasi

1970 4253 2394 4323 homonymum
2424 4252 2500 4323 (5)
2528 4251 2587 4307 in
2632 4250 3041 4308 differentibus
3070 4268 3199 4309 esse
3242 4253 3615 4313 substantiis.

1968 4342 2294 4398 Possumus
2321 4340 2557 4413 quidem
2584 4341 2921 4397 testimonia
2941 4341 3014 4396 de
3044 4341 3258 4397 divinis
3285 4343 3511 4401 Litteris
3531 4360 3623 4403 ex-

1969 4431 2171 4486 hibere
2203 4430 2341 4502 quia
2374 4429 2528 4485 idem
2561 4429 2817 4501 Spiritus
2847 4435 2906 4486 et
2934 4430 2993 4484 in
3025 4430 3307 4503 apostolis
3328 4440 3385 4489 et
3413 4433 3471 4489 in
3496 4451 3621 4508 pro-

1970 4519 2164 4593 phetis
2197 4518 2390 4575 fuerit.
2415 4518 2636 4574 Paulus
2669 4519 2729 4573 in
2752 4517 3016 4591 Epistola
3045 4535 3223 4591 quam
3247 4520 3319 4575 ad
3352 4520 3624 4580 Hebraeos

1970 4609 2195 4677 scribit,
2230 4608 2301 4663 de
2333 4607 2700 4663 Psalmorum
2734 4607 3028 4663 volumine
3056 4607 3460 4665 testimonium
3491 4628 3625 4683 pro-

1973 4700 2182 4764 ferens,
2200 4696 2463 4770 aSpiritu
2484 4700 2684 4753 sancto
2707 4698 2762 4751 id
2789 4697 3009 4753 dictum
3028 4713 3158 4753 esse
3175 4705 3624 4757 commemorat:

1980 4808 2002 4836 ¢
2037 4790 2104 4843 Et
2136 4790 2291 4843 sicut
2321 4788 2466 4843 dicit
2494 4786 2589 4843 hic
2620 4788 2696 4858 (6)
2728 4786 2983 4859 Spiritus
3031 4790 3270 4842 sanctus
3309 4804 3320 4842 :
3365 4789 3548 4846 Hodie
3578 4790 3627 4846 si

274 4931 296 4966 ³
323 4931 508 4989 Marc.
545 4950 632 5004 In,
662 4932 753 4989 29.
830 4934 852 4969 ⁸
881 4932 1039 4990 Psal.
1074 4951 1124 5002 L,
1157 4934 1243 4991 43.
1322 4935 1343 4968 ⁸
1376 4933 1520 4989 Dan.
1554 4950 1680 4999 xm,
1712 4934 1800 4989 45.

2027 4949 2057 4987 :.
2094 4950 2131 5003 ι,
2170 4934 2253 4988 Ui.
2307 4934 2328 4967 δ
2356 4932 2524 4989 Joan.
2558 4948 2652 5000 xx,
2683 4935 2772 4986 22.

276 5084 354 5157 (l)
385 5085 451 5159 In
469 5084 708 5159 aliquot
730 5083 897 5159 libris
916 5085 1133 5159 legitur
1163 5110 1191 5138 «
1221 5086 1417 5159 Sancti
1442 5086 1667 5159 Didymi
1689 5087 1869 5142 Graeci
1903 5088 1947 5154 D

212 5156 485 5217 monachi
517 5156 913 5215 Alexandrini.
952 5156 1001 5209 »⁷
1026 5158 1172 5214 Vide
1204 5158 1438 5216 Hieron.
1477 5156 1867 5215 ad'Lucinium

210 5228 375 5302 epist.
408 5229 505 5296 Ἠ,
542 5246 708 5302 num.
739 5232 793 5287 5.

277 5304 353 5375 (2)
380 5300 647 5375 Consule
668 5306 725 5375 S.
753 5301 1149 5375 AmbrosiiDeﬁ
1178 5302 1392 5375 Spiritu
1420 5301 1731 5375 sanctolib.
1766 5320 1867 5369 vn,

213 5373 392 5501 ard”
412 5419 427 5444 ,
461 5373 568 5431 ubi
590 5373 662 5430 de
692 5373 1120 5433 irremissibilis
1140 5373 1519 5448 blasphemiae
1545 5391 1719 5430 sensu
1754 5375 1872 5448 agi-

276 5518 355 5591 (3)
385 5515 585 5575 Vatic.
619 5532 755 5574 cum
798 5518 969 5577 editis
999 5517 1437 5587 vetustioribus,
1477 5541 1504 5570 ι(
1535 5535 1607 5575 ne
1656 5517 1870 5591 aliquis

212 5587 441 5660 ιιιιόω,
477 5611 510 5641 ››
544 5592 655 5646 etc.

2050 5086 2127 5159 (4)
2159 5085 2296 5159 Cod.
2332 5084 2724 5153 Tbolosanus,
2758 5107 2784 5133 «
2844 5084 3206 5157 superﬂuum
3238 5089 3349 5155 est,
3379 5086 3429 5143 si
3460 5088 3629 5146 facile

1980 5163 2069 5214 est
2099 5158 2167 5213 ex
2198 5158 2311 5228 his,
2346 5180 2374 5207 ››
2407 5164 2513 5213 etc.

2052 5230 2128 5302 (5)
2161 5231 2241 5284 Ex
2291 5226 2476 5285 Vatic.
2508 5233 2564 5285 et
2614 5226 2855 5302 Romani
2906 5227 3141 5301 Collegii
3191 5246 3334 5288 mss.
3387 5232 3631 5290 fecimus

1981 5325 2006 5352 ‹‹
2029 5299 2476 5375 homonymum,
2500 5325 2526 5352 ››
2552 5317 2686 5375 cum
2708 5299 2915 5375 vitiose
2932 5299 3103 5375 antea
3117 5307 3272 5358 esset
3287 5326 3315 5353 «
3332 5305 3631 5361 nomina.»

2053 5375 2129 5445 (6)
2160 5369 2459 5430 Arl'iculus
2496 5395 2522 5422 ‹‹
2574 5372 2666 5427 hic
2701 5394 2727 5445 >3
2762 5369 2908 5445 alias
2958 5374 3174 5441 deerat,
3207 5378 3265 5431 et
3294 5376 3351 5431 in
3408 5376 3632 5435 Latinis

1981 5442 2215 5518 quoque
2233 5445 2667 5518 exemplaribus
2690 5442 3095 5515 desideratur;
3129 5446 3296 5503 illum
3320 5451 3517 5505 autem
3542 5466 3633 5506 ur-

1980 5522 2078 5591 get
2109 5517 2362 5575 maxime
2394 5517 2697 5589 Didymus.
