3970 6412
352 333 463 403 111

1602 340 1666 404 S.
1710 335 2021 405 EUSEBII
2064 335 2504 401 HIERONYMI

3636 324 3753 392 119

350 491 551 536 vocem
597 476 727 551 ejus
770 477 1073 545 audiertis,
1120 475 1299 534 nolite
1345 475 1631 533 obdurare
1679 475 1854 529 corda
1904 490 1995 528 ve-
2027 473 2080 539 Α
2111 472 2271 528 dabit
2300 473 2450 527 bona
2472 471 2804 544 petentibus
2826 486 2887 527 se
2916 468 3004 525 '°?
3032 490 3059 521 ››
3085 466 3243 524 Alter
3260 481 3431 523 vero:
3466 464 3748 531 «Quanto

356 571 479 625 stra
504 569 545 636 ⁷,
583 590 609 616 ι)
641 572 748 623 etc.
784 568 846 623 In
880 568 993 622 fine
1025 583 1257 639 quoque
1288 569 1541 620 Actuum
1574 563 1992 635 apostolorum,

356 674 494 713 cum
522 657 743 713 Judmis
776 656 1102 728 disputans,
1130 655 1211 710 ait
1244 672 1256 710 :
1290 655 1452 709 Sicut
1480 652 1726 725 Spiritus
1758 656 1994 707 sanctus

356 746 586 802 locutus
605 750 693 802 est
714 762 816 819 per
838 745 1049 801 Isaiam
1072 743 1414 817 prophetam
1437 743 1506 797 ad
1524 745 1719 813 patres
1742 745 1993 807 nostros,

360 835 598 891 dicens:
624 834 999 889 Auditionem
1024 833 1293 898 audietis,
1321 837 1375 887 et
1405 848 1515 885 non
1538 829 1879 902 intelligetis
1899 830 1940 882 ⁸.
1970 850 1996 877 ››

358 925 555 995 Neque
585 924 741 979 enim
791 922 1008 979 Paulus
1059 921 1236 976 alium
1270 920 1492 975 habens
1545 918 1827 990 Spiritum
1872 935 2026 996 san:

358 1017 540 1078 ctum,
572 1013 691 1068 haec
737 1013 806 1067 de
855 1029 921 1067 eo
969 1010 1224 1083 scripsit,
1260 1010 1359 1080 qui
1408 1010 1467 1063 in
1522 1008 1819 1080 prophetis
1867 1011 2000 1062 ante

359 1103 677 1158 adventum
724 1100 954 1156 Domini
1005 1100 1156 1155 alius
1204 1099 1347 1165 fuit;
1384 1098 1485 1151 sed
1530 1098 1601 1151 de
1632 1113 1697 1151 eo
1746 1096 1917 1167 cujus
1946 1100 2002 1150 et

362 1191 488 1263 ipse
521 1190 808 1263 particeps
851 1189 995 1249 fuit;
1030 1194 1083 1243 et
1115 1204 1315 1242 omnes
1345 1188 1443 1258 qui
1478 1186 1532 1240 in
1585 1186 1698 1240 fide
1729 1200 2001 1240 consum-

364 1286 531 1335 matae
563 1279 791 1334 virtutis
812 1279 1159 1333 ferebantur.
1181 1275 1343 1331 Unde
1365 1279 1422 1329 et
1451 1291 1583 1330 cum
1609 1273 1854 1329 articulo
1876 1274 2004 1344 ejus

364 1368 650 1436 meminit,
684 1366 846 1438 quasi
870 1364 1195 1421 solitarium
1217 1369 1273 1419 ct
1295 1379 1479 1419 unum
1502 1379 1629 1417 esse
1650 1366 2003 1427 contestans,

365 1457 461 1512 ubi
517 1455 658 1511 dicit
714 1472 828 1509 non
888 1454 1254 1525 simpliciter,
1316 1463 1517 1523 ιινεῠμα
1546 1462 1700 1521 ἅγιον,
1756 1450 1865 1506 hoc
1921 1455 2010 1505 est

359 1570 386 1595 ‹‹
404 1545 656 1617 Spiritus
668 1547 929 1609 sanctus,
948 1565 974 1590 ››
998 1542 1097 1597 sed
1112 1558 1247 1598 cum
1269 1541 1671 1597 additamenta
1690 1538 1920 1595 articuli
1953 1549 2009 1595 τὸ

362 1644 563 1703 Πνεῦμα
589 1643 645 1689 τὸ
676 1642 829 1702 ἅγιον,
861 1632 938 1701 (7)
972 1649 983 1694 ς
1018 1630 1127 1685 hoc
1153 1633 1279 1684 estu
1308 1628 1397 1683 hic
1411 1628 1664 1700 Spiritus
1691 1632 1951 1685 sanctus.
1981 1650 2007 1675 »

363 1722 430 1777 Et
451 1722 603 1777 ιω)
637 1720 846 1775 Isaiam
875 1718 1255 1791 prephetasse
1276 1722 1697 1773 commemorat
1718 1733 1851 1772 cum
1875 1717 2009 1772 arti-

362 1810 555 1865 culata
591 1825 746 1875 voce,
797 1817 873 1865 διὰ
900 1820 955 1864 τὸ
986 1819 1184 1878 Πνεῦμα
1213 1817 1270 1863 τὸ
1301 1817 1441 1878 ἅγιον
1473 1806 1570 1877 (8),
1603 1805 1659 1861 id
1712 1810 1801 1861 est
1832 1828 1859 1854 ‹‹
1912 1821 2014 1878 per

361 1898 521 1955 hunc
541 1897 820 1969 Spiritum
854 1901 1146 1963 sanctum,
1174 1918 1195 1948 ι
1225 1901 1282 1951 et
1302 1912 1418 1951 non
1445 1893 1791 1966 simpliciter
1812 1905 2009 1964 Πνεῦμα

362 1998 518 2060 ἅγιον.
552 1988 756 2043 Petrus
786 2003 1017 2059 quoque
1048 1986 1103 2041 in
1136 2001 1202 2041 eo
1234 2001 1523 2052 sermone,
1556 2000 1672 2055 quo
1706 1983 2010 2054 praesenti-

363 2077 476 2132 bus
520 2076 909 2147 persuadebat
928 2093 940 2129 :
962 2098 989 2124 «
1010 2074 1357 2146 Oportuerat
1376 2072 1473 2145 (al.
1497 2072 1776 2144 Oportet],
1798 2072 2007 2143 inquit,

363 2165 594 2238 impleri
652 2165 1035 2236 Scripturam,
1098 2179 1274 2235 quam
1330 2161 1562 2217 locutus
1620 2166 1709 2216 est
1762 2159 2011 2232 Spiritus

364 2258 603 2312 sanctus
661 2253 740 2325 (id
800 2258 907 2317 est,
937 2263 995 2309 τὸ
1027 2264 1229 2323 ιινεῡμα
1258 2261 1312 2307 τὸ
1344 2251 1502 2321 ἅγιον)
1552 2266 1654 2322 per
1708 2266 1772 2304 os
1834 2248 2009 2304 David

364 2344 435 2399 de
454 2343 608 2398 Juda
629 2344 694 2398 ιε
722 2365 748 2390 ››
771 2342 1085 2398 ostendens
1106 2346 1163 2396 et
1195 2340 1317 2412 ipse
1335 2340 1604 2395 eumdem
1629 2338 1933 2411 Spiritum,
1956 2343 2013 2394 et

364 2432 424 2488 in
455 2431 777 2505 prophetis,
810 2435 865 2486 et
896 2431 955 2486 in
985 2428 1265 2502 apostolis
1298 2434 1622 2501 operatum.

438 2523 486 2576 4.
513 2520 749 2576 Plenius
770 2520 839 2574 de
861 2518 968 2574 hoc
990 2518 1048 2574 in
1077 2518 1574 2588 consequentibus
1602 2516 2007 2581 tractabimus,

367 2626 501 2665 cum
532 2608 722 2664 dicere
771 2607 1141 2679 coeperimus,
1174 2623 1288 2661 non
1319 2606 1511 2661 solum
1560 2604 1874 2660 Dominum
1909 2604 2006 2677 [αι.

367 2698 576 2768 Deum]
610 2698 864 2753 Verbum
916 2696 1133 2751 factum
1180 2712 1309 2751 esse
1339 2694 1410 2749 ad
1461 2693 1776 2766 prophetas
1824 2695 1922 2749 sed
1954 2699 2011 2749 et

367 2786 649 2859 Spiritum
682 2789 950 2841 sanctum
972 2804 994 2849 ;
1022 2784 1161 2856 quia
1182 2789 1240 2839 ct
1264 2782 1732 2856 inseparabiliter
1754 2783 2010 2854 posside-

369 2882 488 2942 tur,
520 2892 655 2931 cum
708 2874 1008 2946 unigenito
1060 2872 1201 2929 Filio
1251 2873 1369 2928 Dei.
1428 2874 1560 2944 Ipsa
1610 2889 1717 2927 vox
1748 2873 1847 2942 [αι.
1881 2872 2014 2944 Ipsa

368 2967 551 3038 igitur
580 2966 709 3035 vox]
740 2963 991 3035 Spiritus
1021 2964 1230 3029 sancti,
1262 2979 1375 3017 non
1409 2966 1497 3017 est
1546 2978 1725 3016 vacua
1755 2961 2009 3035 appella-

368 3056 469 3123 tio,
504 3054 604 3110 sed
637 3053 995 3125 subjacentis
1021 3051 1283 3108 essentize
1314 3050 1769 3113 demonstratrix
1802 3067 1814 3105 :
1856 3051 2010 3107 Patri

370 3144 628 3215 Filioque
658 3143 817 3199 socia
868 3143 960 3209 [aL
995 3143 1254 3208 sociata],
1292 3145 1347 3195 et
1379 3158 1411 3195 a
1445 3139 1726 3195 creaturis
1777 3141 2010 3212 penitus

369 3233 577 3290 aliena.
610 3234 755 3290 Cum
784 3232 941 3287 enim
975 3237 1252 3287 creatura:
1285 3231 1342 3284 in
1374 3227 1650 3295 visibilia,
1682 3234 1737 3284 et
1769 3230 1823 3283 in
1858 3230 2008 3284 invi-
2042 3209 2084 3276 (ἶ

370 3321 585 3389 sibilia,
618 3322 673 3376 id
706 3326 797 3376 est
824 3320 882 3375 in
929 3320 1253 3392 corporalia
1282 3324 1339 3374 et
1370 3319 1427 3373 in
1460 3318 1847 3390 incorporalia
1880 3336 2010 3391 par-

371 3411 613 3477 tiantur,
638 3427 742 3465 nec
764 3410 835 3464 de
856 3408 1255 3480 corporalibus
1282 3408 1627 3462 substantiis
1650 3413 1740 3463 est
1761 3408 2013 3479 Spiritus

372 3503 633 3567 sanctus,
664 3497 873 3553 animae
923 3502 981 3552 et
1028 3514 1237 3553 sensus
1280 3495 1589 3565 habitator,
1624 3496 1909 3552 sermonis
1958 3501 2014 3552 et

368 3588 688 3661 sapientiae,
722 3591 779 3643 et
808 3586 1061 3643 scientiae
1088 3586 1357 3641 effector:
1384 3602 1489 3639 nec
1517 3585 1587 3640 de
1617 3585 2013 3642 invisibilibus

368 3678 670 3733 creaturis.
706 3676 834 3731 Huic
886 3676 1103 3747 quippe
1133 3674 1330 3730 omnia
1379 3674 1675 3746 sapientiae
1703 3679 1759 3730 et
1788 3680 2015 3731 caatera-

368 3783 498 3823 rum
529 3766 836 3831 virtutum,
859 3769 916 3820 et
946 3763 1434 3819 sanctificationis
1457 3764 1692 3835 capacia
1722 3768 1881 3819 sunt.
1902 3765 2016 3821 Ista

365 3872 499 3912 vero
530 3854 886 3918 substantia,
918 3854 990 3907 dc
1020 3870 1137 3924 qua
1174 3869 1327 3907 nunc
1360 3869 1551 3907 sermo
1578 3857 1687 3914 est,
1718 3851 2013 3923 sapientia:

368 3950 425 4001 et
455 3944 732 4009 scientias,
764 3948 821 3999 et
851 3941 1343 3997 sanctificationis
1374 3940 1631 3996 effectrix
1676 3946 1783 3995 est.
1818 3944 2015 4012 Neque

367 4034 524 4090 enim
552 4031 795 4088 inveniri
831 4036 1018 4104 potest
1049 4030 1245 4102 aliqua
1276 4030 1333 4085 in
1365 4030 1585 4102 Spiritu
1611 4035 1812 4085 sancto
1844 4030 2012 4086 forti-

366 4123 527 4187 tudo,
562 4126 664 4177 aut
693 4123 950 4192 operatio
1005 4118 1483 4176 sanctificationis
1531 4119 1884 4191 virtutisque
1914 4120 2011 4190 (9),

368 4227 543 4284 quam
576 4210 647 4265 ab
678 4214 950 4265 extraneo
983 4210 1235 4281 quodam
1275 4207 1567 4264 sustineat
1602 4225 1613 4263 :
1647 4207 1785 4279 quia
1815 4208 2011 4264 istius-

362 4300 525 4357 modi
558 4306 768 4354 natura
790 4297 1094 4354 mutabilis
1125 4302 1231 4353 est.
1259 4298 1434 4352 Porro
1467 4297 1723 4367 Spiritus
1748 4301 2009 4361 sanctus,

367 4388 729 4446 confessione
751 4387 1039 4453 omnium,
1074 4386 1462 4442 immutabilis
1485 4390 1595 4450 est,
1620 4384 2012 4442 sanctificator

367 4477 621 4535 scientias
666 4477 890 4545 divinae,
923 4482 979 4533 et
1027 4477 1432 4532 universorum
1484 4474 1801 4529 attributor
1830 4475 2009 4530 bono-

2105 561 2292 633 magis
2323 561 2492 617 Pater
2538 566 2731 617 vester
2763 559 3013 616 caelestis
3060 557 3224 614 dabit
3253 554 3538 629 Spiritum
3569 570 3745 611 suum

2105 655 2372 707 sanctum
2389 652 2723 722 petentibus
2738 668 2798 705 se
2817 651 2853 684 ¹¹
2875 649 2941 703 ‘1»
2963 650 3042 704 Ex
3060 647 3274 720 quibus
3292 648 3551 717 apparet,
3572 643 3754 717 Spiri-

2109 744 2235 795 tum
2261 744 2530 795 sanctum
2550 739 2972 812 plenitudinem
2995 753 3123 793 esse
3144 737 3431 791 donorum
3453 733 3559 805 [αι.
3583 733 3760 789 bono-

2108 827 2267 900 rum]
2300 828 2400 882 Dei
2426 846 2439 895 ;
2465 832 2521 882 et
2550 844 2617 883 ea
2643 844 2769 899 qua:
2801 825 3081 881 divinitus
3105 823 3617 889 administrantur,
3641 838 3758 877 non

2108 917 2330 986 absque
2362 933 2427 971 eo
2477 916 2797 971 subsistere
2825 933 2839 983 ;
2874 916 3014 987 quia
3059 930 3264 969 omnes
3298 911 3597 980 utilitates,
3628 926 3764 982 quas

2107 1023 2176 1061 ex
2207 1006 2490 1060 donorum
2524 1005 2621 1060 Dei
2656 1005 2844 1077 gratia
2892 1004 3314 1075 suscipiuntur,
3347 1018 3417 1057 ex
3460 1001 3570 1055 isto
3603 1000 3764 1055 fonte

2109 1094 2679 1159 dimanant.Quodau
2689 1098 2802 1147 tem
2816 1092 3037 1148 bonum
3051 1089 3515 1148 substantialiter
3528 1094 3762 1156 est,non

2113 1186 2302 1255 potest
2346 1187 2631 1237 extraneas
2681 1199 2862 1254 capax
2909 1198 3038 1237 esse
3078 1179 3377 1245 bonitatis,
3421 1179 3576 1234 ιιο
3622 1192 3762 1234 cum

2112 1272 2307 1344 ipsum
2331 1272 2549 1326 tribuat
2571 1270 2790 1327 cmteris
2811 1271 3149 1325 bonitatem.
3173 1269 3354 1339 Igitur
3377 1267 3763 1323 manifestum

2114 1364 2224 1426 est,
2258 1376 2374 1414 non
2406 1377 2439 1415 a
2469 1359 2867 1431 corporalibus
2896 1362 3147 1425 tantum,
3174 1358 3271 1413 sed
3307 1360 3364 1412 et
3393 1357 3464 1412 ab
3496 1355 3766 1428 incorpo-

2117 1449 2340 1505 ralibus
2360 1449 2643 1505 creaturis
2660 1453 2999 1504 extraneum
3016 1464 3145 1503 esse
3157 1446 3437 1518 Spiritum
3454 1449 3729 1501 sanctum
3751 1462 3766 1511 ;

2117 1537 2257 1610 quia
2286 1545 2499 1593 caeteras
2545 1537 2886 1593 substantiis
2919 1536 3069 1592 hanc
3120 1534 3513 1592 substantiam
3546 1533 3768 1589 sancti-

2119 1626 2431 1682 ficiationis
2457 1626 2791 1698 accipiunt;
2825 1625 2937 1680 iste
2962 1642 3095 1680 vero
3128 1642 3243 1680 non
3269 1627 3499 1679 tantum
3532 1638 3646 1677 non
3679 1626 3773 1677 est

2119 1733 2300 1788 capax
2314 1714 2794 1771 sanctificationis
2808 1713 3028 1779 alienas,
3044 1714 3144 1769 sed
3164 1713 3407 1784 insuper
3445 1710 3767 1766 attributor

2119 1809 2209 1861 est
2230 1808 2286 1859 et
2306 1808 2548 1859 creator.
2573 1803 2834 1875 Denique
2857 1802 2955 1875 qui
2976 1800 3390 1857 communione
3414 1800 3541 1871 ejus
3564 1800 3773 1854 fruun-

2120 1897 2235 1961 tur,
2261 1892 2573 1965 participes
2603 1892 2880 1947 dicuntur
2899 1890 3152 1963 Spiritus
3175 1889 3383 1957 sancti,
3415 1888 3772 1945 sanctificati

2120 1983 2324 2054 utique
2372 1982 2443 2037 ab
2489 1998 2579 2040 eo.
2610 1981 2918 2053 Perspicua
2963 1980 3119 2035 enim
3170 1978 3453 2051 scriptum
3501 1982 3587 2033 est
3629 1978 3770 2050 (10),

2120 2095 2147 2121 ‹‹
2184 2074 2247 2127 Et
2280 2070 2521 2143 Spiritui
2554 2070 2754 2143 gratiae
2775 2068 3191 2125 contumeliam
3223 2068 3441 2124 faciens
3464 2069 3527 2135 ”,
3554 2090 3581 2116 ››
3608 2068 3771 2124 haud

2122 2160 2368 2217 dubium
2400 2160 2543 2232 quin
2594 2160 2643 2214 is
2675 2160 2773 2231 qui
2825 2164 2957 2231 post
2986 2157 3421 2230 susceptionem
3473 2157 3602 2227 eius
3633 2173 3771 2229 pec-

2121 2250 2352 2306 caverit.
2387 2250 2444 2305 Si
2477 2253 2671 2305 autem
2703 2248 3103 2305 sanctiﬁcatus
3133 2251 3223 2303 est
3272 2263 3374 2319 per
3401 2246 3773 2303 communio-

2120 2356 2253 2395 nem
2287 2338 2541 2411 Spiritus
2566 2338 2775 2403 sancti,
2798 2337 3126 2393 ostenditur
3151 2335 3306 2409 quod
3329 2336 3455 2407 ipse
3477 2335 3777 2408 particeps

2120 2431 2249 2501 ejus
2286 2428 2475 2494 fuerit,
2502 2432 2559 2483 et
2588 2427 2831 2499 largitor
2849 2428 2978 2498 ejus
3009 2424 3493 2481 sanctificationis
3516 2425 3782 2484 Sniritus

2119 2523 2379 2574 sanctus.
2412 2516 2725 2589 Apostolus
2752 2532 2988 2588 quoque
3010 2515 3080 2571 ad
3112 2514 3445 2571 Corinthios
3477 2514 3778 2583 scribens,

2119 2612 2175 2662 et
2204 2623 2557 2662 enumerans
2590 2623 2689 2661 eos
2722 2606 2819 2677 qui
2853 2620 3100 2678 regnum
3132 2601 3413 2661 ccelorum
3462 2607 3603 2660 sunt
3630 2620 3779 2660 con-

2122 2696 2401 2763 secuturi,
2436 2695 2601 2750 addit
2649 2695 2850 2750 dicens
2879 2710 2891 2749 :
2928 2718 2953 2743 ‹‹
2988 2694 3056 2749 Et
3085 2692 3207 2748 haec
3239 2693 3477 2765 quidem
3527 2692 3772 2761 fuistis;

2120 2786 2218 2841 sed
2250 2784 2437 2840 abluti
2460 2784 2623 2853 estis,
2652 2785 2753 2839 sed
2779 2782 3126 2839 sanctificati
3150 2782 3315 2850 estis,
3339 2783 3440 2837 sed
3454 2782 3774 2854 justificati

2119 2875 2284 2941 estis,
2336 2874 2395 2929 in
2442 2874 2678 2929 nomine
2724 2874 2863 2929 Jesu
2912 2871 3128 2929 Christi
3179 2877 3236 2927 et
3282 2870 3342 2926 in
3398 2870 3619 2943 Spiritu
3668 2872 3775 2929 Dei

2121 2964 2304 3019 nostri
2330 2964 2371 2998 ¹³
2404 2980 2417 3018 :
2458 2986 2477 3011 ι
2513 2964 2792 3035 Spiritum
2825 2962 2948 3027 Dei,
2982 2978 3095 3017 non
3125 2960 3307 3017 alium
3329 2977 3599 3017 asserens
3631 2977 3770 3019 esse

2120 3070 2297 3125 quam
2319 3051 2600 3124 Spiritum
2625 3050 3162 3108 sanctum.Etenim
3185 3049 3244 3105 in
3266 3050 3772 3122 consequentibus

2122 3142 2273 3198 idem
2307 3140 2609 3213 approbat,
2643 3139 2843 3196 dicens
2877 3156 2890 3193 :
2926 3163 2946 3189 ι
2977 3140 3157 3195 Nemo
3204 3138 3263 3194 in
3294 3138 3511 3211 Spiritu
3544 3139 3644 3196 Dei
3676 3139 3774 3197 lo-

2123 3248 2330 3304 quens,
2365 3230 2507 3285 dicit
2544 3229 2855 3285 anathema
2884 3229 3025 3285 Jesu
3060 3247 3073 3285 :
3108 3233 3165 3285 et
3195 3245 3368 3285 nemo
3400 3228 3541 3285 dicit
3566 3229 3774 3285 Domi-

2123 3338 2265 3376 num
2311 3320 2539 3388 Jesum,
2572 3320 2684 3375 nisi
2734 3320 2793 3374 in
2824 3318 3045 3391 Spiritu
3095 3324 3297 3374 sancto
3331 3320 3393 3385 “,
3428 3342 3448 3368 ι
3481 3318 3775 3391 Spiritum

2123 3410 2246 3475 Dei,
2278 3409 2560 3482 Spiritum
2593 3413 2859 3464 sanctum
2891 3424 3021 3464 esse
3051 3408 3429 3463 confirmans.

2188 3500 2244 3554 5.
2278 3498 2337 3552 Si
2391 3498 2569 3569 igitur
2618 3496 3012 3552 sanctificator
3064 3497 3162 3568 [aL
3197 3496 3605 3568 sanctificatio]
3654 3502 3773 3566 est,

2124 3605 2237 3645 non
2271 3586 2595 3651 mutabilis,
2626 3586 2725 3641 sed
2760 3585 3148 3642 immutabilis
3195 3585 3539 3642 substantiis
3570 3589 3776 3643 osten-

2122 3676 2300 3732 ditur.
2318 3674 2750 3731 Immutabilem
2773 3682 2969 3730 autem
2987 3674 3375 3731 substantiam
3392 3674 3493 3731 Dei
3515 3679 3776 3744 tantum,

2122 3770 2180 3822 et
2201 3764 2484 3837 unigeniti
2504 3762 2628 3819 Filii
2651 3765 2699 3835 ej
2713 3763 3288 3835 us,manif'estissime
3306 3765 3547 3821 tradunt
3569 3764 3777 3823 divina

2121 3854 2354 3926 eloquia
2385 3872 2399 3909 :
2429 3853 2864 3910 convertibilem
2888 3857 2946 3909 et
2975 3853 3317 3910 mutabilem
3340 3870 3575 3910 omnem
3605 3870 3776 3911 crea-

2121 3948 2389 4000 turarum
2442 3942 2835 3999 substantiam
2867 3942 3264 4014 praadicantia.
3299 3946 3445 4015 Ergo
3484 3942 3772 4014 quoniam

2121 4032 2453 4089 substantia
2498 4030 2752 4104 Spiritus
2804 4031 2992 4087 sancti
3044 4048 3158 4088 non
3205 4030 3620 4101 convertibilis,
3662 4035 3773 4089 sed

2122 4119 2584 4177 inconvertibilis
2616 4121 3015 4176 demonstrata
3043 4125 3171 4178 est:
3206 4137 3319 4177 non
3350 4120 3459 4178 erit
3487 4125 3774 4178 creatura

2120 4217 2349 4280 ὁμούσιον
2399 4212 2526 4281 (leg.
2558 4211 2831 4281 opou'mog].
2891 4210 3057 4265 Esset
3112 4211 3328 4284 quippe
3385 4215 3443 4267 et
3499 4214 3778 4268 creatura

2121 4298 2528 4366 immutabilis,
2560 4299 2607 4354 si
2641 4316 2774 4354 cum
2800 4303 2969 4356 Patre
2999 4304 3311 4372 poneretur
3330 4303 3388 4355 et
3419 4299 3582 4367 Filio,
3607 4316 3774 4357 eam-

2120 4388 2251 4443 dem
2285 4387 2506 4443 habens
2538 4387 3170 4444 inconvertibilitatem.
3205 4390 3393 4444 Omne
3421 4388 3575 4445 enim
3609 4392 3771 4461 quod

2120 4475 2295 4533 alieni
2328 4478 2463 4533 boni
2495 4494 2677 4550 capax
2708 4482 2816 4544 est,
2838 4478 2911 4533 ab
2944 4476 3053 4534 hac
3086 4477 3417 4534 substantia
3438 4483 3773 4551 separatur.

369 4583 522 4636 rum,
556 4571 633 4631 et,
667 4570 730 4622 ut
777 4566 1007 4622 brevius
1035 4566 1249 4628 dicam,
1286 4564 1413 4636 ipse
1447 4562 1782 4619 subsistens
1812 4563 1871 4618 in
1918 4563 2012 4619 his
2043 4593 2089 4658 Β
2121 4566 2292 4622 Tales
2322 4571 2516 4623 autem
2541 4570 2682 4622 sunt
2702 4573 2921 4622 cunctae
2944 4571 3261 4633 creaturae;
3297 4567 3450 4623 Deus
3470 4583 3605 4624 vero
3629 4584 3774 4626 cum

367 4657 537 4713 bonis
586 4673 712 4727 quae
762 4673 795 4710 a
849 4655 1093 4711 Domino
1151 4652 1500 4725 largiuntur.
1535 4650 1680 4706 Nam
1740 4653 2012 4708 eumdem
2043 4650 2082 4658 '
2122 4656 2314 4711 bonus
2362 4656 2459 4722 sit,
2497 4656 2624 4710 fons
2656 4660 2712 4711 et
2756 4655 3109 4728 principium
3145 4656 3426 4713 bonorum
3460 4660 3550 4712 est
3582 4674 3595 4712 ε
3630 4657 3778 4715 facit

367 4745 657 4818 Evangelii
701 4744 893 4801 locum
947 4745 1255 4801 Mattheeus
1308 4747 1605 4810 Lucasque
1652 4740 2010 4812 describens,

367 4835 515 4892 alter
544 4852 611 4891 ex
657 4834 750 4890 his
799 4834 878 4889 ait
911 4852 923 4890 :
960 4858 985 4883 ‹‹
1022 4836 1250 4900 Quanto
1306 4830 1494 4900 magis
1545 4830 1712 4883 Pater
1760 4829 2012 4887 caelestis

436 4962 455 4995 ’³
486 4960 656 5015 Hebr.
692 4977 772 5014 ιιι.
805 4961 876 5025 7;
930 4958 1083 5014 Psal.
1144 4954 1614 5031 XCIV18.“8_A~OL
1668 4971 1868 5031 xxwii,
1910 4958 1981 5012 25
2027 4976 2192 5031 sqq.;

364 5033 407 5069 ιι
443 5033 577 5088 Luc.
611 5049 691 5099 x1,
731 5032 813 5086 l3.
876 5032 917 5065 ¹²
946 5031 1116 5085 Aebr.
1152 5046 1203 5093 χ,
1235 5027 1324 5081 ‘29.
1388 5026 1429 5060 ³³
1461 5026 1480 5080 l
1511 5027 1643 5081 Cor.
1681 5043 1760 5095 v1,
1794 5027 1881 5083 tl.
1944 5031 2036 5086 1⁴Ι

440 5156 518 5227 (7)
549 5155 811 5227 Alterum
840 5163 897 5211 τό
929 5171 1013 5227 ex_
1043 5152 1259 5227 Gr.rco_
1288 5146 1602 5227 exemplari
1652 5150 2008 5227 addidimus,

369 5222 665 5284 contextui
696 5235 752 5281 et
796 5225 1050 5280 auctoris
1083 5223 1261 5277 menti
1297 5222 1547 5277 maxime
1591 5222 2008 5287 necessarium,

441 5302 516 5372 (8)
568 5301 720 5353 Idem
784 5315 926 5351 mss.
984 5296 1043 5349 in
1094 5295 1369 5366 gignendi
1419 5310 1555 5372 casu
1618 5300 1693 5372 διὰ
1740 5307 1825 5351 τοῦ
1874 5306 2011 5367 ἁγίου

370 5367 669 5441 “viduam-0:,
702 5374 756 5422 et
783 5385 915 5423 mox
946 5375 1021 5422 διὰ
1050 5379 1134 5423 τοῦ
1169 5375 1463 5441 ΙΙνειιμεὶτος.
1498 5367 1752 5425 Rectius.

440 5439 515 5513 (9)
547 5441 916 5513 'l'holosauus
948 5455 1082 5492 cum
1118 5439 1331 5513 nostris
1364 5442 1505 5493 mss.
1542 5445 1597 5495 et
1638 5441 1883 5495 fortasse
1915 5457 2008 5495 ve-

370 5510 515 5577 rius,
549 5536 575 5560 ‹‹
612 5510 909 5573 forlitudo,
930 5526 1103 5580 quam
1138 5512 1209 5565 ab
1231 5515 1501 5565 extranea
1532 5514 1784 5581 quadam
1809 5528 2011 5582 cpera-

366 5585 525 5640 tione
555 5582 1050 5656 sanctificationis,
1083 5584 1429 5656 virtutisque
1456 5585 1755 5656 suscipiat.
1796 5607 1814 5631 ιι

437 5656 556 5726 (10)
588 5655 653 5709 Et
702 5655 1021 5726 incongrue
1072 5672 1244 5709 sensu
1276 5660 1331 5709 et
1381 5654 1673 5717 vitioso,'«
1723 5654 2007 5726 scriptum

370 5725 480 5795 est,
511 5726 665 5797 quod
699 5725 1185 5799 spiritui‘gratiac,
1219 5726 1277 5781 in
1311 5742 1425 5797 quo
1468 5725 1869 5783 sanctificatus
1900 5732 2009 5795 est,

2121 4744 2301 4817 igitur
2344 4761 2443 4800 eos
2491 4745 2695 4809 bonos,
2728 4746 2945 4817 quibus
2990 4763 3051 4801 se
3094 4745 3375 4818 impertit,
3407 4747 3598 4817 bonus
3641 4746 3775 4820 ipse

2122 4850 2238 4890 non
2254 4834 2438 4889 factus
2456 4834 2528 4889 ab
2544 4833 2676 4901 alio,
2694 4835 2794 4889 sed
2809 4834 3167 4891 subsistens:
3184 4834 3311 4891 ideo
3330 4834 3612 4908 capabilis
3630 4835 3772 4908 (41),

2244 4963 2357 5016 lsa.
2392 4977 2471 5025 v1,
2518 4961 2572 5026 9,
2607 4959 2694 5014 tO.
2756 4961 2777 4994 ⁹
2804 4962 2929 5015 Act.
2964 4978 3001 5029 ι,
3035 4959 3122 5016 46.
3185 4961 3226 4996 ιο
3265 4958 3473 5026 Matth,
3521 4977 3623 5028 v11,
3675 4961 3771 5019 Η.

2110 5048 2190 5088 or.
2225 5048 2329 5100 xu,
2358 5033 2412 5087 3.

2120 5153 2537 5240 contumeliam
2563 5155 2800 5221 faciens,
2822 5155 3283 5240 gravipunietur
3303 5160 3562 5240 peccato,
3584 5178 3611 5205 ››
3637 5172 3773 5240 quze

2120 5245 2188 5283 ex
2235 5227 2489 5301 laudatis
2548 5226 3162 5301 mss._castigavimus.
3203 5226 3485 5301 Congruit
3533 5226 3773 5301 lectioni

2122 5304 2331 5371 nostrae
2360 5298 2533 5371 etiam
2564 5297 2799 5355 Tholos.
2833 5297 2967 5366 ms,
3001 5299 3236 5356 tametsi
3269 5297 3646 5371 in"superiori
3682 5308 3775 5358 at-

2122 5386 2233 5443 que
2263 5370 2520 5443 inferiori
2558 5376 2822 5443 contextu
2856 5372 3153 5443 erroribus
3183 5374 3421 5427 scateat.

2195 5442 2302 5514 (Η)
2349 5440 2493 5496 Hinc
2541 5444 2721 5513 probe
2769 5442 3069 5515 intelligis,
3101 5460 3217 5515 quo
3266 5459 3441 5498 sensu
3472 5464 3499 5493 «
3532 5443 3773 5513 capabi-

2121 5512 2259 5586 liem,
2298 5535 2323 5561 ››
2358 5512 2566 5586 etnon
2603 5536 2629 5564 ‹‹
2660 5512 3018 5585 εαρειοθιιιξ»
3050 5512 3331 5586 Spiritum
3365 5512 3633 5570 sanctum
3670 5516 3774 5571 Di-

2121 5585 2333 5667 dymus
2380 5583 2555 5667 dicat.
2590 5583 2808 5667 Nempe
2855 5586 2906 5641 si
2929 5608 2964 5667 }«
3011 5583 3282 5667 capacem
3334 5609 3361 5635 »
3394 5586 3577 5667 Deum
3609 5586 3774 5667 .boni

2121 5656 2391 5730 alicujus,
2427 5663 2525 5712 aut
2555 5656 2811 5730 virtutis,
2840 5662 2983 5730 puta
3005 5656 3340 5730 sapientiae,
3372 5661 3476 5713 aut
3505 5656 3775 5730 veritatis

2120 5728 2355 5798 diceret,
2381 5731 2605 5802 poterat
2634 5745 2732 5786 eas
2761 5728 2943 5786 videri
2966 5728 3202 5788 aliunde
3227 5728 3644 5803 assumpsisse,
3670 5748 3775 5791 ne-
