3970 6420
223 348 320 407 113

914 340 1418 407 TRANSLATIO
1461 341 1674 408 LIBRI
1721 341 2005 409 DIDYMI
2053 342 2150 408 DE
2202 342 2519 410 SPlHlTU
2566 347 2892 411 SANCTO.

3503 355 3622 415 114

218 485 267 537 et
292 496 393 536 non
415 494 617 550 capax.
642 477 986 550 Unigenitus
1008 495 1238 551 quoque
1264 479 1843 553 Filius,ejussapien-
1873 483 1926 547 Α
1958 481 2131 537 Jcsus
2159 483 2562 553 prsedicatores
2583 483 2860 539 doctrinae
2891 499 3033 550 suae,
3066 482 3306 555 replevit
3363 501 3460 540 eos
3491 487 3621 558 Spi'

218 571 285 626 tia
299 574 350 625 et
364 567 889 634 sanctificatio,non
908 568 972 622 ﬁt
987 568 1352 639 sapiens,sed
1369 570 1664 642 sapientes
1685 570 1841 638 facit;

217 660 340 715 Ill
377 662 431 713 et
457 675 571 713 non
607 656 1027 724 sanctiﬁcatur,
1061 657 1161 712 sed
1214 657 1556 715 sanctificat.
1595 659 1753 714 Unde
1786 664 1844 714 et

213 750 322 821 ipse
350 745 626 820 capabilis
656 749 762 814 est,
797 750 854 802 et
887 763 1003 801 non
1035 763 1234 818 capax.
1277 751 1420 802 Cum
1455 747 1636 819 igitur
1692 748 1842 803 invi-

213 835 379 893 sibilis
403 840 688 902 creatura,
706 851 883 906 quam
907 834 1316 891 rationabilem
1336 840 1392 891 et
1414 835 1837 908 incorporalem

209 925 574 982 substantiam
604 923 794 980 vocari
815 924 1274 980 ’consuetudinis
1297 929 1531 994 est,non
1565 926 1642 981 sit
1672 942 1839 998 capa-

209 1015 346 1082 bilis,
376 1017 471 1070 sed
505 1031 687 1087 capax
716 1032 728 1070 :
763 1013 811 1069 si
871 1013 1028 1070 enim
1060 1013 1346 1086 capabilis
1377 1019 1552 1083 esset,
1611 1015 1838 1071 nullius

206 1106 324 1162 boni
351 1121 526 1176 capax
555 1108 847 1175 esset,per
877 1120 938 1158 se
966 1102 1214 1175 simplex
1244 1101 1373 1175 ipsa
1403 1104 1754 1170 subsistens,
1778 1110 1836 1160 et

208 1194 422 1251 alterius
451 1193 587 1249 boni
620 1191 995 1265 receptatrix;
1031 1191 1476 1264 participatione
1501 1193 1712 1248 habeat
1733 1194 1836 1248 bo-

204 1301 347 1351 num,
378 1288 431 1340 et
461 1300 576 1339 non
608 1283 678 1339 de
709 1281 802 1337 his
832 1298 957 1353 qua:
987 1280 1277 1337 habentur
1307 1281 1379 1336 ab
1411 1281 1566 1349 aliis,
1629 1283 1731 1337 sed
1764 1283 1834 1337 de

203 1375 281 1432 his
309 1392 426 1446 quae
457 1373 671 1428 habent
695 1371 810 1428 alia
836 1370 1221 1444 intelligatur,
1256 1370 1422 1426 Patre
1465 1375 1522 1426 et
1552 1370 1696 1427 Filio
1729 1371 1832 1426 ha-

200 1465 321 1520 bitis
349 1462 534 1536 magis
565 1477 740 1534 quam
772 1460 1122 1516 habentibus
1175 1477 1188 1528 ;
1246 1463 1515 1516 creatura
1559 1477 1691 1516 vero
1728 1460 1830 1514 ha-

201 1556 371 1619 bente,
395 1557 450 1609 et
483 1569 597 1608 non
626 1551 828 1606 habita
853 1566 864 1604 :
901 1550 973 1604 de
1002 1547 1222 1621 Spiritu
1257 1564 1489 1620 quoque
1520 1552 1721 1604 sancto
1744 1565 1832 1604 re-

197 1648 494 1700 tractemus
520 1641 651 1714 (l2),
685 1643 742 1695 et
771 1638 819 1695 si
851 1637 1088 1710 quidem
1109 1638 1232 1708 ipse
1265 1654 1498 1709 quoque
1522 1637 1831 1709 participa-

197 1735 337 1804 tione
363 1731 599 1788 alterius
631 1726 1032 1786 sanctimoniae
1053 1731 1294 1783 sanctus
1320 1731 1828 1794 est,connumere-

1953 570 2069 626 ritu
2087 589 2098 636 ;
2118 577 2172 626 et
2192 572 2577 627 insufﬂansin
2596 572 2801 627 faciem
2816 588 3018 627 eorum
3038 591 3050 629 :
3068 595 3093 622 ‹‹
3117 573 3615 647 Accipite,inquit,

1954 660 2236 730 Spiritum
2268 667 2539 716 sanctum
2573 663 2636 726 ³⁷,
2672 684 2696 709 ››
2733 666 2811 728 et,
2846 686 2870 711 ‹‹
2905 663 3143 728 Euntes,
3179 662 3379 718 docete
3411 680 3615 721 omnes

1951 753 2156 820 gentes
2193 752 2252 817 ιε,
2289 772 2315 799 ››
2352 750 2520 821 quasi
2547 767 2751 806 omnes
2774 751 3000 805 cunctis
3024 751 3301 823 gentibus
3333 753 3611 809 mitteret.

1951 839 2068 910 Neq
2083 856 2149 894 ue
2170 840 2324 894 enim
2350 856 2556 895 omnes
2579 839 2826 912 apostoli
2852 840 2922 894 ad
2947 857 3151 895 omnes
3172 844 3376 913 gentes
3395 841 3616 912 pariter

1949 933 2090 984 sunt
2121 929 2385 1000 profecti,
2421 929 2522 984 sed
2574 929 2816 1002 quidam
2848 928 2906 984 in
2967 929 3187 996 Asiam,
3248 929 3489 1000 quidam
3549 931 3608 987 in

1946 1017 2265 1089 Scythiam,
2297 1021 2352 1072 et
2383 1017 2479 1072 alii
2514 1018 2572 1072 in
2605 1018 2750 1073 alias
2780 1017 3030 1089 dispersi
3066 1017 3370 1086 nationes;
3405 1036 3610 1077 secun-

1946 1107 2086 1162 dum
2120 1106 2620 1178 dispensationem
2666 1106 2826 1162 illius
2857 1124 3030 1180 quem
3084 1123 3284 1163 secum
3316 1107 3610 1165 habebant

1945 1196 2202 1268 Spiritus
2233 1198 2443 1263 sancti,
2478 1214 2592 1268 quo
2627 1197 2799 1252 modo
2827 1201 2882 1252 et
2923 1197 3240 1253 Dominum
3290 1197 3604 1268 dicentem,

1948 1307 1975 1335 ‹‹
2008 1286 2328 1341 Vobiscum
2386 1303 2516 1342 sum
2569 1285 2847 1342 omnibus
2900 1285 3108 1342 diebus
3140 1304 3327 1358 usque
3373 1288 3442 1342 ad
3476 1305 3609 1344 con-

1943 1375 2405 1431 summationem
2440 1374 2634 1430 saeculi
2669 1375 2730 1428 ‘9.
2757 1396 2785 1422 »
2819 1373 2920 1430 His
2978 1379 3034 1429 et
3084 1374 3230 1430 illud
3291 1377 3559 1448 congruit
3593 1393 3605 1432 :

1949 1484 1975 1517 α
2001 1465 2317 1536 Accipietis
2348 1465 2622 1519 virtutem
2649 1463 3120 1535 supervenientis
3183 1465 3281 1534 [αἱ.
3333 1482 3606 1538 superve-

1944 1553 2226 1623 nientem]
2250 1553 2508 1625 Spiritus
2531 1552 2718 1608 sancti
2746 1552 2803 1606 in
2830 1569 2928 1607 vos
2951 1573 2963 1621 ς
2994 1556 3049 1607 et
3072 1551 3232 1607 eritis
3254 1556 3435 1609 testes
3460 1553 3606 1609 mihi

1948 1643 2006 1697 in
2038 1642 2387 1710 Jerusalem,
2423 1647 2478 1698 et
2509 1643 2566 1697 in
2609 1641 2766 1697 omni
2795 1641 2995 1696 Judaea
3016 1647 3072 1695 et
3102 1642 3388 1710 Samaria,
3421 1646 3477 1697 et
3507 1660 3610 1699 us-

1941 1747 2053 1802 que
2085 1732 2155 1787 ad
2191 1736 2513 1787 extremum
2547 1735 2713 1786 terra:
2737 1731 2800 1783 9".
2838 1752 2864 1779 »
2896 1730 2950 1784 Si
2985 1747 3120 1803 ergo
3151 1729 3210 1785 hi
3243 1730 3302 1785 in
3331 1732 3607 1788 extremis

196 1829 280 1878 tur
307 1821 522 1878 ceteris
553 1817 854 1876 creaturis.
889 1816 949 1872 Si
980 1832 1114 1872 vero
1147 1820 1382 1872 sanctos
1416 1814 1552 1872 facit
1583 1831 1826 1888 capaces
1858 1859 1904 1924 B
1941 1821 2336 1878 ﬁnibusterra‘
2360 1822 2431 1876 ob
2452 1821 2549 1893 [αἱ.
2571 1821 2922 1891 secundum]
2949 1819 3354 1875 testimonium
3370 1821 3603 1876 Domini

193 1913 292 1982 sui,
323 1928 452 1968 cum
500 1911 670 1965 Patre
701 1906 938 1981 ponitur
975 1911 1031 1961 et
1078 1905 1239 1962 Filio.
1274 1906 1436 1969 Quod
1495 1909 1690 1962 autem
1750 1906 1821 1962 ab

193 2002 310 2058 aliis
335 2001 598 2073 capiatur
626 1997 879 2070 Spiritus
910 2000 1173 2058 sanctus,
1203 1998 1260 2050 et
1292 2011 1406 2050 non
1463 1993 1579 2049 alia
1609 1994 1824 2067 capiat,

190 2098 240 2147 et
268 2108 436 2157 nunc,
467 2095 526 2145 et
557 2089 615 2143 in
645 2088 930 2144 Sectarum
958 2084 1254 2141 volumine
1274 2085 1470 2156 (prout
1501 2084 1826 2156 potuimus)

191 2181 572 2253 expressimus
602 2176 715 2250 (13)
752 2193 764 2231 :
798 2181 854 2232 et
877 2192 945 2231 ex
976 2175 1135 2229 omni
1159 2173 1461 2245 Scriptura
1492 2189 1823 2230 sermonem

190 2275 440 2326 nostrum
490 2268 786 2324 afﬁrmare
847 2263 1118 2337 perfacile
1170 2267 1276 2319 est.
1338 2263 1549 2318 Beatus
1593 2280 1826 2334 quoque

187 2358 484 2431 Apostolus
547 2357 618 2413 ad
671 2354 953 2428 Ephesios
1007 2353 1270 2408 scribens
1303 2352 1383 2407 ait
1416 2370 1428 2407 :
1459 2375 1485 2400 ‹‹
1523 2354 1582 2408 In
1618 2368 1731 2423 quo
1771 2357 1828 2407 et

189 2450 474 2505 credentes
506 2446 721 2518 signati
753 2445 894 2501 estis
917 2443 1136 2516 Spiritu
1161 2441 1570 2516 promissionis
1597 2445 1820 2506 sancto,

187 2538 277 2610 qui
305 2543 390 2594 est
420 2539 639 2611 pignus
669 2534 1023 2590 haereditatis
1054 2536 1264 2588 nostrae
1297 2533 1358 2587 ¹⁵.
1395 2553 1423 2580 ››
1463 2531 1521 2585 Si
1555 2530 1710 2585 enim
1747 2530 1824 2586 si-

188 2633 429 2700 gnantur
454 2625 696 2699 quidam
728 2623 946 2696 Spiritu
981 2620 1458 2689 sancto,formam
1482 2625 1538 2676 et
1568 2619 1821 2692 speciem

186 2717 301 2787 ejus
333 2720 704 2774 assumentes
737 2731 749 2768 :
785 2730 852 2769 ex
881 2713 975 2768 his
1005 2715 1094 2766 est
1123 2710 1374 2782 Spiritus
1406 2714 1664 2778 sanctus,
1695 2726 1823 2781 quae

184 2807 478 2876 habentur,
512 2811 573 2862 et
602 2822 716 2860 non
740 2803 958 2859 habent
989 2819 1001 2856 :
1036 2799 1388 2857 habentibus
1439 2799 1605 2854 illum
1633 2801 1826 2872 signa-

183 2896 301 2954 culo
329 2899 455 2970 ejus
484 2894 814 2968 impressis.
846 2893 931 2948 Ad
961 2889 1293 2946 Corinthios
1327 2887 1649 2961 [Ephesios]
1674 2905 1824 2960 quo-

181 3003 282 3060 que
313 2988 462 3045 idem
497 2986 782 3051 scribens,
815 3006 841 3032 «
877 2980 1086 3049 Nolite,
1116 3003 1143 3029 »
1175 2979 1388 3051 inquit,
1414 3002 1441 3028 «
1478 2979 1823 3035 contristare

182 3077 450 3150 Spiritum
475 3078 772 3145 sanctum,
794 3073 854 3127 in
879 3087 993 3143 quo
1016 3069 1231 3143 signati
1254 3067 1396 3124 estis
1420 3069 1481 3137 ‘6,
1500 3091 1527 3117 ››
1557 3068 1821 3141 signatos

180 3183 297 3224 esse
325 3170 664 3224 contestans
687 3179 785 3220 eos
809 3161 910 3234 qui
938 3162 1318 3231 susceperant
1343 3158 1818 3214 communionem

1936 1910 2260 1976 constituti,
2294 1910 2596 1965 distabant
2626 1909 2777 1964 inter
2833 1925 2896 1964 se
2926 1907 3292 1981 longissimis
3368 1910 3600 1982 spatiis,

1935 1999 2137 2054 aderat
2167 2002 2364 2054 autem
2398 1997 2482 2054 eis
2515 1997 2875 2053 inhabitator
2923 1997 3177 2070 Spiritus
3209 2000 3473 2067 sanctus,
3512 1999 3600 2055 in-

1934 2086 2441 2158 circumscriptam
2500 2085 2720 2141 habens
2755 2085 3170 2154 substantiam,
3227 2087 3601 2143 demonstra-

1935 2177 2252 2247 tratur(l5)
2276 2175 2537 2248 angelica
2559 2173 2743 2230 virtus
2766 2175 2837 2230 ab
2861 2175 2971 2230 hoc
2995 2191 3237 2247 prorsus
3264 2175 3600 2232 aliena.An-

1935 2265 2100 2338 gelus
2134 2265 2349 2337 quippe
2382 2264 2482 2336 qui
2515 2265 2737 2329 aderat,
2769 2265 2928 2320 verbi
2981 2264 3188 2336 gratia,
3223 2263 3487 2335 apostolo
3539 2266 3598 2320 in

1933 2353 2341 2432 Asialoranti,
2405 2370 2519 2407 non
2570 2357 2795 2423 poterat
2854 2351 3028 2407 simul
3081 2353 3285 2406 eodem
3337 2358 3598 2425 tempore

1936 2444 2141 2498 adesse
2177 2442 2306 2498 aliis
2337 2442 2393 2496 in
2429 2442 2650 2497 caeteris
2678 2441 2944 2513 partibus
2978 2441 3181 2495 mundi
3235 2441 3593 2497 constitutis.

1935 2532 2188 2603 Spiritus
2220 2535 2414 2586 autem
2450 2535 2690 2585 sanctus
2723 2547 2836 2585 non
2871 2527 3062 2585 solum
3108 2529 3393 2601 sejunctis
3452 2547 3485 2586 a
3534 2547 3597 2587 se

1935 2621 2276 2676 hominibus
2299 2624 2509 2692 praesto
2542 2620 2760 2686 est,sed
2785 2622 2840 2674 et
2862 2617 3112 2690 singulis
3136 2619 3470 2691 quibusque
3492 2637 3594 2675 an-

1933 2709 2098 2782 gelis,
2135 2709 2586 2782 principatibus,
2613 2708 2863 2774 thronis,
2901 2707 3404 2764 dominationibus
3437 2708 3599 2764 inha-

1934 2801 2146 2856 bitator
2175 2800 2437 2867 assistit;
2473 2803 2530 2854 et
2554 2803 2617 2854 ut
2647 2798 2916 2853 homines
2948 2797 3596 2863 sanctiﬁcans,alterius

1933 2906 2111 2962 quam
2137 2894 2276 2945 sunt
2308 2889 2602 2957 homines,
2633 2893 2721 2943 est
2747 2892 2965 2942 naturis
2993 2905 3005 2954 ;
3035 2887 3118 2942 sic
3151 2892 3208 2942 et
3261 2887 3407 2942 alias
3441 2905 3596 2943 crea-

1934 2985 2095 3036 turas
2128 2979 2524 3045 sanctificans,
2559 2977 2708 3033 alius
2740 2978 2812 3032 ab
2864 2993 3064 3032 earum
3098 2981 3187 3031 est
3235 2977 3588 3044 substantia,

1931 3069 2209 3141 quoniam
2244 3068 2436 3124 omnis
2452 3072 2716 3123 creatura
2749 3082 2862 3121 non
2888 3082 2956 3120 ex
2980 3082 3088 3121 sua
3110 3065 3460 3134 substantia,
3486 3067 3588 3122 sed

1930 3173 1998 3213 ex
2029 3155 2440 3212 communione
2484 3155 2720 3210 alterius
2771 3152 3100 3209 sanctitatis
3131 3156 3333 3208 sancta
3363 3154 3588 3224 perﬁci-

182 3255 418 3328 Spiritus
450 3253 664 3313 sancti.
700 3231 1025 3317 Quo—modo
1048 3249 1202 3304 enim
1225 3246 1545 3319 disciplinae
1567 3251 1625 3304 et
1644 3247 1819 3302 virtu-
1853 3231 1895 3298 C
1935 3251 2050 3300 tur.

181 3344 247 3401 tis
273 3350 611 3418 assumptor
633 3339 1004 3415 signaculum
1025 3341 1082 3394 et
1103 3338 1351 3410 figuram
1375 3340 1464 3403 (ut
1496 3337 1575 3392 ita
1605 3337 1821 3400 dicam)

180 3433 233 3489 in
262 3453 430 3492 suum
465 3449 713 3491 sensum
747 3430 954 3502 recipit
1001 3429 1129 3498 ejus
1179 3427 1455 3493 scientiae,
1492 3443 1670 3497 quam
1730 3443 1822 3481 as-

180 3527 420 3599 sumpsit
453 3543 465 3581 :
503 3524 588 3580 sic
617 3527 674 3579 et
694 3521 743 3578 is
775 3519 875 3593 qui
905 3517 1156 3591 Spiritus
1176 3515 1363 3572 sancti
1394 3515 1682 3588 particeps
1706 3515 1824 3570 effi-

179 3613 334 3684 citur,
368 3633 470 3687 per
500 3609 976 3670 communionem
1000 3608 1128 3678 ejus
1160 3606 1226 3661 fit
1248 3603 1577 3677 spiritualis
1608 3603 1824 3676 pariter

180 3706 230 3758 et
256 3709 490 3760 sanctus
524 3702 661 3773 (14).

239 3795 289 3850 6.
323 3796 448 3868 Ipse
481 3809 616 3850 vero
661 3789 912 3863 Spiritus
945 3792 1204 3854 sanctus,
1253 3786 1298 3842 si
1336 3803 1488 3842 unus
1541 3785 1611 3840 de
1662 3801 1818 3839 crea-

179 3883 314 3940 turis
342 3888 520 3952 esset,
555 3881 764 3939 saltem
826 3877 1332 3948 circumscriptam
1383 3874 1624 3930 haberet
1681 3874 1820 3930 sub-

177 3973 628 4044 stantiam,sicut
645 3969 916 4026 universa
932 3985 1058 4041 quae
1075 3967 1224 4022 facta
1240 3963 1546 4021 sunt.Nam
1568 3965 1685 4019 etsi
1707 3981 1821 4019 non

179 4063 318 4119 112
349 4060 913 4118 circumscribantur
940 4057 1066 4113 loco
1121 4061 1176 4111 et
1230 4055 1448 4110 finibus
1497 4052 1822 4109 invisibiles

177 4157 464 4223 creaturae,
497 4157 696 4208 tamen
729 4147 1080 4223 proprietate
1137 4143 1481 4201 substantia:
1513 4143 1819 4197 ﬁniuntur.

176 4241 440 4313 Spiritus,
475 4245 674 4298 autem
706 4242 968 4309 sanctus,
997 4251 1131 4292 cum
1165 4235 1222 4289 in
1256 4232 1527 4307 pluribus
1575 4233 1670 4301 sit,
1708 4249 1821 4287 non

176 4329 339 4388 ahbet
369 4330 767 4390 substantiam
799 4323 1577 4398 circumscriptam.Mittens
1607 4322 1824 4394 quippe

177 4545 211 4597 ι,
239 4529 288 4584 8.
327 4521 368 4565 ’ί
404 4530 546 4587 Luc.
586 4545 664 4597 Ix,
693 4528 785 4581 26.
817 4527 862 4560 ²²
890 4521 1058 4580 Joan.
1092 4539 1230 4590 xvu,
1264 4521 1349 4575 11.

2002 3337 2056 3388 7.
2092 3333 2239 3388 Dicti
2274 3336 2410 3388 sunt
2443 3330 2681 3403 quidem
2715 3329 2901 3386 sancti
2944 3329 3134 3402 angeli
3167 3330 3227 3385 in
3256 3330 3586 3403 Evangelio,

1934 3423 2228 3479 Salvatore
2260 3421 2507 3488 dicente,
2562 3425 2876 3476 venturum
2929 3436 3057 3476 esse
3089 3419 3298 3475 Filium
3331 3420 3589 3477 hominis

1932 3513 1988 3568 in
2017 3514 2324 3584 majestate
2356 3528 2464 3566 sua
2523 3514 2580 3564 et
2629 3511 2839 3577 Patris,
2871 3514 2926 3565 et
2987 3514 3322 3566 sanctorum
3355 3509 3588 3582 angelo-

1935 3620 2064 3658 rum
2097 3604 2160 3656 ".
2193 3603 2260 3657 Et
2291 3599 2593 3657 Cornelius
2617 3601 2770 3655 113
2793 3598 2852 3654 in
2873 3600 3114 3655 Actibus
3139 3599 3535 3671 apostolorum
3559 3617 3594 3655 a

1935 3696 2138 3759 sancto
2171 3691 2377 3763 angelo
2401 3689 2678 3746 scribitur
2704 3689 2799 3760 [αι.
2834 3688 3167 3760 subjicitur]
3190 3689 3483 3761 accepisse
3510 3707 3594 3745 re-

1933 3798 2216 3854 sponsum
2250 3782 2312 3847 ”,
2349 3784 2412 3834 ut
2444 3778 2678 3835 Petrum
2736 3778 2808 3832 ad
2867 3793 2928 3832 se
2961 3775 3173 3831 Christi
3232 3775 3591 3847 discipulum

1933 3875 2182 3926 vocaret.
2216 3869 2433 3925 Verum
2469 3867 2654 3924 sancti
2717 3871 2855 3921 sunt
2907 3864 3098 3936 angeli
3147 3865 3594 3937 participatione

1934 3959 2188 4033 Spiritus
2221 3958 2432 4023 sancti,
2467 3961 2524 4013 et
2559 3955 2982 4011 inhabitatione
3041 3955 3138 4024 [αι.
3194 3954 3594 4010 communica-

1933 4049 2110 4119 tione]
2140 4047 2424 4121 unigeniti
2457 4045 2582 4101 Filii
2609 4046 2729 4110 Dei,
2763 4044 2864 4115 qui
2917 4043 3201 4099 sanctitas
3223 4047 3331 4112 est,
3365 4047 3421 4098 et
3443 4059 3596 4099 com-

1935 4138 2252 4194 municatio
2284 4136 2468 4192 Patris
2501 4135 2634 4206 (t6).
2671 4133 2750 4189 De
2782 4149 2898 4204 quo
2931 4132 3196 4188 Salvator
3226 4131 3340 4187 ait:
3377 4154 3402 4181 «
3434 4133 3598 4188 Pater

1934 4237 2131 4286 sancte
2153 4229 2216 4282 ’3.
2248 4226 2345 4282 nSi
2380 4225 2559 4298 igitur
2590 4222 2780 4297 angeli
2811 4240 2926 4279 non
2955 4237 3024 4277 ex
3056 4221 3290 4294 propria
3319 4222 3596 4278 substan-

1936 4319 2019 4375 tia
2048 4317 2235 4375 sancti
2267 4321 2426 4384 sunt,
2462 4315 2562 4370 sed
2595 4331 2663 4369 ex
2694 4312 3138 4386 participatione
3168 4314 3382 4368 sanctas
3410 4311 3600 4367 Trini-

241 4456 522 4563 “Ephes.
583 4474 621 4511 1.
684 4455 769 4509 13.
831 4454 873 4487 ¹⁸
931 4451 1142 4524 Ephes.
1198 4467 1273 4504 IV.
1332 4449 1421 4503 :0.
1484 4449 1522 4482 ιτ
1575 4447 1744 4502 Joan.
1806 4463 1827 4501 ι

241 4529 270 4563 ει
327 4531 349 4563 ε
408 4530 526 4563 rm.
586 4545 638 4563 ιν
693 4528 764 4563 θρξ
817 4524 1033 4563 221mm
1092 4539 1206 4563 γυιῐ
1264 4521 1318 4563 H

1960 4447 2049 4501 22.
2118 4444 2155 4478 ¹⁸
2214 4441 2420 4497 Matth.
2492 4456 2692 4507 xxvm,
2767 4439 2850 4494 19.
2909 4439 2952 4472 ¹⁰
3020 4436 3163 4492 ibid.
3221 4438 3313 4493 20.
3368 4438 3412 4471 ²⁰
3468 4439 3598 4497 Act.

177 4670 279 4727 que
307 4670 376 4711 ex
409 4672 473 4712 se
521 4654 758 4719 habere,
818 4655 992 4723 atque
1044 4649 1187 4727 adeo
1246 4662 1453 4727 posse“
1476 4645 1828 4727 quandoque
1859 4647 1905 4712 1)
1937 4643 2040 4727 des
2071 4641 2129 4727 in
2188 4639 2696 4727 Paradz'sohucapt
2755 4636 3008 4727 maxime
3060 4651 3200 4727 vera
3242 4633 3596 4727 Illieron‘.uin

178 4717 454 4800 amittere,
489 4727 648 4800 quod
685 4717 1002 4800 aliquando
1031 4717 1320 4800 cepisset.
1355 4741 1380 4767 ‹‹
1416 4717 1764 4800 Capabilem.
1800 4739 1827 4765 ››

179 4813 300 4854 vero
320 4789 451 4856 ideo
474 4789 1144 4867 credendum,quoniam
1165 4789 1598 4867 implerejllum
1630 4789 1827 4867 corda,

179 4875 342 4943 atque
370 4872 610 4927 animas
643 4862 910 4943 ﬁdelium
955 4865 1158 4943 multis
1216 4862 1366 4943 locis
1397 4862 1714 4943 Scriptura;
1745 4866 1833 4943 te.-

180 4935 415 4998 sta'ntur.
446 4943 785 4998 Consonant
817 4938 914 4994 alii
945 4942 1166 4993 Patres.
1202 4939 1412 4990 Auctor
1451 4935 1834 4989 Allercationis

179 5030 293 5070 cum
321 5017 619 5072 Pascentio
649 5015 855 5070 Aria-n0
884 5011 1025 5066 olim
1045 5009 1199 5064 inter
1228 5005 1653 5079 Augustepist.
1690 5006 1788 5059 177
1818 5021 1829 5058 :

185 5108 204 5135 α
261 5087 362 5143 Est
421 5085 826 5161 incapabilish
855 5084 1039 5161 Pater,
1084 5096 1276 5161 quem.
1320 5077 1474 5161 capit
1517 5077 1698 5159 Filius
1757 5081 1835 5161 to:

181 5163 296 5214 tum
329 5165 421 5216 ?...
460 5183 488 5210 »
522 5152 674 5226 tum,
710 5155 1063 5230 quibusdam
1105 5152 1449 5230 interjectis,
1485 5172 1511 5198 ››
1547 5152 1647 5221 qui
1680 5152 1835 5230 capit

181 5232 387 5299 omnia,
410 5247 600 5304 quem,
628 5223 785 5304 cap-it
805 5243 976 5304 nemo
998 5245 1019 5304 ;_
1042 5225 1144 5304 sed
1177 5223 1650 5304 hqminum,.nahm
1673 5224 1834 5304 tptus

182 5293 400 5378 capitur
426 5293 468 5378 ,2.
497 5302 663 5378 Fili_0.
697 5293 724 5351 ἦ
762 5303 822 5356 In
855 5293 1082 5376 Arnobiz’
1115 5304 1164 5351 et
1219 5295 1538 5378 Serapionis
1569 5293 1835 5362 Conﬂictu

182 5366 301 5446 pag.
333 5377 444 5431 543
482 5392 496 5430 :
533 5398 562 5424 «
596 5374 749 5429 Deus
781 5374 982 5445 capax,
1005 5366 1464 5446 poncapabilis.
1501 5388 1528 5414 »

270 5440 352 5514 12)
383 5447 569 5513 Olim,
606 5469 632 5495 ι)
658 5446 737 5500 De
768 5440 967 5500 sancto
998 5440 1218 5514 Spiritu
1248 5444 1589 5514 tractemus
1629 5459 1655 5514 η

270 5451 332 5502 12
383 5451 569 5513 Olim,
606 5469 632 5495 ι)
658 5451 737 5500 De
768 5451 967 5500 sancto
998 5451 1218 5514 Spiritu
1248 5451 1568 5494 tractemus
1629 5459 1655 5484 ››

269 5451 352 5589 43g
408 5519 563 5591 Ejus
611 5517 742 5572 libri
771 5517 951 5591 etiam
977 5511 1150 5591 paulo
1203 5512 1373 5591 infra
1416 5509 1702 5591 meminit,
1734 5508 1830 5563 ubi

185 5611 210 5641 κ
240 5581 304 5667 de
335 5581 621 5667 quibus,»
649 5589 860 5667 inquit,
890 5611 910 5638 α
933 5581 1448 5667 jam-abundanter
1469 5583 1525 5636 in
1554 5581 1835 5667 sectarier:

184 5651 471 5723 volumine
503 5651 996 5742 disputavimus.»
1029 5655 1296 5719 Meminit
1315 5670 1549 5729 quoque
1578 5651 1833 5711 Heracli-

1941 4715 2220 4783 Catalugo,
2282 4729 2386 4784 cap
2441 4705 2569 4784 109,
2603 4705 2665 4784 ⁷8.
2723 4726 2836 4781 quo
2897 4707 3044 4762 liber
3126 4707 3200 4759 De
3243 4705 3598 4784 dogmatibus

1944 4776 2293 4858 appellatur,
2347 4776 2537 4858 facile
2558 4776 2718 4836 enim
2741 4776 2752 4781 ’
2782 4789 2897 4858 [lth
2925 4787 3179 4858 eamdem
3240 4776 3596 4858 inscribeba-

1946 4847 2061 4920 tur,
2088 4861 2151 4911 ut
2181 4874 2246 4910 ex
2281 4847 2407 4927 ipso
2436 4855 2680 4926 Didyme
2716 4847 2888 4924 paulo
2943 4847 3186 4905 inferius
3244 4847 3376 4903 licet
3433 4848 3594 4904 colli-

1944 4947 2097 5002 gere,
2131 4929 2228 5002 ubi
2254 4951 2285 5002 γα
2319 4927 2600 4998 Spiritum
2636 4931 2905 5002 sanctum
2965 4927 3293 5002 Creatorem
3352 4939 3379 5002 ρ
3444 4936 3596 5002 esse,

1945 4992 2122 5072 II-jam
2154 5001 2208 5055 in
2242 4992 2562 5069 Doghzatum
2591 4997 2885 5052 velamine
2921 5019 2946 5044 ››
2989 5013 3048 5050 se
3098 4993 3286 5048 dicit»
3349 4992 3600 5073 breviter

1945 5072 2307 5118 nqtnndisse:
2349 5097 2368 5118 ι»
2410 5077 2559 5118 certe.
2615 5087 2726 5118 nnn
2789 5079 2906 5118 ῐιεοὶ
2935 5075 3178 5118 αἱοέςεωξ.
3238 5068 3304 5118 ut
3352 5065 3595 5118 (undam

3396 5080 3595 5120 uiuam

1944 5068 2368 5139 ostendisse;w»
2410 5077 2559 5126 certe
2615 5087 2726 5124 non
2789 5079 2906 5140 Περὶ
2935 5075 3178 5137 αἱρέσεως,
3237 5068 3304 5143 ut
3352 5068 3449 5189 qui

1944 5146 2162 5189 nninnti
2199 5149 2356 5189 sunt-
2410 5144 2536 5189 Viri.
2597 5141 3025 5189 'l‘hemlnretum
3060 5140 3116 5189 in
3178 5137 3315 5189 "28!.
3404 5135 3458 5189 Ib

3404 5153 3479 5189 ID.
3517 5155 3593 5204 Iv,

1944 5146 2166 5218 opinati
2199 5137 2356 5198 sunt.
2410 5144 2538 5198 Vid.
2597 5137 3025 5197 Theodoretum
3060 5140 3116 5192 in
3178 5137 3315 5190 Hist.

1943 5236 2011 5274 ca
2059 5262 2071 5273 .
2112 5218 2206 5273 29.

2016 5236 2389 5358 {14)Th0108.
2426 5303 2560 5352 ms.,

1967 5381 2094 5416 rtus.
2130 5384 2157 5410 ))

1967 5407 1970 5411 ,
2082 5405 2094 5416 ,
2130 5384 2157 5410 ))

1945 5367 2127 5504 οὶῖνῗῦ)
2162 5433 2490 5504 Perperam,
2526 5434 2589 5504 ut
2623 5423 3435 5504 pleraquealia,Tbolosanus
3457 5439 3596 5494 ms.,

1949 5530 1974 5556 ‹‹
2021 5495 2537 5573 incircuniscripta
2566 5495 2918 5555 inhabitanti
2969 5496 3306 5553 substamia
3352 5495 3596 5552 demon-

1945 5582 2340 5727 Strtﬁgrvgtus
2366 5644 2564 5716 editio,
2601 5666 2628 5697 ι(
2660 5647 2716 5704 et
2762 5640 3292 5704 communicatione
3323 5639 3529 5704 Patris.
3563 5665 3592 5702 ι,

2598 5308 2622 5334 ‹‹
2655 5281 2974 5354 spiritualis
3035 5279 3324 5353 particeps
3368 5282 3424 5334 et
3456 5296 3596 5335 san-
