3970 6464
293 355 407 457 us

1529 399 1594 461 S.
1639 399 1947 464 EUSEBII
1991 397 2284 464 HIERON
2297 399 2462 465 YMl.

3586 392 3704 460 116

290 523 448 593 tatis,
481 523 597 581 alia
626 524 964 598 angelorum
996 527 1326 585 ostenditur
1384 547 1418 585 a
1478 531 1767 588 Trinitate
1811 548 1942 590 esse
1969 533 2024 600 Α
2053 532 2331 606 sciplina,
2359 552 2471 590 non
2504 533 2564 590 in
2587 533 2770 590 cassis
2800 530 3138 589 nominibus
3158 527 3413 588 scientia
3434 529 3706 586 substan-

290 612 640 670 substantia.
674 613 747 670 Ut
775 614 931 671 enim
961 616 1126 673 Pater
1156 619 1550 691 sanctiﬁcans,
1574 619 1724 677 alius
1746 627 1834 677 est
1863 622 1936 677 ab

291 702 385 758 his
433 701 533 775 qui
591 704 1068 773 sanctiﬁcantur;
1101 710 1157 762 et
1186 706 1364 763 Filius
1395 713 1485 764 est
1515 708 1667 766 alius
1715 710 1787 766 ah
1843 711 1937 766 his

290 807 439 864 quos
471 791 648 849 efficit
668 798 902 851 sanctos
927 811 940 850 :
967 795 1047 851 ita
1071 800 1127 851 et
1157 796 1409 869 Spiritus
1432 802 1672 854 sanctus
1696 798 1939 855 alterius

290 884 382 936 est
409 881 753 938 substantia
781 883 854 938 ab
882 882 980 939 his
1009 900 1156 956 quos
1187 885 1277 940 sui
1329 884 1634 959 largitione
1683 887 1938 944 sanctifi-

291 973 404 1026 cat.
438 969 498 1027 Si
527 987 661 1028 vero
691 970 947 1028 haretici
978 974 1410 1046 proposuerint,
1462 992 1530 1031 ex
1560 980 1770 1032 natura
1804 993 1939 1033 con-

291 1059 530 1119 ditionis
561 1077 679 1117 sua
711 1059 952 1134 angelos
985 1066 1222 1119 sanctos
1251 1079 1378 1120 esse
1439 1081 1452 1120 :
1518 1070 1942 1138 consequenter

290 1152 581 1224 coguntur
610 1149 804 1206 dicere
832 1157 1091 1222 ὁμουσιους
1123 1168 1250 1208 esse
1299 1153 1591 1221 Trinitati,
1641 1160 1697 1210 et
1749 1156 1944 1212 incon-

288 1237 635 1296 vertibiliter
665 1255 763 1295 eos
780 1239 954 1311 juxta
982 1240 1381 1298 substantiam
1413 1248 1649 1299 sanctos
1681 1261 1832 1301 esse.
1882 1243 1942 1300 Si

290 1331 486 1388 autem
517 1326 626 1384 hoc
649 1327 1026 1401 refugientes,
1058 1329 1332 1400 dixerint,
1370 1331 1548 1389 unius
1578 1333 1817 1404 quidem
1841 1349 1945 1388 na-

289 1422 435 1475 tura
463 1433 592 1474 esse
623 1433 757 1474 cum
789 1419 1009 1474 cateris
1038 1420 1348 1488 creaturis,
1385 1437 1501 1478 non
1535 1425 1755 1477 tamem
1787 1438 1943 1478 eam-

288 1506 417 1566 dem
442 1505 656 1564 habere
676 1506 1256 1580 sanctitatem,quam
1274 1508 1547 1565 homines
1574 1509 1791 1566 habent
1821 1525 1948 1566 :ne-

286 1595 538 1654 cessarit»
560 1596 879 1652 deducetur
900 1596 1106 1669 (l7),ut
1125 1597 1324 1653 dicant
1355 1598 1541 1654 multo
1567 1599 1823 1655 melioris
1847 1599 1948 1654 bo-

287 1685 476 1742 mines
496 1701 625 1741 esse
645 1684 986 1742 substantia
1011 1703 1023 1740 :
1057 1702 1190 1741 cum
1214 1686 1306 1742 hic
1333 1703 1435 1759 per
1469 1689 1942 1744 communionem

283 1773 589 1830 Trinitatis
609 1773 865 1830 habeant
884 1774 1347 1844 sanctitatem,et
1368 1775 1828 1850 angeli,propria
1850 1793 1947 1834 na.

284 1867 417 1966 tura
433 1862 720 1930 sancti,ab
741 1879 809 1920 ea
837 1862 955 1966 sint
974 1862 1166 1920 alieni.
1183 1863 1295 1922 Sed
1319 1870 1451 1966 vota
1477 1870 1616 1922 sunt
1638 1865 1942 1965 hominum
1973 1901 2020 1966 B

284 1951 694 2025 perfectorum,
744 1957 802 2008 et
857 1953 929 2008 ad
989 1954 1557 2010 consummationem
1608 1955 1935 2011 sanctitatis

281 2040 641 2109 venientum,
699 2039 954 2112 aequales
1027 2042 1254 2115 angelis
1330 2043 1453 2100 ﬁeri
1539 2045 1673 2111 (l8).
1728 2043 1932 2116 Angcli

285 2129 499 2203 quippe
529 2128 885 2195 hominibus,
921 2134 979 2186 et
1030 2147 1145 2186 non
1177 2130 1445 2188 homines
1501 2131 1724 2202 angelis
1772 2133 1932 2188 auxi-

286 2218 431 2275 lium
460 2218 1168 2285 tribuunt,ministrantes
1217 2220 1300 2276 eis
1320 2220 1594 2288 salutem,
1625 2225 1683 2277 et
1705 2238 1937 2276 annun-

282 2308 497 2366 tiantes
527 2307 612 2364 eis
643 2307 917 2380 largioria
946 2308 1045 2364 Dei
1077 2308 1360 2366 beneficia
1391 2309 1524 2382 (19).
1559 2310 1640 2364 Ex
1693 2326 1808 2382 quo
1869 2310 1935 2365 li-

283 2396 461 2469 quido
481 2396 810 2453 ostenditur
830 2396 1298 2455 honorabiliores
1331 2403 1389 2455 et
1417 2399 1604 2454 multo
1664 2398 1936 2455 meliores

282 2502 410 2542 esse
438 2485 676 2560 angelos
705 2485 1067 2556 hominibus,
1118 2503 1222 2560 per
1259 2488 1707 2561 germaniorem,
1741 2492 1805 2542 ut
1853 2489 1936 2543 ita

285 2575 499 2642 dicam,
521 2579 581 2631 et
599 2573 917 2648 pleniorem
949 2575 1252 2632 Trinitatis
1282 2578 1771 2649 assumptionem.

355 2666 410 2720 8.
441 2665 804 2737 Quapropter
837 2680 970 2719 cum
1003 2664 1154 2720 alius
1187 2665 1265 2720 sit
1292 2666 1546 2738 Spiritus
1590 2669 1831 2721 sanctus
1863 2663 1934 2720 ab

285 2752 380 2810 his
409 2768 537 2826 qua
568 2753 694 2826 ipse
713 2752 1060 2822 sanctiﬁcat,
1096 2771 1212 2810 non
1235 2758 1324 2810 est
1354 2755 1530 2811 unius
1549 2759 1768 2810 natura
1800 2770 1934 2810 cum

285 2840 508 2898 cateris
528 2841 819 2898 creaturis
851 2858 978 2914 qua
1009 2857 1144 2898 eum
1175 2842 1483 2916 recipiunt.
1519 2843 1580 2899 Si
1627 2851 1819 2899 autem
1853 2841 1934 2898 al-

285 2930 467 2988 terius
497 2934 587 2987 est
617 2935 836 2988 natura
869 2948 902 2986 a
931 2931 1302 3000 creaturis,et
1324 2933 1382 2988 in
1409 2933 1644 3005 propria
1666 2931 1938 2988 subsistit

285 3019 562 3088 essentia;
595 3019 888 3076 increatus
919 3023 975 3076 et
1004 3019 1307 3076 ineﬂ‘ectus
1361 3022 1708 3078 ostenditur.
1744 3019 1934 3077 Multa

283 3109 593 3182 Scriptura
625 3113 784 3178 sunt,
818 3125 948 3181 qua
996 3108 1122 3166 sine
1151 3109 1534 3183 ambiguitate
1591 3109 1936 3166 convincant

283 3197 524 3254 alterius
553 3214 684 3254 eum
713 3214 746 3254 a
777 3199 1007 3254 cunctis
1037 3199 1471 3255 conditionibus
1512 3217 1641 3256 esse
1688 3204 1930 3254 natura.

2046 622 2188 677 tiam
2221 623 2522 694 possidet;
2557 623 2658 680 sed
2717 638 2820 695 per
2876 626 3150 678 naturam
3206 618 3702 685 sanctiﬁcantem,

2047 715 2105 766 et
2135 709 2480 784 implentem
2512 710 2686 767 bonis
2714 711 3005 780 universa,
3028 710 3219 766 bonus
3251 709 3376 782 ipse
3406 707 3703 773 subsistit,

2039 799 2210 871 juxta
2239 816 2415 872 quam
2445 804 2501 856 et
2529 798 2736 872 repleti
2794 799 3036 872 quidam
3089 797 3314 872 Spiritu
3346 799 3546 853 sancto
3576 811 3705 853 esse

2049 889 2343 956 dicuntur,
2377 893 2440 945 ut
2472 889 2529 944 in
2561 889 2802 946 Actibus
2832 886 3233 962 apostolorum
3275 885 3559 960 scriptum
3591 887 3701 952 est,

2056 1001 2076 1027 ι
2112 978 2181 1033 Et
2210 977 2413 1050 repleti
2444 983 2582 1033 sunt
2604 991 2806 1034 omnes
2831 977 3050 1050 Spiritu
3069 979 3290 1044 sancto,
3311 978 3368 1032 et
3387 973 3706 1047 loqueban-

2049 1067 2398 1122 turverbum
2417 1066 2517 1123 Dei
2541 1084 2672 1122 cum
2698 1066 2911 1121 ﬁducia
2929 1067 2993 1122 ’9.
3013 1088 3039 1114 »
3058 1067 3180 1132 Quo
3217 1064 3390 1120 modo
3430 1061 3584 1119 enim
3604 1061 3707 1134 qui

2051 1155 2248 1228 aliqua
2263 1156 2573 1228 disciplina
2595 1155 2801 1228 plenus
2831 1159 2939 1221 est,
2956 1153 3056 1227 qui
3075 1152 3325 1226 perfecte
3347 1167 3476 1209 eam
3508 1150 3706 1218 habet,

2051 1245 2276 1300 erudite
2293 1249 2350 1301 et
2367 1244 2658 1300 subtiliter
2679 1249 2869 1316 potest
2892 1244 2963 1299 de
2983 1259 3052 1299 ea
3067 1242 3324 1315 proferre
3345 1255 3700 1297 sermonem:

2053 1333 2137 1389 sic
2157 1334 2256 1405 qui
2289 1333 2570 1406 Spiritum
2603 1337 2871 1388 sanctum
2910 1334 3317 1388 consummate
3351 1328 3704 1401 acceperint,

2054 1421 2137 1477 ita
2153 1426 2214 1477 ut
2231 1421 2586 1494 impleantur
2600 1437 2827 1487 eo,cum
2852 1419 3065 1476 ﬁducia
3079 1420 3321 1476 verbum
3342 1418 3438 1474 Dei
3457 1416 3708 1490 loquun-

2053 1510 2314 1582 tur,quia
2332 1527 2586 1584 prasens
2600 1509 2854 1583 Spiritus
2868 1512 3108 1566 sanctus
3121 1509 3360 1581 dignam
3375 1506 3490 1563 Deo
3502 1521 3705 1562 vocem

2055 1599 2373 1656 ministrat.
2407 1599 2550 1655 Hinc
2582 1599 2824 1672 quidam
2856 1598 2955 1670 [aL
2988 1597 3153 1654 Unde
3183 1601 3240 1654 et
3270 1595 3535 1670 quidam]
3566 1610 3707 1651 cum

2054 1687 2366 1760 supercilio
2393 1688 2475 1744 ait
2506 1704 2520 1745 :
2556 1711 2583 1738 ‹‹
2617 1689 2742 1744 [lac
2800 1687 2941 1743 dicit
2978 1685 3228 1759 Spiritus
3287 1689 3530 1742 sanctus
3554 1684 3641 1747 ⁸⁰;
3675 1705 3706 1733 »ι

2052 1782 2108 1833 et
2167 1776 2525 1850 Apostolus:
2561 1801 2589 1828 «
2639 1777 2749 1834 Sed
2804 1775 3155 1850 implemini,
3205 1774 3419 1847 inquit,
3477 1773 3705 1847 Spiritu

2054 1871 2255 1922 sancto
2275 1867 2315 1901 ³¹
2341 1885 2353 1934 ;
2390 1890 2416 1914 ››
2444 1872 2501 1922 et
2523 1867 2580 1922 in
2600 1865 2804 1923 multis
2833 1864 2978 1922 locis
3000 1868 3254 1920 Actuum
3277 1860 3708 1936 apostolorum,

2053 1955 2206 2027 pleni
2237 1955 2416 2012 fuisse
2446 1955 2663 2027 Spiritu
2697 1959 2897 2011 sancto
2940 1952 3215 2026 discipuli
3271 1951 3500 2009 Domini
3557 1951 3706 2008 scri-

2051 2046 2270 2100 buntur
2301 2061 2313 2098 :
2352 2066 2380 2095 «
2410 2044 2784 2100 Considerate
2826 2043 3221 2117 ergo,fratres,
3250 2042 3404 2098 viros
3435 2057 3504 2098 ex
3532 2039 3703 2097 vobis

2049 2133 2450 2190 testimonium
2482 2133 2768 2190 habentes
2799 2137 3043 2206 septem,
3079 2131 3282 2206 plenos
3311 2130 3526 2205 Spiritu
3567 2147 3704 2186 san-

2045 2227 2136 2277 cto
2166 2225 2224 2277 et
2251 2221 2538 2294 sapientia
2566 2222 2610 2256 ³²
2642 2239 2656 2289 ;
2721 2245 2748 2271 ››
2781 2225 2838 2277 et
2867 2221 2937 2276 de
2966 2219 3263 2292 Stephano
3297 2235 3310 2273 :
3346 2241 3374 2268 «
3407 2222 3550 2273 Cum
3589 2233 3699 2273 au-

2047 2315 2162 2366 tem
2196 2309 2404 2382 plenus
2435 2315 2589 2367 esset
2616 2310 2838 2383 Spiritu
2895 2315 3118 2375 sancto,
3179 2308 3416 2364 intuens
3475 2307 3535 2362 iu
3587 2322 3706 2362 ca-

2045 2399 2190 2465 lum,
2216 2398 2365 2454 vidit
2389 2398 2636 2472 gloriam
2660 2399 2781 2468 Dei,
2814 2403 2871 2454 et
2899 2399 3102 2454 Jesum
3130 2402 3384 2453 stantem
3417 2412 3452 2452 a
3481 2395 3705 2452 dextris

2049 2487 2144 2544 Dei
2165 2488 2238 2555 33;
2268 2511 2294 2536 ››
2313 2492 2367 2543 et
2389 2488 2459 2543 de
2472 2486 2770 2544 electionis
2786 2505 2921 2543 vase
2938 2486 3183 2542 dicitur:
3207 2485 3463 2542 «Saulus
3479 2487 3674 2541 autem
3687 2524 3704 2550 ,

2046 2576 2146 2648 qui
2177 2580 2234 2632 et
2260 2575 2715 2649 Paulus,plenus
2737 2576 2957 2650 Spiritu
2983 2575 3451 2644 sancto,intuens
3470 2573 3530 2629 in
3561 2587 3703 2630 eum

2043 2665 2126 2721 ait
2149 2667 2230 2734 3‘;
2264 2688 2291 2715 »
2327 2670 2383 2722 et
2413 2666 2470 2720 in
2502 2682 2814 2721 commune
2847 2667 2916 2721 de
2975 2665 3262 2721 universis
3318 2662 3703 2720 credentibus

2045 2759 2359 2811 annotatur
2377 2771 2390 2810 :
2410 2778 2431 2804 ι
2460 2753 2742 2827 Discipuli
2761 2771 2994 2828 quoque
3011 2753 3387 2827 replebantur
3405 2751 3622 2826 gaudio
3640 2755 3708 2806 et

2044 2843 2262 2915 Spiritu
2295 2848 2495 2900 sancto
2526 2845 2589 2899 ³⁵.
2626 2866 2653 2892 ››
2708 2841 2909 2916 Angeli
2959 2847 3159 2900 autem
3212 2841 3542 2916 prasentia,
3577 2840 3704 2896 sive

2044 2931 2294 3004 alicujus
2325 2933 2476 2989 “5
2509 2931 2752 2988 alterius
2780 2930 3113 2988 excellentis
3142 2935 3518 3003 naturaqua
3541 2929 3706 2985 facta

2043 3025 2272 3092 est,non
2304 3021 2511 3094 implet
2535 3026 2791 3078 mentem
2812 3025 2986 3094 atque
3017 3037 3256 3076 sensum
3281 3037 3295 3088 ;
3332 3019 3472 3092 quia
3491 3021 3549 3074 et
3570 3018 3706 3090 ipsa

2043 3109 2276 3166 aliunde
2307 3110 2651 3184 completur.
2684 3111 2805 3175 Quo
2838 3109 3011 3166 modo
3045 3110 3201 3165 enim
3232 3126 3300 3166 ex
3333 3105 3702 3182 plenitudine

2041 3200 2176 3272 quis
2223 3201 2512 3273 accipiens
2544 3199 2885 3264 Salvatoris,
2918 3198 3128 3272 plenus
3154 3197 3407 3254 efﬁcitur
3463 3195 3702 3269 sapien-

283 3287 531 3353 Quidam
553 3287 728 3343 etiam
760 3287 978 3360 Spiritu
1010 3292 1211 3344 sancto
1243 3288 1397 3362 pleni
1445 3305 1574 3345 esse
1605 3289 1882 3344 dicuntur
1915 3306 1929 3357 ;
1961 3277 2003 3342 C
2041 3290 2140 3360 tia,
2170 3293 2224 3344 et
2244 3291 2456 3344 virtute
2481 3289 2614 3360 (‘20).
2647 3293 2705 3345 et
2726 3287 2978 3360 justitia,
3010 3293 3068 3344 et
3121 3302 3391 3344 sermone
3437 3283 3536 3342 Dei
3563 3301 3577 3340 ε
3611 3283 3702 3342 sio

283 3392 455 3432 nemo
476 3379 671 3432 autem
693 3376 812 3432 sive
833 3377 892 3432 in
913 3377 1378 3450 Scripturis,sive
1400 3378 1460 3434 in
1483 3378 1930 3445 consuetudine,

285 3464 496 3538 plenus
544 3469 814 3521 creatura
862 3465 1095 3521 dicitur.
1157 3468 1313 3523 114
1366 3467 1566 3539 Neque
1619 3467 1774 3523 enim
1833 3470 1933 3523 aut

281 3553 585 3627 Scriptura
615 3553 727 3609 sibi
758 3552 867 3609 hoc
896 3553 1170 3623 vindicat,
1203 3561 1305 3611 aut
1335 3572 1527 3612 sermo
1575 3555 1927 3624 communis,

284 3646 348 3698 ut
377 3642 537 3698 dicas
564 3641 802 3715 plenum
834 3659 963 3700 esse
994 3644 1330 3716 quempiam
1361 3645 1928 3717 angelo,throno,do-

281 3731 637 3801 minatione;
667 3731 777 3789 soli
799 3732 1015 3805 quippe
1045 3733 1249 3788 divinae
1280 3739 1498 3790 natura
1537 3735 1632 3790 hic
1662 3734 1930 3791 convenit

279 3837 494 3879 sermo.
528 3821 792 3878 Dicimus
821 3826 1016 3878 autem
1040 3823 1275 3879 virtutis
1307 3829 1365 3880 et
1395 3822 1717 3896 disciplina
1750 3841 1928 3896 quos-

279 3911 417 3970 dam
445 3927 575 3968 esse
603 3909 806 3984 plenos
839 3929 853 3968 :
886 3915 950 3967 ut
998 3910 1144 3967 illud
1193 3935 1221 3962 «
1256 3912 1529 3986 Repletus
1562 3917 1648 3969 est
1705 3911 1926 3985 Spiritu

277 4003 481 4060 sancto
497 4001 570 4069 ²⁴;
590 4023 619 4050 ››
637 4017 754 4057 non
775 4000 938 4056 aliud
954 4001 1353 4074 significantes
1371 4019 1549 4075 quam
1572 4001 1776 4076 plenos
1797 4018 1926 4058 esse

275 4093 696 4146 consummate
727 4093 904 4162 atque
931 4091 1196 4162 perfecta
1226 4091 1479 4149 virtutis.
1513 4091 1806 4163 Scriptum
1837 4093 1928 4146 est

276 4179 349 4236 de
373 4178 636 4235 Joanne:
672 4200 700 4228 »
727 4182 794 4234 Et
821 4177 1040 4251 Spiritu
1083 4184 1283 4236 sancto
1339 4179 1680 4252 implebitur
1733 4178 1926 4235 adhuc

275 4283 347 4325 ex
377 4271 540 4324 utero
567 4267 774 4324 matris
804 4285 922 4325 sua
953 4270 1016 4338 ’⁵,
1053 4291 1081 4319 ››
1113 4274 1169 4326 et
1199 4270 1412 4326 iterum
1447 4287 1459 4325 :
1501 4289 1522 4317 α
1566 4267 1806 4340 Repleta
1835 4272 1928 4324 est

274 4355 492 4430 Spiritu
527 4362 726 4414 sancto
769 4357 1065 4416 Elisabeth
1085 4360 1129 4394 ²⁶
1154 4377 1166 4428 ;
1193 4382 1219 4408 ››
1242 4362 1298 4415 et
1318 4362 1450 4432 post
1471 4357 1587 4413 alia
1609 4373 1622 4411 :
1648 4380 1676 4406 ‹‹
1701 4357 1769 4412 Et
1801 4356 1926 4430 Spi-

275 4445 390 4502 ritu
416 4450 616 4504 sancto
645 4446 904 4520 repletus
935 4452 1024 4504 est
1047 4447 1355 4503 Zacharias
1384 4451 1548 4518 pater
1601 4446 1728 4516 ejus
1768 4446 1832 4500 ³⁸⁷.
1893 4468 1920 4496 η

275 4536 440 4592 Haud
487 4536 757 4603 dubium,
793 4537 934 4610 quin
968 4541 1025 4592 et
1075 4537 1327 4593 Joannes
1357 4535 1744 4608 prophetavit.
1779 4535 1925 4590 Nec-

276 4641 390 4682 non
422 4626 481 4681 in
509 4627 751 4683 Actibus
782 4625 1179 4700 apostolorum
1213 4625 1284 4680 de
1315 4623 1518 4680 multis
1549 4624 1923 4680 credentibus

274 4715 375 4788 qui
406 4714 464 4772 in
495 4733 676 4773 unum
710 4719 1122 4784 convenerant,
1149 4714 1394 4770 refertur
1423 4730 1435 4768 :
1461 4737 1487 4764 ‹‹
1526 4713 1751 4786 Repleti
1781 4717 1923 4769 sunt

273 4805 492 4878 Spiritu
525 4810 724 4862 sancto
755 4807 817 4860 ³⁸.
853 4829 881 4856 ‹‹
912 4807 1057 4862 Cum
1116 4807 1310 4859 autem
1361 4802 1785 4876 participabilis
1844 4803 1923 4858 sit

276 4895 527 4968 Spiritus
557 4899 817 4962 sanctus,
841 4893 913 4948 ad
941 4891 1390 4948 similitudinem
1413 4891 1712 4964 sapientia
1743 4908 1808 4947 ac
1839 4891 1924 4946 di-

2043 3379 2143 3450 qui
2175 3378 2393 3450 Spiritu
2427 3384 2630 3434 sancto
2663 3377 2872 3450 plenus
2903 3381 3012 3443 est,
3045 3376 3247 3433 statim
3278 3374 3568 3431 universis
3597 3373 3703 3430 do-

2042 3467 2380 3524 nationibus
2417 3466 2512 3522 Dei
2546 3465 2823 3538 repletur,
2847 3463 3409 3538 sapientia,scientia
3430 3463 3566 3530 ﬁde,
3592 3479 3699 3519 ca-

2039 3557 2295 3627 terisque
2316 3553 2650 3610 virtutibus.
2667 3552 2773 3618 Qui
2793 3552 2970 3625 igitur
2990 3550 3196 3624 implet
3217 3550 3521 3606 universas
3538 3564 3701 3607 crea.

2039 3650 2226 3710 turas,
2255 3661 2380 3715 qua
2412 3647 2608 3698 tamen
2641 3645 2890 3713 possunt
2911 3641 3023 3713 (21)
3054 3640 3352 3708 virtutem,
3377 3644 3435 3695 et
3464 3638 3702 3712 sapien-

2037 3734 2178 3788 tiam
2211 3749 2436 3803 capere,
2471 3749 2586 3787 non
2618 3735 2706 3787 est
2736 3748 2805 3787 ex
2832 3730 2924 3786 his
2951 3747 3077 3803 qua
3111 3730 3235 3802 ipse
3291 3727 3566 3801 complet.
3611 3726 3698 3784 Ex

2037 3839 2152 3894 quo
2183 3821 2476 3894 colligitur
2508 3820 2748 3876 alterius
2779 3836 2912 3876 eum
2965 3836 3093 3876 esse
3117 3817 3480 3885 substantia,
3513 3833 3696 3889 quam

2037 3915 2176 3966 sunt
2204 3927 2408 3966 omnes
2440 3913 2739 3965 creatura.
2767 3909 3036 3964 Diximus
3065 3913 3122 3962 et
3150 3906 3461 3980 alibi,quia
3485 3923 3697 3980 super-

2036 3999 2396 4071 intelligatur
2424 3998 2481 4054 in
2515 3998 2701 4055 sancti
2732 3998 2983 4071 Spiritus
3014 3996 3347 4054 substantia
3371 3996 3547 4052 etiam
3573 3995 3697 4069 ple-

2035 4088 2238 4144 nitudo
2271 4105 2581 4144 munerum
2613 4087 2966 4143 divinorum.

2103 4180 2156 4233 9.
2193 4178 2452 4250 Denique
2485 4176 2852 4250 impossibile
2899 4181 2989 4234 est
3042 4176 3292 4250 gratiam
3351 4175 3448 4232 Dei
3489 4175 3692 4232 sortiri

2033 4264 2393 4338 quempiam,
2429 4265 2478 4320 si
2528 4281 2644 4321 non
2674 4264 2887 4320 habeat
2917 4263 3214 4337 Spiritum,
3254 4267 3524 4320 sanctum
3561 4278 3575 4318 ε
3622 4264 3687 4320 in

2032 4371 2147 4426 quo
2180 4354 2572 4427 approbamus
2605 4354 2719 4426 (22)
2747 4360 2959 4410 cuncta
2997 4353 3097 4409 Dei
3155 4353 3308 4409 dona
3337 4352 3689 4410 consistere.

2033 4445 2193 4510 Quod
2226 4459 2356 4499 vero
2387 4443 2436 4498 is
2469 4443 2567 4515 qui
2613 4442 2827 4498 habeat
2856 4459 3011 4510 eum,
3067 4459 3397 4500 sermonem
3454 4458 3694 4515 quoque

2033 4533 2416 4604 sapientia,st
2438 4531 2665 4604 reliqua
2687 4532 2835 4588 bona
2858 4532 3106 4604 perfecte
3127 4536 3477 4588 consecutus
3493 4531 3572 4587 sit
3594 4548 3609 4590 :
3634 4537 3696 4590 et

2033 4639 2188 4678 nunc
2220 4622 2525 4678 manifeste
2579 4638 2771 4678 sermo
2801 4621 3185 4689 demonstrat,
3234 4626 3295 4678 et
3349 4620 3523 4695 paulo
3555 4627 3694 4680 ante

2031 4712 2306 4778 diximus,
2331 4712 2726 4767 substantiam
2758 4711 3047 4768 bonorum
3078 4711 3178 4768 Dei
3205 4711 3488 4784 Spiritum
3517 4728 3694 4772 sanc-

2032 4806 2188 4869 tum;
2217 4818 2348 4857 cum
2387 4800 2698 4873 posuimus
2735 4801 3086 4873 exemplum,
3107 4823 3134 4850 «
3160 4800 3334 4856 Dabit
3355 4805 3525 4857 Pater
3557 4801 3694 4875 Spi-

2034 4892 2213 4946 ritum
2247 4894 2520 4946 sanctum
2545 4888 2879 4962 petentibus
2907 4907 2968 4945 se
2992 4891 3058 4944 36.
3095 4914 3114 4940 ι
3155 4894 3210 4945 et
3239 4907 3301 4944 ε»
3327 4889 3499 4946 Dabit
3516 4893 3694 4946 Pater

347 5012 392 5046 ²⁴
418 5001 598 5067 Exod.
630 5027 780 5078 xxxi,
831 5009 884 5063 3.
943 5009 989 5042 ’⁵
1046 5007 1164 5063 Luc
1204 5025 1242 5078 ι,
1305 5007 1391 5064 15.
1449 5007 1494 5043 ¹⁶
1544 5007 1684 5064 ibid.
1745 5008 1832 5064 41.
1889 5009 1925 5043 ⁸⁷

2112 5049 2124 5062 .
2175 5008 2280 5078 67.7
2323 5007 2367 5041 ’⁸
2424 5010 2550 5061 Act.
2610 5023 2671 5061 II.
2733 5007 2786 5072 4,
2841 5007 2887 5041 ³⁸
2940 5006 3082 5061 ibid.
3141 5007 3186 5042 ³ο
3237 5010 3364 5062 Act.
3427 5021 3542 5076 xu,
3593 5007 3686 5064 14.

275 5084 315 5118 ³¹
348 5082 556 5155 Ephes.
589 5100 644 5149 v,
682 5077 771 5136 18.
798 5079 843 5114 3’
873 5084 999 5135 Act.
1033 5095 1108 5148 v1,
1142 5079 1195 5134 3.
1226 5077 1271 5114 ³³
1302 5083 1428 5135 Act.
1460 5095 1561 5147 vn,
1593 5081 1683 5136 55.
1715 5080 1760 5114 3‘
1789 5084 1916 5136 Act.

2109 5083 2160 5134 9.
2195 5079 2241 5112 ³⁵
2270 5077 2409 5134 ibid.
2439 5079 2529 5133 52.
2561 5078 2605 5112 ³⁸
2636 5080 2773 5134 Luc.
2813 5096 2890 5144 x1,
2926 5080 3012 5134 13.

345 5199 460 5272 (17)
487 5198 706 5264 Scribe,
737 5195 932 5268 inquit
952 5196 1240 5264 Barthius,
1282 5219 1306 5245 ι)
1364 5197 1691 5253 necessario
1730 5214 1796 5254 eo
1828 5198 1921 5253 de-

276 5272 587 5327 ducentur.
623 5292 645 5321 ι
682 5273 790 5324 etc.

347 5342 684 5414 (18_)Contra
714 5340 1000 5412 Oregenes
1023 5339 1249 5414 angelis
1277 5346 1332 5395 et
1363 5340 1700 5414 hominibus
1741 5357 1918 5414 unam

274 5412 661 5484 eamdemque
689 5417 958 5467 naturam
980 5412 1203 5484 tribuit,
1238 5412 1310 5468 iis
1339 5412 1544 5468 saltem
1577 5413 1674 5484 qui
1709 5413 1919 5467 sancti-

276 5489 415 5541 tatis
439 5483 662 5557 apicem
690 5489 888 5540 essent
909 5483 1178 5557 assecuti.
1216 5483 1620 5557 Didymus,qui
1638 5484 1920 5557 Origine-

279 5557 461 5629 niana
486 5556 759 5629 dogmata
787 5558 1007 5628 passim
1029 5556 1252 5629 dicitur
1279 5556 1724 5629 recepissc,vide
1756 5556 1826 5610 ab
1853 5571 1923 5610 ea

281 5625 891 5701 doctrinai'quantum
943 5627 1288 5701 abhorreat.
1329 5625 1536 5701 Confer
1566 5628 1751 5701 etiam
1791 5644 1919 5701 qua

281 5704 422 5770 tom.
459 5702 478 5758 Ι
507 5697 673 5776 [Opp
700 5699 960 5775 Hieron.]
980 5700 1051 5759 ad
1081 5699 1425 5781 Synodicam
1447 5697 1839 5776 Theophili,et
1861 5699 1918 5755 in

2029 5196 2210 5268 Epist.
2245 5196 2316 5268 ad
2349 5194 2584 5268 Avitum
2613 5194 3042 5251 annotavimus.

2101 5266 2214 5338 (19)
2248 5266 2426 5338 Vatic.
2453 5283 2563 5321 ms.
2587 5283 2721 5322 cum
2747 5267 2984 5338 antiqua
3007 5265 3170 5334 edit.,
3220 5285 3241 5313 ι
3265 5266 3688 5324 annuntianles

2031 5337 2116 5394 eis
2148 5337 2480 5409 largitorem
2513 5339 2659 5409 ejus.
2696 5339 2774 5393 Ex
2805 5355 2942 5407 quo,
2979 5361 3006 5386 »
3038 5341 3145 5409 etc.

2148 5354 2480 5464 largiorem
2513 5355 2659 5409 ejus.
2696 5354 2774 5393 nx
2805 5355 2942 5407 quo,
2979 5361 3006 5386 »
3038 5354 3145 5393 etc.

2125 5413 2214 5477 20)
2300 5427 2369 5466 uo
2401 5426 2542 5465 mss.
2577 5427 2713 5464 cum
2741 5411 2916 5464 veteri
2950 5407 3261 5475 editione,«
3293 5413 3351 5465 et
3377 5408 3618 5464 virtute.
3651 5434 3683 5461 ››

2125 5415 2214 5477 20)
2246 5415 2369 5466 Duo
2401 5426 2542 5465 mss.
2577 5427 2713 5464 cum
2741 5415 2916 5464 veteri
2950 5415 3261 5475 editione,«
3293 5415 3351 5465 et
3377 5415 3618 5464 virtute.
3651 5434 3683 5461 ››

2101 5415 2214 5553 ἕ21)
2244 5481 2423 5536 Vetus
2474 5483 2674 5537 eadem
2719 5482 2919 5548 editio,
2955 5503 2982 5527 ιι
3014 5486 3331 5549 creaturas,
3386 5485 3686 5554 quantum

2030 5556 2305 5626 possunt,
2339 5575 2365 5601 ››
2396 5557 2506 5608 etc.

2101 5625 2214 5696 (22)
2246 5624 2332 5680 Al.
2368 5647 2395 5674 «
2426 5623 2910 5700 approbantur,»
2943 5626 3001 5678 et
3063 5639 3196 5680 mox
3225 5622 3466 5684 Tholos.
3519 5625 3680 5700 cod.,

2031 5721 2057 5748 ‹‹
2093 5694 2597 5777 όοήειιιιεθτθξριεο
2625 5694 2998 5753 «consistere.
3047 5720 3066 5746 ι.
