3970 6412
219 319 315 396 m

915 311 1409 378 TRANSLATIO
1455 311 1660 378 LIBRI
1703 310 1986 394 DIDYMI
2032 313 2133 377 DE
2177 313 2489 400 SPIRlTU
2536 317 2868 380 SANCTO.

3464 319 3601 418 ita

218 452 348 506 bona
373 446 705 522 petentibus
752 463 816 503 se
841 448 906 503 ⁸⁷.
945 469 972 498 ››
1005 447 1120 503 Nec
1151 447 1481 504 existimare
1529 448 1831 514 debemus,
1871 451 1920 516 Α
1953 449 2315 520 spondere“.
2339 471 2366 498 ››
2392 449 2609 522 Spiritu
2630 466 2760 505 vero
2782 453 2982 507 sancto
3007 451 3299 508 tribuente
3321 451 3599 524 apostolis

217 539 474 614 Spiritum
515 540 782 596 sanctum
814 538 1138 594 secundum
1173 536 1534 594 substantias
1564 537 1662 608 [αἱ.
1697 537 1835 592 sub-

216 627 490 700 stantiam]
519 642 647 683 esse
695 626 968 695 divisum,
997 626 1136 700 quia
1184 622 1499 683 multitudo
1546 625 1835 682 bonorum

214 719 419 776 dicatur
474 733 487 771 :
542 715 925 789 impassibilis
983 716 1161 785 enim,
1209 720 1265 772 et
1315 715 1691 772 indivisibilis
1748 720 1835 771 at-

214 821 312 880 que
353 805 736 862 immutabilis
783 809 920 874 est;
969 806 1069 863 sed
1110 806 1280 878 juxta
1330 804 1663 861 differentes
1711 806 1834 860 efﬁ-

214 894 460 962 cientias,
519 898 575 950 et
631 893 999 963 intellectus,
1053 894 1257 950 multis
1314 895 1604 950 bonorum
1663 911 1835 950 voca-

212 985 348 1042 bulis
417 988 856 1056 nuncupatur;
933 984 1074 1056 quia
1131 983 1446 1057 participes
1526 1001 1665 1040 suos
1718 1001 1833 1040 non

206 1077 353 1148 juxta
381 1091 555 1131 unam
587 1075 972 1146 eamdemque
1001 1073 1276 1130 virtutem
1299 1074 1712 1130 communione
1741 1074 1834 1130 sui

213 1166 385 1230 donet,
430 1164 647 1238 quippe
696 1180 829 1219 cum
880 1163 951 1219 ad
1006 1162 1320 1220 utilitatem
1371 1163 1838 1235 uniuscujusque

212 1260 364 1326 aptus
390 1253 486 1322 sit,
521 1256 578 1308 et
627 1252 847 1326 repleat
885 1251 1051 1309 bonis
1103 1269 1222 1318 eos,
1257 1253 1472 1324 quibus
1515 1252 1747 1323 judicat
1775 1269 1838 1308 se

211 1345 393 1400 adesse
445 1343 675 1398 debere.
725 1341 986 1414 Denique
1055 1341 1390 1414 Stephanus
1458 1342 1686 1414 primus
1741 1340 1838 1396 ille

212 1432 358 1489 testis
385 1431 663 1500 veritatis,
700 1434 757 1486 et
786 1430 1002 1504 dignus
1033 1447 1139 1487 suo
1193 1431 1430 1486 nomine
1461 1430 1597 1502 (23),
1630 1429 1838 1503 plenus

210 1521 492 1596 sapientia,
525 1525 583 1577 et
627 1520 847 1595 Spiritu
879 1525 1080 1578 sancto
1131 1521 1341 1577 dictus.
1372 1524 1461 1576 est
1493 1538 1506 1575 :
1549 1519 1838 1592 sapientia

208 1613 611 1684 consequenter
656 1626 832 1682 super
877 1609 1190 1676 intellecta,
1223 1613 1624 1666 commorante
1670 1609 1731 1663 in
1770 1625 1836 1664 eo

209 1701 408 1774 Spiritu
439 1703 664 1768 sancto,
696 1698 851 1755 sicut
880 1697 1141 1772 loquitur
1184 1699 1485 1772 Scriptura
1519 1714 1532 1753 :
1571 1722 1592 1748 α
1628 1698 1697 1754 Et
1725 1697 1836 1754 ele-

208 1793 400 1862 gemat
425 1790 792 1864 Stephanum
841 1787 1079 1860 plenum
1115 1789 1226 1844 fide
1278 1791 1337 1844 et
1382 1788 1600 1861 Spiritu
1633 1791 1835 1846 sancto

207 1879 431 1952 apostoli
453 1880 497 1914 ³⁸
522 1896 536 1946 ;
564 1884 620 1934 et
643 1897 655 1935 :
681 1902 709 1928 «
731 1878 1061 1950 Stephanus
1094 1881 1313 1946 autem,
1335 1877 1545 1950 plenus
1575 1877 1763 1951 gratia
1784 1882 1842 1934 et

207 1966 680 2034 virtute,faciebat
702 1965 1089 2040 prodigia(24)
1102 1971 1158 2022 et
1179 1966 1347 2041 signa
1360 1965 1645 2040 magnajin
1662 1983 1841 2040 popu-

207 2056 255 2113 lo
273 2058 332 2112 ε’.
350 2079 376 2106 »
397 2056 671 2113 Etadhuc
684 2056 754 2113 de
776 2055 974 2112 eodem
995 2072 1007 2110 :
1025 2078 1053 2104 «
1078 2055 1275 2111 Etnon
1289 2054 1842 2112 valebantresistere

209 2147 512 2220 sapientiae,
546 2150 603 2202 et
652 2145 916 2219 Spiritui,
946 2144 1047 2217 qui
1095 2143 1447 2218 loquebatur
1475 2145 1535 2200 in
1578 2143 1678 2200 illo
1709 2145 1774 2199 ‘°.
1809 2166 1837 2195 »

206 2234 402 2292 Plenus
433 2235 589 2292 enim
608 2235 829 2308 Spiritu
862 2239 1064 2290 sancto
1088 2234 1178 2290 vir
1207 2235 1437 2301 beatus,
1469 2237 1528 2290 et
1557 2233 1687 2290 ﬁdei
1712 2234 1842 2291 eﬂ'e-

207 2330 325 2383 ctus
370 2331 456 2382 est
505 2325 815 2398 particeps,
851 2341 978 2398 quae
1025 2341 1094 2380 ex
1144 2323 1363 2395 Spiritu
1412 2327 1614 2379 sancto
1661 2323 1840 2390 venit,

213 2415 538 2486 Ilﬂjuxta
566 2413 735 2482 illud,
774 2437 794 2462 ι
826 2413 936 2468 Alii
964 2417 1158 2468 autem
1189 2413 1356 2478 ﬁdes,
1388 2413 1446 2467 in
1469 2413 1672 2468 eodem
1705 2413 1840 2485 Spi-

206 2503 310 2559 ritu
339 2505 400 2558 η.
436 2525 464 2554 ››
495 2504 566 2560 Et
593 2503 841 2576 gratiam
874 2506 1049 2575 atque
1073 2503 1346 2558 virtutem
1366 2502 1539 2572 juxta
1568 2503 1840 2558 eumdem

206 2592 474 2666 Spiritum
497 2593 747 2664 habens,
771 2592 942 2666 signa
971 2596 1027 2648 et
1051 2590 1314 2664 prodigia
1337 2609 1548 2664 magna
1576 2591 1840 2647 faciebat.

205 2682 258 2736 in
287 2681 516 2756 populo.
553 2681 788 2738 Necnon
821 2686 878 2738 et
900 2681 1018 2737 illis
1050 2681 1466 2737 donationibus
1517 2681 1842 2738 secundum

205 2775 458 2830 eumdem
489 2771 774 2846 Spiritum
807 2771 1101 2839 afﬂuebat,
1127 2788 1254 2843 quae
1288 2775 1571 2827 vocantur
1600 2770 1844 2827 curatio-

205 2879 335 2918 num
362 2862 563 2936 gratie
595 2866 769 2934 atque
799 2861 1061 2917 virtutes.
1090 2865 1153 2916 Et
1185 2864 1306 2916 haec
1327 2863 1482 2916 enim
1509 2861 1569 2915 in
1604 2876 1844 2916 enume-

207 2952 415 3008 ratione
465 2951 757 3008 donorum
805 2949 927 3016 Dei,
973 2949 1074 3022 qui
1122 2949 1364 3022 Spiritu,
1414 2953 1471 3005 et
1519 2950 1844 3006 secundum

205 3041 502 3116 Spiritum,
539 3040 599 3096 in
631 3040 824 3114 prima
866 3039 1112 3113 apostoli
1145 3038 1308 3095 Pauli
1340 3039 1603 3112 Epistola
1632 3039 1700 3094 ad
1735 3039 1845 3095 Co-

207 3130 440 3188 rinthios
473 3129 838 3188 collocantur
865 3131 928 3185 ⁴².
959 3129 1257 3185 Intantum
1287 3132 1482 3185 autem
1512 3128 1846 3200 Stephanus

1946 541 2123 596 verba
2155 540 2436 594 adversus
2457 555 2555 594 eos
2587 538 2687 610 qui
2713 539 3022 612 Evangelio
3045 540 3430 608 contraibant,
3454 541 3602 598 dilu-

1947 629 2072 683 cide
2102 628 2430 684 ostenditur
2453 628 2509 682 in
2543 627 2874 684 substantia
2896 628 3024 700 ejus
3056 629 3484 702 superintelligi
3509 647 3601 686 sa-

1951 717 2179 788 pientiae
2239 721 2294 773 et
2348 717 2600 773 scientiae
2650 734 2998 778 sermonem.
3057 718 3357 782 Quomodo
3407 723 3602 775 autem

1951 806 2214 862 Salvator
2262 807 2319 861 in
2370 805 2470 860 illa
2517 806 2660 862 hora
2689 823 2754 862 os
2793 811 2848 861 et
2896 807 3244 879 sapientiam
3296 807 3604 880 discipulis

1951 895 2254 969 largiatur,
2307 895 2522 968 quibus
2567 895 2964 972 contradicere
2995 913 3109 952 non
3161 902 3398 966 queant,
3441 914 3513 952 ne
3541 897 3602 952 hi

1954 986 2189 1058 quidem
2216 985 2313 1058 qui
2345 985 2497 1056 apud
2520 984 2786 1040 homines
2809 984 3278 1058 eloquentissimi
3301 990 3602 1058 putantur,

1955 1091 2070 1130 non
2090 1079 2176 1130 est
2213 1075 2390 1146 hujus
2417 1074 2695 1146 temporis
2727 1073 3033 1142 disserere,
3061 1075 3199 1147 quia
3224 1092 3378 1130 nunc
3401 1093 3604 1150 propo-

1955 1164 2184 1220 suimus
2215 1165 2521 1220 ostendere
2556 1164 2982 1237 superintelligi
3017 1181 3249 1238 semper
3291 1165 3348 1219 in
3382 1165 3603 1238 Spiritu

1949 1256 2150 1309 sancto
2182 1253 2334 1307 dona
2363 1252 2681 1319 virtutum;
2717 1252 2798 1308 ita
2829 1257 2893 1308 ut
2916 1253 2965 1310 is
2997 1254 3095 1325 qui
3120 1271 3252 1310 eum
3285 1254 3478 1324 habet,
3507 1257 3604 1312 do-

1950 1342 2289 1399 nationibus
2320 1342 2423 1398 Dei
2469 1341 2680 1414 plenus
2705 1342 3011 1398 habeatur.
3050 1344 3204 1400 Unde
3255 1349 3314 1400 et
3338 1343 3397 1399 in
3430 1345 3602 1411 Isaia,

1950 1435 2074 1504 ipse
2092 1432 2246 1487 Deus
2265 1431 2498 1487 cuidam
2513 1432 2688 1487 dicit:
2709 1455 2735 1480 ‹‹
2753 1431 2971 1486 Ponam
2989 1432 3271 1504 Spiritum
3287 1449 3484 1490 meum
3508 1451 3604 1490 su-

1953 1539 2056 1595 per
2077 1537 2276 1577 semen
2309 1525 2500 1586 tuum,
2528 1524 2583 1576 et
2612 1520 3046 1576 benedictiones
3069 1537 3229 1577 meas
3251 1538 3429 1594 super
3451 1523 3604 1580 filios

1951 1617 2084 1666 tuos
2105 1612 2166 1665 ‘5.
2190 1633 2218 1660 ››
2241 1610 2554 1682 Nunquam
2578 1609 2734 1665 enim
2763 1609 2969 1681 accipit
2994 1609 3306 1682 quisquam
3331 1611 3603 1683 spiritua-

1951 1699 2035 1756 les
2064 1699 2498 1755 benedictiones
2539 1698 2662 1764 Dei,
2707 1701 2844 1753 117
2885 1699 2996 1754 nisi
3029 1701 3389 1771 praecesserit
3418 1701 3605 1775 Spiri-

1872 1831 1917 1898 Β
1947 1793 2045 1845 tus
2078 1791 2341 1844 sanctus.
2367 1788 2475 1854 Qui
2506 1786 2662 1843 enim
2686 1787 2974 1860 acceperit
2999 1787 3284 1860 Spiritum
3312 1796 3605 1858 sanctum,

1960 1882 2374 1898 _,_.,-_____41_n_
2406 1876 2642 1898 L_L_L!L
2675 1876 3104 1898 L-_.__IE_1!__.A_
3158 1878 3208 1898 3,]
3254 1883 3329 1898 _,1
3386 1897 3397 1898 γ
3466 1881 3503 1898 γ·

1951 1882 2376 1951 consequenter
2406 1876 2646 1933 habebit
2675 1876 3129 1946 benedictiones,
3157 1878 3214 1933 id
3245 1883 3352 1947 est,
3380 1881 3607 1953 sapien-

1949 1969 2114 2037 tiam,
2140 1972 2196 2024 et
2227 1967 2608 2035 intellectum,
2634 1970 2691 2022 et
2719 1971 2944 2037 caatera,
2969 1967 3039 2023 de
3065 1968 3282 2039 quibus
3307 1969 3387 2025 ita
3409 1970 3610 2027 scribit

1948 2056 2264 2130 Apostolus
2299 2073 2312 2111 :
2348 2080 2375 2106 «
2408 2057 2650 2128 Propter
2680 2054 2789 2111 hoc
2820 2061 2877 2112 et
2905 2073 3032 2126 nos,
3066 2073 3134 2113 ex
3167 2074 3281 2130 quo
3314 2059 3410 2115 die
3439 2061 3606 2117 audi-

1953 2147 2162 2214 vimus,
2198 2162 2312 2202 non
2346 2161 2650 2200 cessamus
2697 2150 2932 2202 orantes
2961 2163 3066 2217 pro
3097 2147 3282 2215 vobis,
3316 2151 3374 2204 et
3403 2149 3608 2222 depre-

1952 2241 2174 2304 cantes,
2208 2239 2274 2291 ut
2321 2233 2686 2306 impleamini
2736 2234 3065 2306 cognitione
3111 2235 3430 2294 voluntatis
3478 2239 3606 2310 ejus

1953 2326 2011 2382 in
2046 2326 2206 2382 omni
2253 2324 2556 2396 sapientia,
2589 2328 2645 2379 et
2672 2323 3059 2396 intelligentia
3106 2325 3398 2396 spirituali
3432 2344 3445 2381 :
3481 2345 3604 2386 am-

1957 2414 2225 2470 bulantes
2285 2414 2456 2486 digne
2512 2413 2626 2468 Deo
2682 2412 2746 2466 ⁸⁸.
2812 2434 2840 2463 ››
2894 2413 3006 2468 Eos
3055 2414 3211 2468 enim
3271 2414 3374 2486 qui
3431 2416 3607 2488 digne

1953 2503 2065 2561 sibi
2098 2504 2192 2572 [αι.
2225 2503 2418 2574 bonis]
2454 2517 2556 2574 per
2586 2519 2780 2574 opera,
2811 2506 2867 2556 et
2899 2518 3220 2571 sermones,
3255 2508 3312 2559 et
3341 2506 3605 2576 pruden-

1956 2593 2096 2649 tiam
2135 2592 2432 2659 incedunt,
2466 2590 2698 2664 impleri
2731 2590 2811 2645 ait
2853 2590 3150 2648 voluntate
3181 2592 3303 2659 Dei,
3337 2595 3606 2666 ponentis

1955 2699 2131 2754 super
2152 2699 2251 2738 eos
2271 2681 2554 2754 Spiritum
2579 2684 2872 2750 sanctum,
2891 2683 2955 2734 ut
3001 2680 3359 2753 impleantur
3384 2683 3609 2756 sapien-

1954 2773 2036 2828 tia
2084 2776 2140 2827 et
2191 2769 2509 2835 intellectu,
2551 2773 2610 2824 et
2660 2767 2900 2840 reliquis
2943 2769 3349 2842 spiritualibus
3396 2773 3604 2844 bonis;

1957 2862 2246 2934 sapientia
2303 2863 2520 2925 autem,
2571 2862 2628 2914 et
2685 2857 3038 2924 intellectus,
3094 2875 3224 2932 qua:
3276 2861 3333 2915 in
3386 2862 3604 2935 Spiritu

1957 2955 2158 3006 sancto
2185 2953 2344 3019 sunt,
2369 2949 2533 3004 aDeo
2557 2948 2771 3003 dantur
2789 2947 2923 3019 (25).
2955 2971 2981 2998 ‹‹
3007 2947 3313 3019 Dominus,
3341 2974 3368 3000 ››
3391 2951 3608 3024 inquit,

1958 3065 1984 3090 (ι
2010 3038 2173 3096 dabit
2197 3037 2575 3110 sapientiam;
2601 3041 2658 3092 et
2678 3055 2711 3092 a
2732 3036 2874 3093 facie
2891 3038 3018 3108 ejus
3042 3037 3350 3108 sapientia,
3367 3045 3424 3095 et
3441 3041 3611 3099 intel-

1955 3130 2142 3186 lectus
2183 3126 2446 3201 procedit
2470 3128 2549 3195 ‘7;
2583 3147 2610 3177 »
2647 3141 2779 3181 cum
2811 3143 2878 3182 ea
2925 3125 3212 3197 sapientia
3242 3144 3368 3199 quae
3399 3131 3472 3186 ab
3503 3129 3609 3186 ho-

205 3220 385 3277 divina
404 3219 598 3294 gratia
628 3219 985 3286 abundabat,
1009 3222 1074 3274 ut
1096 3234 1266 3274 nemo
1289 3218 1838 3284 eontradicentium,
1871 3203 1914 3271 C
1954 3217 2218 3274 minibus
2261 3216 2438 3284 venit,
2490 3232 2606 3271 non
2654 3214 2732 3269 sit
2779 3213 3124 3286 spiritualis,
3159 3215 3260 3271 sed
3311 3232 3521 3274 carnea
3552 3222 3609 3274 et

207 3316 257 3364 et
281 3326 476 3368 eorum
511 3309 615 3384 qui
659 3309 938 3366 adversus
985 3323 1120 3364 eum
1153 3307 1553 3380 disputabant,
1586 3306 1846 3363 valerent

205 3401 462 3457 resistere
513 3398 839 3473 sapientiae,
871 3401 926 3453 et
975 3396 1219 3470 Spiritui
1267 3396 1368 3469 qui
1397 3395 1747 3468 loquebatur
1785 3397 1843 3452 in

205 3485 312 3562 illo.
363 3489 498 3545 Erat
548 3486 765 3561 quippe
821 3503 852 3542 e
907 3486 1121 3558 Spiritu
1172 3489 1372 3542 sancto
1424 3485 1659 3558 sapiens
1707 3485 1842 3559 (25).

207 3574 354 3633 Unde
384 3581 442 3634 et
485 3577 560 3633 ad
614 3574 935 3648 discipulos
983 3591 1120 3631 suos
1151 3573 1324 3630 Jesus
1377 3573 1683 3647 perspicue
1713 3591 1844 3647 pro-

207 3664 407 3723 clamat
439 3685 452 3723 :
488 3669 637 3723 Cum
669 3663 985 3721 introducti
1018 3662 1245 3720 fueritis
1278 3665 1348 3719 ad
1383 3663 1768 3737 principatus,
1792 3668 1849 3721 et

206 3759 533 3826 potestates,
589 3760 644 3812 et
692 3753 960 3820 concilia,
992 3757 1049 3810 et
1093 3769 1444 3827 synagogas,
1493 3752 1670 3809 nolite
1723 3771 1849 3811 esse

208 3843 426 3901 solliciti
455 3844 600 3917 quid
631 3859 732 3900 vos
781 3847 1045 3916 oporteat
1082 3843 1292 3905 dicere.
1324 3847 1426 3899 aut
1473 3843 1612 3916 quid
1644 3842 1848 3914 loqua-

208 3933 340 3994 mini
370 3933 429 3990 in
457 3933 560 3990 illo
603 3937 884 4007 tempore.
917 3932 1225 3989 Dabuntur
1254 3932 1410 3988 enim
1458 3931 1624 3987 vobis
1655 3949 1689 3986 a
1717 3931 1848 4004 Spi-

212 4022 316 4078 ritu
346 4027 548 4080 sancto
578 4038 874 4078 sermones
898 4021 1213 4094 sapientiae,
1239 4021 1455 4094 quibus
1487 4037 1602 4076 non
1636 4024 1853 4092 queant

209 4113 620 4177 contradicere,
641 4129 710 4168 ne
727 4112 788 4168 hi
805 4111 1042 4187 quidem
1065 4111 1165 4182 qui
1186 4111 1558 4167 vehementer
1577 4110 1636 4166 in
1656 4111 1854 4183 dispu-

210 4201 517 4260 tationibus
549 4201 785 4259 callent.

273 4292 354 4347 10.
388 4293 503 4350 Sed
556 4307 848 4366 ponamus
879 4289 1075 4364 ipsum
1126 4289 1552 4356 testimonium,
1585 4289 1742 4362 quod
1773 4288 1857 4347 ita

209 4383 584 4438 contexitur:
638 4406 666 4432 «
699 4386 841 4438 Cum
892 4385 1090 4437 autem
1151 4379 1578 4436 introduxerint
1632 4395 1736 4436 vos
1793 4379 1855 4435 in

209 4485 527 4552 synagogas
549 4472 622 4528 ad
651 4470 1018 4546 principatus
1039 4474 1096 4526 et
1125 4473 1464 4543 potestates,
1488 4468 1666 4526 nolite
1705 4467 1858 4525 solli-

1954 3308 2235 3364 humana.
2271 3305 2350 3361 De
2389 3304 2496 3360 hac
2527 3303 2726 3376 itaque
2774 3302 3088 3376 Apostolus
3136 3304 3338 3360 scribit
3374 3324 3387 3361 :
3421 3325 3449 3357 «
3481 3307 3606 3364 Non

1956 3399 2016 3453 in
2064 3395 2355 3468 sapientia
2402 3391 2641 3460 carnali,
2677 3393 2777 3447 sed
2824 3390 2885 3446 in
2917 3392 3108 3465 gratia
3135 3393 3238 3466 Dei
3287 3397 3608 3454 conversati

1957 3503 2167 3545 sumus
2199 3486 2258 3539 in
2285 3484 2382 3556 [αὶ.
2415 3482 2474 3538 in
2495 3481 2625 3553 hoc]
2651 3481 2870 3536 mundo
2901 3482 2985 3550 ‘3;
3020 3504 3046 3530 »
3073 3483 3366 3540 carnalem
3390 3487 3615 3558 sapien-

1956 3575 2099 3630 tiam
2149 3573 2371 3638 dicens,
2406 3587 2533 3644 quae
2587 3569 2646 3624 in
2680 3571 2854 3625 rebus
2905 3571 3195 3643 corporeis
3241 3590 3310 3628 ex
3353 3573 3613 3632 humano

1959 3662 2234 3719 subsistit
2255 3660 2507 3734 cogitatu
2535 3658 2669 3732 (27).
2700 3659 2876 3714 Porro
2901 3659 3226 3732 spiritualis
3248 3663 3536 3734 sapientia
3555 3669 3614 3723 et

1956 3751 2392 3817 intellectualis,
2428 3749 2583 3804 circa
2631 3748 2950 3805 invisibilia
2977 3753 3035 3804 et
3082 3749 3503 3808 intellectualis
3549 3769 3613 3811 se

1959 3847 2186 3908 tenens,
2211 3857 2314 3913 per
2342 3838 2738 3911 operationem
2765 3837 3014 3909 Spiritus
3032 3839 3219 3893 sancti
3244 3841 3613 3911 capientibus

1960 3947 2023 3987 se
2053 3929 2144 3986 sui
2199 3927 2565 4002 presentiam
2601 3925 2826 3981 tribuit.
2861 3926 2922 3980 In
2956 3923 3157 3981 multis
3203 3943 3435 3999 quoque
3479 3929 3610 3986 aliis

1961 4019 2105 4076 locis
2127 4016 2445 4090 Apostolus
2464 4020 2751 4070 memorat
2781 4015 2838 4068 in
2861 4013 3114 4086 Spiritus
3136 4017 3321 4072 sancti
3344 4019 3616 4076 substan-

1964 4110 2043 4166 tia
2060 4109 2159 4165 Dei
2183 4123 2432 4163 munera
2447 4103 2797 4160 commorari
2813 4104 2909 4175 [αἱ.
2931 4108 3402 4180 commemorari]
3427 4126 3440 4176 ;
3465 4107 3620 4166 sicut

1966 4199 2023 4254 in
2055 4197 2154 4254 illo
2184 4215 2196 4252 :
2231 4217 2259 4245 «
2282 4197 2436 4252 Deus
2459 4199 2653 4251 autem
2676 4193 2800 4267 spei
2823 4193 3046 4266 repleat
3067 4211 3171 4251 vos
3193 4196 3354 4252 omni
3375 4197 3609 4268 gaudio,

1964 4293 2021 4345 et
2050 4304 2191 4362 pace
2213 4287 2272 4342 in
2304 4285 2612 4353 credendo,
2641 4289 2708 4340 ut
2737 4283 3050 4341 abundetis
3081 4285 3139 4339 in
3173 4301 3295 4360 spe,
3324 4291 3382 4343 et
3402 4288 3613 4345 virtute

1963 4377 2213 4451 Spiritus
2242 4375 2430 4432 sancti
2461 4375 2523 4428 ‘9.
2556 4396 2583 4424 ››

2039 4469 2126 4523 11.
2160 4467 2315 4523 Deus
2365 4469 2562 4520 autem
2616 4463 2857 4537 largitor
2907 4464 3215 4531 bonorum,
3250 4481 3415 4538 spem
3447 4483 3625 4539 quam

212 4559 302 4615 citi
333 4559 460 4618 esse
493 4561 790 4636 quomodo
822 4563 924 4616 aut
972 4559 1112 4634 quid
1145 4557 1568 4631 respondeatis,
1603 4557 1857 4631 Spiritus
1889 4581 1936 4646 Ι)
1971 4557 2264 4631 promisit,
2316 4555 2518 4646 reddet
2557 4552 2668 4646 (αἱ.
2728 4553 2945 4646 reddit]
3004 4553 3062 4607 in
3105 4554 3327 4646 virtute
3374 4555 3625 4627 Spiritus

209 4649 352 4706 enim
367 4650 854 4708 sanctusdocebit
888 4648 1060 4705 vosin
1075 4649 1276 4705 eadem
1293 4648 1576 4720 horaquae
1595 4651 1859 4720 Oporteat
1889 4641 1926 4646 ”
1969 4647 2177 4714 sancti,
2211 4646 2304 4701 his
2336 4644 2436 4716 qui
2477 4643 2694 4699 habent
2724 4641 2892 4698 illum
2919 4661 2932 4709 ;
2965 4643 3177 4715 gaudio
3209 4648 3265 4698 et
3296 4660 3434 4716 pace
3465 4661 3622 4700 com-

209 4738 387 4797 dicere
420 4742 485 4798 ⁵³.
538 4764 567 4792 n
617 4740 689 4796 Et
739 4740 799 4795 in
849 4738 961 4795 alio
1015 4737 1326 4811 Evangelio
1359 4753 1374 4793 :
1409 4760 1438 4788 «
1472 4736 1673 4792 Ponite
1721 4752 1858 4809 ergo

209 4826 262 4883 in
299 4831 577 4888 cordibus
627 4829 837 4886 vestris
870 4845 985 4884 non
1035 4826 1450 4900 praemeditari,
1479 4827 1860 4898 quemadmo-

1969 4737 2088 4809 plet
2137 4752 2236 4791 eos
2266 4733 2873 4806 quiimperturbalam
2907 4736 2964 4788 et
3007 4733 3268 4786 sedatam
3312 4732 3623 4805 cogitatio-

1971 4843 2103 4883 nem
2137 4824 2526 4898 possidentes,
2559 4821 2720 4878 lzetas
2752 4821 2971 4876 habent
3000 4825 3248 4891 mentes,
3282 4826 3338 4876 et
3366 4823 3438 4877 ab
3463 4823 3625 4878 omni

209 4917 339 4975 dum
389 4919 803 4993 respondeatis
837 4935 848 4974 :
884 4918 1001 4991 Ego
1055 4917 1272 4990 quippe
1301 4916 1452 4971 dabo
1490 4914 1656 4970 vobis
1685 4932 1772 4980 os,
1804 4918 1862 4971 et
1971 4913 2478 4988 perturbationum
2505 4915 2854 4983 tempestate
2888 4909 3255 4982 tranquillas.
3290 4910 3396 4974 Qui
3430 4916 3626 4968 autem

209 5009 550 5082 sapientiam
601 5009 696 5066 cui
745 5026 861 5065 non
909 5007 1140 5064 valeant
1188 5005 1607 5074 contradicere,
1641 5009 1742 5060 aut
1773 5021 1860 5060 re-

1967 5004 2028 5060 in
2061 5004 2275 5058 virtute
2295 5001 2550 5076 Spiritus
2575 5001 2759 5055 sancti
2785 4998 3058 5072 prazdicta
3083 4999 3237 5054 bona
3263 4999 3480 5054 iuerint
3499 5017 3632 5056 con.

272 5136 312 5169 ³⁷
345 5135 557 5194 Matth.
580 5151 684 5201 vu,
717 5133 805 5190 Η.
882 5134 925 5169 ³⁸
959 5137 1082 5188 Act.
1110 5149 1186 5199 vr,
1217 5133 1271 5188 5.
1349 5131 1557 5186 39ibid.
1581 5133 1636 5186 8.
1716 5131 1760 5164 ⁴⁰
1790 5129 1840 5184 ib

2008 5133 2056 5184 ‘l.
2116 5129 2172 5201 7"
2203 5131 2215 5183 l
2250 5131 2376 5184 Cor.
2402 5127 2596 5201 xn,_9._
2657 5125 2700 5159 ⁴²
2724 5124 2864 5201 ibid.
2899 5125 3008 5201 4ολ
3043 5126 3108 5201 *⁸³
3134 5124 3270 5179 Luc.
3296 5125 3512 5201 quH,
3543 5130 3625 5184 l2.

208 5207 247 5240 “
276 5211 410 5266 Luc.
443 5224 570 5275 xxx,
602 5196 694 5275 Μ’,
727 5207 813 5263 15.
892 5207 936 5240 ⁸⁵
969 5205 1077 5262 l-sa.
1112 5196 1258 5272 xciv,
1291 5205 1344 5258 3.
1423 5204 1467 5237 ⁸⁸
1491 5201 1714 5259 Coloss.
1747 5219 1766 5256 1
1797 5203 1840 5256 9,

2005 5200 2176 5257 Eccli.
2209 5219 2253 5271 ι,
2285 5201 2334 5256 4.
2413 5202 2455 5234 ⁴θ
2487 5199 2535 5254 ΙΙ
2567 5199 2695 5253 Cor.
2733 5215 2768 5266 ι,
2804 5198 2889 5252 42.
2969 5198 3011 5231 ⁴⁹
3043 5196 3210 5251 Rom.
3243 5214 3335 5260 xv.
3371 5198 3457 5253 43.

272 5345 381 5416 (23)
412 5347 632 5424 Notum
657 5365 677 5391 ι
700 5341 1085 5424 stephanum,
1114 5364 1141 5390 »
1158 5340 1350 5396 Graece
1366 5346 1634 5411 Στέφανον,
1659 5337 1862 5394 Latine

209 5415 456 5473 coronam
485 5415 879 5486 interpretari.

272 5489 382 5564 (Si)
414 5485 769 5564 ςρηβὶδίιξᾳν
795 5485 1018 5564 habent
1047 5499 1216 5564 mss.,
1251 5486 1602 5564 «portenta.
1633 5504 1661 5531 »

2042 5338 2154 5409 (26)
2205 5337 2467 5409 Tholos.,
2501 5336 2643 5409 (ut
2691 5334 3000 5409 impleant_
3028 5332 3316 5409 sapientia
3361 5338 3418 5388 et
3461 5334 3626 5390 intel-

1970 5406 2143 5475 lectu,
2177 5426 2304 5480 quae
2336 5408 2394 5463 in
2425 5407 2644 5480 Spiritu
2676 5411 2874 5461 saneto
2906 5424 2939 5461 a
2969 5406 3423 5480 DeoAdonantur.
3461 5428 3487 5456 ››

2061 5483 2152 5564 27)
2175 5477 2364 5564 idem,
2399 5477 2586 5564 «qua:
2618 5478 2827 5564 horum
2875 5477 3239 5553 corporibus,
3272 5482 3330 5535 et
3360 5477 3620 5564 humano

431 5557 624 5615 Vatic.
668 5557 904 5633 Thales.
937 5561 997 5613 et
1043 5561 1207 5633 vetus
1236 5551 1399 5622 edit,,
1426 5577 1453 5633 ις
1487 5559 1612 5611 erat
1641 5553 1860 5633 quippe
1968 5551 2303 5610 subsistunt
2333 5551 2608 5626 cogitatu,
2643 5573 2670 5603 »
2703 5555 2812 5608 etc.

209 5626 386 5710 juita',
408 5636 602 5695 Deum
630 5633 687 5692 et
715 5628 1000 5707 Spiritum
1023 5631 1295 5687 sanctum
1325 5626 1582 5704 sapiens,
1608 5648 1635 5679 η
1659 5626 1784 5686 ‘eté.
