3970 6412
193 357 284 421 121
879 352 1376 422 TRANSLATIO
1419 353 1624 423 LIBRI
1671 353 1952 425 DIDYMI
1997 354 2099 423 DE
2144 357 2459 427 SPIRI’I‘U
2505 359 2832 426 SANCTO.

3454 355 3571 425 122

191 491 1194 566 propterquodnequesempiternum
1212 497 1319 549 est.
1344 493 1467 550 Non
1484 493 1800 570 solumigi-
1831 500 1886 566 Α
1921 511 2132 552 nomen
2146 496 2762 569 signiﬁcansomnium
2776 493 3565 554 substantiaminvisilibium

191 588 271 638 tur
292 581 434 654 quod
465 581 525 636 in
559 580 900 637 hominibus
923 585 1010 637 cst
1041 581 1339 650 rationale,
1365 585 1808 651 convertitur,et

192 676 410 738 creatur,
457 687 662 726 verum
711 671 888 727 etiam
921 671 981 726 in
1027 671 1303 728 omnibus
1351 674 1636 730 creaturis
1684 675 1807 732 haec

188 760 364 816 eadem
390 759 683 816 conversio
717 761 1021 832 reperitur.
1057 761 1202 816 Nam
1225 765 1282 817 et
1302 762 1647 834 angelorum
1670 781 1802 820 con-

186 849 446 906 versiones
488 853 546 904 et
596 849 796 904 ruinas
845 850 1042 906 divina
1103 850 1333 923 eloquia
1375 853 1802 909 demonstrant.

188 938 324 994 Licet
351 937 499 994 enim
529 937 846 995 multitudo
877 938 1242 1013 angelorum,
1266 944 1323 996 et
1345 939 1593 997 aliarum
1621 941 1806 998 excel-

187 1027 404 1084 lentium
417 1027 719 1096 virtutum,
743 1028 801 1083 in
826 1028 1186 1086 beatitudine
1204 1033 1260 1085 et
1277 1029 1664 1087 sanctimonia
1677 1049 1805 1104 per-

189 1121 436 1186 severent,
469 1120 667 1173 tamen
703 1134 837 1173 cum
886 1118 944 1174 in
986 1135 1054 1174 ea
1105 1135 1230 1191 quae
1285 1119 1540 1176 similem
1589 1120 1808 1176 habent

189 1211 427 1262 naturam
441 1222 721 1262 conversa
738 1206 1149 1275 sint,dilucide
1179 1208 1584 1264 ostenditurin
1616 1209 1804 1280 primo

187 1312 270 1352 eos
287 1299 428 1351 statu
463 1311 580 1350 non
606 1294 1263 1368 perimmutabilitatem
1295 1315 1413 1354 sua:
1436 1299 1802 1368 substantia,

187 1385 272 1440 sed
298 1400 392 1458 per
417 1384 727 1441 sollicitius
755 1385 814 1440 in
836 1385 1082 1442 Domino
1099 1386 1404 1442 servitium
1438 1404 1801 1461 permanere.

185 1473 357 1546 Neque
384 1474 539 1530 enim
570 1478 762 1547 potest
792 1475 1174 1548 coaequalium
1188 1475 1416 1532 diversa
1429 1493 1557 1534 esse
1572 1481 1802 1535 natura.

184 1563 306 1619 Nam
335 1563 466 1636 quia
514 1579 688 1619 omne
735 1580 920 1637 genus
972 1564 1280 1620 hominum
1332 1566 1576 1622 mortale
1607 1571 1716 1636 est,
1749 1572 1806 1624 et

183 1651 375 1726 singuli
397 1652 665 1709 homines
696 1651 975 1709 mortales
996 1657 1154 1721 sunt,
1180 1658 1247 1709 ut
1269 1671 1298 1710 e
1320 1655 1548 1711 diverso
1572 1673 1805 1729 quoque

183 1742 224 1797 si
249 1758 354 1814 qua
379 1742 447 1798 de
478 1741 881 1815 superioribus
927 1741 1284 1799 immortalia
1313 1748 1475 1813 sunt,
1504 1745 1660 1801 haud
1695 1746 1804 1801 du-

181 1831 346 1900 bium,
374 1831 516 1904 quin
546 1831 745 1887 omnia
775 1831 834 1887 in
865 1832 1067 1888 eodem
1117 1849 1327 1906 genere
1359 1839 1414 1890 et
1446 1835 1636 1907 specie
1667 1852 1803 1891 con-

180 1918 383 1986 stituta,
413 1921 534 1976 sint
563 1920 944 1977 immortalia.
1219 1925 1226 1936 ‘

241 2010 316 2064 13.
347 2010 489 2066 Cum
509 2014 704 2066 autem
731 2009 852 2066 haec
884 2027 946 2067 se
967 2011 1050 2067 ita
1071 2012 1350 2081 habeant,
1375 2015 1552 2069 etiam
1581 2015 1628 2070 si
1653 2033 1806 2072 unus

180 2097 402 2170 angelus
415 2098 812 2155 convertibilis
840 2100 1195 2172 apparuerit,
1219 2118 1424 2158 omnes
1459 2104 1805 2160 convertibi-

178 2185 253 2243 les
271 2193 448 2256 erunt,
463 2188 602 2244 licet
621 2205 735 2244 non
751 2188 1145 2246 sintconversi
1158 2191 1216 2246 in
1236 2191 1596 2250 beatitudine
1611 2210 1804 2266 perse-

175 2281 417 2333 verantes
441 2296 454 2346 ;
470 2278 766 2350 quomodo
779 2282 835 2334 et
847 2283 1057 2334 cuncta
1071 2279 1378 2336 hominum
1393 2298 1636 2355 corpora
1658 2283 1804 2338 divi-

179 2365 352 2422 sibilia
368 2371 528 2434 sunt,
552 2384 888 2439 quanquam
914 2385 1027 2424 non
1051 2369 1250 2424 omnia
1269 2370 1623 2428 dividantur.
1648 2374 1806 2438 Quar-

177 2455 296 2510 dam
326 2457 478 2512 enim
511 2472 714 2512 eorum
743 2473 914 2529 passa
951 2457 1317 2527 divisionem,
1345 2464 1401 2515 et
1444 2459 1803 2533 reliquorum

177 2544 438 2601 similium
459 2546 582 2614 sui,
613 2551 883 2602 naturam
916 2547 1396 2620 interpretantur.
1433 2550 1534 2605 His
1562 2550 1642 2605 ita
1659 2551 1807 2606 edis-

175 2633 346 2704 sertis,
378 2635 616 2692 alterius
645 2636 984 2692 substantia;
1020 2654 1053 2693 a
1073 2638 1404 2695 visibilibus
1427 2639 1484 2695 in
1505 2640 1808 2696 invisibili-

175 2723 272 2779 bus
299 2725 583 2782 creaturis
614 2725 865 2798 Spiritus
886 2732 1128 2784 sanctus
1155 2729 1501 2784 ostenditur.
1526 2729 1588 2784 Si
1610 2734 1806 2785 autem

178 2811 276 2868 hoc
292 2831 489 2871 verum
509 2818 619 2882 est,
642 2814 992 2887 impiissime
1014 2817 1254 2888 quidam
1277 2817 1436 2889 inter
1450 2819 1650 2874 omnia
1669 2835 1806 2874 con-

181 2909 475 2960 numerant
497 2903 782 2976 Spiritum
815 2910 1108 2975 sanctum,
1157 2906 1418 2963 dicentes
1463 2907 1521 2962 in
1553 2925 1620 2964 eo
1649 2909 1805 2978 quod

173 2991 354 3049 omnia
383 3011 487 3066 per
517 2994 777 3050 Verbum
809 3011 844 3050 a
875 2993 990 3050 Deo
1023 2995 1173 3051 facta
1203 3001 1360 3064 sunt,
1385 2996 1560 3052 etiam
1583 2997 1807 3070 signifi-

173 3081 277 3136 cari
305 3082 562 3155 Spiritus
593 3084 780 3140 sancti
812 3083 1120 3140 facturam.
1146 3085 1343 3157 Neque
1360 3086 1515 3142 enim
1535 3103 1718 3142 unum
1740 3104 1809 3143 ex

176 3171 452 3240 omnibus,
486 3173 592 3229 sed
615 3173 775 3229 aliud
798 3180 960 3230 extra
984 3175 1182 3232 omnia
1205 3191 1308 3248 per
1328 3176 1721 3232 substantiam
1741 3194 1809 3234 ex

1919 589 2338 640 creaturarum.
2366 585 2564 658 Neque
2585 586 2742 643 enim
2757 585 2860 642 ulli
2875 586 3114 658 quidem
3132 585 3498 659 angelorum,
3515 591 3572 643 et

1918 672 2042 727 aliae
2073 672 2307 728 cuidam
2332 674 2664 730 rationabili
2688 679 2963 731 creaturae
2989 674 3132 730 dixit
3155 679 3306 731 Deus
3330 691 3344 729 :
3377 695 3397 724 ι
3423 675 3571 731 Sede

1918 779 1950 817 a
1980 761 2197 818 dextris
2227 763 2436 819 meis.»
2460 765 2518 819 In
2544 780 2856 820 commune
2875 764 3072 836 itaque
3095 781 3286 820 sermo
3308 782 3570 836 pronun-

1917 850 2044 919 tiat,
2079 866 2191 905 non
2227 867 2355 906 esse
2384 850 2607 906 dictum
2650 852 2925 924 cuiquam
2956 857 3258 922 creaturae,
3293 875 3320 903 ‹‹
3356 853 3504 909 Sede
3536 869 3570 907 a

1916 939 2136 994 dextris
2167 939 2333 994 meis.
2369 962 2394 986 ι)
2427 944 2493 993 Et
2524 941 2632 997 hoc
2669 943 2722 996 in
2755 958 3067 997 commune
3088 942 3158 997 de
3190 946 3474 997 creatura.
3503 941 3570 996 Et

1915 1029 2305 1101 pronuntians
2336 1030 2405 1085 de
2427 1030 2701 1086 omnibus
2737 1031 3130 1087 invisibilibus
3161 1033 3467 1097 creaturis,
3487 1031 3570 1086 ait

1915 1135 2014 1174 eas
2035 1134 2165 1174 esse
2186 1118 2693 1176 administratores
2711 1121 2976 1194 spiritus.
3001 1121 3240 1193 Propter
3254 1122 3407 1192 quod
3434 1109 3568 1176 sub-

1907 1207 2050 1278 jecit
2075 1224 2088 1262 :
2115 1230 2141 1257 ‹‹
2177 1207 2380 1263 Nonne
2410 1224 2614 1264 omnes
2651 1214 2790 1264 sunt
2834 1209 3344 1265 administratores
3395 1211 3567 1283 spiri-

1914 1301 2033 1364 tus,
2065 1297 2125 1352 in
2159 1296 2550 1353 ministerium
2578 1298 2745 1353 missi
2773 1302 2844 1353 P»
2874 1299 3022 1354 Licet
3043 1300 3200 1354 enim
3223 1316 3339 1355 non
3361 1316 3568 1356 omnes

1915 1384 2260 1458 singillatim
2289 1386 2610 1442 invisibiles
2629 1393 2904 1443 creatura:
2926 1387 3118 1443 missaa
3141 1393 3278 1443 sunt
3299 1389 3379 1460 [al
3402 1387 3564 1459 sint],

1915 1480 2112 1530 tamen
2142 1475 2281 1546 quia
2306 1476 2572 1546 ejusdem
2604 1477 2834 1548 generis
2867 1481 2923 1532 et
2954 1475 3193 1533 honoris
3219 1476 3342 1532 alia:
3369 1477 3566 1532 missae

1915 1567 2074 1631 sunt,
2098 1563 2532 1635 quodammodo
2555 1565 2763 1637 etipsaa
2782 1565 3168 1638 possibilitate
3183 1570 3322 1621 sunt
3338 1566 3561 1622 missae:

1915 1653 2234 1708 missarum
2273 1657 2569 1710 consortes
2617 1654 2976 1726 mqualisque
3027 1654 3390 1711 substantia.
3443 1655 3564 1719 Quo

1916 1741 2090 1798 modo
2107 1741 2284 1815 igitur
2303 1743 2453 1799 alius
2467 1748 2555 1799 est
2568 1744 2639 1798 ab
2659 1743 2946 1800 universis
2959 1744 3243 1800 creaturis
3256 1745 3564 1813 Dominus,

1916 1848 2019 1904 per
2041 1847 2215 1903 quem
2251 1832 2605 1904 principium
2637 1834 2708 1888 ad
2741 1833 3101 1905 loquendum
3135 1839 3434 1906 acceperat
3464 1834 3567 1892 illa

1917 1936 2132 1993 magna
2156 1921 2341 1988 salus,
2373 1924 2544 1993 cujus
2579 1921 2942 1995 negligentes
3001 1923 3317 1996 Apostolus
3362 1923 3567 1981 nolens

1917 2026 2023 2064 nos
2056 2026 2204 2078 esse,
2239 2010 2354 2065 ait:
2390 2033 2418 2060 «
2454 2011 2755 2076 Quomodo
2789 2028 2895 2067 nos
2945 2013 3294 2086 effugiemus
3338 2017 3566 2070 tantam

1918 2098 2276 2171 negligentes
2309 2099 2577 2160 salutem.
2615 2117 2739 2172 quae
2772 2101 3123 2174 principium
3166 2103 3457 2175 accipiens
3491 2104 3563 2159 ad

1915 2187 2273 2260 loquendum
2299 2206 2400 2262 per
2431 2189 2766 2257 Dominum,
2793 2191 2863 2246 ab
2896 2190 2989 2245 his
3021 2190 3119 2263 qui
3160 2192 3476 2248 audierunt
3507 2193 3566 2248 in

1916 2294 2020 2332 nos
2052 2278 2398 2333 conﬁrmata
2426 2283 2516 2334 est
2536 2280 2562 2332 ‘?
2596 2301 2624 2327 »
2657 2279 2756 2334 sed
2781 2285 2837 2335 et
2858 2280 3013 2335 Deus
3037 2281 3136 2352 qui
3160 2281 3567 2337 testimonium

1916 2366 2183 2439 perhibet
2213 2367 2400 2438 signis
2431 2372 2486 2422 et
2518 2368 2805 2440 portentis
2839 2368 2934 2423 isti
2968 2368 3164 2435 saluti,
3199 2369 3351 2425 alius
3381 2375 3471 2426 est
3493 2371 3565 2426 ab

1915 2456 2192 2511 omnibus
2217 2455 2733 2512 administrateriis
2758 2456 3101 2528 spiritibus;
3129 2457 3212 2513 sic
3233 2463 3290 2513 et
3309 2459 3564 2530 Spiritus

1916 2550 2179 2613 sanctus,
2208 2546 2378 2615 cujus
2405 2544 2790 2601 divisionibus
2823 2547 2996 2617 juxta
3031 2546 3393 2603 voluntatem
3438 2549 3566 2620 ejus

1915 2633 2318 2690 testimonium
2354 2634 2621 2707 perhibet
2653 2635 2828 2703 Deus,
2863 2635 3223 2692 distribuens
3254 2654 3412 2707 eum,
3451 2655 3567 2694 non

1916 2739 2018 2796 per
2046 2723 2398 2780 concisionis
2432 2728 2650 2796 partes,
2683 2726 2785 2780 sed
2808 2742 2910 2797 per
2934 2727 3410 2783 communionem
3435 2729 3566 2801 qui-

1918 2813 2028 2868 bus
2055 2830 2191 2868 eum
2225 2819 2496 2885 praestare
2543 2814 2897 2870 decreverit:
2949 2815 3190 2872 alterius
3219 2822 3307 2873 est
3345 2823 3402 2873 et
3444 2819 3568 2890 ipse

1917 2902 2263 2958 substantiae
2296 2903 2368 2958 ab
2401 2902 2496 2957 his
2525 2902 2583 2957 in
2617 2920 2750 2976 quae
2781 2904 3130 2976 dispertitur
3157 2908 3400 2963 effusus.

1990 2994 2031 3047 1
2044 2993 2143 3049 22
2162 2992 2437 3065 “Igitur
2451 2993 2730 3065 quoniam
2746 2996 3370 3067 approbavimusjuxta
3383 2997 3572 3070 Scrip-

1919 3086 2188 3137 turarum
2204 3098 2445 3138 sensum
2457 3081 2657 3152 ,alium
2672 3088 2835 3139 extra
2850 3100 3084 3140 omnem
3102 3091 3426 3141 creaturam
3441 3102 3570 3143 esse

1918 3171 2200 3242 Spiritum
2245 3176 2542 3240 sanctum,
2582 3173 2905 3239 incassum,
2939 3173 3056 3228 imo
3109 3173 3285 3245 impie
3326 3174 3568 3246 quidam

178 3264 402 3333 utroque
431 3263 877 3319 demonstratus
908 3268 996 3320 est
1025 3264 1279 3337 Spiritus
1306 3269 1564 3322 sanctus.
1588 3265 1734 3322 Nam
1757 3266 1806 3323 si
1838 3251 1880 3319 C
1921 3265 2180 3316 creatum
2222 3277 2356 3316 eum
2401 3277 2529 3316 esse
2571 3262 2877 3316 ostendere
2919 3261 3198 3328 νοιθηῑθε,
3231 3263 3567 3320 testimonio

177 3354 436 3420 creatura,
474 3357 544 3408 ut
574 3352 846 3424 superius
878 3354 1265 3420 ostendimus,
1301 3355 1580 3410 dividitur
1604 3355 1664 3411 in
1687 3373 1808 3411 cor-

174 3439 390 3508 poralia,
422 3446 480 3498 et
527 3441 952 3514 incorporalia:
993 3447 1052 3500 et
1098 3444 1368 3500 conditus
1417 3449 1506 3501 est
1553 3445 1807 3518 Spiritus

175 3534 393 3587 sanctus
415 3531 623 3604 utique
655 3536 757 3588 aut
784 3532 1054 3602 visibilis,
1079 3537 1181 3589 aut
1207 3533 1520 3590 invisibilis
1541 3538 1808 3590 creatura

177 3616 291 3684 erit,
324 3620 379 3675 id
402 3625 514 3690 est,
536 3620 874 3694 corporalis,
898 3625 1000 3678 aut
1020 3622 1424 3696 incorporalis.
1451 3625 1662 3680 Verum
1687 3641 1806 3680 cor-

174 3720 269 3776 pus
297 3724 668 3782 nequaquam
701 3711 826 3778 erit,
859 3711 1011 3768 sicut
1041 3713 1206 3785 prius
1238 3712 1514 3780 diximus,
1545 3731 1677 3769 cum
1698 3716 1804 3772 do-

171 3800 297 3863 ceat,
326 3804 378 3854 et
407 3799 716 3856 scientiam
743 3805 1069 3874 praestet,et
1089 3820 1122 3857 a
1143 3820 1320 3860 sensu
1353 3804 1498 3860 I21
1529 3808 1584 3859 et
1606 3803 1804 3861 anima

169 3885 428 3957 capiatur.
496 3889 612 3946 Sed
662 3906 852 3963 neque
900 3891 1211 3948 invisibilis
1264 3883 1533 3950 creatura
1561 3895 1690 3960 erit,
1739 3899 1803 3950 ut

167 3975 318 4044 paulo
350 3983 483 4035 ante
510 3980 586 4035 de
616 3995 682 4036 eo
713 3980 1170 4052 disputavimus.
1208 3981 1368 4039 Unde
1399 3987 1456 4039 et
1485 3982 1800 4055 Apostolus

163 4060 214 4116 in
241 4063 490 4137 Epistola
523 4085 704 4140 quam
735 4069 806 4125 ad
840 4069 1113 4128 Hebraeos
1159 4071 1418 4144 scripsit,
1452 4071 1630 4128 alium
1663 4089 1798 4129 eum

163 4167 277 4208 esse
305 4155 372 4210 ab
403 4157 684 4213 omnibus
716 4157 941 4230 angelis
965 4159 1354 4228 demonstrat,
1378 4161 1581 4218 dicens
1606 4180 1618 4218 :
1649 4163 1796 4218 «Cui

164 4240 303 4298 enim
334 4245 678 4318 angelorum
729 4247 876 4302 dixit
924 4247 1281 4320 aliquando:
1317 4250 1465 4307 Sede
1497 4267 1531 4306 a
1579 4251 1797 4308 dextris

163 4331 312 4400 meis,
332 4334 513 4392 donec
535 4351 752 4409 ponam
775 4336 1045 4393 inimicos
1069 4342 1202 4395 tuos
1233 4339 1556 4396 scabellum
1579 4342 1795 4414 pedum

167 4421 422 4480 tuorum?
453 4426 659 4482 Nonne
688 4443 892 4483 omnes
923 4431 1062 4483 sunt
1084 4427 1593 4486 administratores
1626 4430 1796 4503 spiri-

164 4512 267 4582 tus,
296 4513 350 4568 in
397 4515 797 4571 ministerium
841 4515 1029 4585 missi,
1081 4521 1317 4590 propter
1347 4536 1445 4576 eos
1478 4519 1576 4592 qui
1628 4537 1793 4577 acce-

163 4601 300 4668 pturi
345 4609 512 4661 erant
552 4604 803 4662 salutem
833 4605 925 4661 5‘?
956 4628 983 4656 »
1006 4606 1072 4662 Et
1092 4610 1224 4679 post
1245 4606 1396 4664 alia:
1432 4631 1460 4659 «
1493 4610 1795 4675 Quomodo
1828 4628 1874 4694 D

163 4704 254 4744 nos
281 4693 630 4768 eti'ugiemus
660 4698 882 4752 tantam
933 4695 1297 4769 negligentes
1335 4698 1585 4754 salutem
1604 4700 1631 4753 ?
1659 4699 1794 4763 Quae

163 4779 500 4856 principium
525 4785 819 4858 accipiens
849 4786 920 4842 ad
945 4785 1305 4859 loquendum
1331 4803 1434 4858 per
1454 4787 1790 4855 Dominum,

159 4867 221 4922 ab
250 4869 337 4928 his
367 4874 466 4945 qui
491 4875 810 4931 audierunt
832 4875 889 4930 in
915 4891 1018 4930 nos
1043 4876 1388 4932 confirmata
1406 4882 1512 4945 est,
1537 4877 1795 4934 testimo-

158 4955 301 5014 nium
331 4962 508 5020 dante
544 4968 654 5020 Deo
686 4963 892 5036 signis,
927 4968 984 5020 et
1013 4964 1296 5037 prodigiis
1329 4969 1386 5021 et
1417 4966 1594 5022 variis
1616 4966 1794 5023 virtu-

154 5044 312 5118 tibus,
344 5056 401 5107 et
423 5053 682 5125 Spiritus
700 5053 886 5110 sancti
913 5053 1300 5111 divisionibus
1315 5055 1487 5126 juxta
1509 5073 1676 5112 suam
1699 5074 1793 5112 vo-

155 5131 418 5197 luntatem
441 5143 510 5198 ‘5.
534 5165 562 5192 »
585 5143 703 5199 Hoc
726 5143 881 5198 enim
906 5144 1060 5216 quod
1085 5143 1184 5212 ait,
1209 5167 1237 5194 ‹‹
1258 5144 1348 5201 cui
1373 5145 1788 5219 angelorum,»

154 5239 294 5298 eque
324 5230 629 5305 accipitur,
663 5248 727 5289 ac
760 5232 810 5289 si
841 5232 1075 5304 diceret,
1109 5233 1257 5289 nulli
1284 5251 1298 5290 :
1323 5251 1427 5307 per
1459 5235 1790 5309 angelicum

1919 3353 2184 3420 utuntur,
2218 3366 2332 3422 quo
2355 3349 2552 3405 omnia
2582 3366 2684 3421 per
2712 3350 2971 3406 Verbum
3004 3350 3155 3406 facta
3194 3350 3566 3422 referuntur;

1918 3444 1982 3494 ut
2013 3438 2236 3495 scilicet
2266 3439 2324 3494 in
2348 3439 2626 3495 omnibus
2647 3440 2822 3495 etiam
2847 3444 3060 3496 aeterna
3083 3441 3415 3498 substantia
3435 3459 3570 3498 con-

1916 3528 2189 3584 tineatur.
2213 3530 2282 3584 Et
2303 3529 2442 3602 quia
2463 3529 2532 3585 ad
2553 3530 2947 3586 conditionem
2972 3532 3100 3603 ejus
3123 3532 3564 3604 approbandam

1914 3619 2088 3674 etiam
2136 3619 2542 3692 propheticum
2589 3635 2918 3676 sermonem
2983 3626 3293 3693 usurpant,
3341 3621 3567 3678 dicente

1914 3707 2053 3776 Deo,
2089 3733 2115 3759 α
2147 3711 2286 3764 Creo
2317 3708 2602 3780 Spiritum
2628 3727 2639 3764 :
2667 3729 2694 3760 ι
2719 3709 2895 3765 etiam
2917 3709 2974 3764 in
2995 3709 3103 3766 hoc
3121 3727 3219 3766 eos
3239 3715 3564 3782 monstrare

1913 3798 2197 3854 debemus
2227 3815 2469 3871 prorsus
2491 3799 2564 3854 ab
2586 3797 2885 3855 intellectu
2908 3799 3168 3855 veritatis
3190 3798 3432 3856 alienos.
3455 3801 3563 3856 Ne-

1913 3903 2024 3959 que
2057 3888 2223 3943 enim
2251 3889 2324 3943 de
2354 3887 2572 3960 Spiritu
2608 3892 2810 3944 sancto
2841 3889 3177 3961 propositus
3209 3905 3399 3944 sermo
3434 3906 3564 3961 pro-

1910 3976 2098 4049 phetze
2129 3977 2258 4043 fuit,
2291 3981 2356 4032 ut
2386 3993 2454 4032 ex
2483 3977 2614 4049 ipsa
2643 3978 2792 4032 serie
2823 3982 2879 4032 et
2909 3982 3178 4033 contextu
3229 3977 3445 4049 eloquii
3475 3979 3563 4033 in-

1909 4065 2208 4138 telligitur.
2245 4065 2548 4137 Siquidem
2581 4069 2759 4122 Amos
2782 4065 3064 4139 propheta
3081 4083 3146 4121 ex
3168 4084 3419 4140 persona
3439 4067 3561 4136 Dei,

1912 4177 1938 4206 «
1957 4156 2312 4227 Praeparare,
2337 4178 2364 4204 ν»
2380 4155 2595 4227 inquit,
2617 4180 2636 4205 α
2656 4157 2725 4211 ad
2749 4157 3135 4212 invocandum
3161 4157 3343 4214 Deum
3367 4163 3557 4226 tuum,

1908 4262 1940 4301 ο
1971 4244 2147 4302 Israel
2176 4263 2188 4300 :
2223 4244 2502 4316 quoniam
2539 4261 2644 4317 ego
2676 4262 2806 4300 sum
2843 4247 3085 4302 firmans
3123 4245 3474 4316 tonitruum,
3504 4251 3562 4303 et

1907 4352 2111 4391 creans
2135 4334 2497 4407 spiritum,et
2518 4336 2878 4392 annuntians
2898 4335 2956 4391 in
2976 4336 3245 4393 homines
3264 4336 3559 4394 Christum

1907 4441 2079 4481 suum
2105 4441 2118 4481 :
2153 4424 2372 4481 faciens
2404 4423 2733 4480 diluculum
2757 4429 2814 4480 et
2835 4425 3131 4494 nebulam,
3158 4430 3214 4482 et
3235 4427 3560 4483 ascendens
3623 4426 3632 4432 ’

1906 4532 2082 4588 super
2103 4513 2328 4571 excelsa
2349 4518 2513 4570 terrae
2537 4533 2549 4570 :
2575 4514 2861 4570 Dominus
2883 4515 3038 4571 Deus
3060 4515 3432 4589 omnipotens
3456 4534 3557 4573 no-

1907 4621 2040 4660 men
2074 4605 2201 4676 ejus
2231 4606 2294 4659 “.
2332 4626 2358 4653 »
2393 4603 2548 4659 Deus
2582 4605 2737 4660 enim
2762 4604 2860 4676 qui
2887 4621 2949 4660 se
2985 4605 3258 4677 spiritum
3286 4607 3398 4677 (32)
3421 4622 3562 4661 con-

1907 4695 2041 4751 dere
2075 4696 2262 4750 tuerat
2283 4693 2653 4766 praelocutus,
2673 4697 2729 4749 et
2747 4694 2934 4750 facere
2958 4711 2970 4748 :
2992 4697 3048 4750 et
3065 4695 3391 4750 tonitruum
3410 4694 3558 4750 dixit

1903 4785 2138 4841 firmare
2169 4788 2227 4841 et
2250 4781 2664 4839 diluculumet
2699 4783 2944 4839 nebulas
2978 4784 3181 4840 facere.
3207 4784 3266 4839 Si
3294 4784 3475 4856 igitur
3496 4784 3555 4838 in

1905 4875 2182 4947 praedicta
2214 4873 2546 4930 narratione
2585 4889 3045 4945 perseveramus,
3080 4873 3136 4927 id
3169 4878 3276 4939 est,
3317 4873 3373 4928 in
3407 4873 3560 4928 toni-

1903 4969 2034 5021 truo
2066 4969 2122 5019 et
2153 4962 2413 5018 diluculo
2453 4967 2508 5018 et
2539 4962 2818 5026 nubibus,
2851 4963 3164 5018 eumdeum
3200 4963 3560 5019 narrationis

1902 5053 2167 5110 ordinem
2191 5052 2366 5108 etiam
2390 5053 2446 5107 in
2469 5053 2680 5125 spiritu
2706 5057 2900 5108 tenere
2923 5052 3224 5120 debemus,
3250 5052 3380 5107 utid
3403 5053 3556 5125 quod

1903 5143 2117 5200 dicitur
2137 5160 2171 5198 a
2192 5143 2309 5198 Deo
2331 5141 2444 5198 tale
2471 5143 2549 5198 sit
2574 5159 2587 5197 :
2614 5141 2687 5197 Ut
2706 5141 2940 5198 invoces
2962 5158 3076 5212 me,
3101 5141 3202 5214 qui
3220 5141 3374 5198 Deus
3396 5159 3553 5210 sum,

1901 5234 1999 5306 qui
2034 5233 2307 5289 universa
2337 5249 2606 5305 procuro,
2635 5231 2737 5304 qui
2768 5236 2826 5287 et
2857 5235 3084 5287 creator
3114 5247 3246 5287 sum
3289 5232 3554 5290 omnium

211 5377 251 5411 “
301 5380 478 5440 Hebr.
515 5401 555 5452 ι,
586 5385 673 5442 13.
711 5385 774 5440 14
807 5401 820 5440 :
854 5383 1008 5443 Psal.
1042 5402 1155 5443 cxx.
1191 5386 1238 5441 1.
1294 5387 1339 5421 ⁸⁵
1367 5386 1540 5443 Hebr.
1573 5404 1635 5456 ιῐ,
1662 5388 1718 5458 3,
1751 5389 1801 5458 ἅ,

1956 5391 2134 5442 Amos
2168 5401 2240 5454 iv,
2277 5385 2362 5454 12,
2402 5385 2490 5440 13.

213 5532 314 5610 (3‘2)
346 5535 603 5610 Vitiose,
641 5541 698 5593 et
739 5541 942 5594 contra
987 5539 1290 5610 scriptoris
1332 5545 1610 5610 mentem,
1663 5546 1787 5598 erat

155 5608 299 5662 lutea
329 5631 357 5657 «
389 5609 730 5678 concedere,
767 5633 796 5660 »
830 5611 985 5678 quod
1016 5628 1084 5667 ex
1107 5608 1296 5667 Vatic.
1344 5627 1454 5668 ms.
1507 5608 1785 5670 emenda-

156 5687 290 5752 mus,
318 5680 420 5754 qui
454 5681 600 5741 item
631 5698 736 5759 pro
763 5680 958 5744 verbis
990 5705 1018 5742 ς(
1049 5687 1108 5744 et
1138 5683 1327 5744 facere
1375 5705 1404 5736 ››
1454 5683 1631 5746 habet
1667 5687 1786 5749 fere

1896 5538 2333 5609 concinnius,_«
2370 5535 2586 5609 pariter
2631 5535 2859 5603 atratus,
2903 5560 2933 5586 »
2983 5542 3092 5594 etc.
3138 5541 3265 5594 Mox
3312 5538 3548 5597 Tbolos.

1897 5635 1923 5686 ᾳ
1957 5613 2209 5686 formare
2235 5631 2274 5686 p_
2294 5607 2437 5682 legit
2468 5625 2569 5682 pro
2605 5630 2634 5660 «
2666 5610 2900 5686 firmare
2937 5632 2958 5660 ι
3009 5611 3163 5686 quod
3213 5612 3547 5685 promiscue

1893 5683 2048 5742 infra
2076 5681 2175 5741 alii
2201 5680 2378 5744 etiam
2412 5680 2556 5740 mss.
2590 5680 2927 5757 praeferunt.
3026 5680 3043 5686 '
3213 5680 3228 5685 '
3337 5696 3340 5700 -
