3970 6448
384 323 498 388 123

1514 383 1524 395 ,
1635 324 1698 386 S.
1746 318 2056 387 EUSEBII
2099 319 2567 388 HIERONYMI.

3665 317 3780 390 124

386 456 484 528 qui
517 456 685 511 ﬁrmo
718 455 1060 521 tonitruum,
1094 459 1150 509 et
1192 455 1376 510 condo
1409 455 1698 528 spiritum.
1726 457 1823 528 qui
1871 455 2026 511 dilu-
2056 458 2110 524 Α
2142 457 2364 512 dictum
2396 460 2539 523 est,«
2574 455 2673 526 qui
2705 469 2892 525 creo,»
2926 451 3063 524 quia
3095 468 3211 508 non
3244 449 3426 507 semel
3455 451 3610 506 venti
3642 451 3779 507 facti

381 545 580 601 culum
605 548 659 601 et
682 542 954 600 nebulam
977 544 1044 599 ad
1072 544 1358 616 quasdam
1382 545 1663 601 utilitates
1677 545 1820 601 facio
1843 545 2026 600 hozni-

385 651 526 689 num
554 651 567 702 ;
594 649 936 706 praeparare,
962 635 1026 687 ut
1054 631 1307 704 invoces,
1342 650 1373 689 ο
1408 633 1581 690 Israel
1606 653 1618 701 ;
1646 638 1710 689 ut
1730 650 1863 689 cum
1888 651 2025 706 prte-

379 727 620 795 paratus
655 721 832 776 fueris
867 721 937 776 ad
966 720 1374 787 invocandum,
1409 726 1463 777 ct
1494 739 1581 778 me
1614 723 1886 790 oraveris,
1922 721 2022 795 qui

381 811 716 884 supradicta
745 805 1060 875 constituo,
1095 809 1363 866 felicitate
1407 817 1757 883 temporum,
1791 817 1847 868 et
1875 809 2020 867 alio-

379 917 510 956 rum
541 899 828 955 bonorum
860 898 1272 972 largitionibus
1301 900 1636 970 perfruaris,
1673 916 1766 956 me
1797 900 1898 955 tibi
1919 915 2021 972 per

377 987 641 1062 singulos
668 1005 853 1043 annos
881 989 1263 1059 omniajuxta
1297 993 1515 1044 naturae
1548 989 1812 1044 ordinem
1845 987 2016 1042 mini-

379 1081 623 1143 strante,
657 1082 723 1131 ut
757 1076 999 1132 fecunde
1029 1093 1218 1132 annus
1251 1076 1409 1144 fluat,
1444 1081 1508 1132 ut
1530 1077 1654 1133 suis
1677 1075 1883 1150 spatiis
1913 1075 2016 1132 ho-

378 1183 577 1223 rarum
600 1170 899 1222 momenta
915 1166 1245 1235 decurrant,
1271 1170 1334 1220 ut
1353 1182 1460 1222 suo
1482 1169 1742 1238 tempore
1760 1165 2019 1220 tonitrua

377 1255 664 1329 mugiant,
701 1259 762 1310 ut
793 1252 1071 1310 salutaris
1101 1270 1244 1309 aura
1274 1254 1620 1327 Opportunis
1663 1253 1896 1310 ﬂatibus
1929 1253 2015 1308 in-

377 1345 577 1417 spiret.
609 1343 667 1399 Si
699 1360 831 1400 vero
864 1359 966 1415 per
994 1341 1352 1416 allegoriam,
1405 1342 1730 1398 tonitruum
1763 1347 1819 1398 et
1865 1341 2016 1397 dilu-

378 1432 598 1497 culum,
633 1437 690 1488 et
719 1432 953 1498 nebula,
986 1437 1044 1487 et
1072 1431 1286 1487 crcatio
1318 1431 1562 1504 spiritus
1593 1431 2014 1503 intelligantur,

375 1538 490 1577 non
522 1521 912 1577 substantiam
941 1520 1046 1588 rei,
1076 1520 1176 1576 sed
1230 1521 1539 1592 figuratam
1590 1520 2016 1592 interpretatio-

373 1627 504 1667 nem
529 1609 962 1682 significabunt.

446 1701 531 1756 15.
563 1698 726 1762 Quod
779 1696 890 1753 sie
935 1697 1161 1753 diverso
1207 1699 1545 1770 opposuerit
1593 1699 1897 1758 manifeste
1946 1699 2016 1754 de

372 1788 590 1860 Spiritu
624 1791 822 1842 sancto
852 1785 974 1841 haec
1006 1785 1143 1854 dici,
1185 1787 1283 1858 qui
1336 1787 1617 1843 inferatur
1648 1788 1719 1843 ad
1768 1788 2017 1843 creatio-
2045 1828 2092 1894 B

377 1893 510 1932 nem
543 1876 815 1948 Spiritus,
843 1874 986 1930 illud
1012 1875 1167 1947 quod
1193 1875 1493 1948 sequitur:
1523 1898 1550 1925 «
1573 1877 1640 1931 Et
1662 1877 2016 1934 annuntians

380 1966 530 2024 I23
562 1967 619 2020 in
649 1981 851 2021 omnes
879 1964 990 2036 (33)
1023 1963 1290 2020 homines
1329 1964 1622 2020 Christum
1654 1983 1826 2022 suum
1854 1985 1866 2032 ;
1891 1990 1917 2017 ››
1959 1966 2018 2022 in

381 2055 618 2111 Hebraeo
651 2053 950 2120 babetur,«
981 2053 1291 2108 annuntiat
1311 2053 1368 2108 in
1398 2053 1695 2110 hominem
1729 2054 2018 2127 loquelam

376 2160 544 2200 suam
572 2160 586 2211 ;
623 2166 650 2192 »
679 2142 834 2214 quod
858 2141 1081 2198 scilicet
1105 2140 1206 2213 qui
1229 2146 1452 2198 creator
1475 2146 1564 2198 est
1585 2143 1868 2212 omnium,
1895 2145 2019 2217 ipse

376 2231 553 2289 etiam
588 2231 890 2304 prophetis
939 2231 1036 2302 [αι.
1087 2230 1422 2303 prophetas]
1466 2231 1728 2304 inspiret,
1763 2238 1819 2289 et
1848 2251 2018 2290 suam

377 2336 606 2394 pereos
637 2319 976 2375 hominibus
1018 2318 1235 2374 indicet
1276 2319 1654 2375 voluntatem.
1692 2325 1756 2375 Et
1787 2321 1855 2376 ad
1909 2320 2018 2376 hoc

376 2408 848 2481 respondendum
871 2407 1123 2480 est,quia
1153 2407 1393 2479 quidam
1425 2407 1675 2464 haeretici
1708 2408 1890 2464 alium
1922 2426 2018 2465 ex-

375 2505 464 2556 tra
494 2504 813 2554 creatorem
858 2496 1168 2552 Dominum
1218 2497 1444 2552 Patrem
1497 2497 1814 2554 Salvatoris
1855 2516 2016 2555 men-

373 2590 622 2655 tiuntur,
644 2587 752 2642 hoc
784 2585 1133 2658 impiissime
1165 2585 1543 2658 praedicantes
1571 2603 1583 2641 :
1626 2604 1742 2643 non
1774 2588 2019 2646 scelera-

376 2683 498 2736 tam
526 2692 726 2732 eorum
759 2673 1151 2746 suspicionem
1180 2674 1546 2745 providentes
1569 2692 1602 2730 a
1624 2675 1738 2731 Deo
1772 2678 2017 2748 percuti,

376 2766 637 2822 dicente:
665 2765 784 2836 Ego
818 2762 1077 2818 formans
1109 2764 1301 2834 [ναιίσ.
1352 2763 1615 2836 ﬁrmans]
1668 2766 2016 2835 tonitruum,

377 2859 434 2910 et
463 2870 666 2910 creans
696 2851 969 2924 spiritum
1000 2854 1058 2906 et
1086 2851 1230 2907 alias
1258 2852 1459 2907 mundi
1486 2859 1680 2924 partes
1718 2853 1934 2911 faciens
1965 2860 2021 2912 et

378 2943 756 3016 gubermans,
790 2940 1074 2995 annuntio
1099 2940 1154 2994 in
1181 2939 1449 2996 homines
1479 2941 1776 2998 Christum
1797 2959 2014 3000 meum.

376 3036 444 3086 Et
473 3030 582 3086 hoc
608 3029 763 3087 enim
798 3028 1170 3102 providentiae
1222 3045 1359 3083 mea;
1400 3045 1546 3100 opus
1597 3047 1772 3103 super
1821 3032 2019 3090 omnia

373 3137 548 3193 opera
579 3135 708 3174 mea
737 3122 843 3186 est,
864 3111 936 3172 'ut
963 3134 1076 3172 non
1100 3116 1291 3173 solum
1315 3134 1514 3173 eorum
1544 3135 1670 3190 quas
1695 3120 1832 3175 foris
1856 3126 2014 3189 sunt,

2134 549 2293 614 sunt,
2327 546 2428 600 sed
2457 545 2514 600 in
2541 560 2607 600 eo
2631 543 2780 616 quod
2815 542 3167 607 subsistunt,
3195 539 3458 613 quotidie
3492 540 3778 596 fiunt.Ne-

2132 651 2246 707 que
2276 633 2433 690 enim
2475 633 2691 688 frustra
2722 632 2846 687 sine
2878 630 3144 697 articulo,
3179 629 3278 702 qui
3306 629 3364 684 in
3411 629 3607 685 Grazco
3658 645 3776 686 ser-

2135 740 2304 779 mone
2338 721 2766 793 singularitatis
2800 719 3162 792 signiﬁcator
3193 723 3300 782 est,
3336 734 3495 774 nunc
3534 717 3778 792 spiritus

2130 817 2358 867 creatus
2389 809 2905 882 dicitur.quoniam
2938 825 3054 863 non
3093 812 3181 864 est
3199 811 3600 875 sanctus,cum
3633 822 3777 880 pene

2129 917 2360 972 semper
2390 898 2642 971 Spiritus
2671 902 2910 953 sanctus
2942 913 3077 952 cum
3110 894 3356 955 articulo
3414 895 3778 962 nominetur,

2128 992 2194 1043 ut
2225 988 2280 1042 in
2315 987 2412 1042 illo
2443 996 2563 1044 αὐτὸ
2585 996 2641 1043 τὸ
2671 997 2889 1057 Πνεῦμα,
2918 986 2975 1041 id
3010 992 3098 1041 est
3125 1008 3152 1034 ‹‹
3187 985 3311 1057 ipse
3370 983 3625 1058 Spiritus
3683 987 3768 1040 te-

2127 1077 2470 1133 stimonium
2493 1075 2758 1148 perhibet
2789 1074 3021 1147 spiritui
3071 1079 3270 1130 nostro
3321 1074 3364 1108 ⁸⁸
3398 1092 3411 1143 ;
3448 1095 3474 1122 ››
3524 1078 3580 1129 et
3610 1072 3773 1141 alibi,

2127 1174 2278 1233 Αὐτός
2308 1173 2435 1222 ἐστιν
2462 1175 2518 1222 τὸ
2547 1174 2828 1232 ζωοποιοῦν,
2861 1164 2994 1236 (34),
3023 1163 3081 1219 id
3116 1167 3264 1230 est,«
3288 1163 3412 1235 ipse
3444 1166 3532 1218 est
3562 1161 3662 1235 qui
3694 1161 3775 1217 vi-

2124 1254 2317 1310 viﬁcat
2345 1255 2442 1310 ‘9.»
2477 1255 2545 1309 Et
2575 1270 2809 1309 rursum
2838 1271 2849 1308 :
2883 1276 2910 1301 ‹‹
2947 1252 3041 1308 Sic
3072 1256 3128 1307 et
3160 1269 3286 1324 quae
3319 1251 3416 1307 Dei
3437 1255 3774 1319 sunt,nemo

2126 1344 2393 1415 cognovit
2423 1343 2535 1398 nisi
2565 1353 2620 1399 τὸ
2651 1353 2864 1413 ιινεῦμα,
2902 1363 2929 1390 ››
2963 1339 3018 1394 id
3041 1345 3129 1396 est
3154 1363 3180 1392 ς(
3203 1340 3458 1413 Spiritus
3486 1339 3623 1396 Dei:
3653 1362 3680 1387 ››
3718 1347 3775 1395 τὸ

2125 1443 2219 1505 γὰρ
2251 1443 2468 1503 Πνεῦμα,
2500 1433 2655 1488 124
2686 1432 2792 1486 hoc
2825 1434 2931 1499 est,
2957 1454 2988 1478 ‹‹
3013 1430 3263 1501 Spiritus
3289 1429 3446 1484 enim
3478 1433 3779 1485 scrutatur

2126 1521 2342 1591 omnia,
2375 1521 2550 1577 etiam
2581 1521 2698 1576 alta
2730 1520 2824 1575 Dei
2857 1521 2919 1573 ⁷ο.
2957 1542 2984 1567 ››
3018 1519 3083 1573 Et
3114 1516 3302 1573 multa
3341 1534 3468 1590 quae
3500 1518 3571 1572 de
3621 1517 3776 1572 Scri-

2125 1610 2316 1682 pturis
2343 1609 2523 1666 sacris
2555 1625 2859 1681 excerpere
2888 1605 3168 1680 possibile
3214 1611 3321 1662 est.
3373 1605 3535 1670 Quod
3585 1605 3777 1661 sicubi

2126 1715 2254 1754 raro
2320 1699 2445 1754 sine
2503 1696 2748 1754 articulo
2811 1696 3148 1752 nominatur
3205 1694 3457 1766 Spiritus
3510 1700 3776 1761 sanctus,

2125 1787 2427 1843 sciendum
2440 1792 2530 1844 est
2551 1804 2684 1842 cum
2704 1787 3102 1842 additamento
3120 1801 3254 1840 eum
3281 1783 3571 1840 nominari
3595 1783 3777 1856 signi-

2128 1877 2338 1932 ficante
2371 1875 2869 1948 magniﬁcentiam
2906 1875 3054 1946 ejus.
3089 1873 3392 1945 Siquidem
3425 1873 3642 1928 dicitur
3670 1871 3774 1930 ali-

2129 1966 2363 2037 quando
2392 1969 2448 2020 et
2477 1966 2603 2020 sine
2632 1963 2900 2033 articulo,
2934 1980 3067 2018 cum
3101 1980 3215 2017 non
3245 1963 3368 2034 ipse
3399 1978 3500 2035 per
3549 1978 3632 2027 se,
3668 1961 3775 2020 sed

2129 2054 2495 2126 participatio
2527 2054 2655 2125 ejus
2685 2053 3066 2109 osdenditur:
3097 2057 3162 2107 ut
3184 2057 3346 2124 puta,
3371 2074 3397 2100 «
3425 2056 3480 2107 et
3502 2067 3779 2124 quaecun-

2129 2160 2241 2215 que
2270 2143 2362 2199 his
2392 2141 2610 2199 similia
2637 2147 2792 2198 sunt.

2202 2322 2285 2376 16.
2319 2320 2602 2384 Quoniam
2635 2320 2814 2394 igitur
2843 2319 3037 2385 exhis,
3073 2337 3199 2392 quas
3225 2319 3555 2388 memoravi,
3603 2324 3660 2375 et
3707 2337 3778 2377 ex

2128 2408 2332 2465 multis
2363 2410 2514 2475 aliis,
2563 2426 2678 2465 non
2729 2425 2858 2465 esse
2913 2413 3239 2464 creaturam
3301 2408 3586 2481 Spiritum
3644 2427 3782 2466 san-

2127 2503 2284 2555 ctum
2325 2499 2790 2554 demonstratum
2829 2503 2941 2564 est,
2993 2514 3288 2570 nusquam
3337 2496 3779 2555 conditionibus

2127 2591 2582 2644 connumeratus
2603 2591 2710 2653 est,
2743 2587 2844 2642 sed
2877 2602 3107 2658 semper
3136 2601 3268 2640 cum
3316 2585 3481 2640 Patre
3538 2590 3594 2641 et
3625 2586 3778 2644 Filio

2129 2677 2355 2750 positus
2380 2693 2392 2731 :
2426 2694 2581 2731 nunc
2604 2676 2904 2731 videamus
2922 2692 3098 2748 quam
3124 2691 3257 2731 cum
3280 2679 3528 2747 utroque
3560 2674 3780 2733 habeat

2129 2765 2580 2821 indilferentiam
2614 2765 2709 2836 (al.
2744 2763 3184 2834 differentiam).
3220 2763 3281 2818 In
3332 2763 3446 2818 ﬁne
3497 2763 3776 2837 Epistola:

2128 2854 2416 2920 secundm,
2449 2870 2627 2924 quam
2661 2854 2732 2908 ad
2766 2852 3096 2908 Corinthios
3130 2853 3335 2929 scribit
3364 2852 3604 2920 Paulus,
3641 2853 3770 2909 ait:

2127 2968 2154 2994 ‹‹
2188 2943 2386 2999 Gratia
2414 2942 2643 2998 Domini
2673 2942 2854 2997 nostri
2903 2940 3044 2997 Jesu
3104 2941 3340 3006 Christi,
3398 2945 3454 2996 et
3511 2941 3778 2999 charitas

2127 3033 2250 3099 Dei,
2281 3036 2337 3088 et
2367 3030 2818 3086 communicatio
2841 3030 3026 3085 sancti
3072 3029 3345 3102 Spiritus,
3404 3029 3480 3086 sit
3538 3047 3780 3104 semper

2127 3137 2261 3176 cum
2294 3120 2568 3176 omnibus
2599 3118 2762 3174 vobis
2789 3119 2850 3172 ⁷³.
2880 3140 2906 3166 ››
2939 3118 3281 3176 Ostenditur
3310 3118 3526 3190 quippe
3557 3135 3626 3176 ex
3655 3136 3780 3175 ser-

373 3209 472 3264 sed
506 3212 564 3263 et
593 3224 719 3279 qua:
752 3206 823 3261 ad
856 3205 1317 3262 emolumentum
1349 3207 1558 3262 animae
1590 3213 1645 3263 et
1677 3210 1887 3264 mentis
1911 3210 2017 3266 uti-
2049 3203 2091 3272 C
2131 3227 2299 3266 mone
2331 3208 2600 3281 presenti
2632 3225 2748 3264 una
2779 3205 3083 3263 Trinitatis
3128 3206 3452 3280 assumptio
3479 3224 3492 3262 :
3525 3225 3658 3263 cum
3725 3210 3780 3265 is

376 3297 597 3361 litatem
633 3296 732 3366 [αἱ.
767 3294 1182 3367 humilitatem]
1234 3296 1547 3368 pertinent,
1599 3313 1772 3354 causa
1820 3301 2016 3356 subsi-

376 3391 549 3442 stam.
587 3385 706 3457 Ego
745 3383 853 3438 hoc
899 3383 1052 3455 quod
1090 3384 1323 3450 dicitur,
1370 3409 1395 3434 «
1446 3385 1587 3440 Creo
1639 3387 1933 3458 spiritum,
1985 3413 2012 3439 »

375 3489 537 3545 aeque
563 3471 815 3527 arbitror
841 3473 1116 3544 positum,
1151 3489 1216 3527 ac
1247 3473 1294 3528 si
1345 3473 1579 3541 dicitur,
1630 3493 1834 3533 creans
1877 3496 2014 3535 ven-

373 3567 519 3617 tum.
555 3560 709 3616 Deus
739 3560 955 3632 quippe
986 3560 1160 3616 ﬂatus
1190 3560 1320 3628 hos,
1353 3562 1450 3633 qui
1487 3580 1587 3634 per
1608 3565 1758 3620 aeris
1790 3572 2013 3624 motum

374 3651 728 3717 efficiuntur,
765 3649 1148 3721 dispositione
1177 3666 1285 3704 sua
1309 3650 1490 3717 ducit,
1524 3654 1846 3711 secundum
1871 3656 2011 3712 illud

375 3741 531 3814 quod
565 3738 701 3796 alibi
733 3737 985 3811 legimus
1011 3755 1023 3793 :
1063 3761 1089 3788 «
1117 3739 1223 3804 Qui
1257 3740 1526 3811 producit
1555 3746 1758 3798 ventos
1789 3745 1859 3800 de
1889 3745 2012 3802 the-

373 3830 566 3886 sauris
597 3829 722 3884 suis
743 3829 843 3884 ⁸⁷.»
882 3829 1031 3884 Bene
1060 3832 1259 3884 autem
1292 3830 1445 3901 quod
1480 3830 1537 3886 in
1569 3831 2015 3905 ipsasententia

373 3936 488 3976 non
520 3919 620 3986 ait,
654 3917 752 3990 qui
786 3917 971 3972 creavi
1001 3935 1014 3972 :
1048 3917 1149 3972 sed
1186 3937 1206 3965 ι
1243 3916 1343 3989 qui
1375 3935 1502 3974 creo
1552 3920 1846 3992 spiritum.
1893 3946 1920 3971 ››
1952 3924 2012 3980 Si

369 4008 522 4064 enim
549 4007 618 4062 de
636 4004 1128 4062 substantialitate
1141 4006 1395 4079 Spiritus
1415 4007 1601 4063 sancti
1624 4025 1815 4066 sermo
1837 4016 2010 4080 esset,

373 4095 617 4151 dixisset
656 4093 876 4166 utique,
931 4095 1030 4166 qui
1077 4095 1285 4150 creavi.
1332 4095 1530 4168 Neque
1580 4097 1736 4152 enim
1785 4116 2016 4172 semper

374 4183 648 4240 eumdem
680 4185 854 4237 creat.
886 4181 1044 4238 Nanc
1083 4189 1276 4240 autem
1327 4190 1707 4255 conseqentcr
1750 4187 1820 4242 de
1873 4188 2013 4244 ﬂatu

2127 3299 2225 3372 qui
2258 3298 2506 3371 gratiam
2540 3296 2753 3353 Christi
2785 3296 3026 3369 accepit,
3059 3295 3271 3351 habeat
3295 3313 3423 3352 eam
3472 3300 3592 3351 tam
3661 3314 3776 3371 per

2124 3387 2691 3444 administrationem
2717 3385 3106 3458 Patris,quam
3130 3401 3234 3456 per
3254 3383 3620 3455 largitionem
3645 3385 3781 3459 Spi-

2124 3478 2272 3535 ritus
2314 3476 2524 3531 sancti.
2568 3474 2748 3529 Datur
2778 3474 2933 3528 enim
2975 3490 3008 3528 a
3037 3473 3152 3529 Deo
3184 3474 3350 3529 Patre
3379 3477 3434 3528 et
3464 3473 3562 3546 (al.
3598 3490 3632 3529 a
3661 3474 3784 3532 Do-

2124 3567 2303 3634 mino)
2333 3565 2473 3620 Jesu
2505 3563 2928 3632 Christo,juxta
2957 3560 3133 3617 illud:
3169 3585 3188 3610 «
3216 3562 3414 3618 Gratia
3433 3562 3770 3632 vobiscum,

2123 3659 2179 3711 et
2224 3671 2332 3726 pax
2362 3671 2395 3708 a
2424 3652 2540 3707 Deo
2573 3656 2762 3714 Patre,
2796 3656 2852 3706 et
2880 3650 3124 3707 Domino
3161 3651 3302 3707 Jesu
3359 3651 3584 3707 Christo
3641 3652 3712 3723 7‘,
3749 3675 3782 3705 ιο

2123 3761 2237 3799 non
2269 3741 2444 3796 aliam
2473 3741 2649 3796 dante
2671 3739 2918 3812 gratiam
2951 3743 3121 3795 Patre
3150 3744 3206 3795 et
3230 3738 3404 3796 aliam
3435 3739 3761 3798 Salvatore.

2124 3831 2425 3904 Siquidem
2448 3834 2504 3884 et
2533 3845 2566 3883 a
2599 3832 2764 3884 Patre
2795 3832 2851 3884 et
2881 3827 3126 3885 Domino
3155 3828 3296 3884 Jesu
3349 3828 3577 3885 Christo
3635 3846 3779 3888 eam

2123 3922 2248 3978 dari
2281 3918 2558 3976 describit
2586 3919 2786 3988 (Vatia.
2823 3917 3067 3990 scribit),
3100 3917 3354 3990 Spiritus
3380 3918 3566 3974 sancti
3605 3935 3781 3976 com-

2123 4007 2517 4066 municatione
2546 4005 3070 4078 completam.Nam
3091 4011 3147 4062 et
3162 4005 3286 4078 ipse
3302 4006 3555 4080 Spiritus
3573 4007 3781 4069 dictus

2123 4104 2211 4155 est
2239 4097 2444 4171 gratia,
2468 4096 2794 4166 secundum
2822 4094 2967 4151 illud
2993 4111 3006 4149 :
3043 4095 3162 4151 «Et
3190 4095 3434 4168 spiritus
3456 4097 3658 4169 gratia:
3681 4097 3783 4153 in-

2116 4187 2336 4259 juriam
2369 4185 2606 4252 faciens,
2640 4184 2700 4238 in
2730 4199 2846 4256 quo
2873 4182 3271 4240 sanctiﬁcatas
3302 4188 3390 4240 est
3417 4184 3480 4238 ⁷⁸.
3515 4205 3542 4234 ››
3577 4183 3637 4240 in
3667 4185 3785 4263 za-

443 4291 486 4325 ⁸⁷
519 4288 924 4363 ξειιζχοχχιιιν.
957 4293 1014 4363 7.
1039 4361 1050 4363 Α
1078 4290 1121 4324 ⁶⁸
1144 4362 1150 4363 ί
1176 4290 1322 4346 Rom
1381 4308 1503 4360 νιιι,
1539 4293 1624 4348 16.
1683 4294 1726 4328 ⁸⁸
1757 4294 1902 4350 Joan
1934 4311 2011 4360 vx,

2218 4295 2262 4330 7°
2292 4293 2314 4349 Ι
2345 4292 2470 4350 Cor.
2507 4307 2572 4363 ιιΞ
2601 4290 2688 4345 10.
2773 4291 2813 4326 '"
2848 4291 2923 4346 IV
2955 4290 3095 4363 Reg.
3157 4308 3219 4359 ιι,
3251 4291 3336 4346 15.
3398 4291 3443 4325 ⁷³
3479 4290 3672 4350 Galat.
3713 4309 3784 4362 γ,

372 4362 460 4417 46.
521 4361 565 4395 ⁷³
596 4360 644 4416 ΙΙ
669 4360 796 4415 Cor.
829 4378 952 4431 xm,
996 4361 1082 4415 13.
1141 4362 1186 4395 7‘
1210 4367 1373 4418 Rom.
1411 4379 1450 4428 ι,
1493 4365 1562 4432 7;
1598 4364 1618 4417 Ι
1649 4368 1775 4420 Cor.
1813 4383 1848 4435 ι,
1885 4366 1954 4434 3;
1989 4369 2013 4420 (

2138 4383 2208 4422 ss.
2243 4383 2282 4431 ι,
2315 4365 2372 4420 3.
2456 4363 2500 4398 ⁷⁸
2529 4361 2702 4418 Hebr.
2734 4378 2790 4429 κ,
2823 4363 2912 4416 29.

441 4467 790 4545 (33l_Yocem
814 4490 851 4545 _«
881 4484 1085 4545 omnes
1116 4491 1143 4518 ››
1178 4484 1364 4540 neque
1392 4485 1534 4524 mss.
1561 4471 1765 4545 nostri,
1818 4487 2005 4545 neque

366 4539 564 4595 Amosi
589 4543 781 4616 textus
813 4540 1048 4606 habent,
1077 4539 1323 4616 eamque
1349 4557 1489 4596 sane
1508 4542 1707 4596 malim
1727 4539 2002 4616 expungi.

371 4610 819 4667 Annotationem
863 4628 1032 4670 porro
1087 4628 1154 4667 ex
1185 4610 1420 4668 Hebraeo
1480 4629 1595 4667 non
1651 4631 1718 4668 ex
1775 4610 2004 4670 Didvini

367 4684 621 4810 ingenio,
652 4683 751 4756 qui
779 4683 1089 4764 Hebraicas
1130 4683 1351 4738 litteras
1387 4684 1651 4766 penitus.
1677 4683 2005 4767 ignorabat,

366 4772 428 4811 se
503 4760 706 4825 utique
730 4772 799 4811 ex
823 4755 1173 4826 Hieronymo
1206 4755 1540 4826 profecisse.
1576 4757 1720 4812 mihi
1771 4775 2005 4826 persua-

366 4775 467 4811 seu
503 4775 706 4825 uuque
730 4775 799 4811 ex
823 4775 1173 4826 nieronymo
1206 4775 1540 4826 prowexsse.
1576 4775 1720 4812 mlnl
1771 4775 2007 4828 persua-

366 4828 492 4908 deo.
527 4826 672 4908 Nam
787 4843 1019 4908 quoque
1047 4827 1392 4908 Ambrosius
1423 4827 1653 4908 quilih.
1689 4846 1728 4882 ιι
1758 4829 1831 4884 De
1886 4831 2007 4908 Spi-

364 4901 479 4972 ritu
509 4907 696 4972 sancto
725 4897 861 4972 huic
892 4913 960 4950 ex
975 4898 1168 4972 Amosi
1197 4897 1318 4972 loco
1341 4897 1646 4972 objectioni
1673 4897 2006 4972 respondet,

367 4971 516 5024 hanc
547 4967 1497 5040 apudDidymumsolutionem'ex
1524 4971 1754 5026 Hebrao
1771 4967 1840 5027 se
1864 4967 2011 5027 indi-

366 5046 459 5116 cat
478 5039 980 5116 non’iegissemum
997 5039 1156 5116 illam
1172 5041 1409 5116 omnino
1423 5042 1772 5116 dissimulet.
1797 5046 2012 5116 Argue-

368 5110 1022 5192 bant‘autemhaeretici‘
1049 5129 1117 5166 ex
1157 5129 1222 5168 eo
1280 5113 1422 5192 loco,
1485 5115 1666 5192 creari
1724 5110 2008 5192 Spiritum

367 5185 660 5246 sanctum,
693 5185 759 5235 ut
781 5181 1119 5239 hominibus
1141 5186 1517 5241 annuntiaret
1535 5181 1852 5241 Christum.
1877 5187 2011 5252 Qui-

369 5256 480 5328 bus
510 5256 576 5307 ut
597 5259 839 5328 reponat
862 5253 1393 5328 Hieronymusmon
1412 5257 1493 5310 ita
1514 5255 1578 5328 in
1595 5256 1831 5311 Hebraeo
1854 5259 2010 5313 fonte

367 5325 478 5398 legi
513 5324 743 5398 asserit,
777 5341 841 5398 ac
874 5327 1026 5398 apud
1061 5324 1218 5393 LXX,
1251 5328 1350 5382 sed
1385 5326 1611 5381 haberit
1637 5350 1663 5375 ‹‹
1699 5330 2011 5386 annuntiat

367 5395 753 5478 in'hominem
787 5395 1077 5478 loquelam
1112 5415 1363 5478 suam.)
1400 5401 1606 5478 Atque“
1636 5399 1716 5454 ita
1768 5401 2006 5478 quidem

365 5468 941 5552 ipse'int‘erpretatus
963 5469 1460 5552 est,e1_tposu_itque
1481 5468 1542 5551 in
1568 5468 2006 5552 Commentariis,

368 5537 468 5618 ubi
503 5537 833 5618 LXX‘verbi
852 5537 1240 5618 similitudine
1262 5546 1318 5596 et
1339 5537 1721 5618 ambiguitate
1740 5543 2008 5618 deceptos

367 5613 546 5674 notat.
585 5633 608 5663 α
644 5610 705 5668 Si
734 5613 910 5684 enim,
951 5635 972 5664 ι
1036 5613 1250 5688 inquit,
1312 5634 1339 5664 ‹‹
1370 5610 1662 5688 legamus,
1722 5610 2009 5677 Christum

2034 4476 2273 4540 Dsuum
2329 4471 2484 4543 quod
2562 4468 2842 4526 Hebraice
2920 4469 3137 4526 dicitur
3214 4471 3433 4535 Messio,
3492 4467 3785 4529 scribitur

2118 4560 2220 4618 per
2255 4541 2696 4618 _h_a:s__litteras:
2731 4558 3048 4618 Mam,__sm,
3100 4557 3224 4608 σοι),
3294 4557 3458 4618 tier,
3506 4544 3603 4618 _et_
3629 4555 3782 4614 VAU,

2117 4611 2273 4687 quod
2299 4613 2448 4687 LXXA
2467 4615 2839 4687 putaverunt.
2873 4613 2976 4668 Sin
3017 4619 3234 4687 autem
3267 4618 3335 4687 u_t_
3387 4613 3472 4687 ἱιιΔ
3505 4611 3779 4687 Hebraeo,

2115 4683 2167 4742 ἐι
2196 4687 2341 4759 apud
2370 4683 2606 4756 reliqu
2639 4686 2954 4759 interprete:
3009 4690 3116 4752 est,
3145 4754 3158 4759 _
3176 4683 3270 4739 his
3299 4683 3508 4740 litteris
3557 4685 3780 4759 s_cribi«_-

2118 4754 2424 4841 tmiMl-E‘M.‘
2467 4754 2562 4841 iis,
2621 4754 2792 4826 quod
2835 4761 2926 4813 est
2983 4773 3083 4823 MA,
3144 4754 3273 4841 hoc.
3309 4760 3398 4841 est
3435 4755 3616 4836 .quod,
3677 4755 3778 4818 vel

2119 4831 2268 4912 quid.
2327 4828 2545 4911 Deinde
2577 4841 2690 4891 sm,
2721 4845 2845 4910 .roo,
2891 4845 3058 4892 nam,
3122 4827 3308 4910 quod.
3336 4827 3588 4900 legimus
3648 4844 3775 4900 su,

2119 4903 2298 4982 idest
2328 4901 2629 4982 eloquium.
2665 4899 2708 4953 Ο
2739 4899 3104 4982 1g1_tur_quod
3137 4899 3414 4982 scribitur
3444 4915 3547 4982 per
3576 4897 3778 4982 solarn

2117 4973 2372 5028 litteram
2404 4969 2532 5039 vim,
2567 4980 2738 5044 αὐτοῦ,
2766 4969 2828 5044 id
2861 4969 2983 5028 est_
3004 4973 3121 5044 ejus
3177 4969 3492 5044 signiﬁcat,
3551 4969 3780 5044 simul-

2118 5061 2233 5116 que
2261 5039 3092 5116 commistumilegitugmasi'o.
3157 5065 3186 5092 »
3227 5039 3408 5116 _Unde
3465 5039 3782 5099 concludit

2119 5112 2299 5174 Deum
2340 5131 2442 5186 per
2493 5112 2808 5188 prophetas
2864 5112 3511 5188 indicarevoluntatem
3539 5129 3779 5188 ‘suam,

2117 5183 2620 5260 eosque'turp'iter
2653 5187 3029 5260 erraretqui
3077 5186 3258 5244 alium
3315 5189 3476 5243 extra
3529 5183 3776 5260 Creato-

2117 5258 2260 5315 reml
2296 5258 2527 5314 Patrem
2559 5258 2770 5314 Christi
2803 5258 3319 5321 inducebant,cum
3351 5260 3528 5314 Amos
3558 5273 3676 5312 non
3691 5258 3776 5314 de

2117 5331 2336 5404 Spiritu
2368 5331 2467 5404 sed
2499 5331 2771 5404 dgevento,
2806 5345 2992 5402 neque
3024 5330 3094 5386 de
3122 5330 3369 5397 Christo,
3403 5329 3505 5385 sed
3535 5328 3608 5388 de
3666 5327 3782 5390 Dei

2119 5401 2497 5458 meditatione
2529 5401 2826 5458 loauatur.

2189 5476 2301 5546 (3.5)
2333 5473 2423 5546 Sic
2445 5472 2714 5546 equidem
2749 5472 2890 5546 editi
2920 5472 3145 5546 h_abent
3162 5477 3219 5528 et
3243 5472 3520 5536 mss.,sed
3553 5487 3778 5544 perpe-

2118 5543 2291 5602 ram.’
2324 5543 2585 5602 Emen'da
2639 5545 2883 5619 ex_ips_o
2939 5543 3183 5600 Joannis
3221 5547 3415 5619 testu,
3472 5553 3530 5600 τὸ
3558 5543 3784 5619 ilvch

2120 5627 2221 5678 ἐστὶ
2247 5627 2302 5679 τὸ
2332 5625 2614 5692 ζωοποιοῦν,
2653 5638 2683 5670 ‹‹
2707 5615 2960 5692 Spiritus
2991 5619 3099 5686 est,
3133 5616 3234 5692 qui
3263 5615 3528 5674 viviﬁcat.
3565 5639 3592 5666 ››
