3970 6398
159 340 255 411 198
841 340 1341 409 TRANSLATIO
1388 342 1603 409 LIBRI
1642 343 1923 411 DIDYMI
1970 347 2074 410 DE
2119 344 2433 410 SPIRITU
2481 344 2805 413 SANC'I‘O.

3427 338 3562 416 mi

154 480 328 538 charis
344 492 570 553 quoque
591 453 939 552 repromitiit
960 479 1113 536 Deus
1144 480 1471 536 eﬂ‘usurum
1488 483 1631 549 se,1d
1658 486 1770 552 est,
1798 486 1852 551 Α
1885 498 2013 554 quae
2044 482 2233 537 eidem
2289 482 2401 554 (37)
2458 483 2800 540 substantiae
2847 493 3052 556 ὁμούσια
3084 489 3242 551 sunt,
3300 488 3536 543 easdem

152 568 627 627 abundantissime
641 569 997 625 tributurum
1014 569 1341 626 Jerusalem
1356 570 1627 643 spiritum
1647 587 1773 644 gra-

152 661 229 717 tia:
248 665 299 716 et
317 658 705 717 miserationis
723 661 787 715 ⁷⁸.
812 664 954 715 Cum
977 660 1134 717 enim
1158 660 1291 731 quis
1308 659 1562 733 Spiritus
1586 661 1768 717 sancti

150 749 404 823 acceperit
430 749 700 823 gratiam,
736 748 974 806 habebit
994 764 1122 805 eam
1144 750 1341 805 datam
1373 766 1407 805 a
1438 750 1552 806 Deo
1576 754 1771 817 Patre,

150 844 197 896 et
222 840 393 897 aJesu
423 838 651 895 Christo
687 837 930 895 Domino
962 842 1181 895 nostro.
1208 838 1532 912 Unaigitur
1560 839 1770 913 gratia,

149 928 311 985 Patris
338 927 482 985 125
502 932 560 985 et
576 927 1052 1000 Filii,etSpiritus
1066 928 1251 985 sancti
1267 928 1599 1001 operatione
1613 945 1769 984 com-

148 1016 300 1089 pleta,
328 1016 574 1071 Trinitas
607 1016 783 1072 unius
832 1016 1175 1072 substantia:
1207 1017 1663 1073 demonstratur.
1707 1019 1768 1073 In

149 1104 248 1162 alio
267 1120 485 1178 quoque
512 1104 677 1162 loco:
706 1125 733 1155 ‹‹
771 1104 1105 1171 Charitas,»
1128 1105 1322 1178 inquit
1348 1107 1408 1162 τ’.
1441 1130 1469 1156 ‹‹
1502 1106 1604 1162 Dei
1636 1123 1771 1163 cum

150 1195 394 1251 omnibus
421 1194 608 1261 vobis,
636 1216 664 1243 »
717 1210 844 1265 quas
874 1212 909 1250 a
936 1193 1221 1251 Trinitate
1269 1198 1327 1251 et
1357 1195 1655 1264 tribuitur,
1718 1200 1774 1252 et

61 1333 72 1348 ,
150 1285 407 1340 ﬁrmatur.
439 1283 538 1339 Ait
568 1283 783 1356 quippe
813 1282 1077 1340 Salvator
1109 1302 1121 1340 :
1154 1306 1183 1333 «
1218 1284 1325 1349 Qui
1376 1285 1541 1340 audit
1596 1286 1775 1342 verba

152 1390 280 1443 mea,
309 1378 361 1430 et
388 1376 579 1429 servat
607 1389 674 1429 ea
702 1373 837 1445 (35),
869 1372 965 1429 hic
995 1377 1083 1429 est
1133 1373 1231 1446 qui
1266 1373 1457 1447 diligit
1517 1391 1630 1431 me.
1665 1376 1772 1439 Qui

151 1467 319 1519 autem
349 1462 537 1536 diligit
567 1479 681 1527 me,
715 1462 993 1536 diligetur
1021 1480 1055 1517 a
1084 1462 1252 1519 Patre
1284 1479 1435 1529 meo,
1468 1467 1525 1519 et
1555 1480 1660 1537 ego
1691 1464 1774 1519 di-

150 1552 306 1625 ligam
334 1567 466 1608 eum
496 1552 562 1606 ⁷⁸.
598 1574 626 1601 ››
658 1552 856 1624 Neque
877 1552 1033 1607 enim
1068 1552 1183 1608 alia
1212 1551 1437 1608 dilictio
1464 1557 1552 1609 est
1581 1553 1775 1609 Salva-

150 1642 273 1698 toris
301 1658 471 1715 super
493 1640 589 1698 his
621 1641 720 1714 qui
753 1645 1047 1707 amantur,
1070 1645 1127 1697 et
1158 1641 1273 1698 alia
1302 1642 1537 1699 dilectio
1565 1643 1770 1710 Patris,

150 1732 281 1788 Deus
300 1730 449 1787 enim
483 1730 675 1804 diligit
696 1731 753 1786 in
774 1730 1196 1804 salutem,quia
1229 1755 1257 1783 ‹‹
1289 1732 1375 1788 sic
1397 1732 1600 1789 dilexit
1620 1733 1775 1789 Deus

146 1821 503 1889 mundum,ut
521 1820 733 1877 Filium
757 1837 932 1877 suum
958 1821 1328 1894 unigenitum
1351 1822 1545 1879 daret:
1570 1827 1636 1878 ut
1654 1840 1776 1879 om-

147 1910 227 1966 nis
255 1910 345 1983 qui
375 1910 559 1970 credit
588 1910 647 1965 in
679 1910 875 1983 ipsum
908 1909 1012 1984 [αι.
1066 1909 1323 1983 Filium),
1387 1928 1503 1967 non
1554 1917 1773 1985 pereat,

145 1999 233 2055 sed
261 1999 461 2055 habeat
494 1998 676 2055 vitam
707 2003 983 2055 aeternam
1009 2000 1073 2056 7°.
1111 2021 1138 2049 ››
1168 1999 1451 2057 Similiter
1479 2006 1537 2056 et
1566 2000 1770 2067 Filius,

145 2088 231 2161 qui
256 2089 367 2145 vita
394 2096 504 2157 est,
536 2093 603 2144 ut
629 2089 853 2145 tribuat
882 2090 1061 2145 vitam
1093 2093 1149 2145 et
1174 2090 1647 2164 salutem,diligit
1676 2108 1775 2147 eos

146 2194 277 2250 quos
302 2178 421 2234 vult
449 2178 577 2234 fieri
608 2177 901 2235 meliores.
935 2178 1097 2234 Unde
1128 2196 1325 2236 amare
1355 2197 1417 2236 se
1447 2180 1589 2235 dicit
1638 2197 1773 2236 eum

145 2266 232 2338 qui
260 2272 481 2323 amatur
507 2285 542 2323 a
573 2267 761 2323 Patre.
794 2268 865 2322 Et
893 2268 965 2323 de
994 2284 1061 2324 eo
1094 2268 1332 2341 ponitur
1359 2270 1415 2324 in
1450 2268 1771 2342 propheta:

149 2378 171 2404 «
199 2355 261 2412 Et
286 2356 404 2430 ipse
430 2356 683 2413 salvabit
710 2355 864 2426 illos,
897 2356 1037 2429 quia
1067 2357 1268 2413 dilexit
1292 2357 1423 2414 illos
1452 2359 1516 2413 ⁸ο.
1554 2381 1580 2406 ››

207 2447 285 2501 17.
300 2446 452 2503 Hanc
470 2445 1131 2515 dilectionem,fructum
1149 2464 1277 2503 esse
1292 2448 1547 2520 Spiritus
1565 2449 1773 2514 sancti,

146 2539 477 2592 contestatur
507 2534 846 2608 Apostolus,
870 2534 1023 2591 sicut
1053 2540 1110 2592 et
1139 2537 1517 2610 gaudium,et
1549 2554 1771 2611 pacem,

145 2640 255 2696 quae
284 2642 315 2680 a
341 2630 504 2699 patre
525 2624 898 2680 ministratur
917 2629 974 2680 et
995 2624 1159 2692 Filio,
1179 2626 1380 2682 dicens
1416 2644 1428 2683 :
1465 2648 1493 2677 ‹‹
1528 2628 1775 2684 Fructus

146 2718 317 2771 autem
346 2715 610 2789 spiritus,
642 2714 947 2787 gaudium,
978 2732 1111 2788 pax,
1146 2715 1402 2772 charitas
1449 2717 1515 2773 εί.
1570 2740 1596 2766 ››
1639 2721 1772 2783 Qum

145 2802 374 2861 charitas
430 2804 621 2862 effusa
667 2808 756 2861 est
807 2803 866 2859 in
925 2804 1201 2860 cordibus
1258 2806 1621 2862 credentium
1672 2825 1774 2879 per

145 2892 401 2965 Spiritum
451 2897 746 2949 sanctum.
802 2916 830 2944 ‹‹
887 2893 1157 2950 Charitas
1213 2895 1448 2967 quippe,
1510 2896 1609 2963 ait,
1672 2897 1771 2952 Dei

145 2981 341 3039 diﬁ'usa
384 2987 477 3039 est
528 2983 587 3038 in
641 2983 918 3039 cordibus
949 2983 1159 3039 vestris
1195 2984 1359 3051 [ΤΙιοι.
1412 2985 1653 3056 nostris]
1712 2986 1771 3041 in

142 3070 339 3144 Spiritu
370 3077 577 3129 sancto
605 3072 670 3128 ⁸³.
707 3095 734 3121 n
762 3073 965 3129 Omnis
995 3074 1213 3147 quippe
1243 3074 1342 3146 qui
1373 3076 1770 3131 communicat

145 3160 360 3234 Spiritui
392 3166 728 3235 sancto,per
758 3162 1267 3235 participationem
1291 3164 1418 3235 ejus
1449 3164 1773 3220 communi-

1881 572 2057 627 habet
2085 572 2484 644 operationes;
2517 575 2575 628 et
2604 590 2731 646 qua:
2783 572 3024 629 alterius
3055 574 3418 643 substantiae,
3481 583 3539 633 et

1879 670 2166 733 ἀνομούσια,
2202 661 2439 718 dissona
2466 666 2641 734 atque
2671 661 2900 718 diversa
2931 667 3090 718 sunt.

1951 751 2039 806 ~l8.
2074 751 2273 823 Neque
2302 752 2460 806 enim
2492 768 2560 805 ex
2593 750 2687 807 his
2717 756 2947 807 tantum
2972 770 3096 824 quce
3124 754 3539 825 praemisimus.

1881 840 2187 895 Trinitatis
2218 841 2414 895 unitas
2444 841 2688 897 docetur
2720 858 2731 895 :
2769 843 2869 897 sed
2908 859 2975 898 ex
3004 842 3544 900 innumerabilibus

1881 929 2034 996 aliis,
2068 930 2139 986 de
2173 929 2389 1001 quibus
2420 948 2657 987 rursum
2705 932 3030 989 secundum
3064 948 3239 987 suum
3272 933 3537 988 ordinem

1882 1035 2068 1090 pauca
2100 1036 2406 1091 ponemus.
2458 1024 2725 1090 Arguens
2779 1024 2986 1075 Petrus
3019 1021 3327 1089 Ananiam,
3382 1022 3438 1077 in
3473 1038 3542 1078 eo

1882 1109 2038 1179 quod
2083 1108 2141 1162 in
2193 1109 2523 1165 venditione
2556 1110 2703 1182 agri,
2735 1110 2904 1179 cujus
2955 1126 3016 1165 se
3048 1114 3234 1166 totum
3284 1111 3539 1184 pretium

1882 1198 2169 1255 obtulisse
2197 1198 2447 1261 dicebat,
2482 1199 2748 1254 fraudem
2781 1199 3015 1255 fecisset
3046 1215 3076 1254 e
3108 1199 3300 1255 medio
3358 1200 3469 1272 (38)
3527 1218 3540 1270 ;

1840 1294 1845 1299 ’
1883 1286 2071 1343 sancti
2103 1286 2356 1359 Spiritus
2388 1287 2669 1342 unitatem
2700 1288 2772 1343 ad
2808 1287 3015 1355 Deum,
3048 1305 3162 1343 non
3215 1288 3541 1344 secundum

1885 1391 2220 1444 numerum,
2255 1376 2355 1431 sed
2379 1377 2549 1446 juxta
2579 1376 2974 1431 substantiam
3006 1377 3432 1448 comprobavit,
3458 1378 3545 1432 di-

1884 1482 2020 1521 cens
2056 1480 2068 1518 :
2103 1488 2131 1514 «
2169 1465 2602 1536 Anania,quare
2632 1464 2942 1537 complevit
2966 1466 3213 1521 Satanas
3244 1482 3343 1521 cor
3372 1470 3540 1522 tuum

1884 1560 1949 1610 ut
1982 1554 2309 1609 mentireris
2344 1554 2587 1626 Spiritui
2634 1560 2855 1620 sancto,
2917 1560 2974 1610 et
3023 1555 3411 1611 absconderes
3469 1556 3542 1611 de

1886 1643 2070 1715 pretio
2104 1642 2276 1715 agri?
2307 1642 2508 1698 Nonne
2564 1659 2813 1698 manens
2845 1643 2947 1697 tibi
2985 1644 3277 1711 manebat,
3310 1649 3367 1699 et
3396 1660 3541 1700 ven-

1885 1733 2072 1787 ditum
2098 1733 2155 1786 in
2178 1736 2279 1787 tua
2301 1735 2427 1787 erat
2448 1736 2733 1804 potestate
2751 1731 2778 1785 ?
2800 1733 2987 1799 Quare
3013 1732 3259 1803 posuisti
3289 1733 3346 1788 in
3368 1734 3542 1789 corde

1883 1827 1983 1877 tuo
2017 1821 2164 1876 hanc
2192 1838 2313 1877 rem
2340 1822 2367 1876 ‘?
2398 1822 2522 1877 Non
2585 1821 2928 1877 horninibus
2984 1822 3266 1878 mentitus
3296 1839 3383 1891 es,
3441 1823 3542 1879 sed

1887 1911 2002 1967 Deo
2033 1912 2097 1966 ⁸⁸.
2135 1934 2161 1959 ››
2195 1912 2252 1966 Si
2288 1912 2443 1965 enim
2495 1911 2594 1982 qui
2629 1910 2871 1965 Domino
2905 1912 3206 1978 mentitur,
3262 1912 3547 1967 mentitur

1884 2000 2124 2074 Spiritui
2155 2006 2397 2067 sancto;
2432 2005 2489 2055 et
2520 2000 2621 2072 qui
2673 2000 2916 2071 Spiritui
2976 2004 3179 2057 sancto
3237 2002 3541 2069 mentitur,

1885 2091 2168 2146 mentitur
2197 2090 2311 2146 Deo
2347 2106 2360 2144 :
2397 2088 2543 2144 nulli
2575 2090 2822 2145 dubium
2856 2082 3336 2156 est,consortium
3368 2091 3545 2163 Spiri-

1882 2184 1979 2236 tus
2010 2181 2197 2235 sancti
2257 2196 2385 2235 esse
2433 2196 2566 2234 cum
2598 2179 2735 2234 Deo.
2773 2180 2843 2235 Et
2872 2196 2987 2251 quo
3030 2180 3203 2235 modo
3263 2179 3546 2237 sanctitas

1884 2269 2156 2327 subsistit
2188 2272 2245 2324 in
2278 2269 2413 2337 Deo,
2446 2269 2653 2323 eodem
2687 2269 2859 2324 modo
2891 2273 2947 2324 et
2977 2268 3163 2324 deitas
3193 2269 3291 2341 [αι.
3325 2268 3543 2324 divini-

1887 2359 1997 2429 tas]
2031 2358 2380 2431 intelligitur
2413 2358 2471 2413 in
2502 2358 2723 2430 Spiritu
2754 2363 2979 2413 sancto.
3014 2358 3125 2412 Iste
3182 2361 3381 2413 autem
3411 2358 3543 2430 Spi-

1884 2448 2032 2503 ritus
2054 2452 2316 2515 sanctus,
2352 2464 2527 2519 quem
2560 2446 2816 2501 diximus
2849 2447 3116 2517 ejusdem
3148 2452 3369 2501 natura:
3412 2463 3542 2503 esse

1884 2554 2018 2594 cum
2049 2542 2235 2604 Patre,
2266 2536 2441 2591 etiam
2474 2553 2507 2590 a
2539 2533 2665 2589 Filii
2696 2534 2997 2591 divinitate
3028 2552 3142 2591 non
3173 2536 3388 2601 differt,
3420 2535 3541 2592 Sal~

1882 2634 2079 2684 vatore
2110 2626 2340 2682 dicente
2363 2623 2674 2696 discipulis
2704 2642 2717 2679 :
2752 2628 2946 2679 «Cum
2977 2624 3037 2679 in
3070 2625 3439 2699 Synagogam
3464 2626 3535 2682 ad

1884 2717 2246 2792 principatus
2274 2720 2332 2770 et
2359 2719 2678 2787 potestates
2726 2714 3159 2770 introduxerint
3206 2732 3330 2783 vos,
3364 2714 3543 2771 nolite

1882 2807 2117 2864 solliciti
2151 2822 2299 2874 esse,
2334 2805 2757 2878 quomodo,aut
2786 2804 2926 2876 quid
2958 2804 3381 2877 respondeatis.
3414 2804 3541 2875 Spi-

1880 2898 2028 2953 ritus
2076 2896 2232 2951 enim
2265 2898 2505 2950 sanctus
2536 2894 2768 2950 docebit
2796 2911 2898 2950 vos
2953 2894 3011 2949 in
3045 2894 3145 2949 illa
3195 2893 3341 2950 hora
3392 2894 3535 2967 quid

1883 2987 2141 3043 debeatis
2172 2987 2366 3040 dicere
2393 2985 2458 3037 3°.
2494 2985 2693 3040 Ponite
2722 2984 2779 3038 in
2839 2984 3114 3040 cordibus
3172 2985 3383 3041 vestris
3422 3001 3540 3039 non

1883 3072 2277 3147 praemeditari
2308 3073 2379 3128 ad
2415 3072 2909 3145 respondendum.
2932 3077 3049 3146 Ego
3079 3073 3237 3128 enim
3259 3074 3410 3129 dabo
3440 3090 3540 3129 vo-

1883 3165 1971 3220 bis
2021 3181 2085 3220 os
2116 3168 2173 3219 et
2222 3161 2569 3234 sapientiam
2600 3162 2735 3233 (39),
2771 3162 2863 3217 cui
2895 3178 3010 3217 non
3060 3165 3334 3233 poterunt
3393 3162 3539 3217 resi-

146 3253 416 3323 cat,juxta
442 3252 593 3308 illud
626 3268 639 3306 :
670 3274 697 3302 ››
727 3252 798 3308 Et
828 3252 1280 3309 communicotio
1304 3253 1491 3309 sancti
1515 3254 1767 3327 Spiritus
1798 3239 1841 3307 C
1880 3262 2053 3320 stere,
2087 3256 2189 3307 aut
2217 3250 2611 3307 contradicere
2641 3252 2685 3285 ⁰⁰
2720 3274 2740 3299 ιι
2780 3251 2846 3306 Et
2866 3252 2924 3305 in
2948 3250 3041 3306 his
3064 3250 3280 3323 quippe
3316 3250 3538 3319 dicens,

146 3339 212 3395 sit
235 3357 454 3414 semper
475 3357 615 3398 cum
639 3341 921 3397 omnibus
939 3341 1105 3397 vobis
1125 3341 1189 3398 ⁸³.
1216 3364 1244 3391 ››
1276 3342 1342 3397 Et
1371 3341 1431 3397 in
1464 3342 1577 3398 alio
1607 3341 1732 3399 loco
1756 3360 1769 3399 :

151 3447 169 3476 ι
196 3428 274 3485 Sit
299 3447 412 3503 qua
440 3430 900 3488 communicatio
932 3430 1187 3503 Spiritus
1214 3431 1280 3488 ⁸⁸.
1318 3455 1339 3481 ιι
1374 3431 1517 3487 Cum
1553 3431 1772 3488 habue-

146 3517 211 3573 rit
235 3520 577 3593 sapientiam
611 3520 710 3577 Dei
743 3524 800 3576 et
828 3536 1179 3588 sermonem,
1215 3521 1349 3577 etin
1385 3522 1663 3578 omnibus
1682 3538 1775 3577 ve-

148 3606 350 3666 ritatem
384 3627 396 3667 :
430 3609 674 3667 habebit
704 3626 938 3682 quoque
969 3610 1332 3667 consortium
1357 3610 1692 3668 sanctitatis
1714 3612 1771 3667 in

147 3698 311 3768 Patre,
341 3705 396 3757 et
426 3699 595 3769 Filio,
632 3704 688 3756 et
717 3699 939 3773 Spiritu
971 3705 1194 3757 sancto.
1243 3723 1271 3751 «
1305 3700 1517 3757 Fidelis
1575 3707 1773 3758 autem

146 3784 298 3853 Deus,
328 3807 608 3865 perquem
641 3790 824 3846 vocati
856 3790 998 3845 estis
1030 3791 1087 3845 in
1137 3790 1256 3863 (36)
1285 3792 1773 3847 communicatio-

148 3889 259 3932 nem
287 3877 407 3934 Filii
439 3881 573 3951 ejus
596 3879 661 3934 ⁸⁸.
696 3901 723 3929 ››
756 3879 973 3935 Scribit
1029 3883 1086 3935 et
1113 3879 1369 3936 Joannes
1426 3880 1498 3936 de
1555 3880 1724 3937 Patre
1757 3898 1769 3937 :

146 3988 169 4012 «
200 3965 251 4021 Si
271 3966 325 4023 in
347 3968 573 4025 lumine
590 3968 1147 4037 ambulamus,sicut
1168 3969 1293 4041 ipse
1324 3973 1414 4025 est
1440 3969 1499 4025 in
1524 3969 1769 4038 lumine,

146 4059 711 4115 communicationem
734 4058 1022 4116 habemus
1042 4075 1174 4115 cum
1198 4058 1297 4115 illo
1318 4060 1382 4114 ⁸⁸.
1409 4083 1428 4108 ι
1459 4061 1525 4115 Et
1546 4060 1738 4116 adhuc
1758 4077 1772 4116 :

144 4166 167 4191 «
196 4142 645 4205 Communicatio
676 4151 870 4204 autem
904 4153 1105 4217 nostra
1134 4165 1267 4205 cum
1301 4149 1469 4205 Patre
1525 4154 1582 4206 et
1629 4150 1773 4206 Filio

145 4234 256 4303 ejus
276 4236 411 4293 Jesu
443 4238 676 4295 Christo
704 4238 769 4294 ³⁷.
808 4261 833 4286 n
866 4238 1054 4311 Igitur
1084 4239 1422 4312 quicunque
1451 4240 1776 4296 communi-

146 4328 225 4379 cat
249 4326 477 4399 Spiritui
511 4332 741 4393 sancto,
787 4327 985 4384 statim
1044 4330 1444 4386 communicat
1500 4330 1655 4386 Patri
1719 4334 1776 4386 et

149 4411 289 4470 Filio.
319 4415 383 4472 Et
411 4418 512 4490 qui
556 4416 902 4474 charitatem
962 4418 1138 4475 habet
1192 4420 1404 4486 Patris,
1437 4419 1614 4476 habet
1643 4436 1773 4476 eam

148 4519 177 4556 ιι
204 4503 350 4574 Filio,
384 4506 782 4563 contributam
808 4525 911 4580 per
940 4508 1231 4582 Spiritum
1259 4515 1551 4566 sanctum.
1576 4511 1687 4567 Sed
1718 4514 1775 4566 et

148 4592 235 4688 qui
260 4597 543 4688 particeps
575 4601 665 4653 est
692 4597 892 4670 gratia:
921 4598 1060 4655 Jesu
1091 4598 1327 4667 Christi,
1353 4601 1619 4656 eamdem
1647 4616 1775 4674 gra-
1808 4622 1853 4688 Ι)

147 4681 267 4739 tiam
291 4684 692 4757 habet,datam
716 4704 749 4743 a
772 4688 939 4744 Patre
959 4705 1063 4762 per
1082 4690 1368 4762 Spiritum
1392 4694 1687 4746 sanctum.
1713 4689 1775 4746 In

147 4774 393 4834 omnibus
408 4779 568 4835 enim
587 4778 1222 4851 approbatureamdem
1236 4781 1633 4853 operationem
1650 4796 1778 4837 esse
1890 4783 2015 4834 tum
2049 4776 2358 4851 Unigenito
2390 4776 2514 4844 Dei,
2546 4780 2605 4831 et
2651 4774 2764 4831 Deo
2797 4774 2954 4830 Patri
3006 4792 3018 4829 :

148 4865 332 4934 Patris,
364 4873 421 4924 et
450 4868 604 4936 Filii,
637 4873 695 4924 et
723 4868 979 4942 Spiritus
1036 4870 1241 4926 sancti.
1276 4870 1535 4934 Quorum
1580 4875 1777 4927 autem

1884 3360 1997 3398 non
2047 3342 2254 3397 debere
2311 3357 2410 3396 eos
2442 3356 2570 3398 esse
2628 3339 2931 3408 sollicitos,
2965 3341 3107 3414 quid
3152 3344 3543 3413 respondeant

1883 3430 2438 3496 contradicentibus,
2472 3430 2613 3502 quia
2643 3430 2701 3485 in
2750 3432 2954 3487 eadem
2986 3431 3129 3486 hora
3159 3430 3479 3486 doceantur
3509 3447 3544 3487 a

1884 3521 2101 3595 Spiritu
2136 3525 2336 3575 sancto
2369 3519 2511 3592 quid
2540 3520 2791 3576 debeant
2815 3521 3167 3593 respondere
3192 3538 3204 3575 :
3232 3520 3435 3576 statim
3455 3520 3543 3576 in-

1883 3611 2018 3667 tulit
2046 3628 2174 3682 qua:
2208 3610 2285 3665 sit
2314 3626 2492 3665 causa
2519 3609 2769 3665 ﬁduciae.
2794 3633 2822 3658 ‹‹
2857 3610 3079 3679 Ponite,
3108 3632 3134 3658 »
3168 3609 3391 3677 dicens,
3422 3631 3445 3661 ι
3482 3609 3541 3665 ἱιι

1885 3700 2161 3755 cordibus
2179 3699 2388 3755 vestris
2404 3716 2517 3754 non
2534 3698 2923 3771 praemeditari
2942 3699 3013 3753 ad
3034 3698 3541 3771 respondendum:

1884 3806 1989 3862 ego
2023 3790 2180 3845 enim
2213 3790 2363 3844 dabo
2397 3788 2561 3844 vobis
2594 3804 2659 3843 os
2689 3792 2746 3844 et
2771 3788 3142 3860 sapientiam,
3176 3786 3269 3842 cui
3301 3804 3415 3844 non
3449 3804 3545 3860 po-

1886 3884 2083 3935 terunt
2112 3880 2405 3945 resistere,
2436 3882 2537 3933 aut
2568 3877 2983 3933 contradicere.
3023 3898 3049 3924 ››
3083 3876 3228 3930 Cum
3260 3876 3416 3930 enim
3451 3876 3540 3930 di-

1883 3970 2049 4031 xerit.
2085 3967 2143 4023 in
2176 3972 2435 4040 tempore
2468 3966 2857 4039 respondendi
2902 3965 3095 4022 doceri
3126 3982 3225 4021 eos
3257 3983 3290 4020 a
3320 3964 3539 4037 Spiritu

1885 4063 2085 4115 sancto
2108 4058 2247 4132 quid
2282 4058 2531 4113 debeant
2554 4055 2989 4129 respondere,in
3012 4055 3396 4128 sequentibus
3427 4055 3537 4111 ait:

1888 4174 1909 4199 ι
1949 4150 2063 4222 Ego
2094 4148 2251 4204 enim
2283 4148 2432 4203 dabo
2463 4146 2628 4202 vobis
2658 4163 2723 4202 os
2753 4150 2810 4201 et
2836 4146 3207 4217 sapientiam,
3247 4168 3274 4195 »
3305 4149 3415 4201 etc.

1956 4241 1993 4294 1
2011 4239 2105 4296 27
2136 4238 2220 4293 19.
2242 4238 2323 4292 Ex
2336 4237 2553 4310 quibus
2572 4236 2901 4292 ostenditur
2913 4229 3260 4307 sapientiam
3280 4252 3407 4308 quea
3428 4235 3545 4291 dis-

1884 4328 2099 4402 cipulis
2116 4328 2290 4384 datur
2313 4345 2347 4383 a
2367 4326 2510 4382 Filio
2531 4326 2786 4399 Spiritus
2803 4325 2989 4383 sancti
3005 4342 3133 4382 esse
3150 4325 3501 4399 sapientiam
3526 4341 3539 4379 :

1883 4422 1940 4475 et
1970 4418 2298 4474 doctrinam
2331 4416 2585 4489 Spiritus
2616 4417 2825 4484 sancti,
2859 4415 3089 4471 Domini
3138 4432 3267 4471 esse
3324 4413 3542 4471 doctri-

1885 4526 2021 4564 nam
2054 4524 2396 4579 :unumque
2441 4510 2660 4562 natura:
2709 4511 2767 4561 et
2802 4504 3123 4561 voluntatis
3148 4520 3278 4561 esse
3313 4521 3544 4561 consor-

1886 4599 2036 4654 tium
2070 4597 2326 4670 Spiritus
2356 4596 2540 4653 sancti
2587 4612 2721 4652 cum
2776 4595 2940 4651 Filio.
2974 4595 3043 4650 Et
3074 4595 3212 4669 quia
3268 4594 3544 4666 superius

1889 4690 2357 4745 demonstratum
2390 4690 2479 4743 est
2508 4685 2733 4743 socium
2765 4701 2894 4741 esse
2925 4702 3027 4757 per
3055 4689 3323 4739 naturam
3355 4681 3547 4755 Spiri-

3081 4772 3260 4828 Filius
3307 4788 3440 4827 vero
3489 4775 3547 4827 et

1890 4872 2060 4923 Pater
2090 4884 2273 4923 unum
2307 4867 2639 4937 sunt,juxta
2664 4864 2842 4920 illud:
2878 4888 2903 4913 ‹‹
2938 4864 3056 4936 Ego
3077 4868 3133 4917 et
3163 4865 3333 4917 Pater
3359 4876 3545 4917 unum

152 4951 282 5011 ιιι
311 4973 426 5014 una
455 4963 547 5015 est
576 4958 861 5031 operatio,
893 4976 1012 5015 una
1041 4962 1131 5015 est
1159 4964 1217 5016 et
1242 4960 1573 5017 substantia
1603 4978 1615 5015 :
1642 4960 1782 5033 quia
1891 4974 2101 5015 sumus
2129 4958 2193 5014 θί.
2230 4981 2257 5007 ››
2290 4974 2404 5013 ιιοιι
2434 4956 2624 5013 divisa
2654 4956 2751 5027 [aL
2812 4952 3089 5027 indivisa]
3130 4956 3187 5009 et
3237 4952 3545 5023 insepara-

204 5052 245 5127 ’³9
267 5055 501 5127 Zachar.
534 5074 636 5125 χιι,
671 5058 758 5114 40.
792 5058 835 5094 ’⁸⁷
866 5059 911 5115 ΙΙ
943 5062 1069 5115 Cor.
1103 5076 1226 5123 xm,
1276 5059 1364 5115 43.
1397 5059 1441 5094 ⁷³
1487 5060 1654 5125 Joan,
1689 5076 1772 5115 xw

1946 5058 1991 5092 7°
2042 5057 2211 5114 Joan.
2262 5056 2459 5123 111,16.
2499 5057 2547 5091 ⁸ο
2604 5054 2736 5111 Isai.
2796 5072 3021 5127 xxxnu
3053 5053 3125 5127 2_2
3172 5069 3196 5127 ;_
3258 5066 3427 5118 xxxv,

210 5126 470 5202 Galatrv,
496 5130 597 5202 22.
624 5122 629 5125 ⁷
655 5131 700 5165 θ’
730 5131 897 5187 Rom.
929 5148 984 5196 ν,
1034 5133 1087 5186 5.
1123 5131 1168 5165 ⁸³
1198 5122 1245 5186 ΙΙ
1296 5131 1422 5187 Cor.
1474 5148 1598 5197 xm,
1640 5122 1708 5187 l3
1764 5132 1772 5166 ¹

1933 5130 2119 5202 ιίιὶρρ.
2180 5147 2243 5195 ιι,
2299 5122 2350 5202 ις.

2412 5130 2457 5165 ⁸⁸
2512 5129 2531 5183 Ι
2590 5127 2715 5183 Cor.
2772 5144 2815 5196 1,
2871 5128 2925 5180 9.
2983 5126 3027 5159 ⁸⁸
3082 5125 3099 5179 l
3165 5123 3336 5194 Joan,
3389 5140 3424 5190 ι,
3484 5124 3542 5178 7.

149 5194 183 5231 ετ
214 5196 348 5269 ibid,
375 5201 431 5257 3.
458 5194 512 5238 ’⁸⁸
542 5206 671 5257 Act.
700 5219 756 5271 v,
788 5204 843 5271 3,
870 5204 927 5259 4.
969 5194 1014 5239 ⁶⁹
1073 5203 1211 5259 Luc.
1246 5219 1349 5273 xu,
1380 5203 1473 5270 Η,
1505 5194 1594 5259 42.
1626 5205 1671 5240 ⁹⁰
1702 5204 1772 5260 Lu

1933 5220 1962 5270 ι,
1994 5194 2086 5268 Π,
2117 5202 2204 5257 45.
2234 5194 2277 5237 7⁸³
2308 5201 2478 5257 Joan.
2511 5218 2566 5269 x,
2599 5200 2689 5255 30.

210 5315 305 5385 (35)
334 5316 572 5375 Tholos.
605 5336 716 5376 ms.
752 5343 778 5369 «
809 5319 917 5385 Qui
974 5318 1152 5377 habet
1210 5320 1490 5377 mandata
1538 5337 1686 5389 mea,
1721 5324 1779 5376 et
1891 5319 1988 5391 qui
2020 5322 2215 5374 tamen
2246 5316 2403 5372 haud
2434 5320 2587 5371 recte
2619 5331 2752 5370 mox
2802 5313 2976 5369 habet
3030 5320 3237 5373 ἀνούσωι
3270 5328 3374 5384 pro
3428 5319 3544 5369 dvo-

152 5394 331 5455 servat,
373 5413 393 5440 ι
430 5396 544 5447 etc.

187 5459 305 5538 '(36)
331 5460 523 5521 Vatic.
558 5461 650 5518 hic
680 5467 855 5535 atque
888 5463 1040 5538 infra
1070 5466 1407 5538 constanter
1437 5488 1463 5538 «ξ
1485 5536 1493 5538 ᾼ
1513 5480 1778 5538 commu-

153 5534 355 5610 ttionem
380 5552 539 5610 »_pro
558 5558 586 5587 ‹‹
606 5534 1197 5592 communicationem
1219 5559 1247 5586 »
1266 5534 1425 5610 legit.
1447 5536 1573 5593 Mox
1595 5559 1621 5586 ‹‹
1643 5536 1783 5609 quia

154 5600 303 5681 igitur
331 5600 691 5681 quicunque,
726 5630 754 5658 »
786 5612 894 5665 etc.

209 5678 303 5759 (37)
332 5678 524 5741 Antea
547 5678 669 5743 erat
696 5702 723 5734 ‹‹
754 5680 1042 5761 ejusdem,
1076 5704 1105 5737 ››
1158 5679 1539 5742 dissentiente
1592 5680 1775 5741 Vatio.

1927 5407 2088 5441 ουσια.

1890 5408 1925 5453 μ
1961 5463 2073 5531 (38)
2108 5462 2285 5516 Vetus
2315 5460 2490 5515 editio
2525 5483 2551 5508 ‹‹
2587 5476 2655 5513 ex
2685 5457 2965 5531 dimidio,
2982 5479 3013 5531 γι
3047 5455 3416 5531 concinnius.

1983 5528 2073 5607 39)
2107 5533 2285 5589 Addit
2316 5532 2497 5588 Vatic.
2533 5547 2667 5587 cum
2699 5529 2875 5589 veteri
2900 5529 3064 5594 edit.,
3103 5552 3129 5580 ‹‹
3159 5528 3217 5585 id
3269 5531 3378 5598 est,
3424 5542 3543 5585 ser-

1890 5622 2123 5663 monem
2142 5648 2151 5659 .
2173 5628 2192 5657 ι
