3970 6404
368 320 482 385 127

1601 314 1664 373 S.
1716 307 2027 374 EUSEBII
2075 309 2542 374 HIERON'YM].

3662 300 3787 368 128

362 455 518 521 bilis,
553 451 878 509 secundum
913 449 1207 512 naturam,
1237 449 1475 501 ostensa
1502 448 1590 499 est
1636 442 1911 498 Trinitas.
1947 443 2008 497 In
2039 444 2092 510 Α
2123 444 2194 498 ab
2225 442 2336 499 alio
2368 443 2714 516 sapentiam,
2770 459 2955 515 neque
3012 459 3114 516 per
3164 442 3470 514 cujusdam
3533 441 3786 499 alterius

363 531 476 600 alio
509 557 742 615 quoque
774 536 1083 610 Evangelio
1107 534 1352 590 dicitur:
1381 557 1407 585 ‹‹
1433 533 1556 590 Non
1579 532 1732 588 enim
1751 549 1852 586 vos
1870 531 2010 586 estis

365 631 467 703 qui
497 627 829 701 loquimini,
859 625 959 681 sed
983 623 1237 694 Spiritus
1261 620 1448 676 Patris
1480 620 1651 676 vestri
1685 618 1786 689 qui
1820 618 2010 689 loqui-

361 723 460 775 tur
490 719 548 774 in
572 716 733 773 vobis
754 717 816 769 9’.
843 736 869 762 »
905 714 963 769 Si
996 729 1133 786 ergo
1151 710 1400 784 Spiritus
1433 708 1618 764 Patris
1641 708 1697 762 in
1731 707 2010 779 apostolis

361 808 641 880 loquitur,
675 807 888 861 docens
917 819 1016 859 eos
1075 818 1203 873 qua
1236 801 1483 855 debeant
1543 797 1913 868 respondere,
1955 802 2011 850 et

363 915 488 970 qua
519 896 801 952 docentur
834 911 867 947 a
926 891 1145 963 Spiritu
1197 887 1484 960 sapientia
1515 892 1622 954 est,
1657 903 1834 957 quam
1892 901 2008 940 non

362 1001 682 1058 possumus
715 983 892 1038 aliam
925 986 1127 1053 prater
1159 978 1368 1034 Filium
1411 975 1754 1046 intelligere,
1786 973 2007 1045 liquido

362 1078 602 1146 apparet
626 1072 888 1143 ejusdem
921 1073 1139 1124 natura
1189 1065 1467 1137 Spiritum
1515 1080 1643 1119 esse
1676 1079 1808 1118 cum
1844 1061 2006 1126 Filio,

360 1169 418 1218 et
448 1179 580 1219 cum
615 1165 799 1231 Patre,
835 1159 1003 1229 cujus
1036 1156 1287 1228 Spiritus
1323 1159 1431 1220 est,
1484 1153 1655 1208 Porro
1713 1155 1880 1206 Pater
1953 1155 2010 1206 et

364 1251 545 1307 Filius
571 1266 757 1305 unum
791 1252 947 1303 sunt.
985 1247 1164 1317 Igitur
1196 1243 1454 1298 Trinitas
1499 1241 1842 1297 substantia:
1875 1239 2008 1295 uni-

361 1343 477 1395 tate
509 1340 784 1394 sociatur.

428 1428 517 1483 20.
552 1432 658 1482 Per
687 1425 843 1480 aliud
877 1438 1108 1495 quoque
1164 1422 1601 1492 Scripturarum
1654 1417 2007 1488 exemplum,

360 1515 663 1571 Trinitatis
697 1514 892 1569 unitas
922 1517 978 1568 et
1009 1516 1217 1567 natura
1249 1510 1386 1581 (40),
1421 1514 1479 1565 et
1534 1508 1722 1562 virtus
1752 1505 2008 1562 ostendi-

357 1610 473 1662 tur.
507 1604 687 1660 Filius
717 1609 774 1658 et
805 1619 1037 1668 manus,
1069 1605 1126 1655 et
1183 1601 1439 1660 dextera.
1471 1603 1528 1652 et
1566 1596 1871 1652 brachium
1905 1600 2008 1650 Pa-

359 1696 466 1750 tris
524 1694 757 1749 dicitur.
787 1692 952 1747 Sicut
982 1690 1182 1745 crebro
1242 1688 1571 1754 docuimus,
1605 1703 1671 1742 ex
1718 1685 1812 1740 his
1842 1702 2007 1741 voca-

359 1782 535 1849 bulis,
570 1783 747 1837 unius
777 1785 995 1836 natura
1023 1778 1412 1833 indifferentia
1441 1777 1878 1831 demonstratur
1910 1775 2006 1845 [αἱ.

359 1870 813 1926 indifferentiam
927 1867 1362 1934 demonstrari].
1469 1865 1723 1937 Spiritus
1871 1880 2006 1918 san-

363 1965 515 2027 ctus,
548 1959 770 2032 digitus
806 1957 1254 2025 Dei,secundum
1289 1955 1761 2027 conjunctionem
1787 1958 2006 2008 natura

359 2049 547 2121 Patris
587 2053 644 2103 et
700 2046 828 2103 Filii
887 2048 1240 2102 nominatur.
1297 2045 1597 2116 Siquidem
1657 2043 1713 2097 in
1772 2059 1889 2096 uno
1938 2042 2008 2096 de

361 2136 683 2209 Evangeliis
703 2137 983 2192 adversus
1007 2152 1104 2190 eos
1135 2135 1232 2206 qui
1267 2133 1451 2206 signis
1474 2131 1707 2188 Domini
1742 2130 2006 2186 detrahe-

359 2227 521 2293 bant,
553 2226 812 2282 dicentes
847 2242 859 2280 :
889 2248 916 2273 «
954 2225 1016 2279 In
1047 2224 1363 2279 Beelzebub
1396 2221 1655 2294 principe
1694 2220 2008 2275 daemonio-

367 2333 497 2370 rum
522 2314 681 2386 ejicit
711 2314 1000 2368 damonia
1027 2315 1090 2380 93,
1126 2335 1152 2361 ››
1190 2312 1502 2367 sciscitans
1559 2309 1823 2365 Salvator
1876 2309 1957 2363 ait
1992 2325 2003 2363 :

359 2427 386 2454 ‹‹
419 2405 472 2458 Si
507 2420 611 2476 ego
643 2404 697 2458 in
733 2401 1052 2458 Beelzebub
1081 2401 1250 2472 ejicio
1285 2398 1715 2468 damonia,ﬁlii
1748 2398 1920 2452 vestri
1946 2397 2003 2452 in

357 2510 472 2565 quo
503 2492 789 2564 ejiciunt?
820 2492 877 2547 Si
911 2496 1106 2547 autem
1139 2507 1243 2563 ego
1275 2490 1334 2544 in
1356 2490 1538 2562 digito
1570 2487 1670 2544 Dei
1702 2487 1864 2557 ejicio
1897 2485 2007 2540 da-

358 2581 555 2637 monia
587 2599 599 2635 :
633 2598 770 2653 ergo
801 2579 1137 2652 supervenit
1168 2580 1223 2633 in
1286 2596 1386 2633 vos
1446 2593 1691 2649 regnum
1725 2577 1823 2632 Dei
1876 2577 1939 2628 9‘.
1980 2598 2005 2622 ››

357 2671 520 2724 Hunc
549 2671 821 2724 eumdem
879 2669 1094 2738 locum,
1153 2667 1306 2723 alius
1365 2665 1718 2737 evangelista
1782 2663 2005 2720 descri-

360 2759 523 2825 bens,
545 2758 882 2830 loquentem
913 2757 1112 2812 intulit
1143 2756 1350 2811 Filium
1387 2773 1398 2810 :
1440 2780 1459 2804 α
1495 2755 1548 2809 Si
1582 2759 1776 2810 autem
1809 2769 1914 2824 ego
1947 2753 2003 2807 in

365 2848 584 2920 Spiritu
619 2848 714 2902 Dei
746 2847 912 2917 ejicio
945 2847 1229 2901 damonia
1260 2847 1320 2900 9⁵.
1374 2869 1400 2893 ››
1434 2845 1511 2900 Ex
1567 2845 1781 2916 quibus
1812 2848 2003 2898 osten-

360 2938 520 2992 ditur
565 2936 816 3007 digitum
852 2935 951 2991 Dei
982 2953 1110 2992 esse
1141 2936 1422 3007 Spiritum
1455 2938 1743 2990 sanctum.
1777 2933 1836 2988 Si
1869 2947 2004 3006 ergo

358 3027 706 3095 conjunctus
736 3029 825 3080 est
855 3024 1076 3096 digitus
1110 3025 1332 3094 manui,
1363 3029 1418 3080 et
1476 3040 1685 3078 manus
1725 3023 1774 3078 ei
1836 3027 2004 3096 cujus

363 3131 572 3169 manus
603 3119 727 3180 est;
757 3118 815 3169 et
841 3113 1060 3185 digitus
1091 3113 1214 3168 sine
1244 3113 1421 3168 dubio
1469 3113 1539 3168 ad
1575 3114 1700 3182 ejus
1732 3114 2002 3169 substan-

360 3203 500 3259 tiam
532 3203 799 3268 refertur,
834 3204 1002 3273 cujus
1035 3203 1254 3275 digitus
1285 3207 1391 3259 est.

427 3291 517 3347 2|.
551 3292 764 3347 Verum
800 3308 934 3346 cave
969 3308 1040 3346 ne
1075 3293 1145 3346 ad
1177 3291 1422 3348 humilia
1479 3295 1738 3364 dejectus
1768 3300 1824 3349 et
1855 3296 1997 3351 obli-

361 3385 458 3436 tus
487 3379 797 3447 sermonis,
831 3381 901 3436 de
958 3398 1072 3452 quo
1132 3399 1285 3436 nunc
1334 3381 1688 3454 disputatur,
1721 3385 2002 3458 depingas

359 3470 420 3524 in
455 3469 650 3524 animo
683 3473 784 3524 tuo
815 3468 1204 3540 corporalium
1246 3475 1479 3526 artuum
1510 3473 1913 3542 diversitates;
1947 3480 2005 3530 et

360 3557 608 3629 incipias
664 3557 770 3613 tibi
826 3559 1284 3630 magnitudines,
1339 3565 1395 3615 et
1445 3560 1889 3633 inaequalitates,
1948 3570 2004 3618 et

359 3652 570 3702 catera
600 3664 907 3719 corporum
935 3648 1157 3718 majora
1185 3648 1273 3704 vel
1308 3649 1528 3704 minora
1583 3652 1844 3707 membra
1875 3670 2007 3707 con-

360 3736 600 3809 fingere;
636 3736 835 3792 dicens
867 3736 1118 3808 digitum
1153 3755 1186 3792 a
1215 3755 1414 3806 manu,
1459 3744 1514 3794 et
1547 3757 1785 3795 manum
1819 3743 1890 3796 ab
1941 3759 2006 3797 eo

357 3826 528 3897 cujus
545 3830 633 3881 est
653 3826 806 3881 I28
829 3826 1270 3892 manus,multis
1287 3827 1778 3900 inaqualitatibus
1797 3831 2008 3886 discre-

360 3931 518 3986 pare,
568 3915 708 3986 quia
737 3915 806 3970 de
862 3915 1324 3987 incorporalibus
1375 3935 1528 3972 nunc
1583 3919 1884 3990 Scriptura
1923 3919 2006 3973 lo-

362 4007 579 4074 quitur,
615 4003 898 4059 unitatem
931 4008 1157 4065 tantum
1189 4006 1405 4078 volens,
1441 4024 1555 4062 non
1614 4009 1789 4062 etiam
1842 4026 2006 4063 men-

362 4108 563 4147 suram
587 4092 931 4147 substantia
961 4093 1361 4151 demonstrare
1387 4114 1398 4151 :
1433 4095 1586 4152 sicut
1615 4098 1771 4152 enim
1801 4114 2008 4152 manus

363 4197 479 4235 non
511 4180 790 4235 dividitur
819 4197 850 4234 a
881 4197 1138 4253 corpore,
1173 4201 1274 4256 per
1303 4201 1480 4256 quam
1534 4192 1748 4241 cuncta
1787 4185 2010 4257 perlicit

363 4274 422 4325 et
446 4273 736 4340 operatur,
769 4274 824 4325 et
847 4269 905 4325 in
939 4287 1004 4326 eo
1035 4277 1140 4341 est,
1175 4275 1343 4346 cujus
1375 4279 1464 4329 est
1520 4291 1730 4330 manus
1779 4291 1792 4329 :
1841 4275 1925 4329 sic
1955 4280 2012 4330 et

363 4359 585 4431 digitus
617 4375 731 4413 non
765 4365 1067 4431 separatur
1097 4379 1130 4418 a
1187 4379 1390 4430 manu,
1423 4364 1591 4434 cujus
1623 4368 1712 4419 est
1767 4363 2006 4435 digitus.

365 4447 567 4520 Itaque
600 4446 1223 4521 rejiceinaqualitates
1280 4456 1337 4506 et
1387 4469 1714 4517 mensuras,
1749 4469 1881 4507 cum
1940 4455 2010 4509 de

2121 533 2417 605 sapientia
2451 533 2978 604 participationem,
3011 533 3245 604 sapiens
3296 531 3650 586 nominatur.
3689 531 3781 585 Si-

2119 623 2354 693 quidem
2389 621 2558 677 multi
2590 622 2882 692 sapientes
2942 621 3238 688 dicuntur,
3270 637 3383 676 non
3435 635 3503 675 ex
3534 636 3643 675 sua
3672 635 3781 674 na-

2119 716 2268 779 tura,
2333 712 2432 766 sed
2487 727 2556 765 ex
2613 710 3143 765 communicatione
3221 708 3538 781 sapientia.
3627 712 3784 764 Deus

2117 816 2249 854 vero
2311 817 2425 854 non
2489 798 2732 855 alterius
2789 799 3087 871 sapientia
3148 797 3592 871 participatione
3675 814 3779 852 ne-

2119 905 2233 959 que
2291 887 2522 943 aliunde
2584 889 2820 959 sapiens
2899 889 3158 953 effectus,
3221 887 3412 943 dictus
3469 890 3559 942 est
3617 884 3783 941 solus

2118 977 2372 1048 sapiens,
2461 982 2517 1031 et
2578 994 2866 1049 generans
2953 976 3327 1049 sapientiam,
3385 979 3441 1030 et
3499 974 3643 1030 alios
3691 975 3780 1029 fa-

2116 1065 2277 1121 ciens
2308 1065 2620 1137 sapientes.
2683 1068 2816 1132 Qua
2873 1065 3160 1137 sapientia
3193 1065 3474 1121 Dominus
3523 1068 3611 1120 est
3672 1080 3778 1120 no-

2119 1158 2238 1209 ster
2263 1154 2436 1210 Jesus
2490 1154 2756 1210 Christus
2812 1155 2910 1226 qui
2949 1155 3161 1209 dicitur
3191 1153 3290 1209 Dei
3329 1153 3534 1221 virtus,
3568 1157 3625 1208 et
3675 1153 3782 1208 Dei

2119 1242 2407 1314 sapientia
2431 1244 2493 1296 96.
2527 1243 2780 1313 Spiritus
2838 1259 3069 1314 quoque
3127 1249 3366 1298 sanctus
3408 1243 3622 1297 dicitur
3681 1260 3782 1298 sa-

2121 1331 2338 1404 pientia
2370 1333 2504 1402 (42).
2542 1331 2845 1403 Siquidem
2876 1337 2932 1386 et
2964 1333 3022 1386 in
3056 1332 3346 1388 veteribus
3386 1331 3551 1387 libris
3599 1332 3782 1388 refer-

2121 1427 2238 1486 tur,
2274 1422 2563 1494 repletum
2619 1439 2747 1478 esse
2777 1422 2978 1477 Jesum
3013 1422 3164 1477 Nave
3197 1440 3230 1477 a
3283 1422 3530 1478 Domino
3562 1421 3778 1494 spiritu

2120 1510 2440 1583 sapientia.
2475 1509 2636 1564 Sicut
2667 1526 2806 1582 ergo
2839 1509 3000 1564 solus
3034 1509 3268 1580 sapiens
3318 1509 3496 1578 Deus,
3530 1526 3646 1564 non
3679 1525 3780 1564 ac-

2123 1600 2344 1672 cipiens
2373 1599 2608 1655 aliunde
2641 1599 3120 1671 sapientiam,sed
3151 1599 3443 1671 sapientes
3476 1597 3696 1654 faciens
3719 1603 3783 1654 et

2122 1705 2406 1761 generans
2439 1688 2786 1760 sapientiam
2814 1705 2826 1742 :
2865 1688 3024 1744 solus
3056 1692 3143 1743 est
3175 1688 3430 1760 sapiens,
3464 1692 3628 1742 extra
3657 1703 3786 1742 om-

2122 1795 2222 1833 nes
2256 1777 2356 1850 qui
2411 1794 2512 1849 per
2546 1777 3041 1849 nuncupationem
3075 1777 3201 1847 ejus
3245 1776 3540 1848 sapientes
3571 1776 3780 1832 dicun-

2121 1872 2242 1922 tur:
2259 1892 2283 1915 ‹‹
2307 1865 2617 1921 Multitudo
2638 1866 2854 1938 quippe
2872 1865 3227 1938 sapientium
3243 1864 3402 1921 salus
3419 1865 3622 1920 mundi
3641 1867 3715 1930 97;
3752 1889 3778 1912 »ι

2117 1961 2192 2022 et,
2226 1980 2252 2005 «
2289 1956 2394 2022 Qui
2425 1955 2771 2026 semetipsos
2803 1959 3180 2027 cognoscunt,
3234 1954 3292 2008 hi
3353 1959 3491 2010 sunt
3545 1954 3781 2026 sapien-

2117 2049 2201 2100 tes
2232 2047 2312 2112 ⁹⁸ς
2346 2067 2371 2092 ››
2404 2049 2461 2100 et
2482 2060 2714 2098 rursum
2751 2060 2763 2098 :
2801 2066 2827 2092 «
2859 2045 3002 2099 Cum
3025 2042 3203 2098 fueris
3221 2059 3354 2099 cum
3377 2043 3784 2115 sapientibus,

2119 2134 2352 2206 sapiens
2379 2133 2494 2188 eris
2526 2135 2605 2186 9°:
2644 2156 2669 2182 n
2708 2133 2790 2187 sic
2821 2137 2876 2187 et
2909 2132 3163 2203 Spiritus
3194 2137 3432 2188 sanctus
3482 2149 3596 2188 non
3629 2133 3781 2188 acci-

2119 2223 2284 2295 piens
2316 2222 2552 2278 aliunde
2603 2222 2976 2294 sapientiam,
3008 2221 3200 2276 dictus
3257 2227 3345 2277 est
3375 2221 3617 2294 spiritus
3675 2237 3779 2278 sa-

2118 2312 2344 2384 pientia
2374 2331 2386 2379 ;
2421 2311 2531 2366 hoc
2563 2310 2716 2366 enim
2750 2311 2944 2382 ipsum
2989 2311 3143 2382 quod
3205 2310 3495 2378 subsistit,
3529 2310 3781 2383 spiritus

2118 2401 2415 2473 sapientia
2449 2406 2538 2455 est
2572 2417 2584 2455 :
2618 2404 2674 2456 et
2705 2405 2914 2454 natura
2948 2401 3099 2469 eius,
3160 2399 3304 2453 nihil
3331 2404 3419 2455 est
3467 2398 3628 2454 aliud
3661 2399 3780 2455 nisi

2116 2491 2369 2562 Spiritus
2398 2489 2660 2544 veritatis
2689 2493 2743 2544 et
2773 2489 3027 2560 Spiritus
3079 2488 3203 2554 Dei,
3247 2488 3317 2544 de
3379 2488 3594 2560 quibus
3643 2490 3778 2560 jam

2116 2580 2483 2635 abundanter
2515 2579 2572 2633 in
2622 2579 2901 2633 Sectarum
2954 2576 3248 2632 volumine
3310 2578 3776 2650 disputavimus,

2116 2669 2278 2724 Unde
2310 2685 2380 2724 ne
2410 2669 2611 2723 eadem
2643 2668 2934 2739 superflue
2984 2666 3368 2739 replecemus,
3392 2669 3651 2724 contenti
3686 2669 3780 2724 si-

2117 2775 2248 2814 mus
2280 2758 2673 2829 disputatione
2705 2757 3013 2828 praterita.

2184 2851 2271 2902 2‘2.
2307 2848 2419 2918 (44)
2444 2846 2587 2910 Quia
2617 2847 2793 2918 igitur
2823 2846 3074 2918 Spiritus
3096 2846 3397 2917 sapientia
3421 2851 3478 2902 et
3510 2847 3779 2903 veritatis

2115 2936 2590 3009 inseparabiliter
2621 2953 2754 2990 cum
2787 2935 2928 2990 Filio
2977 2940 3084 3001 est,
3119 2936 3242 3006 ipse
3273 2952 3506 3008 quoque
3537 2938 3778 3010 sapien-

2113 3029 2194 3083 tia
2225 3026 2496 3083 subsistit
2528 3031 2583 3080 et
2614 3027 2844 3080 veritas.
2871 3025 2929 3079 Si
2963 3025 3122 3080 enim
3155 3041 3336 3096 capax
3365 3031 3520 3082 esset
3545 3027 3780 3098 sapien-

2114 3117 2203 3171 tia
2225 3122 2281 3172 et
2309 3114 2592 3182 veritatis,
2625 3115 2681 3169 in
2714 3113 2771 3168 id
2791 3112 3104 3181 aliquando
3131 3114 3509 3170 descenderet
3531 3115 3684 3172 I29
3710 3121 3782 3172 ut

2034 3184 2076 3250 C
2116 3207 2406 3262 desineret
2437 3204 2648 3260 habere
2674 3205 2828 3275 quod
2857 3203 2928 3259 ali
2947 3204 3098 3258 unde
3123 3204 3543 3276 susceperat,id
3574 3210 3664 3260 est
3684 3223 3783 3261 sa-

2113 3296 2393 3369 pientiam
2426 3302 2476 3349 et
2509 3293 2830 3348 veritatem.
2864 3293 2931 3346 Et
2987 3291 3145 3346 filius
3202 3292 3493 3364 sapientia
3549 3300 3604 3350 et
3631 3297 3786 3352 veri-

2113 3392 2202 3442 tas
2236 3386 2358 3457 ipse
2391 3383 2749 3450 subsistens,
2786 3399 2898 3438 non
2923 3386 3229 3453 separatur
3259 3399 3291 3437 a
3320 3387 3509 3451 Patre,
3550 3387 3649 3456 qui
3685 3404 3783 3443 so-

2114 3476 2206 3530 lus
2237 3475 2473 3546 sapiens
2503 3478 2560 3528 et
2592 3473 2825 3537 veritas,
2859 3471 3295 3543 Scripturarum
3351 3474 3590 3530 vocibus
3630 3493 3781 3547 pra-

2114 3565 2360 3620 dicatur.
2396 3561 2679 3617 Eumdcm
2713 3559 2998 3614 circulum
3025 3560 3269 3618 unitatis
3294 3566 3467 3634 atque
3499 3565 3781 3621 substan-

2116 3654 2206 3708 tia
2230 3651 2484 3723 Spiritus
2513 3650 2699 3705 sancti
2733 3651 2856 3720 lleg.
2880 3650 3160 3721 Spiritum
3195 3652 3510 3725 sanctum],
3561 3670 3778 3710 secun-

2116 3743 2256 3798 dum
2313 3741 2368 3794 id
2403 3740 2555 3812 quod
2591 3739 2886 3810 sapientia
2909 3744 2965 3794 et
2995 3740 3252 3796 veritatis
3282 3744 3370 3796 est
3427 3741 3785 3813 spiritus,vi-

2117 3833 2326 3886 demus
2361 3829 2573 3884 habere
2607 3845 2741 3884 cum
2776 3827 2918 3884 Filio
2952 3830 3085 3899 (45),
3117 3834 3174 3884 et
3204 3847 3440 3886 rursum
3475 3831 3686 3888 Filium
3747 3851 3787 3890 a

2119 3919 2308 3974 Patris
2331 3935 2444 3973 non
2471 3918 2803 3989 discrepare
2830 3917 3181 3973 substantia.
3206 3918 3349 3973 Cum
3378 3924 3572 3974 autem
3598 3920 3785 3978 Filius

2117 4008 2312 4079 imago
2343 4007 2420 4062 sit
2452 4007 2548 4062 Dei
2578 4004 2910 4072 invisibilis,
2946 4010 3002 4062 et
3031 4006 3219 4062 forma
3250 4007 3591 4063 substantia
3623 4011 3783 4080 ejus,

2119 4097 2453 4169 quicunque
2485 4096 2554 4151 ad
2587 4095 2739 4150 hanc
2771 4095 3113 4167 imaginem.
3145 4095 3233 4151 vel
3267 4096 3513 4152 formam
3565 4098 3782 4172 imagi-

2119 4191 2354 4249 nantur,
2388 4189 2561 4257 atque
2593 4184 3322 4254 formantur,adducuntur
3351 4186 3408 4241 in
3441 4186 3782 4244 similitudi-

2118 4292 2250 4353 nem
2283 4275 2380 4331 Dei
2409 4292 2421 4330 :
2449 4276 2620 4347 juxta
2649 4275 2798 4330 vires
2828 4278 3025 4331 tamen
3058 4274 3302 4330 humani
3335 4276 3651 4348 profectus,
3701 4279 3783 4334 is-

2116 4363 2396 4420 tiusmodi
2425 4365 2674 4420 formam
2703 4369 2759 4419 et
2789 4363 3106 4436 imaginem
3139 4366 3784 4438 consequentes.Sinii-

2118 4455 2249 4510 liter
2279 4460 2335 4510 et
2363 4455 2619 4526 Spiritus
2649 4457 2888 4509 sanctus
2946 4470 3079 4509 cum
3113 4453 3190 4509 sit
3219 4454 3589 4528 signaculum
3648 4458 3776 4528 Dei,

365 4536 480 4592 Deo
512 4537 754 4608 cogitas,
785 4542 841 4593 et
870 4538 1128 4611 intellige
1177 4539 1344 4612 digiti
1377 4545 1432 4595 et
1463 4557 1693 4605 manus,
1745 4545 1802 4596 et
1831 4543 2009 4599 totius
2040 4557 2086 4621 ι)
2118 4544 2175 4598 hi
2208 4544 2308 4617 qui
2344 4544 2590 4599 formam
2613 4547 2670 4598 et
2691 4542 3006 4614 imaginem
3030 4543 3130 4599 Dei
3164 4544 3641 4617 capiunt,signati
3673 4563 3784 4618 per

365 4627 703 4682 substantia
737 4628 1022 4683 unitatem
1061 4645 1073 4682 :
1109 4645 1225 4700 quo
1256 4629 1437 4701 digito
1486 4630 1576 4685 lex
1608 4631 1718 4702 (41)
1752 4631 1808 4685 in
1843 4632 2008 4687 tabu-

365 4714 439 4770 lis
470 4713 747 4787 lapeideis
776 4715 994 4788 scripta
1019 4723 1126 4773 est.
1161 4722 1269 4772 Per
1289 4719 1461 4774 aliam
1496 4736 1728 4792 quoque
1761 4721 2014 4794 Scriptu-

367 4821 515 4871 ram,
549 4805 680 4860 fidei
715 4811 924 4860 nostra
948 4806 1347 4876 probationem
1382 4813 1706 4864 monstrare
1747 4810 2014 4882 perfacile

367 4898 474 4948 est.
507 4893 674 4949 Solus
701 4894 936 4966 sapiens
969 4895 1162 4950 dictus
1194 4901 1282 4951 est
1312 4897 1466 4958 Deus
1501 4915 1513 4952 :
1550 4915 1662 4952 non
1725 4901 2015 4972 accipiens

2121 4651 2276 4702 eum,
2312 4633 2369 4687 in
2401 4650 2466 4688 eo
2496 4633 2795 4688 ducuntur
2815 4633 2883 4688 ad
2916 4633 3289 4705 signaculum
3311 4634 3524 4690 Christi
3547 4636 3786 4708 sapien-

2123 4725 2212 4779 tia
2244 4729 2300 4779 et
2331 4722 2857 4794 scientia,insuper
2887 4723 2999 4777 fide
3023 4723 3196 4796 pleni.
3226 4749 3251 4773 ‹‹
3280 4724 3425 4780 Nam
3457 4725 3785 4783 divisiones

2124 4813 2528 4884 operationum
2576 4816 2734 4876 sunt,
2770 4812 2926 4866 idem
2959 4818 3152 4868 autem
3213 4813 3336 4885 ipse
3368 4813 3622 4886 Spiritus
3677 4817 3790 4888 qui

2127 4906 2400 4974 operatur
2430 4902 2629 4956 omnia
2658 4901 2716 4955 in
2749 4902 3025 4958 omnibus
3057 4905 3071 4936 ¹
3107 4905 3242 4974 (46).
3278 4927 3305 4954 ‹‹
3339 4903 3627 4975 Operante
3644 4921 3789 4977 ergo

372 4993 437 5075 ᾗ
476 4992 679 5075 Matth.
743 5009 797 5060 Χ,
854 4993 1052 5075 :30ij
1096 4994 1232 5048 Luc.
1297 4995 1517 5075 mnis.
1549 4999 1633 5075 ,θῇ
1677 4997 1817 5052 ibid.
1870 5000 1956 5067 49,

2199 5003 2204 5033 "
2284 5000 2489 5055 Matth.
2551 5017 2650 5070 χιι,
2709 5001 2776 5054 ‘28
2826 5001 2868 5035 9°
2927 5001 2948 5055 Ι
3013 5002 3140 5057 Cor.
3202 5004 3358 5058 1.27:.
3413 5004 3454 5037 97
3511 5004 3646 5075 Sap.
3703 5021 3789 5072 v1,

370 5066 460 5120 26.
494 5066 536 5098 93
561 5063 693 5136 Sap.
729 5081 822 5130 xv,
852 5066 905 5119 3.
941 5066 985 5099 99
1013 5070 1180 5120 Prov.
1213 5083 1334 5133 xm,
1369 5070 1459 5122 20.
1495 5070 1509 5102 ³
1546 5069 1563 5122 Ι
1596 5071 1723 5125 Cor.
1760 5088 1857 5135 xii,
1892 5075 1944 5126 6.

443 5162 557 5233 (40)
588 5161 768 5217 Vetus
799 5163 938 5218 edit.
971 5181 1106 5219 cum
1164 5165 1397 5222 Tholos.
1435 5185 1571 5236 ms.,

374 5238 527 5300 tura,
566 5253 592 5280 »
623 5237 731 5288 etc.

444 5322 560 5393 (41)
590 5321 804 5402 Eadem
862 5339 994 5402 cum
1024 5329 1176 5392 Vat.,
1211 5350 1238 5378 «
1285 5329 1462 5385 totius
1511 5332 1771 5402 corporis
1831 5332 2021 5386 unita-

374 5397 491 5449 tem
518 5409 634 5464 quo
665 5393 846 5464 digito
869 5400 923 5450 et
950 5396 1060 5463 lex,
1092 5419 1119 5448 »
1155 5404 1264 5455 etc.

447 5491 560 5561 (42)
594 5489 698 5545 Ms.
730 5489 990 5562 Tholos.,
1029 5517 1055 5545 «
1090 5497 1341 5569 Spiritus
1373 5500 1587 5556 dicitur
1616 5501 1920 5574 sapientia.
1961 5524 1985 5550 ››

452 5589 662 5674 (ιω-ξιξ)
685 5589 825 5674 illnc
847 5595 1168 5674 secundum
1188 5597 1406 5674 librum
1426 5600 2026 5674 auspicanturhucus-

383 5676 496 5736 que
525 5661 664 5718 editi
694 5666 896 5722 contra
925 5681 1035 5724 ms.
1073 5667 1247 5728 fidem
1277 5661 1585 5746 ipsiusque
1640 5673 1913 5743 auctoris,
1947 5678 2028 5732 at-

1607 5194 1630 5218 ‹‹
1669 5187 1784 5225 una
1813 5176 1868 5226 et
1917 5188 2018 5225 na-

2132 5187 2243 5246 qu_e
2270 5170 2604 5246 interpretis
2635 5175 2910 5228 tuentem.
2941 5173 3067 5228 Vid.
3096 5175 3388 5246 prafixam
3433 5173 3571 5228 huic
3621 5161 3791 5245 operi

2131 5242 2627 5298 Admonitionem.

2205 5315 2317 5385 (45)
2351 5314 2502 5369 Olim
2532 5319 2675 5382 erat,
2709 5338 2735 5364 ‹‹
2765 5315 3032 5370 videmus
3063 5316 3297 5383 habere,
3327 5316 3614 5372 habemus
3644 5332 3790 5374 eum

2133 5385 2296 5461 Filio.
2336 5409 2356 5461 ξ
2393 5387 2552 5449 Quod
2586 5386 3187 5461 Barthius,expuncta
3208 5390 3467 5461 primum
3491 5404 3628 5444 voce
3658 5388 3789 5461 Spi-

2137 5458 2304 5525 ritus,
2337 5457 2418 5512 ita
2446 5457 2745 5513 contendit
2797 5457 3251 5515 emendandum.
3287 5484 3314 5510 «
3348 5461 3604 5517 vidimus
3644 5457 3787 5518 eum

2135 5529 2348 5584 habere
2379 5529 2662 5585 hactenus
2685 5546 2820 5585 cum
2857 5530 3012 5586 Filio.
3048 5553 3074 5580 »

2208 5602 2319 5675 (46)
2363 5601 2607 5675 Plenius
2639 5602 2723 5675 Vin
2776 5601 2986 5675 vatio.
3020 5619 3129 5660 ms.
3177 5620 3243 5660 ac
3283 5604 3460 5661 veteri
3507 5603 3791 5675 editione,

2137 5695 2165 5726 ‹‹
2199 5673 2520 5734 Divisiones
2551 5674 2766 5751 quippe
2798 5674 3177 5735 donationum
3211 5681 3374 5750 sunt,
3396 5676 3550 5737 idem
3584 5673 3790 5741 autem
