3970 6428
181 347 278 413 ΙΞΘ

177 574 374 647 tiplicat
403 589 533 630 eam
567 573 751 629 Filius
783 574 1204 630 subsistentem
1229 591 1332 647 per
1352 573 1633 646 Spiritum
1669 591 1801 630 san-

177 667 332 718 ctum.
362 683 388 709 «
421 659 536 715 Alii
569 661 725 716 enim
759 677 861 734 per
891 660 1175 733 Spiritum
1234 662 1409 718 datur
1459 679 1652 718 sermo
1705 680 1803 718 sa-

175 750 395 824 pientiai.
451 749 565 805 Alii
612 767 744 807 vero
802 751 1078 820 scientiae,
1142 753 1466 808 secundum
1528 753 1801 808 eumdem

177 839 450 914 spiritum.
486 839 603 895 Alii
638 840 784 896 ﬁdes
814 841 872 895 in
905 843 1129 909 eodem,
1162 842 1417 914 spiritu’,
1453 864 1480 892 ››
1513 846 1569 897 et
1598 847 1805 898 caetera

173 947 281 1002 quae
310 930 376 985 ab
405 929 679 1002 Apostolo
701 935 1044 986 enumerata
1075 935 1218 986 sunt
1248 931 1421 998 dona,
1447 932 1665 1004 quibus
1699 933 1799 988 ad-

175 1019 313 1075 ditur
341 1037 352 1074 :
386 1043 411 1070 «
440 1020 569 1076 Ηίεο
600 1024 795 1076 autem
827 1021 1025 1075 omnia
1078 1024 1353 1094 operatur
1409 1037 1566 1076 unus
1626 1026 1803 1094 atque

171 1109 306 1166 idem
333 1110 582 1181 Spiritus
613 1125 626 1163 :
660 1109 930 1166 dividens
964 1110 1218 1183 singulis
1244 1114 1416 1183 prout
1443 1110 1570 1166 vult
1599 1111 1639 1165 3.
1677 1133 1704 1159 »

233 1200 312 1254 23.
342 1199 499 1255 Unde
529 1200 790 1255 dicentes
823 1201 1228 1272 cperatricem,
1264 1204 1320 1256 et
1347 1201 1459 1272 (47)
1492 1204 1556 1255 ut
1587 1201 1667 1256 ita
1715 1200 1802 1255 di-

172 1305 299 1356 cam,
330 1287 783 1344 distributricem
807 1294 1077 1346 naturam
1142 1289 1395 1363 Spiritus
1426 1291 1636 1358 sancti,
1688 1306 1802 1345 non

173 1378 512 1434 abducamur
539 1379 612 1435 ab
644 1378 736 1435 bis
769 1380 868 1452 qui
903 1379 1110 1435 dicunt
1131 1379 1548 1451 operationem,
1581 1384 1640 1436 et
1688 1397 1802 1436 non

171 1468 538 1525 substantiam
563 1468 660 1524 Dei
691 1484 820 1525 esse
843 1469 1128 1542 Spiritum
1161 1473 1454 1525 sanctum.
1485 1471 1553 1525 Et
1575 1486 1644 1525 ex
1674 1469 1803 1524 aliis

168 1574 378 1630 quoque
407 1558 682 1630 plurimis
712 1557 864 1614 locis
920 1559 1256 1615 subsistens
1290 1563 1503 1615 natura
1558 1559 1801 1616 demon-

168 1651 366 1703 stratur
414 1647 670 1720 Spiritus
696 1649 881 1704 sancti
939 1666 951 1703 :
1009 1652 1072 1704 ut
1119 1648 1176 1704 in
1210 1647 1309 1703 illo
1342 1649 1498 1720 quod
1553 1647 1802 1721 apostoli

167 1737 410 1792 scribunt
441 1753 454 1791 :
492 1759 520 1787 «
552 1736 758 1793 Visum
790 1742 879 1794 est
904 1737 1060 1793 enim
1093 1737 1337 1809 Spiritui
1370 1742 1573 1795 sancto
1609 1743 1666 1795 et
1703 1756 1802 1794 no-

167 1825 286 1892 bis‘,
311 1848 336 1874 ››
369 1826 508 1898 quia
529 1826 637 1882 hoc
659 1827 815 1899 quod
838 1826 1107 1894 dicitur,-
1137 1826 1326 1883 visum
1356 1831 1502 1891 est,»
1527 1844 1641 1883 non
1666 1843 1802 1901 ope-
1835 1863 1882 1927 B

165 1916 428 1971 rationem
452 1916 767 1989 signiﬁcat,
827 1917 929 1972 sed
986 1921 1308 1973 naturam:
1357 1917 1608 1973 maxime
1666 1935 1799 1973 cum

165 2008 215 2059 et
240 2004 304 2061 de
328 2004 572 2061 Domino
622 2005 814 2062 simile
847 2005 985 2078 quid
1019 2007 1368 2078 reperiatur,
1429 2009 1492 2061 ut
1528 2023 1540 2062 :
1584 2029 1610 2056 «
1643 2005 1806 2062 Sicut

162 2093 390 2150 Domino
420 2095 610 2151 visum
644 2098 752 2160 est,
785 2095 868 2151 ita
901 2095 1119 2151 factum
1153 2100 1244 2151 est
1274 2097 1313 2150 ⁵.
1349 2119 1377 2146 ››
1439 2095 1693 2168 Denique
1750 2099 1807 2152 et

163 2201 443 2241 sermones
474 2186 606 2257 ejus
645 2184 968 2257 smpissime
1020 2184 1376 2253 lectitantur,
1437 2189 1504 2241 ut
1534 2185 1594 2240 in
1653 2184 1754 2240 illo
1789 2203 1800 2241 :

161 2296 185 2323 »
210 2273 618 2346 Jejunantibus
649 2274 733 2330 eis
761 2278 819 2330 et
851 2274 1347 2343 ministrantibus,
1377 2298 1404 2322 »
1430 2274 1491 2329 id
1513 2279 1620 2341 est,
1646 2275 1803 2331 130

157 2363 447 2436 discipulis
480 2363 716 2431 Christi,
754 2386 780 2413 «
813 2364 959 2418 dixit
985 2363 1237 2437 Spiritus
1297 2368 1540 2420 sanctus
1574 2381 1587 2419 :
1624 2365 1803 2436 Sepa-

153 2457 264 2509 rate
289 2453 428 2508 mihi
461 2453 791 2509 Barnabam
826 2457 882 2508 et
913 2453 1180 2522 Saulum,
1215 2453 1274 2508 in
1334 2471 1483 2526 opus
1515 2453 1586 2508 ad
1646 2455 1802 2525 quod

151 2542 327 2597 vocavi
354 2559 452 2598 eos
472 2543 516 2596 ⁸.
556 2563 577 2591 ι
616 2542 751 2606 Quae
785 2558 888 2597 vox
938 2540 1267 2597 divinitatis
1322 2545 1378 2598 et
1437 2541 1806 2598 auctoritatis

155 2630 334 2700 index,
397 2649 516 2687 non
576 2636 856 2699 creatam,
893 2632 989 2687 sed
1026 2631 1346 2687 increatam
1405 2631 1802 2687 substantiam

159 2726 449 2777 monstrat.
486 2721 690 2793 Neque
742 2721 896 2776 enim
928 2720 1178 2794 Spiritus
1235 2726 1476 2778 sanctus
1528 2720 1586 2775 in
1646 2719 1805 2777 aliud

156 2811 438 2882 quoddam
469 2827 623 2884 opus
651 2809 874 2866 vocavit
905 2811 1234 2866 Barnabam
1266 2814 1324 2866 et
1347 2809 1618 2877 Paulum,
1648 2811 1806 2884 quod

160 2916 261 2956 non
294 2901 370 2956 sit
400 2899 591 2957 Patris
623 2904 680 2955 et
708 2899 859 2970 Filii,
909 2917 1043 2956 cum
1077 2899 1496 2970 ministerium,
1530 2901 1690 2972 quod
1724 2901 1808 2956 eis

165 2990 450 3047 commisit
480 2995 542 3047 et
574 2989 816 3046 tradidit
845 2990 1119 3062 Spiritus,
1155 2989 1365 3057 Patris,
1426 2994 1485 3046 et
1548 2989 1676 3046 Filii
1735 2990 1813 3046 sit

166 3079 576 3136 ministerium.
608 3079 695 3135 Ad
726 3078 963 3136 Galatas
1025 3079 1242 3136 Paulus
1302 3080 1560 3152 loquitur
1594 3098 1669 3154 ιο»
1704 3083 1812 3146 Qui

166 3166 310 3224 nime
327 3174 609 3242 operatus
631 3173 719 3223 est
743 3173 906 3223 Petro
928 3167 988 3223 in
1010 3167 1401 3240 apostolatum
1421 3167 1816 3224 circumcisio-

897 347 1395 413 TRANSLATIO
1438 345 1650 413 LIBRI
1694 345 1980 412 DIDYMI
2022 347 2125 411 DE
2168 321 2479 416 SPlRlTU
2523 350 2853 416 SANGTO.

181 484 324 540 Patre
343 481 726 556 multiplicem
745 483 1166 540 charismatum
1189 482 1799 556 plenitudinem,mul-
1831 484 1884 550 Α

3445 349 3562 418 130

1984 485 2072 538 24.
2109 484 2232 539 Non
2265 485 2518 542 arbitror
2537 503 2898 559 quemquam
2915 491 3037 543 tam
3059 487 3360 543 veCordem
3383 491 3559 559 atque

1910 572 2188 629 insanum
2222 575 2509 642 futurum,
2546 581 2611 632 ut
2639 578 2960 650 perfectum
2993 576 3288 648 baptisma
3319 577 3556 649 putetid

1909 662 2063 734 quod
2099 663 2270 718 datur
2298 663 2357 719 in
2391 665 2626 722 nomine
2658 665 2846 721 Patris
2877 671 2934 721 et
2965 665 3114 731 Filii,
3147 665 3275 721 sine
3322 683 3556 722 assum—

1910 751 2106 824 ptione
2139 752 2394 825 Spiritus
2426 754 2612 810 sancti
2636 775 2650 826 ;
2678 760 2778 811 aut
2799 773 3005 811 rursus
3027 755 3087 809 in
3111 755 3346 811 nomine
3368 753 3558 811 Patris

1911 845 1968 896 et
1996 842 2252 914 Spiritus
2285 844 2493 911 sancti,
2521 845 2651 900 Filii
2683 844 2961 901 vocabulo
2991 844 3384 917 praetermisso
3411 863 3423 901 :
3458 850 3561 900 aut

1911 935 2065 987 certe
2097 931 2155 986 in
2192 931 2427 988 nomine
2459 933 2583 988 Filii
2607 939 2662 990 et
2682 934 2934 1007 Spiritus
2957 933 3166 1002 sancti,
3194 951 3308 990 non
3336 951 3558 1006 praepo-

1911 1021 2022 1075 sito
2052 1020 2332 1078 vocabulo
2365 1022 2570 1078 Patris.
2610 1023 2766 1079 Licet
2788 1023 2943 1080 enim
2989 1024 3124 1095 quis
3172 1022 3358 1095 possit
3408 1023 3558 1078 exsi-

1912 1115 2064 1165 stere
2103 1109 2259 1165 saxei
2293 1112 2380 1182 (ut
2410 1111 2491 1166 ita
2519 1112 2731 1184 dicam)
2759 1113 2973 1180 cordis,
3009 1117 3064 1168 et
3086 1114 3320 1185 penitus
3344 1113 3559 1168 mentis

1912 1196 2134 1264 alienae,
2170 1199 2271 1269 qui
2321 1199 2402 1254 ita
2422 1200 2718 1272 baptizare
2734 1207 2999 1270 conetur,
3023 1206 3087 1256 ut
3108 1218 3291 1257 unum
3324 1202 3396 1258 de
3417 1221 3561 1274 prae-

1914 1287 2096 1358 ceptis
2131 1289 2470 1345 nominibus
2490 1285 2914 1362 praetermittat,
2939 1291 3209 1346 videlicet
3231 1292 3561 1347 contrarius

1913 1376 2211 1450 legislator
2232 1378 2442 1434 Christi
2471 1399 2483 1449 ;
2507 1385 2699 1436 tamen
2726 1381 2851 1437 sine
2874 1373 3354 1453 perfectione(50)
3378 1380 3565 1454 bapti-

1912 1483 1972 1521 za
1984 1467 2212 1537 bit,imo
2245 1467 2477 1540 penitus
2501 1487 2534 1524 a
2554 1471 2805 1540 peccatis
2830 1470 3076 1525 liberare
3098 1472 3243 1525 13]
3271 1487 3385 1525 non
3407 1474 3565 1542 pote-

1913 1555 2008 1623 rit,
2043 1573 2192 1629 quos
2224 1574 2257 1612 a
2287 1574 2348 1613 se
2381 1557 2702 1630 baptizatos
2725 1559 3160 1614 existimaverit.
3195 1559 3274 1614 Ex
3305 1557 3396 1614 his
3445 1557 3562 1614 col-

1911 1644 2131 1718 ligitur,
2167 1664 2343 1718 quam
2383 1647 2634 1704 indivisa
2666 1649 2742 1703 sit
2765 1649 3099 1704 substantia
3127 1648 3454 1714 Trinitatis,
3506 1653 3564 1704 et

1913 1735 2141 1790 Patrem
2194 1753 2326 1792 vere
2375 1737 2502 1792 Filii
2577 1754 2705 1794 esse
2774 1738 3026 1806 Patrem,
3076 1741 3134 1794 et
3173 1736 3384 1794 Filium
3433 1753 3565 1793 vere

1914 1825 2103 1880 Patris
2138 1824 2374 1893 Filium,
2397 1826 2753 1899 etSpiritum
2787 1832 3060 1883 sanctum
3089 1844 3220 1884 vere
3270 1826 3461 1883 Patris
3510 1832 3568 1882 et

1913 1912 2012 1969 Dei
2046 1931 2176 1970 esse
2205 1914 2488 1987 Spiritum
2549 1915 2659 1987 (5i)
2694 1935 2706 1985 ;
2742 1920 2798 1972 et
2855 1916 3100 1988 insuper
3157 1916 3456 1988 sapientiae
3513 1920 3570 1972 et

1912 2003 2197 2073 veritatis,
2254 2005 2308 2060 id
2368 2011 2478 2071 est,
2530 2005 2657 2061 Filii
2723 2006 2842 2062 Dei.
2897 2005 3027 2062 Haec
3089 2011 3179 2062 est
3222 2005 3381 2062 salus
3429 2022 3566 2079 ergo

1915 2093 2303 2162 credentium,
2336 2099 2392 2150 et
2427 2095 2788 2167 dispensatio
2821 2094 3568 2168 ecclesiasticaadisciplinaa

1916 2182 1976 2237 in
2008 2181 2114 2237 hac
2147 2182 2431 2239 Trinitate
2463 2184 2781 2256 perﬁcitur.
2816 2186 2963 2241 Nam
2999 2202 3132 2241 cum
3185 2185 3450 2242 Salvator
3481 2184 3569 2240 di-

1915 2272 2173 2344 scipulos
2205 2289 2346 2328 suos
2379 2274 2450 2328 ad
2477 2274 2921 2346 praedicandum
2943 2274 3320 2347 Evangelium
3344 2274 3571 2331 miserit

1915 2365 1972 2417 et
2001 2361 2074 2416 ad
2107 2363 2386 2434 dogmata
2415 2363 2676 2419 veritatis
2708 2363 2965 2419 docenda
2996 2364 3162 2419 Pater
3193 2364 3306 2436 (52)
3353 2363 3414 2418 in
3463 2363 3572 2418 Ec-

1917 2449 2095 2506 clesia
2125 2450 2505 2508 constituisse
2553 2452 2799 2519 dicatur,
2854 2453 3042 2524 primo
3093 2451 3414 2525 apostolos,
3476 2469 3570 2509 se-

1920 2539 2112 2595 cundo
2153 2541 2492 2612 prophetas,
2525 2541 2697 2596 tertio
2738 2541 3075 2615 magistros,
3129 2558 3306 2615 super
3354 2541 3464 2597 hac
3510 2557 3571 2596 re

1917 2628 2094 2684 etiam
2135 2629 2398 2701 Apostoli
2451 2635 2810 2703 congruente
2859 2631 3149 2687 sententia
3182 2648 3195 2687 :
3232 2655 3260 2680 ‹‹
3306 2632 3378 2686 Et
3417 2630 3573 2687 sicut

1919 2719 2148 2792 probati
2184 2713 2394 2776 sumus
2427 2738 2461 2777 a
2500 2725 2610 2777 Deo
2656 2722 2728 2777 ad
2762 2722 3118 2779 credendum
3168 2722 3568 2795 Evangelium,

1920 2809 2004 2866 sic
2035 2809 2334 2881 loquimur
2360 2826 2373 2863 :
2408 2828 2522 2867 non
2552 2814 2616 2866 ut
2637 2810 2978 2868 hominibus
3001 2812 3430 2885 placentes,sed
3458 2817 3570 2870 Deo

1921 2899 2021 2972 qui
2054 2900 2319 2972 probavit
2348 2901 2525 2957 corda
2555 2905 2758 2957 nostra
2801 2902 2843 2936 ¹⁰
2889 2919 2902 2958 :
2956 2925 2983 2950 »
3016 2901 3124 2957 hos
3155 2902 3392 2958 eosdem
3423 2918 3574 2975 quos

1922 2988 2194 3045 Christus
2225 2991 2541 3062 magistros
2570 3007 2698 3047 esse
2730 2989 3021 3063 praecepit,
3056 2993 3113 3046 et
3145 2991 3310 3048 Pater
3361 2991 3572 3064 proba-

1920 3077 2022 3147 vit,
2058 3083 2112 3133 et
2145 3079 2398 3152 Spiritus
2429 3083 2672 3136 sanctus
2694 3080 3130 3152 dispensatores
3151 3086 3209 3135 et
3230 3079 3572 3152 praepositos

1922 3166 1982 3222 in
2013 3167 2274 3223 Ecclesia
2322 3169 2700 3224 constituisse
2750 3169 3091 3242 perhibetur
3126 3167 3231 3240 [ιιι.
3292 3169 3574 3224 veraciter

166 3257 267 3324 nis,
293 3263 574 3330 operatus
603 3261 692 3313 est
719 3261 776 3313 et
805 3257 948 3312 mihi
993 3257 1050 3312 in
1084 3262 1287 3330 gentes
1321 3259 1455 3328 (48),
1510 3262 1567 3313 et
1597 3258 1812 3314 Barna-
1845 3247 1888 3313 C
1929 3256 2314 3330 prohibetur].
2341 3258 2642 3330 Siquidem
2665 3275 2797 3313 cum
2823 3256 3084 3313 Miletum
3108 3256 3325 3314 Paulus
3346 3262 3572 3330 aposto-

164 3345 240 3402 bae
266 3349 303 3403 ⁷.
341 3370 369 3396 ››
402 3348 632 3404 Pariter
653 3346 808 3403 enim
827 3348 900 3402 ad
933 3348 1198 3404 nationes
1217 3347 1469 3421 Spiritus
1491 3347 1681 3404 sanctl
1707 3365 1808 3403 au-

163 3436 415 3493 ctoritate
447 3437 658 3494 directi
692 3441 850 3493 sunt.
885 3437 1118 3494 Christo
1150 3454 1384 3510 quoque
1415 3441 1693 3509 operante
1751 3437 1807 3491 in

163 3527 452 3598 apostolis,
488 3525 747 3599 Spiritus
777 3526 1140 3599 completum
1173 3531 1261 3583 est
1292 3527 1688 3583 ministerium
1748 3531 1813 3582 ut

159 3613 261 3688 ipsi
291 3617 543 3690 apostoli
578 3617 933 3673 conﬁtentur
964 3633 1026 3672 se
1059 3616 1119 3672 in
1149 3617 1378 3673 Christo
1403 3616 1594 3689 loqui,
1639 3621 1695 3672 et
1751 3617 1808 3673 id

161 3707 304 3777 quod
335 3708 463 3764 suis
495 3705 684 3764 oculis
706 3706 1061 3773 viderunt,et
1086 3706 1340 3762 ministri
1365 3707 1497 3762 facti
1527 3711 1668 3762 Sunt
1699 3707 1810 3778 (49)

158 3797 461 3865 sermonis,
493 3796 555 3852 id
588 3800 695 3864 est,
729 3794 942 3852 Christi
970 3813 982 3862 ;
1017 3800 1073 3850 et
1102 3795 1540 3868 dispensatores
1592 3800 1812 3868 myste-

161 3885 366 3942 riorum
385 3887 511 3943 Dei.
546 3885 810 3957 Denique
833 3886 1000 3958 quasi
1034 3885 1432 3959 principatum
1459 3885 1517 3941 in
1543 3886 1812 3962 sacerdo-

156 3976 229 4032 tio
260 3977 658 4049 possidentes,
690 3979 748 4031 et
777 3975 1105 4031 initiatores
1140 3975 1273 4031 ﬁdei
1333 3993 1367 4032 a
1413 3974 1643 4031 Christo
1675 3979 1815 4031 sunt

157 4065 563 4135 demonstrati,
591 4065 820 4121 dicente
855 4081 904 4120 :«
933 4065 1150 4121 Euntes
1182 4065 1344 4133 ite,et
1365 4065 1570 4121 docete
1601 4081 1807 4121 omnes

155 4159 370 4228 gentes,
423 4155 799 4230 baptizantes
830 4172 929 4212 eos
960 4155 1019 4210 in
1043 4154 1282 4210 nomine
1329 4154 1536 4222 Patris,
1571 4158 1628 4210 et
1660 4152 1810 4219 Filii,

155 4248 214 4297 et
229 4244 481 4317 Spiritus
515 4243 707 4300 sancti
729 4243 769 4299 ⁸.
800 4266 826 4292 ››
859 4247 926 4298 Et
955 4243 1106 4300 sicut
1137 4241 1454 4316 Apostolus
1489 4243 1694 4299 scribit
1722 4260 1810 4299 re-

153 4333 432 4391 ctissime:
460 4357 490 4384 «
515 4333 684 4390 Unus
700 4337 790 4390 est
803 4333 1232 4401 Dominus,una
1248 4334 1605 4401 tides,unum
1618 4333 1812 4406 bapti-

155 4439 274 4479 sma
291 4425 330 4480 θ.
359 4435 390 4473 n’
421 4424 572 4489 Quis
595 4439 713 4478 non
744 4438 816 4479 ex
835 4422 966 4495 ipsa
987 4427 1229 4496 cogetur
1247 4423 1488 4479 veritate
1512 4423 1812 4496 suscipere

153 4511 607 4571 indiﬁ’erentiam
637 4516 851 4570 sanctae
882 4513 1210 4581 Trinitatis,
1237 4513 1380 4569 dum
1414 4531 1532 4569 una
1562 4511 1638 4569 sit
1669 4513 1812 4569 fides

151 4601 206 4657 in
234 4603 423 4668 Patre,
457 4608 520 4660 et
552 4601 698 4659 Filio
729 4607 786 4658 et
840 4602 1059 4675 Spiritu
1119 4607 1322 4659 sancto
1349 4621 1363 4671 ;
1396 4607 1454 4658 et
1512 4603 1810 4659 favacrum

149 4693 311 4750 detur
339 4697 525 4767 atque
561 4693 827 4748 firmetur
853 4691 914 4748 in
948 4692 1188 4749 nomine
1212 4692 1426 4760 Patris,
1458 4695 1517 4748 et
1565 4690 1694 4748 Filii
1753 4694 1810 4747 et

151 4782 397 4854 Spiritus
419 4781 670 4839 sancti?

1926 3347 2017 3402 lus
2047 3347 2416 3419 presbyteros
2447 3347 2518 3402 de
2567 3347 2814 3404 diversis
2862 3347 3008 3404 locis
3049 3351 3105 3403 et
3151 3346 3423 3420 plurimis
3469 3348 3572 3402 Ec-

1923 3435 2119 3491 clesiis
2149 3440 2564 3510 congregasset
2598 3455 2610 3492 :
2647 3460 2673 3486 ιι
2707 3436 3022 3506 Attendite,
3060 3460 3086 3486 ››
3117 3436 3333 3509 inquit,
3362 3461 3381 3486 α
3406 3429 3573 3493 vobis

1923 3529 1979 3582 et
2009 3526 2280 3582 universo
2311 3527 2494 3600 gregi,
2530 3543 2706 3599 super
2737 3544 2886 3599 quos
2917 3527 3172 3599 Spiritus
3202 3530 3444 3583 sanctus
3474 3544 3574 3599 po-

1925 3615 2046 3671 suit
2074 3632 2176 3671 vos
2209 3616 2516 3690 episcopos
2548 3618 2619 3673 ad
2651 3619 2966 3690 regendam
2999 3616 3321 3673 Ecclesiam
3342 3615 3572 3673 Domini

1924 3723 2103 3778 quam
2136 3705 2444 3778 acquisivit
2474 3725 2577 3779 per
2605 3707 2953 3780 sanguinem
2987 3723 3163 3762 suum
3195 3706 3296 3760 “.»
3329 3706 3387 3762 Si
3417 3704 3572 3761 enim

1925 3813 2072 3868 quos
2103 3793 2370 3852 Christus
2402 3797 2471 3852 ad
2515 3795 3034 3868 evangelizandum
3086 3799 3144 3850 et
3190 3792 3574 3867 baptizandas

1925 3885 2189 3941 nationes
2222 3884 2403 3951 misit,
2434 3885 2688 3958 Spiritus
2747 3889 2989 3940 sanctus
3028 3882 3292 3939 Ecclesiae
3343 3898 3573 3954 praepo-

1925 3974 2063 4043 suit,
2100 3974 2286 4030 Patris
2309 3975 2602 4030 sententia
2621 3974 2946 4030 destinatos
2973 3997 2986 4039 ;
3020 3971 3165 4028 nulli
3189 3970 3435 4027 dubium
3459 3974 3569 4039 est,

1924 4080 2102 4120 unam
2127 4063 2338 4131 Patris,
2365 4068 2422 4119 et
2444 4062 2594 4131 Filii,
2620 4067 2677 4118 et
2695 4062 2947 4134 Spiritus
2965 4061 3150 4118 sancti
3173 4060 3571 4134 operationem

1923 4157 1980 4210 et
2039 4153 2443 4226 probationem
2502 4154 2653 4226 (53),
2714 4156 2772 4208 et
2828 4155 3251 4224 consequenter
3305 4150 3571 4206 eamdem

1922 4241 2226 4299 Trinitatis
2258 4259 2386 4299 esse
2408 4242 2827 4299 substantiam.
2879 4243 3114 4298 Necnon
3163 4236 3219 4297 et
3239 4239 3386 4295 illud
3434 4256 3574 4295 con-

1923 4333 2325 4401 siderandum,
2357 4333 2514 4405 quod
2545 4332 2602 4388 in
2637 4332 2809 4389 corde
2839 4337 2898 4388 et
2930 4349 3106 4389 sensu
3157 4331 3420 4387 habitare
3451 4346 3569 4386 non

1922 4426 2113 4495 potest
2143 4427 2430 4489 creatura,
2465 4422 2580 4478 nisi
2614 4422 2769 4478 Deus
2809 4426 2866 4477 et
2914 4437 3104 4477 sermo
3151 4420 3279 4492 ejus
3330 4419 3389 4475 in
3435 4418 3573 4491 Spi-

1922 4513 2037 4566 ritu
2069 4516 2290 4578 sancto,
2325 4511 2481 4567 sicut
2506 4511 2578 4566 ad
2602 4511 2888 4583 quosdam
2906 4509 3167 4582 loquitur
3188 4510 3390 4565 Pater:
3427 4532 3454 4558 «
3477 4510 3570 4564 In-

1921 4600 2202 4657 habitabo
2233 4601 2293 4656 in
2325 4600 2432 4667 eis,
2463 4603 2520 4656 et
2547 4599 2926 4656 inambulabo
2958 4601 3020 4655 ¹².
3073 4621 3099 4649 ››
3151 4599 3221 4654 Et
3250 4599 3322 4654 ad
3370 4596 3567 4670 ipsum

1920 4690 2160 4763 quidam
2191 4689 2390 4763 dirigit
2409 4707 2626 4745 vocem.
2662 4713 2688 4739 ‹‹
2725 4690 2812 4745 Tu
2846 4693 3041 4745 autem
3078 4691 3134 4745 in
3167 4691 3368 4743 sancto
3412 4685 3570 4741 babi-

1919 4783 2031 4849 tas,
2065 4780 2195 4836 laus
2228 4779 2407 4836 Israel
2434 4781 2494 4836 ‘3.
2530 4802 2557 4838 ν
2592 4780 2758 4837 Altus
2797 4778 3014 4852 quippe
3059 4777 3119 4832 in
3168 4775 3302 4832 altis
3340 4774 3568 4831 habitat
3660 4797 3662 4800 ν

215 4881 446 4938 ’ICor.
496 4897 610 4945 x11,
657 4881 710 4946 8,
759 4881 814 4936 9.
865 4880 888 4913 ⁸
919 4879 1063 4934 ibid.
1117 4879 1206 4936 ll.
1270 4879 1447 4935 ‘Act.
1499 4895 1592 4947 xv,
1647 4880 1739 4934 28.
1798 4878 1958 4934 5Job
2007 4898 2044 4944 ι,
2104 4880 2194 4933 21.
2253 4879 2274 4913 δ
2305 4881 2426 4934 Act.
2478 4895 2602 4945 xm,
2635 4881 2688 4933 2.
2751 4877 2770 4912 "
2827 4876 3012 4932 Galat.
3060 4893 3121 4942 ii,
3184 4877 3238 4930 8.
3296 4873 3315 4907 ⁸
3356 4871 3566 4932 Matth.

151 4971 342 5022 xxvm,
383 4955 470 5010 19.
536 4953 560 4988 ⁹
591 4950 906 5025 Ephes.1v,
929 4953 983 5007 5.
1037 4952 1080 4986 ¹⁰
1139 4951 1160 5007 I
1192 4951 1403 5008 Thess.
1438 4968 1500 5018 II,
1537 4953 1589 5006 4.
1652 4951 1690 4985 ¹¹
1722 4953 1796 5006 Ac

1932 4968 1972 5019 ι,
2005 4952 2094 5006 28.
2161 4951 2202 4984 ¹²
2235 4950 2278 5006 Il
2309 4950 2436 5006 Cor.
2469 4968 2545 5017 v1,
2581 4952 2668 5005 16.
2703 4951 2744 4984 ¹³
2770 4949 2920 5006 Psal.
2954 4965 3069 5014 xxi,
3101 4949 3152 5003 4.

150 5050 418 5125 Spiritus,
453 5056 516 5108 et
545 5049 864 5125 divisiones
894 5049 1357 5125 ministeriorum
1389 5053 1548 5117 sunt,
1573 5052 1656 5125 etg
1677 5048 1802 5125 ipse

151 5121 453 5190 Dominus,
488 5127 554 5179 et
587 5121 904 5179 divisiones
925 5121 1332 5194 operationum
1365 5125 1523 5188 sunt,
1558 5125 1616 5176 et
1642 5121 1798 5178 idem

151 5194 264 5270 ipse
288 5195 591 5270 Dominus
621 5193 1011 5266 quioperatur
1037 5194 1238 5270 omnia
1267 5193 1326 5249 in
1356 5194 1654 5270 omnibus.
1687 5216 1715 5244 ››

237 5271 324 5338 47)
341 5266 642 5324 Voculam
668 5287 696 5316 «
726 5265 790 5322 ut
822 5289 849 5315 »
881 5266 1287 5338 supplevimus
1317 5283 1348 5322 e
1376 5265 1564 5338 Vatic.

237 5272 324 5338 47)
341 5272 642 5324 Voculam
668 5287 696 5316 «
726 5272 790 5322 ut
822 5289 849 5315 »
881 5272 1287 5338 supplevimus
1317 5283 1348 5322 e
1377 5272 1564 5322 Vatic.

213 5272 323 5412 (48)
355 5338 612 5396 Tholos.
645 5355 782 5405 ms.,
814 5363 841 5388 «
876 5344 1150 5412 Operatus
1180 5342 1270 5412 est
1289 5337 1505 5393 mihiet
1522 5337 1798 5412 Barn‘abae

150 5413 200 5470 in
220 5407 549 5488 gentibus_;
589 5432 616 5457 »
639 5415 695 5466 et
738 5426 893 5488 mox,
913 5407 964 5488 ᾗ
1001 5410 1204 5488 directi
1264 5414 1403 5488 sunt
1443 5426 1492 5488 _a
1549 5407 1796 5488 Christo,

150 5481 489 5558 cooperante
522 5481 590 5537 in
621 5481 900 5555 apostolis
930 5483 1172 5557 Spiritu,
1207 5481 1560 5554 completum
1580 5486 1668 5537 est
1698 5483 1802 5538 mi-

152 5556 479 5614 nisterium.
521 5576 553 5605 ››

212 5632 317 5716 (49)
342 5626 935 5716 Regin‘aeSuecorum
968 5644 1267 5716 Insanum;
1417 5629 1799 5716 prfenotatus,

150 5697 310 5776 cujus
325 5697 491 5761 nunc
515 5699 761 5756 demum
786 5705 1100 5757 occurrunt
1117 5698 1262 5757 mihi
1283 5697 1574 5758 variantes
1594 5697 1800 5757 lectio-

1913 5048 2413 5130 nesin‘schedulis
2431 5053 2678 5130 exeqptag
2700 5046 3090 5130 quaspassim
3107 5045 3266 5130 infra
3285 5041 3562 5130 laudabo,

1909 5121 2003 5178 hic
2021 5121 2528 5197 habetusermonis
2542 5113 2785 5197 Christi,»
2807 5113 3086 5197 ab'sque_,«
3105 5117 3162 5172 id
3178 5120 3267 5173 est
3290 5138 3320 5197 »_
3335 5113 3560 5197 vocula;

1908 5199 1966 5250 et
1996 5193 2168 5263 paulo
2200 5197 2332 5263 post
2363 5216 2390 5242 ‹‹
2426 5194 2643 5247 Euntes
2675 5192 2897 5259 docete,
2930 5214 2956 5242 »
2992 5191 3214 5263 absque
3249 5209 3278 5263 «ς
3308 5191 3404 5263 ite.
3442 5208 3469 5235 ››

1979 5259 2091 5337 (50)
2115 5259 2424 5337 Perperam
2442 5263 2676 5319 Tholos.
2689 5288 2735 5328 ,‹‹
2763 5269 2990 5337 tantum
3007 5259 3136 5337 sine
3148 5259 3558 5337 perfectione,»

1980 5331 2091 5407 (5|)
2127 5331 2335 5392 Mando
2365 5336 2642 5391 laudatus
2675 5335 2903 5408 Regina:
2935 5334 3086 5401 eod.,
3123 5331 3342 5389 «'Veret
3366 5331 3554 5387 Patris

1907 5412 1965 5467 et
1992 5409 2123 5466 Filii
2149 5425 2277 5465 esse
2305 5409 2609 5481 Spiritum.
2640 5427 2663 5457 ι

1983 5484 2091 5552 (52)
2125 5477 2404 5552 Νοῐῃοη’‹‹
2442 5482 2631 5544 Pater,
2668 5501 2694 5528 ››
2727 5478 3009 5550 expungit
3039 5477 3270 5552 Reginae
3302 5491 3411 5531 ms.

1982 5549 2372 5628 (53)'l‘holos.,
2420 5575 2444 5600 ‹‹
2502 5553 2586 5605 sic
2637 5549 2811 5607 unam
2866 5567 2993 5610 esse
3045 5549 3445 5624 Operationem
3499 5550 3556 5604 et

1911 5624 2336 5700 prebationcm,
2377 5646 2402 5671 ››
2435 5629 2544 5679 etc.
