3970 6440
190 342 287 411 "3
883 340 1385 408 TRANSLATIO
1425 339 1635 405 LIBRI
1680 337 1964 403 DIDYMI
2004 337 2108 402 DE
2150 335 2462 404 SPIRITU
2504 340 2831 406 SANGTO.
3450 319 3565 405 ῐθι

187 479 415 541 veritatis
444 480 668 536 aPatre
697 479 915 554 egredi,
949 479 1221 552 loquente
1252 478 1473 552 Spiritu
1508 478 1607 550 qui
1641 495 1672 532 a
1712 493 1805 532 me
1834 482 1886 543 Α
1917 475 2243 532 secundum
2276 476 2415 532 illud
2447 494 2493 532 ει
2528 477 2671 533 Cum
2700 480 2894 533 autem
2923 476 3147 535 venerit
3175 476 3273 536 ille
3302 478 3565 537 Paracle-

188 571 453 647 egreditur
482 571 545 624 υ.
581 572 721 627 Cum
745 570 902 626 enim
933 569 1122 625 dicere
1148 572 1345 641 posset
1375 568 1446 623 de
1493 569 1633 635 Deo,
1686 566 1807 623 sive
1918 567 2037 633 tus,
2066 582 2240 638 quem
2268 566 2497 622 mittam
2530 568 2694 624 vobis
2720 583 2755 623 a
2780 566 2967 635 Patre,
3019 567 3306 640 Spiritum
3355 571 3563 626 verita-

190 664 249 719 de
273 660 527 727 Domino,
560 660 682 716 sive
710 660 781 715 de
811 659 1238 731 Omnipotente,
1272 657 1416 715 nihil
1448 658 1658 714 horum
1683 656 1806 713 teti-
1918 654 1995 710 tis
2023 656 2114 709 δ”.
2152 678 2179 705 ››
2212 657 2395 722 Quem
2427 656 2609 712 alium
2650 657 3008 729 paracletum
3056 658 3400 730 nominavit,
3447 676 3563 716 non

188 752 261 827 git
289 769 299 808 :
329 750 422 807 sed
455 748 556 815 ait,
591 749 661 806 de
693 748 879 817 Patre,
913 764 1029 806 non
1052 749 1207 820 quod
1232 748 1398 804 Pater
1420 765 1453 803 a
1473 748 1590 804 Deo
1617 746 1805 803 omni-
1910 744 2082 815 juxta
2115 749 2337 801 naturae
2366 746 2754 803 differentiam
2787 748 2888 803 sed
2921 747 3275 819 operationis
3323 748 3563 806 diversi-

190 842 394 915 potente
422 839 498 894 sit
526 838 712 895 alius:
746 838 885 910 quia
907 838 1016 895 hoc
1038 838 1230 895 scelus
1259 841 1349 894 est
1377 837 1552 893 etiam
1585 836 1808 909 cogita-
1919 838 2119 890 tatem.
2154 834 2298 891 Cum
2341 836 2497 891 enim
2558 836 2822 893 Salvator
2880 835 3220 894 mediatoris
3278 842 3335 894 et
3390 838 3567 913 legati

188 928 361 996 re;sed
380 928 700 985 secundum
718 928 1132 1001 proprietatem
1148 926 1580 984 etintellectum
1601 926 1811 982 Paren-
1919 939 2231 996 personam
2264 924 2495 993 habeat,
2531 929 2585 982 et
2614 943 2729 998 qua
2760 926 2872 999 (64)
2917 927 3173 1000 pontifex
3228 927 3570 1000 deprecetur

188 1020 254 1076 tis
275 1019 376 1091 (62)
407 1017 600 1090 egredi
624 1018 694 1073 ab
726 1032 791 1073 eo
823 1016 1041 1073 dicitur
1058 1016 1311 1088 Spiritus
1335 1016 1616 1073 veritatis.
1652 1014 1811 1071 Licet
1920 1029 2023 1085 pro
2050 1013 2302 1086 peccatis
2333 1013 2572 1081 nostris,
2628 1014 2865 1072 salvans
2894 1016 2955 1072 in
2988 1017 3410 1089 sempiternum
3445 1034 3566 1085 eos,

189 1107 324 1165 enim
352 1122 415 1161 ex
439 1106 556 1163 Deo
580 1106 911 1178 frequenter
932 1123 994 1162 se
1012 1105 1167 1161 dicat
1187 1105 1376 1161 exisse
1396 1102 1811 1177 Salvator,pro-

190 1196 468 1270 prietatem
499 1200 719 1266 tamen,
753 1199 809 1250 et
841 1198 906 1250 ut
934 1194 1016 1250 ita
1056 1194 1269 1262 dicam,
1324 1193 1807 1260 familiaritatem,

189 1287 248 1343 de
269 1286 499 1358 quajam
512 1285 1338 1358 smpetractavimus,exvocab
1350 1282 1441 1339 ulo
1460 1283 1649 1355 magis
1699 1283 1809 1337 sibi

189 1370 355 1432 Patris
384 1373 651 1441 assumit,
681 1374 917 1429 dicens:
959 1393 980 1421 α
1018 1374 1133 1446 Ego
1162 1372 1223 1428 in
1255 1373 1447 1439 Patre,
1478 1376 1532 1428 et
1555 1371 1722 1427 Pater
1749 1371 1810 1427 in

188 1472 267 1521 me
292 1464 367 1533 '3;
398 1487 425 1515 ›>
446 1467 504 1519 et
531 1461 702 1519 alibi:
736 1485 764 1513 «
795 1463 911 1535 Ego
942 1467 998 1519 et
1021 1462 1194 1518 Pater
1223 1478 1408 1517 unum
1431 1477 1641 1517 sumus
1671 1462 1716 1497 ³⁸
1742 1478 1754 1516 :
1784 1483 1811 1511 ››

183 1556 234 1611 et
260 1551 433 1609 multa
463 1551 680 1608 aliahis
694 1550 1063 1624 similia,quaa
1079 1552 1137 1607 in
1163 1551 1477 1623 Evangelio
1495 1550 1814 1606 observans

188 1646 349 1700 lector
373 1642 644 1699 inveniet.
677 1642 793 1699 Iste
822 1658 958 1714 ergo
1009 1641 1265 1715 Spiritus
1297 1647 1536 1699 sanctus
1590 1640 1690 1713 qui
1743 1640 1812 1695 de

183 1726 332 1789 Patre
384 1730 701 1804 egreditur,
762 1730 1194 1797 testificabitur,
1252 1730 1443 1802 inquit
1500 1730 1810 1797 Dominus,

184 1816 247 1878 de
293 1830 380 1877 me
421 1820 489 1889 ³⁷,
548 1820 955 1877 testimonium
1013 1819 1208 1876 simile
1256 1820 1448 1875 ferens
1506 1819 1557 1876 ci
1621 1818 1813 1875 Patris
1845 1848 1892 1916 Β

180 1910 521 1981 testimonio,
545 1908 615 1966 de
648 1925 763 1982 quo
785 1909 867 1965 ait
891 1927 904 1965 :
939 1933 965 1959 ‹‹
990 1908 1417 1965 Testimonium
1442 1908 1587 1965 dicit
1610 1908 1680 1964 de
1697 1924 1811 1977 me,

180 2000 270 2072 qui
298 1998 456 2057 misit
488 2016 579 2056 me
608 1999 778 2056 Pater
802 1998 870 2055 ’³,
906 2014 935 2049 υ
957 1998 1221 2055 Mittente
1252 2002 1447 2055 autem
1488 1998 1632 2055 Filio
1682 1997 1811 2070 Spi-

178 2087 284 2145 ritu
329 2088 612 2157 veritatis,
653 2103 830 2160 quem
869 2086 1302 2144 Consolatorem
1342 2086 1586 2157 vocavit,
1636 2085 1813 2143 simul

180 2177 344 2234 mittit
370 2182 426 2235 et
452 2182 647 2234 Pater.
677 2177 876 2251 Neque
906 2176 1063 2234 enim
1119 2176 1290 2234 Pater
1346 2178 1613 2234 mittente
1672 2176 1814 2233 Filio

176 2264 283 2324 non
314 2268 514 2338 mittit,
544 2284 677 2325 cum
711 2268 915 2325 eadem
939 2266 1239 2324 voluntate
1261 2267 1448 2324 Patris
1470 2272 1526 2323 et
1548 2266 1676 2325 Filii
1692 2266 1816 2340 Spi-

177 2352 314 2412 ritus
340 2358 557 2425 veniat,
591 2356 886 2414 Salvatore
930 2372 1165 2430 quoque
1202 2373 1306 2430 per
1352 2357 1697 2431 prophetam
1730 2357 1817 2413 lo-

178 2450 379 2518 quente
405 2465 417 2501 :
447 2448 605 2504 sicut
626 2445 1003 2503 manifestum
1025 2463 1154 2503 esse
1176 2447 1389 2520 poterit
1401 2446 1473 2518 ei,
1500 2447 1600 2519 qui
1626 2451 1814 2503 totum

178 2534 478 2609 perlegerit
508 2536 706 2593 locum
741 2536 874 2609 (63).
910 2559 937 2585 «
967 2537 1038 2591 Et
1074 2535 1355 2592 Dominus
1387 2536 1549 2592 misit
1597 2552 1710 2604 me,
1761 2539 1818 2591 et

177 2620 449 2696 Spiritum
494 2640 710 2680 suum:
747 2647 775 2674 »
809 2624 1100 2697 siquidem
1161 2640 1277 2680 non
1337 2624 1528 2681 solum
1582 2625 1813 2692 Filium,

177 2714 268 2768 sed
299 2719 354 2769 et
381 2715 669 2787 Spiritum
703 2714 882 2771 mittit
907 2720 1077 2770 Deus.
1102 2715 1210 2770 Sed
1236 2718 1293 2770 et
1310 2713 1612 2787 apostolus
1634 2714 1818 2786 loqui-

175 2802 298 2858 tur:
332 2826 357 2851 ‹‹
394 2804 533 2869 Quae
568 2821 723 2860 nunc
753 2803 1101 2860 annuntiata
1122 2808 1265 2859 sunt
1286 2804 1451 2860 vobis
1475 2821 1576 2877 per
1596 2821 1694 2861 eos
1716 2806 1816 2877 qui

170 2892 710 2965 evangelizaverunt
734 2894 917 2961 vobis,
941 2892 1162 2967 Spiritu
1185 2897 1387 2949 sancto
1406 2893 1587 2951 misso
1618 2894 1689 2950 de
1711 2911 1819 2951 cce-

169 2978 236 3037 lis
264 2982 326 3038 ²⁹.
360 3004 388 3033 ››
424 2988 494 3040 Μ
524 2983 585 3039 in
617 2982 765 3039 libro
799 2983 898 3058 qui
922 2982 1221 3057 Sapientia
1242 2982 1604 3053 inscribitur,
1630 2984 1701 3040 ab
1724 2984 1816 3039 his

168 3069 259 3143 qui
291 3070 491 3128 divina
522 3070 883 3129 charismata
911 3071 1205 3129 consecuti
1238 3076 1395 3141 sunt,
1450 3090 1554 3129 vox
1597 3076 1817 3147 gratias

92 3158 97 3163 ’
167 3160 604 3233 Deoperferens
658 3161 1007 3217 destinatur.
1065 3184 1094 3211 ‹‹
1147 3163 1280 3227 Qua:
1311 3166 1507 3218 autem
1538 3164 1597 3218 in
1655 3163 1816 3219 caelis

1921 1102 2018 1173 qui
2052 1119 2154 1175 per
2185 1102 2379 1174 ipsum
2413 1109 2788 1161 accesserunt
2817 1105 2887 1161 ad
2916 1106 3122 1172 Deum,
3157 1107 3296 1179 quia
3339 1124 3573 1180 semper

1917 1192 2117 1247 vivens
2148 1191 2477 1264 interpellat
2506 1209 2609 1265 pro
2633 1194 2718 1249 eis
2749 1193 2874 1267 [τηε.
2920 1194 3112 1268 nobis]
3137 1200 3366 1252 Patrem
3394 1214 3407 1263 ;
3438 1196 3572 1268 Spi-

1922 1281 2071 1336 ritus
2104 1286 2343 1336 sanctus
2375 1284 2699 1338 secundum
2730 1282 2905 1338 aliam
2931 1284 3386 1357 signiﬁcantiam
3408 1302 3575 1358 para-

1922 1368 2129 1437 cletus,
2163 1370 2234 1425 ab
2267 1386 2333 1425 eo
2365 1371 2519 1442 quod
2552 1370 2889 1427 consolatur
2916 1372 2976 1427 in
3031 1371 3274 1429 tristitia
3330 1375 3571 1447 positos,

1923 1462 2299 1531 nuncupatus
2327 1465 2433 1515 est.
2467 1460 2681 1516 Verum
2714 1460 2829 1517 noli
2879 1478 2947 1518 ex
3009 1461 3154 1517 Fillii
3214 1467 3271 1518 et
3318 1463 3575 1536 Spiritus

1924 1549 2110 1606 sancti
2143 1549 2477 1620 operatione
2506 1549 2755 1619 diversa,
2779 1552 2967 1607 varias
3000 1549 3287 1608 aestimare
3310 1556 3572 1619 naturas,

1923 1637 2224 1711 Siquidem
2258 1638 2315 1694 in
2347 1639 2459 1696 alio
2481 1637 2609 1695 loco
2641 1640 2927 1712 reperitur
2947 1641 3275 1714 paracletus
3298 1642 3573 1715 Spiritus,

1924 1728 2099 1801 legati
2131 1729 2201 1783 ad
2236 1728 2464 1785 Patrem
2497 1745 2748 1801 persona
2776 1730 2967 1803 fungi,
2998 1735 3061 1787 ut
3082 1731 3141 1786 in
3175 1730 3272 1787 illo
3308 1750 3320 1788 :
3356 1755 3384 1782 «
3426 1732 3573 1797 Quid

1923 1817 2081 1874 enim
2115 1833 2351 1875 oremus
2374 1820 2548 1890 juxta
2566 1818 2624 1875 id
2658 1821 2815 1892 quod
2843 1824 3089 1893 oportet,
3122 1820 3443 1889 nescimus,
3475 1822 3576 1879 sed

1925 1906 2051 1980 ipse
2071 1907 2326 1981 Spiritus
2343 1907 2677 1982 interpellat
2698 1926 2800 1983 pro
2818 1909 2986 1967 nobis
3008 1909 3574 1983 gemitibusiuenar-

1923 1996 2229 2055 rabilibus.
2263 1998 2371 2065 Qui
2392 2002 2590 2055 autem
2626 2002 2926 2056 scrutatur
2951 2000 3144 2070 corda,
3170 2000 3283 2056 scit
3305 2001 3449 2073 quid
3476 2002 3576 2058 de-

1925 2086 2142 2144 sideret
2184 2086 2459 2161 Spiritus,
2511 2089 2805 2161 quomodo
2863 2091 2969 2162 [αι.
3026 2088 3183 2162 cum]
3242 2091 3573 2148 secundum

1930 2177 2112 2233 Deum
2139 2177 2394 2250 postulat
2425 2195 2529 2251 pro
2560 2178 2784 2235 sanctis
2812 2180 2876 2235 ³⁸.
2910 2202 2940 2231 η

1996 2268 2087 2323 28.
2120 2267 2385 2324 Salvator
2414 2284 2647 2340 quoque
2674 2267 3131 2326 consolationem
3166 2287 3199 2326 a
3230 2286 3348 2342 qua
3394 2269 3579 2343 Spiri-

1926 2362 2025 2415 tus
2054 2362 2298 2414 sanctus
2328 2356 2656 2430 paracletus
2680 2361 3055 2431 nuncupatus
3084 2362 3192 2426 est,
3226 2364 3501 2431 operatur
3519 2360 3579 2415 in

1928 2447 2204 2505 cordibus
2226 2462 2426 2502 eorum
2447 2446 2543 2517 qui
2573 2462 2641 2502 ea
2659 2445 2945 2519 indigent.
2973 2447 3266 2519 Scriptum
3290 2453 3380 2505 est
3398 2449 3577 2505 enim:

1931 2558 1958 2587 «
1987 2537 2058 2592 Et
2086 2534 2339 2591 humiles
2362 2534 2561 2607 populi
2593 2533 2932 2592 consolatus
2953 2541 3041 2591 est
3058 2536 3124 2593 δι.
3158 2557 3187 2586 »
3221 2537 3383 2594 Unde
3407 2542 3463 2594 et
3486 2538 3582 2594 his

1927 2624 2027 2697 qui
2049 2625 2158 2681 hoc
2178 2623 2525 2680 beneficium
2566 2624 2756 2680 fuerat
2790 2628 3162 2693 consecutus,
3202 2642 3339 2683 eum
3368 2627 3579 2700 praedi-

1927 2731 2087 2783 cans,
2122 2713 2497 2785 loquebatur:
2535 2735 2563 2764 ‹‹
2594 2713 2858 2781 Domine,
2892 2717 3219 2772 secundum
3243 2715 3573 2775 multitudi-

1928 2822 2062 2860 nem
2094 2804 2365 2860 dolorum
2398 2820 2660 2860 meorum
2694 2805 2753 2860 in
2777 2806 2951 2862 corde
2973 2821 3123 2876 meo,
3148 2806 3578 2865 consolationes

1926 2899 2038 2950 tua
2061 2894 2617 2951 laetiﬁcaveruntcor
2640 2908 2835 2951 meum
2860 2896 2905 2931 ³⁸
2934 2912 2946 2963 ;
2982 2918 3010 2946 ››
3035 2894 3175 2963 sive,
3203 2919 3231 2946 «
3256 2895 3584 2954 dilexerunt

1928 2984 2186 3041 animam
2219 2999 2411 3039 meam
2444 2983 2557 3055 (65)
2591 3000 2603 3038 :
2642 3004 2663 3031 ιι
2699 2986 2948 3056 utroque
2970 2982 3124 3039 enim
3148 2983 3433 3056 scriptum
3456 2999 3584 3041 esse

1930 3076 2104 3131 modo
2136 3074 2193 3129 in
2237 3074 2485 3131 diversis
2534 3073 2967 3145 exemplaribus
3009 3074 3323 3130 invenitur.
3374 3070 3481 3130 Sed
3529 3079 3586 3132 et

1928 3164 2117 3231 Pater,
2168 3163 2321 3219 Deus
2366 3162 2558 3218 omnis
2607 3160 3025 3218 consolationis
3076 3162 3290 3219 dicitur
3330 3163 3412 3217 κε
3446 3179 3583 3219 con-

167 3228 317 3318 Sunt,
350 3250 488 3324 quis
536 3251 908 3325 investigavit
927 3250 955 3307 ?
982 3250 1342 3309 voluntatem
1396 3263 1593 3308 autem
1652 3257 1812 3309 tuam
1849 3228 1891 3295 Ο
1931 3228 2131 3311 solans
2153 3269 2251 3308 eos
2276 3252 2449 3325 quiin
2473 3250 2845 3307 tribulatione
2868 3255 3027 3320 sunt,
3046 3252 3350 3324 utoxipsis
3369 3267 3583 3326 angus-

169 3339 292 3410 quis
321 3344 636 3415 cognovit:
669 3340 784 3397 nisi
815 3341 969 3413 quod
994 3345 1055 3397 tu
1090 3342 1304 3398 dedisti
1338 3342 1716 3416 sapientiam,
1762 3346 1820 3399 et

167 3425 442 3498 Spiritum
471 3432 748 3501 sanctum
780 3433 948 3485 tuum
978 3430 1193 3486 misisti
1223 3431 1294 3487 de
1315 3430 1559 3488 excelsis
1587 3432 1615 3487 ?
1637 3436 1704 3487 Et
1734 3432 1818 3488 sic

167 3522 427 3574 correctae
440 3536 512 3576 su
523 3524 589 3575 nt
603 3519 824 3575 semitae
846 3535 1069 3589 eorum,
1087 3520 1187 3592 qui
1207 3537 1385 3594 super
1398 3526 1611 3578 terram
1625 3526 1814 3577 erant:

163 3609 215 3661 et
240 3605 455 3678 placita
490 3608 603 3664 tibi
633 3608 822 3664 edocti
854 3613 994 3665 sunt
1020 3608 1294 3667 homines
1325 3611 1389 3667 ³ο.
1429 3633 1455 3660 ››
1488 3611 1557 3667 Et
1586 3612 1644 3667 in
1679 3630 1820 3685 prae-

163 3695 304 3750 senti
332 3697 637 3769 siquidem
677 3696 941 3766 lectione,
976 3715 1091 3754 non
1127 3698 1252 3755 sola
1280 3699 1569 3772 sapientia
1608 3702 1728 3771 Dei,
1758 3703 1816 3758 id

159 3788 262 3849 est,
295 3785 647 3861 unigenitus
677 3784 857 3843 Filius
888 3788 1015 3860 ejus
1037 3789 1211 3844 datur
1231 3806 1265 3845 a
1287 3789 1473 3857 Patre,
1498 3792 1599 3848 sed
1617 3794 1674 3847 et
1694 3791 1820 3865 Spi-

160 3872 300 3930 ritus
330 3881 587 3932 sanctus
618 3875 891 3932 mittitur.

221 3965 371 4022 185
395 3967 493 4022 27.
518 3962 720 4038 Inipso
742 3980 973 4038 quoque
994 3962 1302 4039 Evangelio
1321 3966 1445 4023 dari
1467 3969 1821 4041 praedicatur

156 4064 187 4106 a
205 4056 394 4122 Patre,
420 4059 481 4112 et
504 4055 663 4111 mitti
686 4052 939 4127 Spiritus
964 4058 1224 4111 sanctus.
1248 4055 1545 4113 Salvatore
1560 4059 1813 4118 dicente:

156 4162 182 4191 ‹‹
202 4140 271 4199 Et
289 4159 397 4218 ego
423 4144 651 4219 rogabo
674 4143 904 4200 Patrem
928 4156 1148 4213 meum,
1170 4148 1227 4201 et
1249 4145 1429 4201 alium
1452 4146 1817 4207 Paracletum

154 4229 309 4287 dabit
334 4233 533 4302 vobis,
575 4239 642 4289 ut
670 4233 748 4289 sit
774 4232 1080 4290 vobiscum
1115 4234 1173 4289 in
1206 4238 1512 4305 aeternum,
1533 4240 1817 4312 Spiritum

150 4322 408 4380 veritatis
440 4325 485 4359 ³¹
514 4344 530 4388 ς
566 4346 587 4372 ιι
625 4326 683 4379 et
711 4322 925 4378 iterum
954 4339 966 4378 :
1003 4346 1031 4373 ‹‹
1066 4322 1401 4382 Paracletus
1443 4332 1639 4385 autem
1686 4330 1813 4402 Spi-

151 4409 295 4469 ritus
324 4417 607 4482 sanctus,
641 4427 815 4486 quem
848 4412 1043 4469 mittet
1073 4416 1245 4470 Pater
1274 4414 1333 4470 in
1368 4417 1609 4474 nomine
1660 4437 1813 4490 meo,

150 4498 239 4558 ille
268 4518 371 4561 vos
403 4502 652 4561 docebit
681 4501 881 4558 omnia
909 4501 975 4557 3’.
1002 4524 1030 4552 »
1063 4502 1211 4559 Nam
1239 4509 1293 4560 et
1316 4504 1375 4560 in
1411 4505 1506 4564 his
1528 4511 1814 4567 sermoni-

1928 3344 2027 3400 tiis
2061 3344 2208 3400 130
2242 3359 2344 3416 per
2372 3338 2713 3414 patientiam
2745 3340 2995 3398 salutem
3036 3340 3317 3415 primum,
3369 3340 3580 3398 dehinc

1928 3449 2203 3489 coronam
2232 3430 2427 3505 gloriae
2460 3434 2914 3502 consequantur.
2946 3430 3203 3503 Spiritus
3235 3430 3414 3504 igitur
3436 3446 3575 3487 con-

1928 3521 2147 3578 solator
2194 3526 2250 3576 et
2307 3522 2572 3584 sanctus,
2627 3524 2684 3595 et
2758 3520 3015 3593 Spiritus
3087 3519 3350 3576 veritatis
3410 3521 3584 3577 datur

1929 3628 1962 3667 a
1995 3611 2178 3676 Patre,
2204 3614 2269 3665 ut
2285 3625 2516 3682 semper
2537 3624 2672 3664 cum
2695 3608 2907 3665 Christi
2932 3608 3239 3682 discipulis
3262 3626 3589 3667 commore-

1928 3704 2045 3770 tur,
2078 3716 2211 3756 cum
2236 3699 2453 3772 quibus
2476 3702 2534 3754 et
2552 3698 2678 3771 ipse
2698 3698 2966 3755 Salvator
2992 3705 3100 3767 est,
3127 3698 3328 3756 dicens
3353 3716 3366 3754 :
3388 3722 3414 3749 «
3442 3699 3588 3755 Ecce

1888 3782 1895 3789 “
1927 3790 2083 3847 enim
2107 3789 2408 3845 vobiscum
2433 3804 2566 3843 sum
2581 3802 2768 3860 usque
2789 3789 2861 3843 ad
2883 3787 3455 3845 consummationem
3478 3802 3587 3844 sae-

1928 3879 2044 3937 culi
2074 3880 2138 3934 37.
2176 3902 2204 3929 »
2235 3883 2378 3935 Cum
2412 3881 2607 3934 autem
2641 3894 2874 3951 semper
2906 3877 3184 3950 apostolis
3223 3882 3281 3933 et
3327 3876 3583 3950 Spiritus
3656 3874 3659 3877 ’

1928 3974 2168 4028 sanctus
2199 3969 2354 4026 adsit
2383 3969 2481 4041 [αἱ.
2517 3967 2777 4041 assistat]
2808 3971 2866 4024 et
2887 3966 3091 4035 Filius,
3120 3966 3407 4039 sequitur,
3435 3970 3499 4022 ut
3529 3970 3587 4022 et

1926 4060 2098 4117 Pater
2126 4074 2259 4114 cum
2291 4057 2438 4130 ipsis
2467 4056 2564 4128 sit,
2596 4055 2735 4129 quia
2757 4056 2858 4128 qui
2880 4054 3088 4128 recipit
3109 4055 3354 4124 Filium,
3379 4055 3587 4129 recipit

1925 4154 1983 4207 et
2013 4152 2277 4204 Patrem:
2312 4151 2370 4203 et
2401 4144 2766 4203 mansionem
2799 4144 2983 4202 Filius
3030 4160 3166 4201 cum
3226 4145 3394 4201 Patre
3445 4144 3589 4202 facit

1927 4239 2081 4313 apud
2109 4253 2228 4304 eos,
2258 4236 2357 4309 qui
2390 4235 2550 4309 digni
2585 4236 2837 4292 adventu
2860 4236 2989 4307 ejus
3010 4234 3366 4291 exstiterint.
3388 4234 3502 4291 Sed
3529 4239 3586 4291 et

1926 4330 2025 4385 ubi
2059 4327 2313 4401 Spiritus
2344 4330 2585 4382 sanctus
2619 4324 2814 4392 fuerit,
2845 4325 3042 4381 statim
3079 4325 3383 4381 invenitur
3412 4328 3469 4380 et
3491 4325 3581 4381 Fi—

1926 4419 2061 4476 lius.
2096 4415 2399 4489 Siquidem
2431 4431 2566 4470 cum
2598 4414 2656 4470 in
2691 4414 2993 4488 prophetis
3022 4413 3285 4487 Spiritus
3331 4417 3578 4470 sanctus

1927 4508 2023 4575 sit,
2057 4507 2275 4563 faciens
2306 4521 2405 4561 eos
2438 4506 2637 4561 futura
2668 4503 3003 4577 praecinere,
3035 4507 3093 4559 et
3114 4502 3230 4559 alia
3269 4518 3396 4576 quae
3449 4516 3582 4575 pro-

148 4589 274 4659 bus,
305 4592 497 4649 alium
528 4591 898 4666 paracletum
929 4592 1069 4649 dare
1099 4585 1538 4667 dicitur-Pater,
1570 4616 1686 4656 non
1706 4618 1810 4658 au-
1841 4604 1887 4671 Ι)
1923 4595 2176 4675 phetalis
2207 4592 2563 4668 operationis
2596 4596 2755 4661 sunt,
2789 4606 2981 4649 sermo
3014 4591 3115 4648 Dei
3149 4592 3221 4653 ad
3244 4608 3343 4648 eos
3365 4590 3585 4647 dicitur

147 4682 257 4738 tam
283 4682 475 4740 alium
510 4684 591 4739 ab
621 4688 770 4754 [mea
802 4680 1047 4755 absque]
1081 4694 1168 4749 eo,
1192 4683 1351 4757 quia
1371 4686 1514 4743 Filio
1537 4690 1815 4762 mittitur,

209 4780 255 4815 ’⁸
308 4780 489 4838 Joan.
558 4794 654 4851 xv,
714 4780 805 4837 26.
864 4782 909 4816 ³⁸
964 4780 1133 4837 Joan.
1192 4798 1311 4851 xxv,
1368 4784 1454 4840 10.
1514 4788 1557 4823 ’⁸
1613 4789 1781 4845 Joan.
1831 4810 1864 4847 x

1920 4690 2141 4750 factus,
2155 4683 2303 4741 utad
2320 4683 2377 4740 id
2392 4682 2547 4755 quod
2562 4683 2634 4738 ad
2648 4680 3141 4739 consuetudinem
3156 4680 3577 4754 prophetarum

1943 4789 2033 4845 30.
2083 4785 2127 4820 ’τ
2184 4784 2352 4839 Joan.
2415 4799 2508 4849 xv,
2538 4781 2629 4836 26.
2685 4780 2728 4816 ’⁸
2775 4780 2942 4837 Joan.
2994 4792 3097 4846 xu,
3157 4773 3243 4834 49'.
3304 4779 3349 4812 ²⁹
3433 4777 3583 4833 Petr.

145 4868 181 4919 ι,
242 4836 455 4921 12,—“
502 4836 654 4925 Sep:
710 4870 786 4921 1x,
848 4852 936 4908 47.
987 4852 1029 4888 ³³
1084 4836 1252 4925 ἄρεω.
1298 4836 1453 4922 'de
1486 4859 1572 4914 16.
1614 4836 1809 4918 hvmi-1)

2095 4858 2139 4893 ³³
2186 4836 2355 4911 ibas.
2414 4836 2507 4919 xv,
2562 4855 2633 4908 26
2703 4854 2749 4887 ³³
2809 4851 2973 4907 Rom.
3032 4836 3154 4917 vin,
3236 4851 3324 4905 26.
3385 4849 3431 4884 3‘
3486 4854 3583 4905 Ps.

144 4939 274 4994 ινα,
306 4929 416 4983 28:
478 4940 696 4993 Amm,
752 4924 840 4992 19,
899 4925 944 4961 ³⁵
1003 4924 1158 4982 Psal.
1190 4942 1347 4995 xum,
1380 4928 1470 4995 19,
1528 4931 1574 4966 ³⁸
1634 4932 1681 4989 ΙΙ
1713 4934 1809 4990 Cc.

1963 4934 2001 4990 l.
2060 4930 2103 4965 ⁸⁷
2127 4926 2333 4984 Matth.
2368 4942 2567 4992 XXVIII,
2598 4926 2689 4980 20.

301 5026 321 5098 )
348 5022 529 5099 Idem
562 5036 702 5080 cum
732 5022 909 5099 veteri
938 5023 1103 5091 edit.,
1136 5045 1166 5075 «
1188 5026 1605 5099 proprietatem
1627 5030 1816 5091 Patris

143 5097 195 5151 et
215 5095 615 5154 intellectum
644 5095 932 5164 Parentis,
969 5118 997 5145 ››
1026 5100 1136 5152 etc.
1189 5095 1207 5099 ’
1297 5095 1315 5099 “
1716 5120 1719 5125 -

207 5167 320 5249 (σε)
350 5169 602 5249 Istaec,
619 5168 824 5249 «sicut
844 5167 1221 5249 manifestum
1245 5184 1373 5225 esse
1399 5174 1815 5249 poteritgei,qui

145 5238 321 5297 totum
354 5239 695 5366 perieg‘elrit
716 5238 931 5307 locum,
962 5264 982 5290 υ
1011 5240 1077 5323 in
1111 5239 1248 5322 Reg.
1306 5238 1422 5326 ms;
1472 5238 1814 5305 desideran-

145 5313 249 5366 tur.
282 5313 419 5366 Mox
454 5332 532 5366 ex
622 5316 754 5366 atic.
789 5318 845 5366 et
871 5317 1047 5366 veteri
1091 5312 1229 5366 edit.
1285 5318 1532 5366 restituo
1555 5342 1584 5366 ‹‹
1634 5321 1813 5366 Sniri-

143 5313 249 5393 tur.
282 5311 419 5371 M62:
454 5311 754 5393 exVatic.
789 5318 845 5393 et
871 5311 1229 5393 veteri-edit.
1268 5314 1532 5393 restituo
1555 5342 1584 5368 «
1634 5321 1813 5393 Spiri-

144 5386 260 5440 tum
291 5402 482 5444 suum
512 5404 527 5452 ;
559 5407 592 5434 n
629 5386 797 5457 cujus
828 5385 953 5441 loco
984 5382 1286 5457 obtinebat
1315 5385 1373 5441 in
1410 5394 1566 5445 recto
1613 5382 1817 5449 co‘ntra

143 5459 393 5530 auctoris
427 5456 709 5514 montem
746 5476 768 5505 ι
801 5456 1055 5530 Spiritus
1086 5456 1235 5528 ejus.
1270 5478 1298 5507 »

207 5529 317 5603 (64)
350 5532 718 5603 Ειοειῐᾲαοῐθο.
749 5550 776 5581 (ι
806 5529 1043 5603 exque,
1077 5532 1266 5603 gR‘eg.
1293 5546 1428 5603 ms.,
1455 5554 1482 5582 ‹‹
1504 5537 1559 5589 et
1579 5536 1766 5603 quasi.
1786 5560 1813 5586 ››

144 5597 369 5671 Tholos,
405 5626 437 5655 ‹‹
508 5601 578 5658 in
643 5614 779 5678 qua.
822 5597 1261 5678 »_Vid._EpisL
1321 5597 1518 5678 64,'ad
1574 5597 1812 5678 Fabiol:,

145 5688 297 5733 num.
332 5678 428 5734 19.
461 5672 739 5732 Emeudo
769 5673 988 5747 pariter
1033 5672 1593 5749 interpunctionem,
1644 5672 1816 5755 cujus

1925 5030 2068 5088 vitio
2099 5025 2298 5097 nullus
2329 5028 2454 5080 erat
2483 5024 2727 5097 hujusce
2759 5023 2982 5097 periodi
3014 5038 3211 5097 snsus.

2022 5099 2112 5172 65)
2145 5095 2408 5166 Tholos.,
2441 5093 2966 5172 «μὶῐίςοιηὶεέιῐιθοΔ
2981 5093 3424 5172 exhortationes.
3472 5095 3585 5172 tum

1927 5162 2367 5231 delectaverunt
2392 5162 2655 5223 animam
2690 5184 2903 5223 meam.
2927 5167 2997 5222 Et
3019 5166 3207 5231 aliter,
3230 5162 3581 5220 consolatio-

1927 5261 2031 5303 nes
2060 5249 2195 5307 tuas,
2234 5262 2255 5293 ι
2293 5245 2400 5296 etc.
2445 5241 2750 5296 Glossema
2800 5256 2866 5295 ex
2922 5238 3264 5294 criticorum
3312 5235 3579 5300 audacia,

1928 5315 2215 5374 Lectionis
2248 5329 2426 5383 quam
2459 5313 2744 5383 Didymus
2780 5315 2943 5383 urget
2974 5308 3362 5383 diversitasin
3383 5307 3582 5363 verbis

1928 5330 2215 5374 Lectionis
2292 5330 2426 5368 nam
2460 5330 2744 5383 Didymus
2780 5330 2811 5366 u
2862 5330 2943 5381 fet
2974 5330 3281 5366 mversnas
3306 5330 3362 5363 In
3384 5330 3581 5363 vernis

1923 5395 2035 5457 est,
2068 5330 2650 5462 »_la3ti(i_licaverunt_,__»
2681 5390 2739 5462 _et_
2770 5330 3179 5462 «fdikxerunt.
3219 5405 3239 5430 ιι
3278 5381 3359 5436 Re
3382 5383 3581 5462 autem

1922 5450 2061 5519 ver'a
2092 5458 2276 5516 Grzsci
2308 5456 2531 5528 aliquot
2564 5455 2945 5528 libriihabent
2975 5463 3269 5527 ἠγάπησαν,
3306 5475 3332 5503 ‹‹
3357 5450 3586 5528 _dils_xe-

1925 5539 2083 5601 runt,
2118 5554 2145 5582 »
2182 5528 2301 5586 allii
2334 5523 2609 5601 εὕῷραναν,
2651 5552 2669 5576 ιι
2709 5523 3168 5593 Ιωίίὓοανθὲυηὶ,
3204 5549 3230 5576 ν)
3261 5533 3323 5585 ut
3353 5523 3413 5582 in
3478 5523 3586 5581 L8.-

1923 5604 2087 5689 tinis.
