3970 6458
1599 299 1664 366 S.
1702 295 2014 364 EUSEBII
2057 296 2522 365 HIERONYMI.

3652 292 3767 361 136

361 440 450 494 est
479 436 613 510 (66),
641 436 830 510 «illam
851 434 989 492 dicit
1009 433 1352 503 Dominus,»
1371 433 1706 492 etiamillud
1729 434 2001 502 addatur,
2033 435 2087 501 Α
2119 433 2271 490 Patri
2294 435 2483 490 aufert
2513 433 2996 502 dominationem,
3030 448 3219 507 neque
3251 431 3392 490 Filio
3423 430 3702 490 deitatem
3747 447 3760 487 :

365 546 394 576 α
423 526 627 582 Sermo
665 527 762 598 qui
810 526 997 581 factus
1033 528 1122 580 est
1141 525 1212 580 ad
1257 524 1492 591 Isaiam,
1554 546 1581 574 »
1633 523 1749 580 sive
1776 524 1847 578 ad
1871 522 2003 579 reli-

361 631 532 686 quos.

431 705 520 758 29.
556 705 716 769 Quod
750 709 944 760 autem
979 705 1271 777 prophetae
1303 704 1583 776 Spiritum
1607 706 1876 758 sanctum
1901 702 2002 758 ha-

361 793 615 861 buerint,
650 794 764 849 Deo
796 791 1107 850 manifeste
1138 793 1411 866 loquente
1442 792 1868 863 cognoscimus.
1910 793 2005 846 Ait

359 883 548 938 enim:
585 906 610 931 ‹‹
647 885 1015 955 Quaecunque
1047 884 1318 938 mandavi
1348 883 1403 937 in
1423 882 1640 954 Spiritu
1667 898 1794 936 meo
1821 881 2002 936 servis

360 972 504 1026 meis
534 972 833 1044 prophetis
861 973 924 1027 ³⁸.
961 994 988 1022 α
1021 973 1085 1026 Et
1113 971 1376 1029 Salvator
1398 971 1455 1025 iii
1485 969 1796 1043 Evangelio
1818 970 2000 1040 signi-

359 1060 495 1115 ficat
516 1062 712 1132 justos
743 1061 914 1128 viros,
948 1066 1004 1118 et
1033 1077 1132 1116 eos
1167 1061 1264 1132 qui
1290 1066 1424 1115 ante
1455 1059 1763 1114 adventum
1823 1074 1998 1112 suum

358 1148 570 1220 populo
600 1153 845 1204 ventura
875 1148 1203 1204 cecinerant
1231 1150 1366 1219 [Vat.
1405 1148 1832 1220 praecinerent],
1868 1147 1995 1218 Spi-

355 1238 504 1292 ritus
561 1238 744 1293 sancti
796 1237 1143 1308 aspiratione
1216 1237 1556 1308 completos.
1618 1237 1992 1306 Interrogans

355 1327 572 1398 quippe
608 1327 928 1382 Pharismos
950 1326 1088 1398 quid
1113 1326 1196 1381 eis
1223 1327 1292 1382 de
1322 1326 1550 1382 Christo
1580 1325 1893 1388 videretur,
1946 1329 2002 1378 et

351 1416 596 1470 audiens
620 1414 756 1486 quia
774 1420 926 1470 esset
949 1413 1106 1469 filius
1127 1415 1300 1469 David
1328 1413 1734 1486 (67),]0quitur
1758 1431 1770 1466 :
1796 1436 1822 1462 «
1846 1414 1996 1478 Quo-

351 1504 524 1559 modo
555 1503 732 1558 David
768 1503 825 1557 in
859 1503 1079 1574 Spiritu
1107 1507 1275 1558 vocat
1323 1519 1457 1558 eum
1505 1502 1814 1558 Dominum
1853 1524 1879 1550 »
1910 1501 1996 1556 di-

347 1607 484 1648 cens
509 1609 521 1648 :
559 1613 586 1641 «
616 1592 770 1647 Dixit
789 1591 1074 1647 Dominus
1099 1591 1347 1647 Domino
1372 1607 1500 1647 meo
1529 1591 1706 1647 :Sede
1723 1607 1756 1646 a
1779 1591 1996 1645 dextris

346 1680 541 1737 meis?
570 1681 631 1736 Si
661 1696 796 1752 ergo
828 1679 1009 1736 David
1039 1684 1206 1736 vocat
1237 1695 1370 1735 eum
1408 1679 1466 1734 in
1513 1679 1732 1751 Spiritu
1789 1686 1990 1736 sancto

349 1769 687 1836 Dominum,
711 1769 1003 1868 quomodo
1029 1768 1214 1868 Pilius
1244 1769 1372 1868 eius
1403 1773 1492 1824 est
1519 1770 1582 1822 3°.
1604 1792 1644 1868 ,ι
1790 1769 1994 1868 Petrus
2026 1803 2074 1868 Β

346 1858 418 1914 ad
437 1862 739 1914 consortes
757 1857 889 1913 fidei
909 1857 1169 1929 loquitur
1195 1875 1207 1913 :
1230 1880 1255 1906 «
1273 1857 1586 1930 Oportebat
1601 1857 1830 1929 impleri
1846 1859 1995 1913 Scri-

346 1951 582 2019 pturam
604 1963 783 2019 quam
805 1947 1069 2019 praedixit
1084 1947 1334 2018 Spiritus
1353 1951 1591 2003 sanctus
1610 1963 1712 2018 per
1733 1964 1798 2002 os
1813 1947 1991 2002 David

349 2037 420 2093 de
446 2036 786 2105 Juda,etc.‘°
811 2054 822 2104 ;
859 2057 887 2085 ››
903 2040 958 2091 et
987 2036 1045 2091 in
1078 2037 1280 2092 eodem
1303 2053 1508 2092 rursus
1532 2035 1700 2092 libro:
1725 2058 1751 2086 ‹‹
1775 2036 1995 2108 Quiper

351 2124 654 2197 Spiritum,
683 2148 711 2175 »
743 2125 952 2196 inquit,
986 2147 1014 2174 ‹‹
1048 2130 1318 2181 sanctum
1351 2141 1449 2181 ore
1476 2125 1656 2180 David
1690 2125 1856 2196 pueri
1904 2126 1992 2180 tui

355 2213 585 2270 locutus
634 2231 729 2270 es:
777 2216 964 2280 Quare
1015 2215 1377 2269 fremuerunt
1423 2218 1648 2285 gentes,
1681 2218 1738 2268 et
1797 2213 1992 2286 populi

357 2303 624 2358 meditati
656 2308 796 2360 sunt
827 2303 1024 2359 inania
1054 2304 1093 2337 ⁴¹
1127 2302 1154 2356 ?
1185 2303 1366 2358 Isaias
1424 2317 1656 2374 quoque
1687 2319 1820 2358 cum
1871 2319 1990 2358 ser-

351 2408 524 2451 mone
552 2391 961 2465 Deiimpulsus
983 2393 1054 2448 ad
1080 2392 1552 2465 prophetandum
1579 2391 1787 2447 fuisset
1808 2391 1990 2464 Spiri-

343 2485 439 2540 tus
451 2481 636 2537 sancti
651 2481 893 2555 imperio
916 2482 1025 2553 (68)
1049 2481 1428 2553 prophetasse
1449 2480 1789 2553 perhibetur
1813 2499 1826 2536 :
1854 2481 1989 2536 utin

347 2569 462 2624 fine
494 2571 640 2626 131
678 2571 1016 2626 eorumdem
1040 2573 1290 2625 Actuum
1314 2569 1608 2625 scribitur.
1639 2593 1666 2619 «
1694 2569 1847 2625 Bene
1868 2570 1990 2642 Spi-

345 2657 494 2714 ritus
526 2663 766 2714 sanctus
795 2657 1026 2715 locutus
1057 2662 1145 2713 est
1173 2674 1276 2729 per
1305 2658 1516 2714 Isaiam
1541 2657 1880 2730 prephetam
1917 2658 1987 2713 ad

345 2749 542 2818 patres
573 2750 864 2815 vestros,»
900 2745 1136 2801 dicens:
1172 2745 1380 2801 «Vade
1401 2746 1472 2801 ad
1499 2746 1784 2818 populum
1810 2746 1987 2802 istum

344 2839 402 2892 et
431 2835 525 2890 dic
549 2851 561 2888 :
589 2838 741 2890 Aure
773 2835 1024 2891 audietis
1056 2837 1120 2906 ",
1149 2858 1175 2885 »
1203 2840 1260 2891 et
1286 2833 1528 2906 reliqua.
1586 2835 1745 2890 Hanc
1811 2835 1990 2908 igitur

343 2923 708 2998 prophetiam
741 2941 918 2997 quam
942 2923 1242 2996 apostolus
1273 2923 1488 2980 Paulus
1519 2923 1751 2980 aﬁrmat
1780 2941 1813 2980 a
1858 2925 1984 2996 Spi-

347 3013 464 3068 ritu
486 3017 686 3070 sancto
718 3013 1176 3086 pronuntiatam,
1222 3013 1346 3084 ipse
1402 3013 1549 3068 liber
1603 3012 1895 3085 propheta:
1954 3031 1988 3069 a

341 3101 586 3159 Domino
617 3101 832 3158 dictam
864 3119 992 3158 esse
1022 3107 1460 3158 commemorat.
1497 3125 1525 3151 «
1580 3102 1649 3156 Et
1700 3102 1917 3170 audivi,
1957 3126 1983 3150 ››

340 3191 530 3262 inquit
561 3189 761 3258 Isaias,
804 3211 825 3238 α

339 3279 593 3345 mittam,
623 3284 679 3335 et
722 3279 856 3352 quis
884 3279 991 3334 ibit
1020 3280 1090 3334 ad
1137 3279 1410 3352 populom
1471 3278 1696 3334 istum?
1727 3282 1794 3334 Et
1823 3279 1940 3333 dixi
1967 3296 1978 3333 :

342 3368 487 3424 Ecce
518 3384 646 3440 ego,
680 3367 845 3423 mitte
875 3367 1172 3435 me.Vadc,
1210 3391 1236 3415 ιι
1267 3367 1482 3439 inquit,
1514 3389 1544 3418 «
1577 3372 1634 3423 et
1655 3367 1747 3423 dic
1767 3367 1984 3440 populo

347 3455 485 3512 huic
512 3474 524 3511 :
559 3461 717 3512 Aure
746 3456 996 3511 audietis
1025 3456 1087 3521 ‘3,
1125 3479 1150 3504 »
1183 3460 1236 3511 et
1267 3459 1398 3528 post
1417 3455 1533 3511 alia
1553 3455 1679 3528 ipse
1701 3456 1984 3512 Dominus

347 3543 429 3600 ait
463 3561 475 3600 :
516 3568 535 3594 α
573 3549 640 3600 Et
671 3530 1095 3612 convertentur,
1127 3554 1183 3599 et
1209 3545 1426 3599 sanabo
1458 3543 1588 3599 illos
1620 3546 1682 3600 “.
1720 3568 1746 3591 ν
1777 3545 1845 3600 Et
1867 3549 1984 3601 sta-

343 3633 447 3690 tim
477 3633 792 3707 propheta:
828 3656 855 3682 «
890 3635 1222 3705 Quousque,
1257 3633 1546 3688 Domine?
1580 3655 1606 3681 ››
1639 3650 1773 3689 cum
1827 3634 1982 3690 enim

341 3723 622 3779 Dominus
653 3723 724 3778 ad
758 3721 1097 3794 prophetam
1127 3722 1390 3790 dixisset,
1422 3726 1486 3777 ut
1514 3739 1581 3778 ea
1611 3739 1737 3793 quae
1768 3724 1988 3796 scripta

341 3817 499 3880 sunt,
534 3811 749 3868 diceret
773 3812 906 3883 (69),
930 3815 986 3866 et
1017 3810 1300 3883 propheta
1321 3811 1556 3882 jubenti
1589 3812 1837 3867 Domino
1865 3830 1984 3869 res-

341 3902 680 3974 pondisset:
715 3924 742 3951 ‹‹
775 3905 1114 3973 Usquequo,
1157 3900 1400 3956 Domine
1429 3901 1473 3934 ‘5
1502 3901 1528 3955 ἱ)
1564 3923 1584 3949 ι
1617 3917 1684 3957 ea
1741 3919 1867 3974 quae
1926 3902 1982 3957 in

337 3991 621 4064 propheta
653 4008 685 4046 a
717 3989 960 4046 Domino
993 3990 1149 4046 dicta
1179 3994 1337 4056 sunt,
1397 3989 1454 4046 in
1505 3991 1719 4062 Spiritu
1782 3996 1983 4048 sancto

341 4083 799 4136 commemorata
843 4078 1061 4135 Paulus
1119 4080 1392 4135 afﬁrmat.
1454 4080 1533 4134 Ex
1591 4097 1706 4152 quo
1763 4081 1985 4153 liquido

342 4168 690 4238 ostenditur,
725 4171 788 4222 ut
818 4183 968 4239 saepe
992 4167 1409 4238 jamdiximus,
1436 4185 1614 4224 unam
1637 4175 1694 4225 et
1715 4169 1983 4226 volunta-

342 4263 460 4314 tem
492 4261 548 4312 et
578 4260 849 4312 naturam
882 4257 1114 4312 Domini
1147 4273 1291 4324 esse,
1325 4261 1382 4312 et
1410 4257 1660 4327 Spiritus
1692 4259 1902 4324 sancti,
1931 4265 1986 4316 et

342 4348 403 4403 in
435 4345 870 4417 nuncupatione
898 4344 1149 4417 Spiritus
1180 4346 1354 4400 etiam
1389 4362 1599 4401 nomen
1632 4347 1861 4403 Domini
1896 4348 1983 4403 in-

339 4434 673 4508 telligi.Quo
696 4433 867 4489 modo
889 4433 1042 4488 enim
1067 4434 1139 4489 ad
1165 4433 1494 4490 Corinthios
1515 4435 1861 4492 vocabulum
1883 4437 1981 4494 Dei

873 3207 1073 3246 vocem
1133 3191 1382 3255 Domini,
1437 3190 1764 3246 dicentem:
1799 3190 1980 3254 Quem
2014 3171 2055 3236 C

2114 523 2405 595 siquidem
2440 525 2550 595 (70)
2594 523 2796 579 eadem
2846 525 3070 580 ratione
3113 541 3230 596 qua
3274 523 3443 579 Pater
3479 521 3766 578 Dominus

2113 617 2199 667 est
2226 628 2238 666 :
2273 617 2329 667 et
2360 612 2540 668 Filius
2576 613 2725 668 Deus
2747 616 2868 667 est:
2905 611 2985 668 sic
3018 617 3073 668 et
3103 612 3356 684 Spiritus
3379 614 3622 666 sanctus
3652 610 3763 666 Do-

2115 700 2311 757 minus
2333 701 2792 772 nuncupatur.Si
2811 705 3005 756 autem
3028 700 3768 770 Dominus,consequenter

2113 793 2169 844 et
2200 789 2374 856 Deus,
2405 795 2470 843 ut
2500 789 2677 860 paulo
2708 794 2840 844 ante
2882 791 3006 860 jam
3057 791 3336 855 diximus,
3383 806 3516 843 cum
3561 804 3761 843 vocem

2112 878 2357 949 apostoli
2392 878 2542 934 Petri
2575 879 2646 932 ad
2678 879 2988 944 Ananiam,
3009 879 3106 950 qui
3129 878 3436 950 pecuniam
3459 877 3763 932 subtraxe-

2111 970 2218 1028 rat,
2253 983 2626 1038 poneremus,
2661 965 2799 1038 quia
2832 971 2888 1021 et
2911 967 3097 1022 deitas
3125 969 3220 1040 [αι.
3241 966 3539 1035 divinitas]
3565 981 3765 1037 super-

2110 1054 2466 1127 intelligitur
2498 1055 2553 1109 in
2587 1055 2809 1127 Spiritu
2841 1061 3061 1112 sancto.

2190 1232 2278 1286 30.
2314 1235 2528 1287 Verum
2561 1233 2836 1305 quoniam
2869 1233 3002 1289 inde
3062 1234 3403 1306 qumstionis
3463 1233 3606 1289 ordo
3661 1236 3761 1290 de-

2110 1321 2320 1376 ductus
2351 1327 2476 1377 est:
2518 1346 2535 1371 α
2575 1324 2720 1378 Cum
2751 1328 2945 1378 autem
2991 1324 3211 1379 venerit
3264 1323 3592 1396 paracletus
3634 1323 3764 1396 Spi-

2111 1409 2258 1464 ritus
2291 1415 2529 1466 sanctus
2561 1412 2629 1478 ‘5,
2661 1428 2834 1482 quem
2860 1413 3053 1468 mittet
3074 1412 3244 1468 Pater
3267 1412 3323 1467 in
3348 1413 3585 1469 nomine
3609 1429 3762 1479 meo,

2109 1496 2206 1552 ille
2234 1515 2335 1553 vos
2369 1498 2598 1554 docebit
2627 1500 2828 1554 omnia
2857 1501 2932 1555 ‘7:
2971 1523 2998 1549 ››
3030 1516 3134 1572 age
3168 1517 3322 1556 nunc
3365 1517 3434 1557 ex
3465 1500 3592 1574 ipso
3637 1518 3760 1557 ser-

2107 1603 2278 1643 mone
2305 1604 2656 1660 quaeramus,
2690 1589 2740 1644 si
2771 1588 2912 1660 quid
2947 1589 3007 1644 in
3042 1606 3106 1645 eo
3148 1589 3448 1661 possimus
3500 1589 3763 1647 invenire

2104 1692 2238 1732 cum
2270 1676 2363 1732 his
2386 1677 2713 1733 consentire
2744 1694 2869 1749 qua:
2901 1678 3058 1733 dicta
3087 1683 3247 1734 sunt.
3279 1679 3561 1751 Spiritum
3593 1696 3767 1735 sanc-

2105 1770 2264 1822 ctum
2296 1784 2330 1822 a
2361 1766 2528 1822 Patre
2558 1766 2618 1821 in
2651 1784 2756 1822 suo
2789 1766 2940 1822 mitti
2991 1768 3248 1834 nomine,
3291 1767 3556 1824 Salvator
3594 1768 3764 1824 affir-

2105 1860 2247 1919 mat,
2279 1872 2412 1911 cum
2437 1855 2672 1928 proprie
2702 1855 3020 1912 Salvatoris
3065 1873 3276 1913 nomen
3329 1858 3406 1913 sit
3447 1857 3652 1928 Filius,
3708 1857 3758 1912 si

2106 1945 2343 2016 quidem
2376 1949 2595 2000 natura:
2627 1945 3010 2014 consortium,
3043 1949 3120 2012 et,
3156 1950 3219 2001 ut
3248 1945 3329 2001 ita
3350 1946 3566 2013 dicam,
3620 1963 3761 2016 pro-

2107 2033 2322 2105 prietas
2353 2049 2760 2106 personarum,
2792 2049 2860 2089 ex
2888 2033 3000 2089 ista
3023 2051 3160 2090 voce
3189 2034 3475 2107 signatur.
3533 2035 3596 2090 In
3639 2051 3764 2107 qua

2105 2121 2494 2195 appellatione
2530 2121 2679 2189 Filii,
2714 2123 2935 2179 missus
2965 2141 2999 2179 a
3028 2127 3197 2180 Patre
3218 2123 3471 2196 Spiritus
3493 2127 3763 2192 sanctus,

2103 2229 2216 2267 non
2252 2227 2476 2282 servus,
2501 2229 2616 2267 non
2648 2211 2822 2278 alius,
2856 2229 2961 2268 nec
2992 2213 3328 2284 disjunctus
3357 2229 3392 2268 a
3422 2212 3566 2268 Filio
3588 2213 3768 2268 intel-

2101 2300 2320 2373 ligatur
2351 2301 2448 2372 [αὶ.
2477 2299 2869 2372 intelligitur].
2903 2302 2969 2356 Et
2995 2317 3110 2374 quo
3140 2302 3313 2357 modo
3341 2301 3518 2357 Filius
3549 2301 3607 2356 in
3633 2306 3755 2358 Pa-

2100 2391 2204 2445 tris
2233 2388 2620 2462 appellatione
2644 2389 2820 2457 venit,
2853 2389 3052 2446 dicens
3085 2407 3098 2444 :
3134 2413 3160 2439 ‹‹
3195 2389 3313 2462 Ego
3343 2390 3472 2445 veni
3505 2391 3662 2447 188
3687 2390 3754 2447 in

2099 2480 2334 2535 nomine
2348 2478 2536 2544 Patris
2560 2477 2673 2533 mei
2695 2478 2737 2512 ⁸⁸
2760 2494 2772 2532 :
2795 2499 2822 2528 »
2850 2477 2978 2533 Filii
2997 2478 3214 2552 quippe
3232 2479 3642 2535 tantummodo
3659 2483 3758 2535 est

2098 2569 2157 2624 in
2189 2568 2428 2624 nomine
2464 2565 2650 2622 Patris
2679 2566 2895 2634 venire,
2929 2566 3090 2623 salva
3121 2567 3475 2639 proprietate
3513 2559 3750 2648 Filiixad

2100 2659 2349 2725 Patrem,
2381 2660 2436 2712 et
2469 2656 2654 2712 Patris
2677 2656 2746 2710 ad
2773 2655 2983 2711 Filium
3008 2674 3020 2712 :
3055 2656 3136 2712 sic
3159 2672 3189 2712 e
3211 2656 3524 2725 contrario,
3550 2655 3760 2714 nullus

2099 2746 2252 2803 alius
2284 2746 2443 2801 venit
2475 2745 2534 2800 in
2569 2743 2804 2801 nomine
2835 2745 3046 2814 Patris,
3087 2746 3187 2801 sed
3219 2745 3378 2802 verbi
3421 2745 3631 2819 gratia,
3695 2747 3761 2802 in

2097 2834 2351 2902 Domini,
2384 2837 2440 2889 et
2469 2833 2590 2901 Dei,
2625 2837 2682 2889 et
2709 2833 3158 2906 Omnipotentis.
3185 2835 3348 2900 Quod
3368 2834 3757 2892 manifestum

2095 2925 2391 2980 advertere
2453 2921 2671 2995 poteris
2711 2922 3026 2996 prophetas
3085 2921 3349 2996 relegens
3408 2940 3476 2980 ex
3527 2925 3762 2981 animo.

2094 3013 2239 3069 Nam
2272 3017 2329 3068 et
2359 3013 2586 3084 Moyses
2614 3027 2866 3083 magnus
2896 3012 2997 3068 Dei
3040 3011 3310 3070 minister
3341 3016 3399 3069 et
3457 3013 3755 3084 famulus,

2095 3103 2152 3158 in
2188 3103 2424 3157 nomine
2454 3102 2602 3171 ejus,
2637 3101 2737 3172 qui
2760 3105 2874 3156 est:
2899 3105 2957 3157 et
2978 3101 3036 3156 in
3061 3101 3298 3158 nomine
3318 3102 3419 3158 Dei
3443 3103 3751 3161 Abraham

2094 3196 2152 3247 et
2185 3193 2363 3259 lsaac,
2392 3196 2448 3245 et
2475 3190 2651 3244 Jacob
2699 3189 2878 3255 venit,
2924 3190 3040 3246 Deo
3081 3192 3153 3247 ad
3220 3208 3355 3248 eum
3415 3191 3694 3264 loquente
3745 3213 3758 3250 :

2095 3304 2122 3330 ‹‹
2174 3281 2266 3336 Sic
2325 3279 2482 3335 dices
2541 3279 2677 3334 filiis
2725 3277 2950 3334 Israel:
2986 3278 3093 3343 Qui
3144 3283 3252 3345 est,
3309 3280 3473 3337 misit
3531 3297 3626 3336 me
3671 3284 3754 3338 ad

2092 3386 2197 3425 vos
2227 3370 2305 3424 ‘9:
2342 3392 2370 3418 ››
2401 3372 2458 3424 et
2481 3384 2728 3424 rursus:
2765 3391 2791 3416 ‹‹
2827 3367 2994 3423 Dices
3045 3368 3131 3424 eis
3165 3385 3177 3423 :
3213 3368 3366 3424 Deus
3424 3369 3758 3439 Abraham,

2095 3459 2275 3530 Isaac,
2315 3462 2372 3514 et
2426 3458 2606 3514 Jacob
2667 3457 2831 3512 misit
2884 3473 2977 3513 me
3037 3457 3108 3513 ad
3133 3475 3234 3513 vos
3257 3459 3322 3524 5°,
3349 3479 3376 3506 »
3435 3459 3759 3517 Servorum

2094 3547 2310 3620 quippe
2349 3548 2650 3619 justorum
2701 3544 2904 3618 quales
2951 3550 3115 3601 erant
3167 3547 3238 3602 de
3294 3546 3510 3618 quibus
3558 3546 3759 3606 dixit:

2096 3660 2123 3687 «
2147 3637 2435 3692 Mandabo
2465 3635 2524 3690 in
2547 3634 2766 3708 Spiritu
2803 3651 2928 3691 meo
2953 3635 3134 3690 servis
3150 3635 3297 3692 meis
3319 3635 3621 3709 prophetis
3643 3638 3758 3706 5',»

2097 3727 2156 3781 in
2189 3725 2425 3781 nomine
2456 3724 2556 3780 Dei
2589 3724 2743 3780 facta
2772 3729 2861 3780 est
2885 3724 3111 3781 missio.
3153 3725 3223 3780 Et
3253 3725 3391 3797 quia
3421 3727 3570 3796 (fort.
3625 3727 3761 3800 qui]

2096 3814 2306 3886 dignos
2345 3831 2407 3870 se
2435 3813 2826 3869 exhibuerunt
2851 3819 2983 3881 Deo,
3016 3812 3076 3868 in
3110 3813 3347 3868 nomine
3390 3813 3489 3870 Dei
3521 3815 3769 3874 venisse

2095 3904 2468 3959 referuntur:
2504 3919 2710 3959 rursus
2742 3901 3111 3975 proﬁcientes
3141 3902 3197 3956 in
3257 3903 3474 3974 majus,
3533 3908 3588 3960 et
3639 3907 3768 3962 sub

2097 3992 2273 4047 unius
2328 3991 2425 4046 Dei
2477 3993 2721 4063 imperio
2772 3991 3178 4060 consistentes,
3224 3991 3281 4047 in
3332 3993 3767 4065 omnipotentis

2093 4082 2194 4139 Dei
2226 4082 2662 4153 nuncupatione
2692 4084 2993 4138 venerunt.
3030 4081 3177 4146 Quia
3208 4097 3341 4137 vero
3399 4081 3503 4137 filii
3565 4082 3759 4140 Israel

2096 4173 2154 4226 in
2186 4172 2425 4244 Egypto
2453 4176 2913 4237 commorantes,
2946 4169 3279 4226 didicerunt
3307 4187 3425 4238 eos,
3480 4172 3581 4244 qui
3634 4190 3760 4230 non

2096 4265 2254 4328 sunt,
2293 4261 2460 4333 quasi
2485 4260 2623 4314 deos
2654 4259 2867 4327 colere,
2899 4263 2956 4314 et
2985 4259 3192 4314 mundi
3227 4264 3422 4332 patres
3479 4261 3591 4331 (71)
3656 4263 3761 4318 di-

2093 4350 2226 4406 vino
2259 4349 2477 4405 honore
2499 4348 2781 4413 venerari,
2818 4363 3183 4417 consequens
3215 4349 3342 4418 fuit,
3392 4353 3458 4405 ut
3512 4351 3759 4424 Moyses

2095 4440 2202 4495 sub
2235 4439 2421 4508 ejus,«
2457 4439 2561 4502 Qui
2591 4443 2702 4502 est,
2745 4461 2770 4485 ››
2802 4436 3083 4494 vocabulo
3104 4437 3174 4492 ad
3199 4453 3297 4494 eos
3318 4437 3670 4510 mitteretur,
3696 4447 3763 4498 et

343 4541 521 4598 super
551 4524 715 4578 Patre
747 4523 1026 4594 positum,
1056 4527 1112 4578 et
1141 4523 1370 4578 Domini
1396 4541 1572 4596 super
1593 4525 1756 4594 Fiiio,
1791 4543 1979 4599 neque
2009 4541 2056 4606 D
2089 4544 2123 4584 a
2154 4526 2318 4583 falsis
2340 4543 2440 4583 eos
2471 4526 2729 4582 liberans
2761 4526 2895 4596 diis,
2955 4526 3028 4582 ad
3081 4543 3278 4582 veram
3343 4529 3764 4587 transduceret

410 4643 452 4676 ³⁸
511 4646 691 4696 Amos
718 4656 802 4706 IlI,
835 4641 888 4692 7.
966 4639 1010 4711 3A9
1068 4638 1274 4711 Matth.
1337 4641 1701 4709 “11,4345.
1789 4643 1832 4677 ’νο
1879 4643 2004 4700 Act.
2059 4661 2100 4711 ι,

339 4715 428 4769 25.
515 4713 559 4746 ‘3
617 4713 727 4768 Isa.
763 4725 836 4778 vx,
865 4711 919 4778 8,
971 4709 1023 4765 9.
1083 4710 1294 4765 “ibid.
1353 4713 1436 4766 10.
1493 4713 1537 4745 ⁴⁵
1580 4711 1721 4768 ibid.
1787 4714 1872 4769 11.
1955 4717 1989 4752 κ

2172 4731 2224 4770 n.
2284 4731 2374 4782 xv,
2435 4715 2524 4767 26.

344 4758 744 4854 ῖῖἘκοᾱῖῖἶὶ,
774 4758 836 4837 III.’
869 4758 932 4816 ἐῖν
977 4758 1127 4838 ibid.
1154 4758 1760 4851 '1'5'7'81'2ach.'f,"e.

410 4904 500 4972 (66
531 4900 751 4974 Vitiose
790 4901 916 4954 erat
964 4902 1134 4954 antea
1186 4897 1245 4952 in
1307 4896 1532 4970 aliquot
1579 4899 1756 4955 etiam
1817 4917 1987 4974 mss.,

341 4997 368 5025 «
403 4972 816 5044 prophetatum
847 4975 954 5024 est.
1001 4993 1028 5018 »

429 5039 527 5114 67)"
545 5043 780 5098 Rectius
809 5045 976 5114 vetus
1009 5039 1205 5114 editio,
1240 5039 1430 5114 «quia
1451 5045 1606 5114 esset
1628 5040 1786 5097 filius
1807 5043 1986 5099 David

338 5117 397 5170 in
418 5113 648 5186 Spiritu
681 5118 888 5186 sancto
919 5113 1244 5186 loquentis,
1269 5113 1422 5166 Dixit
1462 5113 1724 5186 Dominus
1761 5114 1988 5186 Domino

336 5202 454 5241 meo
474 5183 500 5241 ἐ
531 5186 660 5240 Sede
690 5203 724 5240 a
751 5185 961 5240 dextris
999 5183 1168 5251 'meis,
1215 5184 1409 5255 denuo
1470 5183 1868 5255 interrogavit.
1931 5185 1988 5241 Si

339 5274 475 5328 ergo
509 5256 682 5328 David
729 5262 892 5311 vocat
920 5273 1078 5322 eum,
1104 5280 1125 5328 ag
1153 5254 1769 5328 etc.7Aliler_Thplos.,
1804 5280 1828 5309 ιι
1850 5257 1992 5328 quia

338 5326 495 5384 esset
525 5326 682 5382 ﬁlius
720 5327 1280 5395 David,dixit,David
1308 5327 1460 5381 enim
1492 5326 1754 5398 loquitur
1785 5329 1855 5384 de
1870 5326 1988 5386 Deo

339 5401 497 5455 Dixit
522 5400 788 5454 Dominus
819 5399 1044 5454 Domino
1075 5415 1212 5463 meo,
1249 5422 1275 5448 ››
1307 5405 1417 5454 etc.

409 5471 518 5541 (68)
539 5471 802 5544 Erat_nec
825 5469 948 5524 sine
977 5469 1184 5526 soimco
1208 5495 1233 5520 «
1261 5470 1513 5544 Spiritus
1536 5473 1785 5544 sanctus
1804 5470 1986 5543 impe-

337 5543 443 5598 rio.
471 5564 499 5592 »
531 5541 692 5608 Quod
720 5556 890 5595 nemo
924 5559 1036 5596 non
1063 5547 1226 5614 putet
1246 5541 1594 5669 tyépographi
1620 5541 1988 5609 mendum,et

337 5619 577 5669 reponat
608 5637 635 5664 «
669 5613 913 5669 sancti.»
938 5615 1290 5669 auemadmo
1336 5631 1433 5669 um
1464 5615 1522 5669 in
1543 5614 1987 5669 antiauiss.edi-

336 5619 577 5690 reponat
608 5637 635 5664 «
669 5613 913 5682 sancti,»
938 5613 1433 5685 quemadmodum
1464 5613 1522 5669 in
1543 5614 1987 5686 antiquiss.edi-

2159 4643 2242 4700 16.
2303 4643 2345 4676 “
2392 4643 2512 4716 Act.
2564 4659 2640 4716 Iv,
2685 4642 2804 4716 _25:
2865 4640 3018 4697 Psal.
3077 4643 3497 4716 i_i,1._"_Act.
3548 4662 3766 4716 xxvm,

2585 4713 2627 4746 ‘7
2676 4712 2842 4768 Joan.
2903 4730 3018 4781 x1v,
3078 4714 3167 4768 26.
3225 4714 3268 4750 ⁸⁸
3322 4714 3491 4771 Joan.
3542 4734 3597 4783 v,
3663 4712 3761 4776 43.

2097 4902 2276 4966 tione,
2311 4915 2488 4972 quam
2517 4915 2752 4972 sequor.
2779 4900 2889 4955 Sed
2922 4899 3127 4972 malim
3157 4900 3430 4972 equidem
3476 4901 3536 4957 in
3596 4910 3770 4966 recto

2100 4996 2129 5025 (ί
2161 4970 2401 5029 sanctus
2425 4995 2457 5051 ,τ
2471 4970 2902 5051 ,ΓϐῐΑίῆθΓῇρῐὈια
2923 4970 3169 5051 imperio
3190 4970 3432 5028 {autem
3461 4972 3629 5051 legi»
3651 4994 3770 5051 per

2097 5061 2255 5110 eum,
2292 5066 2313 5092 υ
2354 5042 2598 5110 scilicet,
2634 5059 2734 5116 per
2747 5042 2984 5116 Isaiam.
3014 5042 3121 5098 Hic
3142 5060 3354 5116 nempe
3374 5042 3632 5102 auctoris
3651 5042 3767 5107 'est

2098 5132 2333 5190 sensus,
2362 5115 2643 5186 totusque
2692 5115 2930 5171 inferior
2987 5115 3297 5172 contextus
3347 5118 3764 5190 conjecturam

2098 5188 2495 5342 ῗῗῗὲἕῆθιυε
2529 5257 2727 5325 editio,
2765 5281 2791 5307 α
2824 5274 2951 5330 quae
2982 5257 3204 5330 scripta
3235 5262 3392 5327 sunt’
3427 5259 3485 5314 in
3527 5261 3763 5333 Spiritu

2098 5331 2533 5475 ὼῗξδῗῐξιῖῐὶρεεξ
2560 5404 2684 5456 erat
2713 5399 2942 5456 duobus
2975 5400 3184 5475 verbis,
3217 5423 3243 5450 «
3280 5401 3363 5457 sic
3420 5402 3684 5475 quidem.
3725 5433 3762 5459 ))

2189 5403 2280 5474 70)
2311 5403 2528 5456 Vitiose
2560 5404 2684 5456 erat
2713 5403 2942 5456 duobus
2975 5403 3184 5468 verbis,
3217 5423 3243 5450 «
3280 5403 3363 5457 sic
3420 5403 3684 5475 quidem.
3725 5433 3762 5459 ))

2168 5403 2282 5544 θη)
2311 5471 2620 5551 thinehat
2650 5477 2820 5527 antea
2850 5494 2876 5521 «
2909 5471 3113 5551 mundi
3136 5477 3354 5545 partes,
3385 5496 3413 5523 ››
3451 5491 3555 5551 pro
3589 5498 3618 5528 «
3644 5496 3766 5551 pa-

2098 5543 2237 5626 tres.
2272 5567 2300 5594 »
2332 5543 2561 5617 Reginae
2591 5561 2710 5600 ms.
2745 5543 3001 5601 secunda
3032 5543 3209 5600 manu
3253 5569 3282 5594 «

2098 5632 2275 5689 eipes.
2313 5637 2335 5666 ι

3335 5547 3539 5602 mundi
3588 5547 3770 5621 prin-
