3970 6432
180 384 275 453 137
867 378 1364 455 TRANSLATIO
1404 382 1617 457 mem
1662 376 1942 449 DlDYMI
1987 384 2089 448 ne
2132 386 2447 452 SPIRITU
2490 390 2819 453 SANCTO.
3426 367 3543 454 me

179 515 435 584 deitatem,
467 517 525 570 et
554 514 627 571 ad
655 514 965 572 Dominum
998 520 1231 590 patrum
1257 516 1574 587 Abraham,
1602 517 1784 585 Isaac,
1814 514 1871 584 Α
1900 517 2146 574 Domino
2177 520 2392 577 donata
2416 525 2557 577 sunt
2589 522 2673 578 eis
2699 538 2712 577 :
2745 522 2828 579 ita
2857 525 2922 578 ut
2954 522 3006 577 is
3042 522 3141 594 qui
3196 523 3371 579 fuerit
3426 524 3543 597 spi-

177 612 224 663 et
241 604 420 663 Iacob.
1892 605 2071 662 ritum
2104 608 2476 667 revelationis
2507 615 2564 666 et
2604 611 2903 683 sapientia:
2952 616 3321 680 consecutus,
3374 613 3541 669 sufﬁ-

234 695 311 750 31.
336 693 453 757 Quo
483 693 655 761 modo
684 709 821 767 ergo
850 694 1000 751 servi
1038 695 1137 768 qui
1170 695 1229 751 in
1270 696 1505 752 nomine
1553 694 1783 751 Domini
1892 695 2050 749 ciens
2083 696 2158 751 sit
2187 698 2448 755 veritatis
2477 701 2752 771 dogmata
2782 701 3097 772 praedicare
3120 718 3235 756 non
3258 702 3538 771 humana,

176 781 399 849 veniunt,
428 798 534 854 per
561 781 671 839 hoc
700 782 896 855 ipsum
927 785 1082 856 quod
1110 784 1358 855 subjecti
1390 788 1548 854 sunt,
1582 788 1640 840 et
1668 800 1785 838 ser-
1892 785 1991 838 sed
2024 784 2122 840 Dei
2158 791 2282 841 arte
2312 788 2602 844 subnixus
2628 805 2641 845 :
2677 789 2829 845 sicut
2855 794 2910 845 et
2940 806 3126 845 unum
3158 806 3228 844 ex
3257 790 3350 846 his
3387 793 3539 863 Apo-

176 870 608 943 viunt,indicant
636 870 972 943 Dominum,
1006 873 1419 946 proprietatem
1469 874 1599 944 ejus
1632 872 1781 929 refe-
1891 871 2073 927 tolum
2107 890 2426 944 possumus
2450 878 2969 945 audire,dicentem
3000 896 3012 933 :
3052 900 3079 929 «
3112 879 3179 933 Et
3200 878 3550 953 praedicatio

174 964 368 1018 rentes:
398 959 550 1016 servi
582 960 799 1033 quippe
828 965 971 1019 sunt
988 961 1255 1018 Domini:
1283 962 1366 1018 sic
1388 966 1445 1017 et
1476 961 1658 1017 Filius
1679 962 1780 1033 qui
1892 976 2021 1016 mea
2046 965 2102 1017 et
2132 978 2324 1019 sermo
2349 981 2515 1020 meus
2538 982 2652 1023 non
2676 966 2736 1020 in
2759 966 3242 1037 persuasibilibus
3264 967 3537 1023 humanae

173 1048 305 1106 venit
320 1049 374 1104 in
421 1048 659 1105 nomine
678 1048 888 1118 Patris,
940 1050 1354 1123 proprietatem
1378 1050 1565 1127 Patris
1591 1054 1784 1122 portat
1890 1050 2193 1121 sapientiae
2222 1053 2413 1108 verbis
2439 1071 2450 1109 :
2487 1055 2585 1110 sed
2619 1055 2678 1109 in
2711 1055 3045 1111 ostensione
3068 1056 3320 1127 Spiritus
3342 1060 3400 1112 et
3427 1056 3539 1111 vir-

172 1142 220 1194 et
243 1153 452 1203 nomen,
484 1142 544 1195 et
582 1154 685 1210 per
713 1137 835 1197 haec
865 1138 1202 1212 unigenitus
1232 1139 1331 1195 Dei
1359 1124 1541 1195 Filius
1571 1155 1740 1211 apprc

1967 1138 2033 1194 tis
2062 1139 2162 1194 Dei
2197 1141 2311 1212 (74)
2342 1143 2404 1197 55.
2442 1165 2469 1192 »
2500 1141 2799 1214 [Equalem
2822 1159 2955 1199 vero
2987 1124 3230 1217 Spiritui
3262 1144 3535 1201 virtutem

172 1228 316 1285 batur
340 1227 430 1299 (at.
464 1226 838 1299 appellatur).
871 1227 1018 1295 Quia
1042 1244 1178 1301 ergo
1222 1228 1476 1300 Spiritus
1541 1231 1780 1285 sanctus
1890 1230 3538 1304 nonpossumusaliampreeterChristumDominum140

173 1316 219 1371 in
246 1315 459 1373 nomine
494 1315 615 1372 Filii
650 1306 684 1373 a
713 1320 881 1374 Patre
914 1317 1188 1385 mittitur,
1216 1317 1441 1374 habens
1467 1317 1598 1373 Filii
1646 1333 1780 1390 pro-
1888 1318 2865 1392 nostruminterpretarinseenim
2881 1320 3185 1392 discipulis
3200 1322 3354 1378 ait:«
3370 1323 3535 1379 Acci-

172 1404 459 1475 prietatem,
489 1406 813 1465 secundum
840 1406 995 1479 quod
1027 1406 1181 1462 Deus
1249 1410 1357 1474 est,
1410 1423 1526 1463 non
1582 1409 1779 1463 tamen
1890 1402 2064 1475 pietis
2093 1406 2251 1462 enim
2273 1408 2547 1464 virtutem
2560 1409 2811 1480 Spiritus
2829 1410 3015 1466 sancti
3037 1412 3363 1469 venientem
3384 1411 3408 1484 ‘[
3420 1414 3532 1469 Vat.

169 1491 549 1563 tilieitatem,ut
578 1493 759 1551 Filius
796 1496 923 1567 ejus
953 1495 1313 1563 sit,ostendit
1341 1496 1480 1568 quia
1510 1495 1623 1568 (72)
1650 1494 1779 1551 uni-
1888 1494 2199 1567 venientis]
2230 1513 2408 1569 super
2434 1515 2537 1553 vos
2566 1499 2608 1532 57
2635 1515 2683 1565 ;n
2719 1502 2775 1553 et
2802 1499 2874 1553 ad
2892 1498 3127 1555 Mariam
3152 1499 3398 1572 angelus
3434 1501 3549 1571 [al.q

167 1586 263 1639 tate
287 1581 356 1639 sit
373 1584 617 1655 junctus
646 1584 717 1643 ad
748 1583 983 1642 Filium.
1017 1584 1180 1641 Unde
1201 1590 1257 1641 et
1287 1585 1413 1641 Filii
1462 1585 1653 1642 dictus
1692 1590 1782 1642 est
1890 1582 2325 1656 archangelus],
2361 1608 2387 1635 «
2424 1585 2701 1658 Spiritus,
2739 1608 2768 1636 »
2790 1586 3039 1659 inquit,«
3072 1591 3313 1644 sanctus
3331 1605 3535 1660 super-

167 1671 402 1745 Spiritus,
433 1690 538 1747 per
567 1674 935 1747 adoptionem
968 1675 1185 1731 faciens
1216 1674 1369 1732 ﬁlios
1418 1692 1538 1741 eos,
1567 1675 1669 1747 qui
1718 1690 1780 1731 se
1885 1672 2079 1728 veniet
2108 1674 2165 1728 in
2200 1677 2339 1741 te,et
2366 1674 2554 1730 virtus
2585 1674 2872 1731 Altissimi
2899 1676 3275 1732 obumbrabit
3302 1677 3409 1732 tibi
3431 1678 3530 1733 ⁵⁸.»

165 1760 385 1833 recipere
403 1761 742 1819 voluissent.
772 1784 799 1813 «
830 1763 939 1830 Qui
958 1764 1171 1831 enim,»
1201 1763 1452 1837 inquit,«
1500 1765 1643 1821 estis
1674 1764 1779 1820 filii
1889 1760 2148 1818 Creatrix
2177 1763 2358 1836 igitur
2380 1766 2566 1821 virtus
2593 1764 2899 1833 Altissimi,
2934 1765 3155 1837 Spiritu
3189 1770 3393 1822 sancto
3435 1783 3534 1822 su-

166 1846 431 1917 Dei,misit
460 1851 634 1908 Pater
662 1851 945 1925 Spiritum
975 1852 1105 1908 Filii
1130 1853 1221 1909 sui
1254 1853 1315 1908 in
1351 1852 1527 1910 corda
1556 1859 1777 1922 nostra,
1809 1886 1858 1951 B
1889 1851 2260 1923 perveniente
2280 1853 2340 1908 in
2366 1852 2666 1925 Virginem
2694 1853 3185 1921 Mariam,Christi
3216 1872 3428 1927 corpus
3451 1856 3535 1912 fa-

163 1936 523 1995 clamantem:
557 1941 745 2009 Abba,
777 1941 947 1998 Pater
975 1942 1038 1997 5’.
1076 1964 1103 1991 ››
1134 1943 1244 1998 Iste
1277 1946 1475 1998 autem
1523 1941 1777 2015 Spiritus
1809 1936 1857 1951 "
1888 1940 2164 1997 bricavit:
2200 1958 2316 2013 quo
2348 1941 2447 1998 ille
2481 1960 2624 2000 usus
2654 1942 2893 2015 templo,
2926 1943 3054 1999 sine
3084 1943 3191 1998 viri
3224 1947 3399 2000 natus
3447 1949 3537 2001 est

162 2032 397 2100 sanctus,
428 2029 530 2102 qui
560 2030 718 2086 venit
738 2030 796 2086 in
821 2030 1057 2087 nomine
1089 2030 1237 2099 Filii,
1271 2030 1493 2088 missus
1524 2047 1558 2086 a
1588 2030 1777 2098 Patre,
1886 2029 2131 2086 semine.

161 2116 360 2173 docebit
380 2118 579 2174 omnia
607 2134 706 2175 eos
737 2119 837 2192 qui
866 2118 925 2176 in
960 2120 1073 2176 fide
1095 2119 1310 2176 Christi
1345 2120 1583 2193 perfecti
1615 2124 1774 2189 sunt,
1956 2119 2044 2175 32.
2077 2119 2155 2174 Ex
2186 2119 2400 2193 quibus
2430 2122 2761 2178 ostenditur
2789 2137 2916 2177 esse
2938 2121 3219 2193 Spiritum
3262 2125 3533 2179 sanctum

160 2205 1778 2282 omniaautemillaquaespiritualiasuntetintellectualia
1887 2212 2226 2276 creatorem,
2262 2213 2326 2265 ut
2350 2211 2476 2281 jam
2500 2211 2558 2265 in
2593 2216 2926 2279 Damnatum
2955 2209 3252 2267 volumine
3284 2210 3536 2268 breviter

157 2296 205 2347 et
244 2298 303 2349 ut
346 2295 496 2352 189
544 2296 797 2357 breviter
842 2297 1119 2354 universa
1156 2297 1527 2365 concludam,
1578 2298 1776 2353 omnia
1885 2296 2253 2353 ostendimus
2282 2299 2415 2369 (75).
2442 2299 2587 2354 Etin
2610 2298 2842 2355 Psalmo
2862 2299 2936 2354 ad
2957 2298 3273 2355 Dominum
3295 2299 3529 2356 dicitur:

156 2382 389 2441 veritatis
417 2388 473 2441 et
501 2385 802 2459 sapientiae
835 2386 1475 2445 sacramenta.Docebit
1494 2403 1773 2454 vero,non
1885 2406 1911 2433 ‹‹
1945 2386 2185 2441 Auferes
2218 2386 2289 2441 ab
2320 2387 2404 2442 eis
2438 2386 2722 2459 Spiritum
2750 2390 2941 2453 tuum,
2975 2390 3033 2442 et
3062 2386 3352 2455 deficient,
3385 2393 3443 2443 et
3471 2387 3531 2442 in

157 2471 1776 2549 quasidoctoretmagisterdisciplinaa,quamaliundeest
1884 2478 2099 2528 terram
2134 2491 2302 2530 suam
2346 2479 2724 2532 revertentur.
2761 2475 2971 2531 Emitte
3007 2474 3288 2546 Spiritum
3338 2480 3529 2546 tuum,
3558 2465 3571 2473 ’

155 2567 500 2621 consecutus:
523 2563 812 2637 siquidem
834 2564 943 2620 hoc
961 2564 1391 2637 eorumest,qui
1417 2564 1772 2638 sapientiam
1883 2565 1939 2616 et
1968 2563 2347 2631 creabuntur,
2383 2569 2439 2619 et
2468 2564 2773 2621 renovabis
2804 2564 3011 2620 faciem
3043 2568 3212 2620 terra:
3243 2566 3306 2622 ‘9.
3344 2588 3371 2615 ››
3416 2566 3532 2623 Nec

154 2650 199 2703 et
224 2654 367 2708 artes
396 2651 629 2725 aliquas
660 2653 768 2725 ('72)
801 2652 995 2709 studio
1026 2653 1435 2726 industriaque
1478 2654 1769 2724 didicere;
1886 2651 2101 2706 mirum
2134 2651 2183 2708 si
2207 2652 2495 2708 Dominici
2522 2658 2752 2709 tantum
2785 2654 3044 2725 corporis
3077 2653 3334 2725 Spiritus
3394 2672 3532 2711 san-

156 2738 241 2793 sed
271 2741 431 2812 quasi
461 2740 591 2814 ipse
612 2741 708 2813 [aL
741 2742 886 2813 ipsa]
923 2759 1017 2798 ars
1039 2747 1217 2815 atque
1264 2742 1532 2799 doctrina
1577 2746 1634 2799 et
1680 2759 1773 2799 sa-
1884 2745 2011 2795 ctus
2031 2740 2298 2797 conditor
2319 2741 2553 2810 sit,cum
2580 2742 2733 2798 Patri
2758 2742 3018 2814 Filioque
3042 2742 3531 2811 sociatus,cadem

153 2824 344 2897 pientia
355 2829 740 2902 veritatisque
769 2830 1236 2903 Spiritus,indivi
1245 2832 1291 2888 si
1300 2831 1605 2904 biliter[al.
1624 2831 1772 2887 invi-
1883 2833 2167 2901 potestate
2180 2832 2463 2887 creaverit
2476 2832 2813 2904 omniaquae
2834 2832 3001 2888 Pater
3012 2832 3230 2888 creavit
3248 2836 3306 2888 et
3324 2832 3528 2895 Filius.

150 2914 311 2991 sibili]
339 2919 519 2976 menti
542 2918 809 2976 insinuat
830 2918 1137 2977 scientiam
1159 2920 1519 2977 divinorum.
1543 2919 1691 2979 Nam
1714 2927 1772 2977 et
1882 2941 1908 2968 ‹‹
1926 2918 2139 2975 Emitte
2152 2919 2367 2985 enim,»
2388 2920 2490 2988 ait,
2508 2945 2532 2971 ‹‹
2550 2921 2833 2993 Spiritum
2852 2922 3529 2990 tuum,etcreabuntur.»

152 3006 299 3062 Pater
324 3007 490 3066 docet
520 3009 607 3066 sic
630 3000 953 3083 discipulos
983 3027 1147 3078 suos,
1180 3010 1413 3067 dicente
1442 3010 1544 3066 illo
1567 3010 1667 3084 qui
1697 3012 1770 3068 ab
1882 3010 2059 3064 Porro
2069 3009 2197 3079 jam
2230 3007 2572 3082 frequenter
2617 3009 2985 3065 ostendimus
3040 3011 3303 3095 ejusdem
3328 3000 3531 3085 opera-

148 3109 205 3148 eo
233 3094 427 3154 doctus
458 3099 685 3154 fuerat:
712 3098 885 3168 Deus,
911 3098 1163 3156 docuisti
1189 3116 1280 3157 me
1301 3099 1673 3172 sapientiam.
1701 3100 1772 3155 Et
1880 3095 2057 3152 tionis
2090 3114 2219 3154 esse
2257 3098 2536 3170 Spiritum
2588 3103 2881 3169 sanctum,
2928 3100 3097 3169 cujus
3144 3103 3232 3155 est
3250 3094 3448 3156 F'Pater
3475 3103 3532 3154 et

149 3182 403 3243 audacter
431 3185 551 3245 alio
583 3186 1021 3245 conclamante:
1056 3212 1084 3239 ‹‹
1117 3189 1377 3246 Docuisti
1406 3206 1517 3256 me,
1553 3189 1770 3255 Deus,a
1808 3254 1839 3260 _
1880 3185 2082 3254 Filius,
2115 3190 2171 3243 et
2201 3187 2260 3241 in
2292 3187 2494 3243 eadem
2518 3188 2854 3260 operatione
2894 3204 3074 3243 unam
3100 3203 3229 3243 esse
3246 3187 3523 3243 substan-

142 3270 354 3341 juvente
382 3292 516 3334 mea
546 3277 624 3333 ‘3:
658 3300 681 3329 ι
721 3281 897 3351 atque
928 3277 1009 3333 ita
1029 3294 1232 3335 omnes
1262 3278 1415 3334 ﬁunt
1436 3278 1611 3334 docti.
1663 3278 1765 3335 Dei
1798 3254 1841 3321 C
1878 3274 2020 3331 tiam
2048 3293 2061 3342 ;
2096 3279 2154 3330 et
2185 3276 2475 3347 reciproca
2502 3292 2704 3332 eorum
2736 3292 2860 3347 quae
2891 3284 3101 3346 ὁμούσια
3132 3281 3291 3344 sunt,
3325 3293 3525 3349 opera-

148 3374 353 3436 quoque
379 3365 569 3423 Filius
598 3369 657 3422 et
686 3366 976 3440 sapientia
1006 3367 1106 3423 Dei
1136 3372 1193 3423 et
1223 3366 1438 3425 veritas
1468 3368 1554 3423 sic
1601 3368 1771 3423 docet
1877 3363 2093 3420 tionem
2127 3381 2363 3437 quoque
2393 3382 2509 3420 non
2551 3382 2679 3421 esse
2724 3365 3035 3421 diversam.
3097 3366 3170 3420 Ut
3215 3371 3413 3427 autem
3471 3370 3528 3422 et

146 3451 430 3527 participes
460 3472 625 3524 suos,
660 3461 727 3513 ut
747 3456 1121 3529 disciplinam
1144 3473 1260 3513 non
1281 3460 1405 3513 arte
1435 3457 1765 3521 doceat,sed
1880 3451 2037 3509 aliud
2063 3470 2294 3525 quoque
2318 3453 2725 3510 testimonium
2751 3455 2906 3526 quod
2931 3470 3035 3511 nos
3048 3455 3528 3528 possitadjuvare

147 3542 355 3597 natura.
389 3543 555 3601 Unde
586 3550 644 3601 et
674 3561 810 3601 eum
843 3546 1125 3602 docentur
1172 3546 1366 3603 solum
1418 3546 1768 3617 magistrum
1880 3541 1940 3596 in
1973 3542 2085 3597 ﬁde
2115 3541 2369 3614 Spiritus
2402 3542 2588 3599 sancti
2623 3560 2934 3615 ponamus,
2976 3543 3036 3598 in
3089 3542 3399 3617 Evangelio
3447 3542 3529 3600 ita

144 3641 322 3686 vocare
342 3631 767 3706 discipuli.Has
788 3635 1023 3691 easdem
1046 3634 1388 3709 disciplinas
1408 3652 1535 3708 quae
1557 3636 1772 3691 dantur
1881 3646 2074 3687 sermo
2105 3631 2470 3687 contexitur:
2506 3656 2532 3681 «
2567 3632 2771 3689 Adhuc
2803 3632 2989 3687 multa
3020 3632 3206 3688 habeo
3239 3633 3403 3689 vobis
3445 3632 3531 3689 di-

149 3730 177 3769 a
201 3716 354 3776 Patre
378 3726 438 3778 et
474 3721 623 3779 Filio
654 3722 713 3779 in
746 3724 921 3780 corda
941 3724 1325 3796 credentium,
1356 3724 1615 3797 Spiritus
1643 3742 1773 3781 san-
1881 3737 2030 3787 cere,
2062 3721 2165 3777 sed
2198 3737 2312 3777 non
2346 3722 2590 3793 potestis
2620 3739 2689 3778 ea
2718 3726 2951 3793 portare
3000 3723 3197 3778 modo.
3236 3721 3381 3777 Cum
3427 3738 3531 3778 au-

149 3807 263 3863 ctus
289 3809 589 3870 ministrat
608 3810 703 3870 his
733 3814 833 3887 qui
860 3812 1148 3870 animales
1175 3830 1303 3871 esse
1342 3813 1627 3870 desierint
1670 3815 1768 3886 [αι.
1880 3814 1995 3866 tem
2030 3810 2256 3866 venerit
2286 3808 2383 3866 ille
2413 3811 2667 3882 Spiritus
2688 3810 3191 3884 veritatis,diriget
3208 3826 3310 3866 vos
3341 3813 3397 3866 in
3416 3827 3536 3867 om-

151 3893 465 3973 desistunt].
492 3924 521 3952 ‹‹
555 3901 847 3958 Animalia
864 3902 1078 3976 quippe
1103 3902 1280 3959 homo
1303 3920 1417 3959 non
1441 3903 1685 3975 percipit
1705 3920 1773 3961 ea
1881 3916 2013 3955 nem
2046 3897 2372 3954 veritatem.
2406 3899 2604 3971 Neque
2632 3899 2789 3955 enim
2822 3898 3103 3971 loquetur
3133 3916 3166 3953 a
3195 3898 3534 3987 semetipso,

152 3998 267 4054 quae
283 3988 528 4062 Spiritus
550 3996 695 4048 sunt
718 3992 819 4061 “,n
842 3992 1136 4048 arbitrans
1158 4009 1286 4049 esse
1308 3992 1622 4048 stultitiam
1645 4010 1771 4065 quae
1883 3990 1988 4047 sed
2010 4004 2398 4061 quacumque
2431 3988 2648 4056 audiet,
2697 3988 3005 4059 loquetur:
3030 3991 3087 4042 et
3116 4003 3242 4058 quae
3289 3993 3536 4047 ventura

148 4071 405 4134 dicuntur
451 4097 465 4147 ;
537 4079 643 4153 qui
704 4097 837 4138 vero
881 4098 916 4137 a
941 4080 1491 4155 perturbationibus
1561 4099 1773 4154 purga-
1884 4083 2024 4135 sunt
2053 4077 2434 4133 annuntiabit
2460 4077 2641 4133 vobis.
2679 4076 2781 4133 Ille
2804 4094 2897 4132 me
2929 4075 3277 4133 clarificabit
3313 4077 3539 4151 [al.glo—

146 4162 277 4220 verit
304 4173 560 4226 mentem
590 4186 787 4241 suam,
818 4171 1076 4245 Spiritus
1108 4171 1297 4228 sancti
1329 4171 1684 4243 disciplinis,
1714 4171 1774 4228 id
1886 4166 2155 4233 rificabit]
2197 4183 2210 4221 :
2244 4165 2380 4236 quia
2428 4165 2498 4221 de
2556 4182 2685 4221 meo
2738 4166 3004 4238 accipiet,
3055 4170 3111 4221 ct
3163 4166 3538 4223 annuntiabit

143 4255 617 4321 est,sermonibus
638 4259 1345 4333 sapientiae,scientimque
1367 4259 1776 4333 complebitur,
1884 4254 2287 4313 vobis.0mnia
2317 4272 2443 4327 qua:
2467 4253 2643 4310 habet
2668 4259 2856 4324 Pater,
2880 4272 3011 4311 mea
3030 4259 3191 4311 sunt.
3219 4256 3531 4328 Propterea

144 4336 193 4395 in
221 4346 439 4405 tantum
473 4355 543 4406 ut
571 4348 623 4405 is
660 4348 760 4422 qui
815 4366 883 4407 ea
921 4350 1247 4423 susceperit
1303 4350 1502 4406 dicat:
1541 4371 1568 4399 «
1600 4350 1779 4407 Nobis
1888 4346 2007 4403 dixi
2056 4345 2241 4413 vobis,
2293 4344 2432 4416 quia
2472 4345 2541 4400 de
2597 4361 2725 4400 meo
2768 4345 3033 4417 accipiet,
3080 4349 3136 4401 et
3165 4345 3541 4402 annuntiabit

146 4434 317 4490 autem
340 4437 617 4495 revelavit
646 4438 801 4494 Deus
841 4455 946 4512 per
991 4438 1276 4513 Spiritum
1326 4442 1598 4495 sanctum
1651 4440 1714 4495 ⁸⁵.
1748 4461 1777 4491 ››
1887 4435 2053 4491 vobis
2081 4436 2147 4491 5°.
2182 4458 2210 4484 ››

143 4515 280 4579 Deus
299 4530 493 4585 autem
528 4528 625 4584 his
655 4527 757 4601 qui
782 4544 847 4585 se
876 4528 957 4583 ita
986 4528 1469 4602 preparaverint,
1492 4528 1779 4600 Spiritum
1961 4527 2050 4581 33.
2085 4526 2166 4581 Ex
2196 4523 2289 4580 bis
2334 4524 2491 4579 enim
2546 4528 3050 4580 sacramentorum
3099 4526 3291 4581 verbis
3339 4525 3539 4581 edoce-

147 4608 419 4678 sapientiaa
455 4614 1219 4691 revelationisquelargitur
1238 4617 1311 4672 ad
1335 4618 1777 4690 cognocendum
1812 4624 1859 4690 D
1894 4614 2209 4687 mur,quod
2254 4630 2385 4669 cum
2422 4613 2608 4668 multa
2637 4614 2928 4669 docuisset
2954 4614 3274 4685 discipulos
3305 4630 3442 4670 suos
3457 4613 3545 4669 Je-

146 4699 514 4775 semetipsum
548 4705 691 4778 ;qui
724 4704 1077 4779 accipientes
1115 4705 1401 4778 Spiritum
1454 4707 1776 4779 sapientiae,
1890 4723 2017 4771 sus,
2038 4704 2282 4759 dixerit:
2318 4726 2345 4753 «
2379 4703 2585 4757 Adhuc
2611 4703 2793 4758 habeo
2828 4702 3081 4776 plurima
3102 4704 3292 4759 dicere
3319 4703 3542 4769 vobis,»

148 4800 249 4842 non
274 4790 647 4864 aliunde,sed
688 4794 760 4850 ab
791 4793 919 4867 ipso
951 4794 1172 4868 Spiritu
1207 4799 1409 4851 sancto
1442 4795 1784 4854 efficiuntur
1892 4795 2032 4867 quia
2059 4794 2299 4849 verbum
2334 4792 2514 4859 istud,
2549 4816 2573 4842 ‹‹
2640 4792 2837 4847 adhuc
2885 4790 3071 4846 multa
3114 4791 3299 4847 habeo
3357 4792 3548 4849 dicere

148 4875 439 4950 sapientes,
474 4889 536 4941 et
565 4883 640 4940 ab
672 4883 800 4957 ipso
832 4883 1171 4957 intelligunt
1190 4884 1598 4957 Dominum,ct
1618 4888 1786 4959 quid-
1892 4884 2083 4951 vobis,
2119 4907 2139 4933 υ
2187 4900 2302 4939 non
2345 4884 2415 4937 ad
2472 4898 2653 4937 novos
2706 4880 3019 4953 quoslibet,
3066 4886 3122 4936 et
3163 4881 3398 4953 penitus
3448 4879 3546 4936 Dei

149 4965 271 5035 Quid
300 4968 399 5027 Dei
429 4977 525 5030 est
555 4971 900 5040 voluntatis,
929 4978 986 5030 et
1033 4974 1308 5030 eumdem
1357 4974 1555 5046 ipsum
1606 4976 1787 5049 Spiri-
1895 4973 2084 5046 gratia
2112 4988 2324 5028 vacuos
2351 4970 2623 5041 dirigitur
2643 4971 2757 5042 (7(3)
2786 4988 2796 5025 :
2825 4971 2921 5026 sed
2941 4970 3012 5026 ad
3036 4988 3133 5027 eos
3161 4973 3297 5026 I41
3330 4970 3429 5043 qui
3454 4987 3551 5026 au-

149 5055 278 5122 ίυω,
310 5058 437 5133 ipso
470 5060 790 5131 revelante,
824 5069 1213 5135 cognoscunt,
1246 5068 1312 5120 ut
1346 5065 1537 5120 sciant
1568 5067 1705 5137 quia
1753 5086 1787 5124 a
1818 5050 1821 5057 ί
1851 5110 1858 5119 .
1896 5064 2118 5132 ditores
2150 5062 2464 5117 verborum
2494 5062 2646 5131 ejus,
2667 5061 2913 5115 necdum
2942 5060 3173 5115 fuerant
3192 5059 3390 5115 omnia
3412 5075 3549 5115 con-

215 5180 267 5259 9”
300 5183 468 5262 305m
490 5257 506 5262 _
540 5202 667 5255 vui,
699 5187 786 5262 45.
840 5190 914 5262 Ἔτ’
944 5188 1097 5262 Ρεᾶιί.
1141 5205 1267 5256 Lxx,
1302 5190 1387 5245 17.
1467 5190 1511 5224 ⁵⁸
1533 5191 1554 5245 Ι
1580 5190 1709 5248 Cor.
1745 5210 1782 5247 ιι

1988 5193 2031 5226 ενδ
2063 5189 2205 5245 ibid.
2244 5188 2329 5243 10.
2390 5188 2433 5221 εδ
2464 5186 2605 5242 ibid.
2659 5188 2711 5242 4.
2769 5187 2809 5220 δτ
2861 5187 2983 5241 Act.
3014 5204 3052 5251 ι,
3111 5164 3182 5241 εξ
3238 5186 3278 5219 εδ
3327 5186 3465 5242 Luc.
3508 5203 3547 5256 ι,

154 5249 237 5308 35.
301 5256 347 5294 ⁶⁹
371 5257 533 5316 Psal.
568 5249 687 5328 cui,
717 5259 806 5331 29,
829 5261 921 5317 30.
988 5262 1033 5296 ⁸ο
1059 5261 1229 5317 Joan.
1254 5249 1372 5328 'xv1,
1408 5261 1594 5319 12-”.

214 5398 320 5477 (72)
346 5401 437 5459 Ita
464 5418 831 5477 mss.omnes
851 5402 1072 5477 habent
1100 5427 1127 5477 «_<
1160 5403 1406 5469 unitate,
1439 5427 1465 5454 ››
1496 5405 1635 5461 editi
1666 5423 1796 5464 vero
1984 5407 2101 5477 {7/1)
2140 5406 2292 5460 Idem
2326 5403 2534 5470 Vatic.,
2566 5426 2591 5449 ‹‹
2628 5400 2959 5457 etveritatis
2992 5399 3111 5467 Dei,
3148 5424 3175 5449 ››
3206 5400 3553 5475 Grcccoipso

163 5489 185 5513 κ
213 5473 443 5550 unice.»_
471 5474 610 5528 Mox
630 5475 955 5531 Vatic.cum
977 5475 1272 5543 Tholos.,a
1298 5492 1399 5548 per
1420 5477 1795 5550 adoptionem
1909 5473 2408 5550 tex'tu'renucntc.

162 5554 312 5621 suam
334 5544 587 5621 faciens,
620 5551 817 5621 netc._
1081 5618 1118 5621 ,Α
1298 5543 1315 5548 ’
1396 5620 1411 5621 η
1534 5543 1552 5550 ’

1986 5552 2090 5621 [75)
2156 5548 2363 5603 Recole
2422 5546 2681 5621 quando
2757 5543 2867 5599 hoc
2902 5544 3071 5621 libro
3135 5556 3249 5617 Περὶ
3293 5557 3554 5617 Δογμάτων

218 5613 318 5702 (73)
350 5618 569 5702 νειμ..
607 5639 634 5668 ‹‹
666 5621 731 5702 et
768 5617 1010 5676 virtutes
1046 5618 1339 5702 aliquas.»
1388 5620 1598 5680 Postea
1644 5621 1796 5680 Tho-
1903 5613 2373 5702 diaimussupra
2401 5613 2510 5702 col.
2548 5619 2704 5702 tolio,
2739 5622 2857 5702 aut.
2891 5618 2980 5671 ‘21.

164 5679 280 5759 106.,
300 5679 339 5745 ἀ
369 5690 474 5751 sed
509 5679 682 5765 quasi
716 5689 842 5766 ipse
871 5708 988 5763 ars,
1025 5714 1052 5744 »
1084 5679 1192 5752 etc.
1590 5679 1593 5680 ν
1978 5693 2093 5770 (76)
2126 5679 2379 5751 Maxima
2408 5689 2504 5748 hic
2534 5679 2825 5747 dissensio
2865 5687 3288 5764 exemplarium
3317 5693 3425 5747 est.
3457 5689 3559 5749 Ve-

442 5821 736 5895 ,ΡΑτιιοιη
808 5819 1025 5891 XXIII.
