3970 6432
459 378 580 440 139

1691 386 1751 446 8.
1802 382 2108 448 EUSEBII
2151 379 2618 448 HIERONYMI.

3732 375 3848 439 140

460 507 667 566 secuti.
700 510 1070 584 Qumcunque
1109 513 1265 569 enim
1315 514 1582 570 sufficere
1627 519 1912 586 poterant,
1973 521 2091 572 tra-
2121 527 2176 591 Α
2206 533 2274 572 ex
2305 521 2473 572 Patre
2501 520 2557 571 et
2587 531 2677 570 me
2707 519 2814 582 est,
2849 513 2956 570 hoc
2986 513 3139 568 enim
3175 512 3365 584 ipsum
3393 509 3547 583 quod
3579 509 3851 566 subsistit

461 601 606 657 dens
635 600 741 668 eis,
772 599 832 656 in
866 601 1128 657 futurum
1161 605 1394 675 tempus
1426 602 1650 674 reliqua
1691 604 1953 660 distulit:
1975 622 2102 676 quae

461 689 588 745 sine
619 689 930 762 disciplina
951 690 1203 762 Spiritus
1237 693 1420 747 sancti
1453 693 1598 748 scire
1650 709 1764 748 non
1816 698 2102 765 poterant,

461 777 774 850 quialante
803 779 1121 836 adventum
1152 780 1462 837 Dominicaa
1494 781 1784 853 passionis
1828 799 1940 837 non
1982 787 2106 838 erat

460 867 636 924 datus
671 867 1016 924 hominibus
1046 868 1294 941 Spiritus
1325 874 1562 926 sanctus
1595 870 1728 941 (77),
1751 871 2106 942 evangelista

461 955 724 1011 dicente:
761 978 789 1008 «
821 957 948 1012 Non
981 957 1136 1012 enim
1169 961 1291 1013 erat
1319 957 1590 1030 cuiquam
1614 958 1864 1029 Spiritus
1906 960 2102 1023 datus,

460 1045 602 1116 quia
628 1048 802 1102 Jesus
836 1047 1085 1102 necdum
1107 1052 1230 1102 erat
1250 1045 1608 1119 glorificatus
1637 1048 1737 1101 6'.»
1773 1047 2098 1103 Glorifieari

457 1133 659 1190 dicens
690 1134 1177 1202 Jesum,mortem
1207 1139 1440 1207 gustare
1472 1152 1574 1207 pro
1619 1136 1868 1192 cunctis.
1901 1136 2103 1207 Itaque

417 1271 431 1282 .
462 1225 596 1294 post
642 1222 1121 1280 resurrectionem
1171 1240 1457 1295 apparens
1505 1224 1808 1296 discipulis
1858 1224 2001 1290 suis,
2049 1229 2107 1280 et

461 1311 772 1368 insufﬂans
801 1311 860 1367 in
894 1312 1097 1372 faciem
1130 1328 1332 1368 eorum
1368 1330 1379 1366 :
1416 1337 1442 1363 ‹‹
1476 1313 1754 1384 Accipite,
1809 1335 1835 1362 ››
1888 1312 2100 1384 inquit,

461 1423 488 1449 ‹‹
523 1399 806 1471 Spiritum
836 1404 1104 1456 sanctum
1133 1402 1216 1468 63;
1253 1423 1280 1450 »
1312 1406 1368 1456 et
1407 1419 1682 1457 rursum:
1721 1425 1747 1450 ‹‹
1799 1401 2105 1471 Accipietis

458 1487 728 1544 virtutem
759 1487 1008 1560 Spiritus
1039 1490 1227 1546 sancti
1275 1489 1560 1545 venientis
1613 1506 1791 1562 super
1840 1507 1941 1545 vos
1974 1489 2037 1544 63.
2074 1513 2100 1539 ››

459 1578 581 1642 Quo
610 1575 877 1632 veniente
907 1576 966 1632 in
998 1578 1174 1634 corda
1205 1577 1584 1645 credentium,
1617 1577 1934 1650 implentur
1983 1595 2104 1632 ser-

459 1665 735 1720 monibus
767 1664 1067 1735 sapientiae
1104 1670 1161 1721 et
1208 1665 1488 1733 scientiae,
1539 1671 1596 1721 et
1641 1666 1725 1722 sic
1769 1666 2105 1738 spirituales

460 1752 667 1820 effecti,
703 1752 1034 1824 suscipiunt
1064 1753 1316 1826 Spiritus
1341 1755 1527 1810 sancti
1559 1754 1951 1825 disciplinam,
1978 1772 2103 1827 quas

392 1899 399 1906 .
461 1840 648 1913 possit
677 1857 775 1897 eos
805 1842 1089 1898 deducere
1121 1843 1179 1898 in
1212 1859 1444 1898 omnem
1476 1843 1797 1898 veritatem.
1840 1844 2100 1899 Necdum

462 1929 620 1985 enim
660 1930 916 1986 instante
949 1931 1097 2002 [Ῑονί.
1124 1930 1403 2001 instabat]
1427 1931 1570 1987 hora
1591 1932 1650 1986 in
1669 1948 1784 2002 qua
1803 1933 2104 2003 oportebat

463 2035 562 2075 eos
592 2017 810 2090 Spiritu
843 2024 1042 2075 sancto
1073 2019 1450 2092 repleri,tunc
1477 2021 1707 2092 quando
1723 2020 1868 2075 dixit
1887 2020 1957 2075 ad
1981 2037 2102 2087 eos,

465 2128 494 2158 ‹‹
523 2107 726 2163 Adhuc
758 2108 941 2164 multa
972 2107 1157 2164 habeo
1192 2108 1354 2164 vobis
1395 2108 1640 2176 dicere,»
1685 2114 2105 2180 consequenter

462 2195 706 2265 addidit,
743 2220 769 2248 ‹‹
803 2198 903 2253 sed
932 2214 1046 2254 non
1078 2197 1319 2269 potestis
1370 2214 1437 2253 ea
1476 2201 1705 2270 portare
1736 2199 1966 2254 modo.»
1989 2199 2103 2252 Ad-

462 2285 576 2342 huc
606 2286 763 2342 enim
795 2289 930 2358 typo
987 2286 1153 2358 legis,
1185 2287 1498 2352 etumbrae,
1523 2291 1580 2342 et
1601 2286 1957 2358 imaginibus
1984 2303 2102 2342 ser-

459 2373 706 2442 vientes,
741 2391 856 2431 non
882 2379 1149 2446 poterant
1178 2374 1479 2430 veritatem
1509 2376 1698 2445 (cujus
1722 2376 1990 2430 umbram
2015 2374 2102 2430 lex

461 2465 750 2538 portabat)
783 2464 1092 2536 inspicere,
1127 2464 1280 2519 unde
1313 2479 1417 2520 nec
1439 2463 1841 2536 spiritualia(7
1854 2466 1908 2534 8)
1932 2465 2105 2519 susti-

461 2569 617 2610 nere.
652 2576 680 2604 «
712 2553 858 2609 Cum
888 2558 1106 2622 autem,
1141 2576 1167 2602 ››
1200 2553 1303 2619 ait,
1335 2553 1609 2608 «venerit
1639 2552 1754 2620 ille,
1791 2574 1817 2601 »
1859 2552 1967 2608 hoc
2015 2557 2106 2608 est

465 2663 493 2694 ‹‹
523 2640 854 2714 paracletus
874 2641 1128 2713 Spiritus
1145 2641 1650 2713 veritatis,diriget
1669 2658 1770 2698 vos
1788 2643 1846 2696 in
1869 2657 2104 2697 omnem

463 2730 820 2798 veritatem,»
847 2746 957 2785 sua
985 2729 1270 2798 doctrina,
1297 2733 1354 2784 et
1375 2729 1743 2785 institutione
1772 2747 1874 2785 vos
1914 2734 2106 2785 trans-

463 2819 654 2874 ferens
684 2835 718 2874 a
748 2821 934 2873 morte
964 2816 1168 2873 litterae
1195 2817 1267 2873 ad
1291 2817 1566 2890 spiritum
1596 2817 2006 2890 viviﬁcantem,
2045 2818 2105 2873 in

463 2925 579 2980 quo
611 2907 735 2964 solo
776 2906 968 2964 omnis
997 2907 1307 2977 Scripturze
1337 2906 1548 2963 veritas
1579 2906 1767 2979 posita
1815 2911 1920 2963 est.
1977 2909 2106 2979 Ipse

463 3013 599 3070 ergo
631 2996 884 3069 Spiritus
913 2995 1540 3069 veritatis,ingrediens
1571 3012 1776 3068 puram
1809 3001 1865 3052 et
1885 2996 2106 3068 simpli-

463 3103 589 3143 cem
623 3090 900 3155 mentem,
936 3085 1191 3158 signabit
1221 3085 1277 3140 in
1307 3085 1471 3141 vobis
1496 3085 1797 3142 scientiam
1820 3085 2103 3152 veritatis,

462 3180 519 3232 et
538 3192 770 3248 semper
789 3192 938 3232 nova
958 3174 1251 3231 veteribus
1283 3175 1630 3247 adjungens,
1665 3175 1875 3247 diriget
1901 3192 2002 3230 vos
2042 3175 2101 3230 in

462 3282 697 3322 omnem
729 3265 1052 3321 veritatem.

539 3355 628 3410 34.
659 3355 742 3410 Ad
774 3355 958 3410 Deum
997 3370 1228 3426 quoque
1277 3354 1504 3410 Patrem
1555 3353 1795 3426 quidam
1846 3353 2106 3425 allegans

467 3459 688 3516 preces,
724 3443 1024 3515 loquitur:
1065 3467 1084 3492 α
1121 3443 1315 3514 Dirige
1346 3460 1439 3497 me
1470 3443 1528 3498 in
1561 3442 1800 3498 veritate
1831 3447 1930 3498 tua
1977 3445 2042 3512 δι,
2075 3465 2102 3492 ››

464 3534 574 3590 hoc
606 3538 712 3599 est,
745 3532 805 3589 in
836 3532 1144 3604 Unigenito
1182 3536 1303 3598 tuo,
1357 3531 1588 3603 propria
1628 3548 1765 3586 voce
1811 3535 2100 3586 testante:

463 3648 490 3676 ‹‹
524 3625 644 3696 Ego
668 3639 800 3678 sum
831 3621 1043 3678 veritas
1070 3622 1134 3676 ⁸⁵.
1173 3643 1199 3669 ››
1231 3620 1412 3684 Quam
1447 3620 1858 3691 perfectionem
1899 3621 2104 3675 tribuit

458 3715 610 3771 Deus
641 3712 879 3768 mittens
910 3710 1194 3783 Spiritum
1225 3709 1504 3775 veritatis,
1541 3709 1639 3780 qui
1697 3710 1994 3764 credentes
2044 3710 2100 3764 in

2215 610 2270 660 et
2301 605 2580 677 loquitur,
2613 622 2646 660 a
2678 607 2846 658 Patre
2875 608 2932 657 et
2962 619 3053 657 me
3077 601 3159 655 illi
3180 605 3287 656 est.
3313 602 3430 674 Ego
3453 598 3754 655 veritatem
3777 598 3851 656 lo-

2216 710 2381 764 quor,
2414 694 2470 748 id
2507 699 2615 762 est,
2649 693 2872 764 inspiro
2903 708 3028 761 qua:
3061 689 3320 762 loquitur
3351 708 3364 757 ;
3400 689 3692 761 siquidem
3725 688 3850 760 Spi-

2215 782 2362 836 ritus
2393 782 2658 836 veritatis
2690 787 2796 836 est.
2832 781 3032 835 Dicere
3064 783 3257 834 autem
3289 783 3345 834 et
3376 777 3534 850 loqui
3567 778 3625 833 in
3666 777 3856 832 Trini-

2215 874 2353 934 tate,
2388 886 2502 925 non
2536 870 2862 925 secundum
2897 867 3381 924 consuetudinem
3430 872 3717 936 nostram,
3749 883 3860 938 qua

2217 960 2286 1013 ad
2322 975 2426 1013 nos
2456 958 2698 1013 invicem
2731 958 3196 1012 sermocinamur
3240 961 3297 1012 et
3340 955 3658 1028 loquimur,
3710 954 3855 1011 acci-

2214 1046 2516 1119 piendum,
2543 1048 2641 1101 scd
2668 1046 2841 1116 juxta
2864 1047 3111 1100 formam
3137 1044 3592 1117 incorporalium
3618 1047 3854 1100 natura-

2216 1152 2370 1202 rum,
2403 1139 2456 1190 et
2491 1135 2740 1190 maxime
2772 1134 3095 1201 Trinitatis,
3131 1150 3257 1206 quae
3299 1133 3654 1190 voluntatem
3687 1148 3851 1189 suam

2216 1225 2421 1279 inserit
2453 1223 2511 1278 in
2539 1224 2710 1279 corde
2740 1223 3100 1278 credentium
3132 1223 3268 1293 (79),
3299 1228 3354 1278 et
3384 1239 3585 1279 eorum
3609 1222 3711 1294 qui
3729 1237 3852 1278 eam

2214 1314 2417 1368 audire
2449 1318 2586 1368 sunt
2617 1312 2811 1385 digni:
2836 1312 2945 1366 hoc
2977 1317 3084 1380 est,
3113 1312 3302 1368 dicere
3329 1316 3385 1367 et
3414 1311 3596 1385 loqui.

2285 1438 2372 1491 35.
2408 1437 2523 1491 Nos
2556 1436 2771 1508 quippe
2803 1435 3071 1492 homines
3103 1437 3336 1507 quando
3364 1437 3435 1492 de
3466 1435 3664 1508 aliqua
3693 1451 3757 1492 re
3787 1437 3856 1494 ad

2214 1523 2463 1580 alterum
2488 1525 2808 1596 loquimur,
2845 1525 3101 1596 primum
3134 1525 3290 1596 quod
3319 1525 3612 1593 volumus,
3664 1529 3862 1581 mente

2215 1613 2577 1684 concipimus
2613 1614 2835 1685 absque
2856 1630 3124 1670 sermone
3156 1615 3288 1685 (80).
3324 1613 3464 1670 Inde
3515 1614 3574 1668 in
3624 1613 3862 1670 alterius

2215 1717 2455 1757 sensum
2487 1701 2745 1757 volentes
2773 1702 3108 1768 transferre,
3141 1702 3351 1774 linguae
3375 1719 3662 1775 organum
3697 1719 3859 1758 com-

2216 1807 2538 1856 movemus,
2572 1796 2628 1846 et
2653 1791 2820 1861 quasi
2843 1791 3136 1862 quoddam
3157 1790 3444 1862 plectrum
3467 1791 3703 1847 chordis
3730 1792 3864 1847 den-

2135 1895 2182 1960 B
2215 1879 2363 1934 tium
2397 1879 2763 1945 collidentes,
2794 1879 3050 1934 vocalem
3084 1896 3296 1935 sonum
3336 1880 3687 1936 emittimus.
3741 1884 3860 1946 Quo

2221 1969 2392 2023 modo
2426 1968 2603 2040 igitur
2633 1985 2738 2023 nos
2769 1968 3054 2040 linguam,
3090 1985 3268 2040 quam
3297 1969 3486 2040 palato
3517 1970 3628 2040 (8t)
3670 1971 3862 2025 denti-

2215 2058 2440 2128 busque
2472 2055 2825 2122 collidimus,
2863 2062 2918 2112 et
2949 2057 3130 2112 ictum
3163 2073 3354 2112 aerem
3387 2057 3444 2112 in
3473 2057 3705 2114 diversa
3722 2064 3862 2115 tem-

2215 2161 2488 2216 peramus
2519 2144 2769 2217 eloquia,
2807 2150 2869 2200 ut
2899 2146 3065 2200 nobis
3096 2150 3233 2202 nota
3263 2147 3772 2204 communicemus
3803 2147 3861 2202 in

2214 2233 2358 2289 alios
2385 2252 2396 2289 :
2435 2233 2513 2288 ita
2545 2240 2600 2289 et
2629 2235 2954 2289 auditorem
2978 2251 3213 2290 necesse
3235 2240 3323 2291 est
3347 2235 3578 2307 patulas
3599 2237 3862 2308 praebere

2213 2340 2402 2389 aures,
2435 2327 2492 2378 et
2523 2321 2683 2378 nullo
2712 2322 2848 2378 vitio
2881 2329 3217 2392 cearctatas,
3251 2323 3309 2380 in
3338 2341 3406 2380 ea
3433 2341 3560 2398 quas
3583 2325 3863 2382 dicuntur

2214 2411 2467 2483 arrigere
2500 2413 2633 2482 (82),
2668 2416 2731 2468 ut
2763 2413 2948 2483 possit
2979 2413 3058 2466 ita
3091 2413 3236 2468 scire
3284 2431 3409 2485 quae
3458 2415 3860 2486 proferuntur,

2213 2501 2507 2572 quomodo
2530 2501 2690 2555 novit
2719 2517 2785 2556 ea
2812 2499 2909 2556 ille
2939 2502 3036 2572 qui
3061 2501 3518 2573 loquitur.Porro
3543 2504 3694 2560 Deus
3719 2505 3862 2561 sim-

2213 2588 2346 2660 plex
2375 2593 2431 2644 et
2462 2589 2859 2660 incompositae
2892 2589 3335 2663 spiritualisque
3377 2596 3621 2661 naturae,
3670 2610 3866 2666 neque

2214 2686 2406 2742 aures,
2442 2694 2629 2748 neque
2659 2695 2898 2750 organa,
2931 2679 3151 2750 quibus
3180 2697 3289 2736 vox
3318 2681 3628 2750 emittitur,
3665 2683 3864 2750 habet;

2215 2766 2313 2820 sed
2331 2765 3324 2842 solitariaincomprehensibilisque
3337 2771 3669 2827 substantia
3681 2771 3868 2827 nullis

2217 2855 2496 2910 membris
2528 2855 2906 2928 partibusque
2938 2858 3327 2929 componitur.
3360 2860 3493 2923 Quae
3526 2861 3768 2932 quidem
3796 2861 3868 2917 de

2218 2942 2358 2998 Filio
2391 2947 2446 2998 et
2477 2945 2547 2999 de
2580 2945 2800 3016 Spiritu
2838 2951 3039 3001 sancto
3072 2947 3343 3004 similiter
3373 2948 3734 3022 accipienda.

2285 3086 2372 3139 36.
2407 3086 2462 3139 Si
2496 3086 2730 3157 quando
2763 3102 2897 3158 ergo
2930 3086 3179 3159 legimus
3214 3089 3271 3143 in
3305 3088 3622 3162 Scripturis
3651 3107 3662 3146 :
3701 3114 3732 3141 ‹‹
3767 3090 3866 3147 Di-

2217 3174 2298 3228 xit
2315 3174 2596 3229 Dominus
2615 3175 2858 3230 Domino
2873 3192 3000 3232 meo
3022 3178 3064 3211 ⁶⁶
3090 3194 3102 3243 ;
3128 3199 3154 3226 ››
3189 3181 3244 3231 et
3266 3176 3402 3233 alibi
3428 3195 3442 3245 ;
3467 3201 3494 3226 ‹‹
3513 3177 3665 3233 Dixit
3682 3183 3866 3246 Deus,

2137 3261 2178 3327 C
2221 3263 2344 3318 Fiat
2373 3263 2472 3318 lux
2500 3266 2565 3333 σῖ,
2600 3287 2625 3313 ››
2661 3270 2718 3320 et
2749 3265 2795 3320 si
2831 3281 2946 3335 qua
2975 3265 3067 3320 his
3099 3264 3519 3338 similia,digne
3548 3267 3864 3341 (al,digna)

2218 3352 2332 3407 Deo
2364 3353 2623 3424 accipere
2649 3353 2951 3409 debemus.
2985 3354 3184 3426 Neque
3213 3355 3368 3409 enim
3393 3355 3697 3428 ignorante
3718 3357 3869 3414 Filio

2217 3443 2338 3512 (qui
2372 3442 2660 3514 sapientia
2690 3448 2744 3498 et
2774 3444 2987 3499 veritas
3000 3449 3106 3509 est)
3128 3444 3294 3499 Pater
3315 3461 3484 3500 suam
3509 3445 3748 3502 nuntiat
3768 3465 3870 3504 vo-

2215 3530 2522 3597 luntatem,
2555 3549 2690 3587 cum
2723 3549 2894 3587 omne
2920 3534 3072 3604 quod
3105 3533 3626 3607 loquitur,sapiens
3658 3551 3868 3593 verus-

2215 3638 2327 3691 que
2359 3622 2712 3687 subsistens,
2747 3622 2802 3675 in
2827 3621 3119 3694 sapientia
3149 3622 3360 3678 habeat
3390 3629 3444 3678 et
3477 3625 3534 3679 in
3579 3625 3867 3682 substan-

2212 3710 2294 3764 tia
2325 3710 2455 3780 (83).
2492 3709 2669 3781 Loqui
2700 3727 2836 3782 ergo
2869 3711 3276 3778 Patrem,148
3299 3716 3357 3767 et
3381 3712 3583 3767 audire
3615 3713 3862 3784 Filium,

297 5377 305 5384 '
413 5371 532 5442 pite
560 5368 964 5452 magisterium
996 5375 1052 5426 et
1081 5371 1268 5425 forma
1293 5368 1746 5452 crucis‘peri‘ret‘.
1772 5371 2057 5452 Quaecun-

455 3808 633 3862 totam
675 3801 890 3874 dirigat
909 3799 1228 3855 veritatem.
1265 3797 1482 3852 Dehine
1515 3797 1570 3851 in
1604 3797 2095 3868 consequentibus
2203 3797 2290 3852 vel
2322 3815 2351 3853 e
2383 3799 2844 3862 contrario,Filio
2876 3799 3168 3870 loquente,
3193 3800 3394 3856 audire
3421 3801 3860 3874 Patrem,ejus~

452 3894 524 3950 de
553 3891 774 3966 Spiritu
790 3888 1176 3960 veritatis,qui
1210 3905 1244 3942 a
1273 3890 1442 3942 Patre
1466 3887 1811 3954 mittatur,et
1832 3887 1906 3942 sit
1921 3891 2091 3942 Para-
2202 3887 2333 3942 dem
2367 3892 2502 3942 natu
2513 3905 2585 3942 ra:
2619 3889 2676 3942 in
2692 3888 3078 3943 PatrcetFilio
3093 3905 3531 3961 consensusque
3545 3889 3854 3962 significa-

451 3982 657 4048 cletus,
689 3979 950 4036 Salvator
979 3977 1102 4050 (qui
1143 3981 1201 4032 et
1253 3976 1487 4045 veritas)
1537 3975 1652 4030 ait:
1687 3975 1840 4031 142
1888 3998 1914 4024 ‹‹
1965 3976 2090 4031 Non
2199 3975 2278 4029 tio
2301 3975 2666 4048 est.Spiritus
2689 3993 2922 4048 quoque
2944 3978 3310 4050 sanctus,qui
3332 3984 3421 4035 est
3440 3979 3684 4051 spiritus
3704 3982 3859 4038 veri-

450 4068 605 4124 enim
639 4067 908 4139 loquetur
938 4064 1516 4136 asemetipsozuhoc
1537 4068 1766 4131 est,non
1814 4064 1939 4119 sine
1971 4079 2084 4130 me,
2197 4065 2354 4131 tatis,
2388 4065 2748 4138 spiritusque
2798 4066 3116 4137 sapientiae,
3168 4084 3281 4123 non
3335 4071 3525 4140 potest
3566 4069 3711 4126 Filio
3761 4070 3856 4127 lo-

447 4161 504 4214 et
533 4156 658 4213 sine
690 4171 818 4212 meo
841 4159 897 4210 et
926 4153 1112 4210 Patris
1142 4153 1400 4222 arbitrio,
1436 4153 1574 4225 quia
1604 4153 2014 4225 inseparabilis
2053 4171 2087 4208 a
2196 4159 2409 4227 quente
2439 4155 2640 4210 audire
2669 4172 2794 4227 quae
2829 4155 3036 4226 nescit,
3069 4172 3199 4211 cum
3235 4155 3343 4212 hoc
3366 4157 3561 4229 ipsum
3584 4157 3663 4213 sit
3682 4161 3852 4231 quod

446 4263 577 4303 mea
604 4249 662 4302 et
689 4244 873 4326 Patris
903 4248 992 4300 est
1019 4242 1334 4310 voluntate,
1367 4243 1505 4314 quia
1534 4259 1647 4298 non
1678 4260 1746 4298 ex
1779 4259 1839 4297 se
1869 4243 2081 4310 est,sed
2193 4245 2486 4316 profertur
2515 4261 2548 4298 a
2581 4243 2747 4310 Filio,
2778 4243 2833 4299 id
2864 4248 2971 4311 est,
3005 4245 3324 4316 procedens
3356 4263 3390 4301 a
3431 4245 3856 4317 veritate,con-

439 4417 484 4453 ⁸⁷
511 4344 874 4473 ἓῦοαῑι,ἔιι,
904 4340 998 4398 39.
1046 4340 1284 4396 “Joan.
1354 4357 1445 4408 xx,
1515 4342 1603 4407 22,
1671 4341 1714 4374 63
1756 4342 1880 4408 Act,
1944 4342 2064 4408 1,8.
2133 4343 2178 4376 6‘
2245 4341 2394 4398 Psal.
2428 4359 2580 4410 xxiv,
2616 4343 2670 4396 5.
2713 4343 2756 4376 ⁸⁵
2820 4342 2990 4398 Joan.
3048 4360 3166 4409 xxv,
3207 4343 3261 4397 6.
3328 4345 3372 4378 δθ
3435 4342 3586 4400 Psal.
3628 4361 3744 4414 c1x,
3792 4349 3852 4402 2.

566 4431 657 4473 en.
692 4431 730 4473 ι.
805 4456 816 4468 .

566 4431 657 4473 en.
692 4431 730 4482 ι,
763 4431 816 4469 δ.

437 4518 534 4571 tus
559 4513 756 4583 editio,
796 4535 824 4561 «
857 4515 912 4567 et
944 4510 1176 4584 penitus
1209 4509 1307 4584 Dei
1359 4509 1704 4584 sapientiam
1756 4510 2081 4584 nescientes
2111 4517 2158 4582 1)

433 4585 634 4658 dirigit
657 4602 734 4658 ;η››
765 4582 1122 4658 νυῐὶρῖαλῡθί
1151 4582 1500 4658 sapientiam
1527 4582 2081 4658 nescientesdirigi-

432 4661 530 4715 tu,
553 4653 582 4726 ξ
603 4678 632 4728 ,ρ
665 4657 881 4728 Βθεηία
915 4654 1014 4728 Dei
1038 4653 1649 4728 sapientiaignaros,»
1673 4659 1779 4728 etc.
1815 4653 2074 4728 11110103”

435 4753 462 4780 ‹‹
491 4725 781 4802 etplenos
828 4726 929 4802 Dei
981 4725 1268 4802 sapientia
1317 4725 1592 4802 dirigitur
1640 4725 1792 4802 sicut
1840 4725 2076 4802 fuerunt

420 4796 661 4874 justi-et
689 4798 1007 4874 prophetae,
1042 4796 1142 4874 sed
1177 4798 1247 4852 ad
1280 4813 1403 4874 eos.
1451 4796 1550 4874 ί]ρὶ
1595 4799 1905 4874 verborum
1945 4797 2072 4874 ejus

424 4867 722 4929 auditores
754 4867 1005 4926 necdum
1041 4870 1325 4936 fuerant,»
1358 4868 1622 4922 cte.Tum
1655 4867 2066 4935 denroatic.,

424 4968 452 4994 ‹‹
488 4944 739 5002 necdum
775 4940 1221 4996 fuerantomnia
1243 4939 1698 5011 eonsecuti,quae
1723 4945 1924 5010 postea
1965 4957 2066 5011 pro

423 5015 660 5072 nomine
692 5016 822 5084 ejus
844 5012 1096 5084 sufferre
1129 5016 1416 5082 poterant,
1452 5010 1779 5084 sedaliqua
1809 5028 1876 5064 ex
1907 5010 2067 5084 parte

419 5088 656 5143 tradens
681 5081 767 5142 eis
798 5083 915 5151 illa,
951 5100 1076 5156 quae
1110 5081 1332 5156 majora
1363 5081 1614 5156 erantin
1637 5081 1929 5153 posterum
1956 5083 2063 5136 dif-

419 5159 632 5222 ferens,
664 5153 1081 5212 commendans
1104 5159 1159 5209 et
1180 5153 1510 5225 illa,quzein
1537 5153 1799 5207 futurum
1830 5158 2064 5224 tempus

420 5229 551 5307 ideo
585 5227 832 5296 distulit,
868 5232 933 5282 ut
962 5227 1196 5307 reliqua
1218 5225 1529 5307 disciplina
1567 5225 1844 5307 Spiritus.
1875 5226 2059 5280 sancti

414 5300 528 5368 sui,
558 5315 754 5370 quas...
789 5316 903 5354 non
937 5297 1206 5370 poterant
1235 5297 1282 5354 si
1318 5297 1593 5370 primitus
1622 5297 1681 5370 in
1722 5299 1918 5350 nostro
1970 5314 2060 5351 ea-

2258 4513 2372 4583 (77)
2405 4510 2669 4587 Tbo_los.,
2693 4534 2729 4587 _«
2766 4510 3038 4587 Nondum
3059 4516 3192 4587 erat
3225 4511 3480 4587 Spiritus
3495 4514 3856 4587 datus,quia

2186 4582 2357 4638 JeSus
2391 4583 2874 4656 nondumifuerat
2895 4582 3312 4656 gloriﬁcatusf»
3337 4585 3483 4650 Quid
3515 4589 3604 4641 est
3633 4582 3853 4645 Jesum

2189 4655 2449 4710 nondum
2475 4653 2925 4710 honoriﬁeatum
2942 4655 2969 4708 ?
2991 4679 3017 4705 ‹‹
3039 4655 3361 4710 Glorificari
3385 4657 3764 4725 dicens,»etc.

2256 4728 2366 4796 (78)
2400 4726 2536 4780 Erat
2566 4749 2590 4770 ‹‹
2629 4742 2699 4780 ne
2748 4726 3096 4796 spiritualia.
3126 4750 3151 4774 ››
3201 4727 3381 4783 Vetus
3425 4728 3590 4794 edit.,
3643 4752 3668 4778 ‹‹
3730 4747 3846 4787 nec

2182 4798 2453 4868 denique.
2493 4819 2517 4845 η
2549 4797 2765 4868 γαίη]
2799 4815 3004 4868 neque.
3046 4822 3070 4846 n

2259 4816 2312 4850 m
2364 4815 2453 4852 ue.
2493 4819 2517 4845 η
2561 4815 2702 4863 vae,
2745 4817 2765 4843 α
2799 4815 3004 4868 neque.
3046 4822 3070 4846 ››

2253 4815 2364 4950 (ῖὲ)
2398 4873 2645 4950 bcgerat‘
2667 4867 2806 4922 olim
2840 4869 3175 4950 Gratianus,
3211 4892 3238 4950 <_<
3291 4869 3503 4950 ingerit
3541 4869 3600 4950 in
3651 4874 3846 4929 corda

2179 4940 2563 5005 credentium,
2597 4945 2652 4994 et
2675 4955 2873 4995 eorum
2910 4941 3182 4995 cordibus
3213 4940 3437 5007 inserit,
3522 4942 3579 4994 ui
3614 4957 3778 5012 eam,
3808 4966 3841 4993 υ

2179 5015 2284 5065 etc.
2323 5011 2452 5065 Mox
2481 5011 2740 5066 Thelos..
2778 5036 2802 5061 ‹‹
2841 5013 3049 5066 dicere.
3083 5013 3251 5066 scire.
3286 5019 3342 5066 et
3373 4958 3725 5066 intelligere.
3775 5021 3841 5066 et

2177 5015 2284 5134 etc.
2323 5011 2452 5092 Mox
2481 5011 2740 5078 Tholos.,
2778 5036 2802 5061 ‹‹
2841 5013 3049 5076 dicere,
3083 5013 3251 5080 scire,
3286 5019 3342 5068 et
3373 5011 3725 5084 intelligere,
3765 5011 3843 5071 et

2199 5098 2356 5134 00m.
2394 5106 2420 5129 ››

2199 5098 2356 5152 equi.
2394 5106 2420 5129 ››

2245 5155 2355 5278 (80)
2388 5154 2567 5208 Vetus
2600 5154 2767 5220 edit.,
2805 5177 2831 5202 ‹‹
2866 5159 3057 5208 mente
3089 5153 3540 5225 concipimus,et
3571 5154 3672 5226 qui
3706 5172 3835 5212 non

2267 5242 2433 5278 emus
2456 5225 2677 5278 absaue
2700 5243 2965 5278 sermone
2996 5227 3050 5278 in
3071 5225 3316 5278 alterum
3345 5241 3584 5278 sensum
3622 5232 3835 5278 trans—

2171 5225 2433 5279 valemus
2456 5225 2677 5296 absque
2700 5243 2965 5280 sermone
2996 5227 3050 5280 in
3071 5225 3316 5280 alterum
3345 5225 3603 5281 sensum’
3622 5232 3836 5283 trans-

2172 5296 2336 5360 ferre,
2371 5296 2579 5366 linguze
2613 5313 2894 5368 organum
2928 5314 3379 5352 rommevemus.
3419 5319 3444 5344 ››
3477 5297 3698 5368 Exinde
3717 5298 3834 5356 Re-

2167 5368 2318 5437 gina:
2345 5368 2509 5440 liber,
2543 5391 2569 5417 ‹‹
2605 5376 2663 5422 et
2688 5367 2908 5423 "dentes
2957 5370 3123 5438 quasi
3176 5369 3473 5439 quoddam
3524 5367 3828 5440 plectrum

2167 5440 2357 5494 cordis
2391 5438 2752 5506 collidentes,
2793 5464 2815 5486 ››
2849 5446 2953 5492 etc.

2237 5511 2534 5584 (8|)AEditi
2558 5510 2877 5582 plerique,«
2915 5510 3174 5580 linguam
3197 5527 3377 5582 quam
3400 5510 3654 5584 palato,»
3678 5515 3829 5570 etc.:

2164 5582 2547 5637 emendamus
2579 5599 2612 5637 a
2643 5584 2900 5653 scriptis.

2233 5656 2340 5725 (82)
2376 5655 2673 5727 Assentior
2707 5652 2959 5727 Bartliio,
2991 5652 3090 5724 qui
3123 5676 3151 5702 «
3185 5653 3440 5727 arrigere
3471 5677 3495 5702 ››
3547 5654 3825 5727 scripsit,

2159 5741 2262 5796 pro
2286 5748 2313 5775 «
2347 5726 2586 5797 erigere,
2623 5747 2650 5774 ››
2685 5727 2836 5797 quod
2864 5725 3144 5781 hactenus
3174 5726 3528 5781 obtinuerat.

2231 5797 2341 5872 (83)
2387 5797 2538 5857 Olim
2578 5801 2719 5870 erat,
2777 5821 2795 5849 α
2849 5801 2906 5856 et
2936 5797 2994 5854 in
3041 5797 3282 5858 veritate
3319 5797 3742 5860 substantiam.
3786 5823 3824 5857 κ

416 5439 529 5514 que
555 5439 710 5496 enim
749 5441 991 5496 sutl‘erre
1044 5447 1327 5512 poterant,
1381 5464 1408 5489 ››
1464 5445 1572 5494 etc.
1626 5439 1839 5514 Eadem
1879 5441 2056 5514 ferme

411 5510 781 5569 Tholosanus
824 5510 1482 5584 praepeti—intentumque
1499 5511 1712 5584 rectius
1733 5510 1923 5581 legit,«
1943 5511 2054 5565 nisi

408 5585 683 5656 primitus
732 5584 792 5639 in
834 5583 1037 5640 nostro
1080 5585 1266 5656 capite
1314 5583 1822 5656 magisteriumget
1869 5585 2054 5656 forma

403 5654 596 5712 crucis
618 5657 884 5729 praeiret;
922 5679 948 5705 ››
998 5654 1330 5729 quia'hante
1362 5654 1698 5729 adventumi
1728 5654 2050 5729 Dominicre

445 5723 719 5799 assionis,
747 5750 775 5779 »
808 5723 945 5798 etc.,
979 5723 1046 5785 ex
1076 5725 1292 5800 quibus
1318 5727 1453 5782 boni
1483 5723 1702 5800 aliquid
1728 5725 1910 5782 lector
1951 5742 2046 5781 exs

427 5801 631 5862 undat
