3970 6448
486 384 603 449 M3
1140 368 1145 373 ’
1730 385 1795 446 s.
1841 382 2148 446 EUSEBII
2194 382 2634 447 HIERONYMI
3766 378 3877 459 ut

485 536 618 575 mea
641 516 1713 591 sunt,haberetimpietasoccasionem
1737 516 2123 589 conﬁngendi,
2154 518 2203 585 Α
2239 521 2424 573 Pater.
2478 519 2606 590 Ipse
2643 516 2801 572 enim
2848 516 3097 588 Spiritus
3160 514 3564 571 testimonium
3611 515 3877 588 perhibet

486 612 545 664 et
571 606 885 664 verisimile
914 606 1213 663 videretur
1242 623 1371 663 esse
1405 606 1799 662 mendacium.
1834 606 1977 661 Cum
1999 622 2132 661 vero
2241 606 2471 678 spiritui
2529 611 2747 673 nostro,
2809 606 2947 677 quia
3022 622 3230 662 sumus
3291 604 3396 659 ﬁlii
3472 604 3595 660 Dei.
3654 605 3713 660 Si
3773 622 3878 661 au-

486 695 750 765 dixerit,«
782 694 991 751 Omnia
1012 711 1139 766 quae
1172 694 1343 749 habet
1372 698 1541 750 Pater
1566 709 1696 749 mea
1726 698 1919 761 sunt,»
1943 694 2129 749 Patris
2238 699 2356 749 tem
2393 694 2519 762 ﬁlii,
2546 699 2601 749 et
2632 694 2887 749 haeredes
2922 711 2933 749 :
2970 694 3229 750 haeredes
3263 694 3502 767 quidem
3528 693 3651 765 Dei,
3684 694 3874 751 cohae-

486 785 722 841 nomine
751 800 813 840 se
845 783 1057 839 Filium
1088 782 1426 852 declaravit,
1460 782 2001 855 paternitatem,qui
2037 782 2128 837 Fi-
2240 784 2404 838 redes
2435 787 2632 837 autem
2662 782 2911 838 Christi:
2946 783 2989 837 si
3026 788 3219 838 tamen
3263 784 3676 855 compatimur,
3722 787 3789 838 ut
3823 787 3879 839 et

486 873 601 929 lius
630 876 775 940 erat,
804 889 918 928 non
953 872 1278 945 usurpavit,
1312 887 1651 945 quanquam
1682 875 1739 927 et
1763 872 1886 943 ipse
1908 888 2011 943 per
2030 872 2128 926 ad-
2237 870 2746 942 congloriﬁcemur
2775 872 2836 925 τε.
2876 893 2902 919 ››
2936 871 2997 926 In
3022 872 3291 943 praesenti
3334 871 3589 944 Apostoli
3621 871 3875 944 capitulo

485 961 739 1034 optionis
765 960 1360 1034 gratiam,multorum
1385 965 1722 1016 sanctorum
1746 960 1822 1015 sit
1845 961 2123 1027 Pater,se-
2242 958 2496 1030 plurima
2526 960 2597 1014 de
2630 961 2903 1014 societate
2933 960 3205 1031 Spiritus,
3230 978 3408 1033 quam
3429 960 3605 1017 habet
3625 976 3758 1016 cum
3778 959 3877 1017 Pa-

488 1050 751 1106 eundum
778 1048 1097 1121 illudquod
1122 1049 1444 1106 inPsalmis
1467 1049 1735 1120 legitur,«
1761 1049 1819 1104 Si
1843 1047 2128 1103 custodie—
2235 1052 2321 1103 tre
2354 1054 2410 1104 et
2448 1048 2589 1103 Filio
2623 1049 3116 1104 demonstrantur.
3164 1049 3256 1104 Ait
3303 1050 3519 1122 quippe
3564 1048 3877 1121 Apostolus

487 1138 604 1195 rint
633 1138 736 1195 lilii
765 1139 852 1195 tui
880 1140 962 1207 73;
999 1161 1026 1188 ››
1058 1142 1114 1194 et
1143 1139 1353 1194 iterum
1384 1154 1396 1192 :
1435 1161 1462 1189 «
1494 1138 1553 1193 Si
1585 1137 2001 1208 dereliquerint
2024 1134 2125 1190 filii
2227 1138 2711 1208 justiticationem
2749 1138 3030 1205 divinam,
3066 1143 3123 1193 et
3146 1138 3468 1210 spiritualis
3490 1138 3636 1211 legis
3660 1137 3877 1211 expleri

487 1228 616 1299 ejus
645 1227 832 1300 legem
855 1243 1046 1283 meam
1067 1228 1166 1281 7".»
1186 1227 1298 1282 Sed
1320 1227 1378 1281 in
1402 1226 1510 1282 hoc
1533 1242 1805 1282 sermone
1829 1241 2126 1296 sensuque
2234 1226 2292 1280 in
2326 1226 2417 1282 his
2442 1245 2453 1282 :
2489 1244 2603 1282 non
2637 1226 2733 1298 qui
2762 1228 2931 1297 juxta
2962 1243 3195 1281 carnem
3226 1225 3554 1295 ambulant,
3581 1227 3681 1283 sed
3713 1227 3877 1299 juxta

486 1316 818 1389 praeposito,
858 1320 1280 1388 consequenter
1305 1333 1373 1371 ea
1402 1333 1529 1388 quae
1562 1316 1818 1371 diximus
1856 1314 2126 1386 superius
2234 1314 2543 1386 Spiritum.
2575 1316 2752 1370 Juxta
2773 1332 3009 1371 carnem
3043 1315 3467 1382 ambulantem,
3500 1332 3633 1371 eum
3658 1316 3878 1388 quiper

482 1403 674 1461 Patris
703 1420 851 1475 esse,
882 1404 1054 1461 habet
1083 1407 1139 1460 et
1168 1404 1369 1475 Filius,
1397 1408 1453 1459 et
1482 1420 1612 1475 quas
1648 1403 1775 1459 Filii
1811 1408 1972 1468 sunt,
2021 1404 2123 1458 ha—
2232 1403 2712 1476 voluptatesvitio
2727 1405 2919 1459 carnis
2937 1405 3160 1477 corpori
3192 1404 3878 1477 copulatus,t'acitomnia

478 1493 575 1549 bet
600 1498 657 1550 et
686 1492 937 1566 Spiritus
969 1498 1228 1549 sanctus.
1263 1493 1356 1548 Ait
1385 1492 1620 1565 quippe,
1654 1516 1681 1541 «
1748 1493 1818 1547 de
1837 1509 1962 1547 meo
1984 1491 2126 1547 acci-
2234 1510 2357 1565 qua:
2390 1494 2581 1549 carnis
2611 1498 2750 1548 sunt
2779 1495 2874 1563 (at.
2912 1494 3059 1565 esse)
3095 1499 3151 1548 et
3181 1495 3438 1566 corporis
3482 1510 3678 1567 opera,
3736 1511 3879 1567 apo-

477 1581 616 1655 piet,
647 1586 954 1655 propterea
982 1586 1039 1638 et
1068 1584 1309 1637 ventura
1338 1580 1713 1636 annuntiabit
1743 1580 1926 1635 vobis.
1960 1601 1987 1631 ››
2018 1580 2125 1635 Per
2234 1580 2473 1637 stolicus
2502 1598 2693 1637 sermo
2716 1582 3025 1654 descripsit
3050 1583 3149 1652 (at.
3172 1582 3488 1649 describit].
3514 1581 3689 1638 Porro
3703 1583 3881 1654 juxta

476 1671 761 1744 Spiritum
782 1670 1080 1742 siquidem
1100 1668 1607 1736 veritatis,sanetis
1626 1668 1765 1725 viris
1790 1669 2120 1724 futurorum
2232 1670 2515 1741 Spiritum
2549 1669 2945 1725 ambulantem
2976 1687 3132 1736 eum,
3166 1670 3265 1742 qui
3288 1670 3347 1726 in
3380 1670 3681 1744 praeceptis
3728 1670 3879 1745 legis

480 1760 725 1816 scientia
755 1762 911 1815 certa
942 1759 1298 1814 conceditur.
1351 1757 1512 1813 Unde
1560 1764 1615 1813 et
1663 1758 1955 1830 prophetae
2008 1757 2118 1813 hoc
2235 1759 2327 1813 Dei
2359 1762 2415 1813 et
2445 1758 2739 1829 Evangelii
2772 1758 3474 1831 gradiens,spiritualium
3489 1760 3762 1832 sequitur
3781 1777 3876 1817 or-

477 1850 681 1905 eodem
710 1846 914 1920 repleti
944 1847 1187 1921 Spiritu,
1220 1846 1690 1919 pramuntiabant
1721 1862 1898 1902 sensu
1924 1847 2119 1918 (92),et
2150 1878 2197 1942 Β
2231 1847 2426 1903 dinem
2458 1848 2892 1903 mandatorum.
2928 1848 3225 1919 Siquidem
3259 1849 3413 1904 sicut
3434 1847 3763 1905 carnalium
3790 1849 3879 1904 vi-

482 1937 649 2010 quasi
679 1936 991 2009 praesentia
1020 1935 1424 2006 intuebantur,
1458 1952 1586 2007 quae
1635 1940 1800 1991 erant
1847 1934 2120 2007 deinceps
2150 1934 2193 1942 ”
2232 1937 2380 1992 tium
2412 1941 2499 1992 est
2528 1954 2594 1992 ea
2625 1954 2828 2008 sapere
2860 1954 2983 2008 quae
3007 1938 3197 1993 carnis
3213 1942 3447 2005 sunt,ea
3463 1938 3719 2010 cogitare
3748 1954 3881 2010 quae

480 2030 770 2083 secutura.
804 2024 957 2082 Satis
987 2025 1110 2081 haec
1140 2025 1489 2097 abundeque
1510 2024 1909 2097 iuxtaingenii
1936 2024 2121 2079 nostri
2230 2042 2561 2098 corporum,
2598 2025 2679 2081 sic
2702 2043 2731 2081 e
2762 2026 3052 2081 contrario
3084 2026 3479 2098 spiritualium
3528 2027 3713 2083 virtus
3764 2030 3879 2095 est,

486 2119 887 2189 paupertatem
918 2115 991 2170 de
1020 2106 1290 2187 praesenti
1320 2112 1884 2185 Evangeliicapitulo
1906 2113 2121 2169 dixisse
2233 2130 2465 2186 semper
2479 2115 2730 2185 cogitare
2763 2114 2833 2171 de
2864 2114 3197 2169 coilestibus
3228 2119 3283 2170 et
3316 2115 3567 2185 mternis,
3629 2118 3783 2173 141
3821 2121 3881 2173 et

479 2204 751 2271 sufficiat.
787 2203 846 2260 Si
877 2203 1094 2276 quibus
1124 2207 1319 2258 autem
1354 2202 1631 2258 Dominus
1665 2202 1996 2259 revelaverit
2021 2244 2034 2268 ,
2066 2207 2122 2258 et
2230 2203 2580 2258 bistractare
2595 2220 2720 2273 quae
2736 2203 2983 2275 spiritus
3015 2204 3290 2259 sunt.Sed
3318 2204 3512 2260 carnis
3559 2204 3877 2276 sapientia,

477 2295 537 2349 in
555 2293 829 2350 viciniam
852 2292 1111 2348 veritatis
1129 2291 1363 2348 adducti
1383 2290 1853 2364 sunt,magisque
1876 2295 2122 2363 possunt
2229 2292 2383 2347 illico
2415 2296 2597 2347 morte
2630 2292 2739 2347 sibi
2771 2292 3291 2357 sociata,interficit
3307 2308 3405 2348 eos
3432 2292 3722 2365 quijuxta
3751 2310 3880 2351 car-

479 2397 716 2440 cernere
733 2380 1444 2453 veritatem,di5putationi
1467 2379 1706 2437 illorum
1729 2381 2119 2436 concedamus
2229 2398 2361 2436 nem
2387 2380 2737 2453 gradiuntur
2765 2386 2821 2436 et
2841 2382 3078 2452 sapiunt
3104 2398 3115 2437 :
3141 2379 3428 2453 sapientia
3447 2397 3581 2438 vero
3600 2382 3877 2455 spiritus,

476 2472 738 2542 meliora,
771 2470 987 2544 quibus
1018 2469 1115 2526 ille
1144 2470 1499 2542 sutl'ragatur
1519 2470 1618 2542 qui
1642 2474 1729 2525 est
1750 2468 2011 2541 Spiritus
2031 2485 2121 2524 ve-
2229 2471 2442 2524 mentis
2475 2469 2978 2541 tranquillitatem,
3013 2475 3067 2525 et
3099 2486 3322 2543 pacem,
3355 2474 3411 2526 et
3440 2470 3622 2528 vitam
3654 2471 3880 2530 haben-

476 2561 704 2618 ritatis:
739 2564 797 2616 et
823 2560 1081 2632 petimus
1106 2558 1317 2629 eosqui
1339 2557 1541 2614 lecturi
1566 2558 2121 2631 sunt,utignoscant
2228 2558 2385 2613 tibus
2418 2574 2478 2613 se
2510 2558 2755 2631 largitur
2784 2564 3078 2615 mternam.
3118 2559 3305 2624 Quam
3339 2576 3472 2615 cum
3504 2562 3884 2633 posscderint

476 2648 808 2723 imperitiae,
839 2648 1152 2719 studioque
1173 2647 1312 2702 dent
1338 2647 1591 2713 veniam,
1622 2646 1881 2720 cupienti
1929 2651 2118 2703 totum
2228 2664 2431 2703 omnes
2463 2647 2926 2718 perturbationes
2960 2653 3015 2704 et
3045 2665 3260 2721 genera
3287 2648 3586 2719 vitiorum,
3609 2654 3667 2706 et
3712 2651 3883 2723 ipsos

477 2742 593 2795 Deo
617 2738 822 2795 offerre
842 2737 998 2810 quod
1019 2735 1226 2808 potuit,
1254 2734 1389 2791 licet
1409 2752 1578 2792 suam
1601 2752 1715 2790 non
1740 2735 1993 2807 quiverit
2014 2734 2120 2791 im-
2229 2753 2461 2809 quoque
2490 2737 2783 2792 daemones
2816 2737 2937 2809 (qui
2970 2737 3090 2792 hac
3123 2754 3433 2811 suggerere
3454 2738 3745 2811 nituntur)
3779 2741 3887 2797 ha-

475 2828 634 2902 plere
660 2827 1043 2885 voluntatem.
2227 2827 2451 2881 bebunt
2482 2826 2589 2881 sub
2607 2826 2851 2896 pedibus
2876 2827 3020 2882 suis.
3046 2826 3344 2899 Sapientia
3365 2843 3502 2901 ergo
3521 2827 3716 2887 carnis
3738 2846 3885 2889 cum

548 2918 704 2973 146
719 2914 1289 2986 39.Proponamuset
1305 2912 1567 2984 Apostoli
1591 2913 1658 2969 ad
1677 2913 1972 2970 Romanos
1996 2914 2122 2986 Epi-
2228 2916 2399 2971 morti
2424 2916 2631 2987 juncta
2662 2915 2759 2984 sit,
2792 2915 3032 2971 inimica
3071 2921 3159 2971 est
3178 2916 3312 2972 Deo.
3349 2916 3623 2975 Inimicos
3654 2918 3888 2993 quippe

478 3005 638 3065 stolas
650 3003 1056 3062 testimonium
1073 3001 2119 3075 quaeque,nobisinillavidenturpraa-
2228 3021 2325 3059 eos
2358 3004 2551 3059 reddit
2573 3004 2671 3075 qui
2700 3004 2823 3059 suis
2847 3003 3075 3077 legibus
3097 3005 3345 3061 vixerint
3368 3022 3382 3073 ;
3409 3006 3701 3063 contraria
3723 3023 3890 3065 sem-

479 3096 631 3154 senti
667 3093 922 3151 materiae
943 3108 1263 3165 congruere
1293 3091 1696 3148 ventilemus.«
1733 3091 1805 3147 Ut
1826 3092 2116 3163 justitica.
2228 3098 2412 3166 per,et
2443 3110 2779 3165 repugnans
2808 3092 3093 3149 voluntati
3122 3099 3178 3149 et
3208 3094 3320 3168 legi
3351 3094 3679 3168 Dei.Neque
3712 3096 3888 3154 enim

475 3185 614 3256 tio,»
645 3184 890 3257 inquit,«
920 3181 1068 3255 legis
1098 3180 1800 3254 impleaturinvobis,qui
1820 3183 2117 3252 nonjuxta
2150 3243 2187 3257 Α
2229 3182 2350 3238 fieri
2382 3187 2592 3255 potest,
2625 3186 2687 3236 ut
2718 3181 2814 3253 qui
2847 3182 2905 3237 in
2929 3183 3215 3255 sapientia
3244 3184 3436 3240 carnis
3466 3189 3574 3252 est,
3603 3185 3699 3241 Dei
3724 3202 3890 3257 pre-

476 3243 1087 3338 carnem‘am’bula‘tis,
1137 3243 1238 3326 sed
1287 3270 1611 3325 secundum
1660 3243 1970 3342 spiritum."
2006 3272 2114 3337 Qui
2146 3243 2187 3311 Ο
2226 3243 3085 3344 ceptacustodiat,etvoluntati
3108 3271 3264 3327 illius
3307 3243 3892 3344 subjiciaiurﬂuan-

477 3362 635 3419 enim
657 3363 826 3433 juxta
854 3375 1089 3415 carnem
1123 3363 1280 3427 sunt,
1310 3374 1378 3415 ea
1406 3376 1531 3431 quae
1565 3360 1759 3416 carnis
1821 3365 1958 3415 sunt
2016 3379 2114 3417 sa-
2225 3361 2322 3415 diu
2354 3360 2640 3416 servimus
2671 3359 3087 3432 voluptatibus,
3121 3360 3334 3417 servire
3367 3361 3481 3417 Deo
3515 3379 3628 3418 non
3660 3380 3889 3436 possu-

477 3451 683 3525 piunt:
713 3449 813 3522 qui
844 3448 1157 3519 verojuxta
1173 3447 1540 3520 spiritum,ea
1560 3465 1686 3519 quae
1714 3449 1955 3521 spiritus
1978 3455 2116 3506 sunt
2224 3468 2376 3507 mus.
2412 3452 2555 3506 Cum
2585 3453 2779 3505 autem
2810 3448 3146 3505 titillantem
3188 3450 3615 3522 subjecerimus
3646 3454 3889 3513 nostris

475 3538 759 3598 sentiunt.
782 3537 1080 3609 Sapientia
1101 3536 1317 3609 quippe
1338 3536 1531 3591 carnis
1557 3553 1713 3593 mors
1733 3542 1821 3593 est
1846 3556 1857 3593 :
1885 3541 2113 3611 sapien-
2223 3540 2474 3621 pedibus
2505 3538 2818 3604 luxuriam,
2858 3542 3009 3593 totos
3043 3555 3150 3594 nos
3181 3540 3253 3594 ad
3287 3539 3565 3611 spiritum
3607 3544 3890 3600 transfe-

471 3628 556 3685 tia
596 3632 789 3684 autem
822 3625 1084 3700 spiritus,
1110 3624 1230 3680 vita
1256 3629 1312 3680 et
1341 3641 1479 3697 pax;
1517 3626 1794 3697 quoniam
1829 3628 2115 3699 sapientia
2222 3634 2434 3697 rentes,
2462 3643 2831 3700 nequaquam
2865 3627 3149 3684 fuerimus
3180 3628 3238 3683 in
3285 3646 3476 3695 carne,
3530 3630 3589 3686 id
3642 3636 3761 3701 est,
3822 3632 3891 3689 in

465 3717 659 3775 carnis
690 3715 931 3773 inimica
958 3718 1047 3771 est
1075 3718 1224 3769 Deo:
1258 3712 1371 3787 legi
1403 3714 1619 3787 quippe
1646 3715 1743 3770 Dei
1768 3732 1882 3771 non
1927 3718 2113 3789 subji-
2221 3718 2413 3773 carnis
2445 3716 2834 3789 passionibus,
2866 3720 3005 3772 tunc
3038 3716 3421 3789 subjiciemur
3467 3718 3605 3776 Deo.
3656 3718 3884 3794 Neque

463 3808 650 3877 citur;
685 3819 874 3879 neque
906 3804 1062 3861 enim
1089 3806 1303 3876 potest.
1338 3802 1446 3869 Qui
1479 3820 1608 3859 vero
1640 3804 1698 3859 in
1730 3822 1901 3861 carne
1948 3811 2105 3874 sunt,
2220 3807 2381 3867 enim
2406 3808 2477 3862 de
2502 3823 2672 3862 carne
2703 3805 2811 3861 hac
2845 3806 2903 3861 in
2930 3823 3046 3877 qua
3072 3806 3344 3874 vivimus,
3378 3812 3437 3863 et
3468 3807 3523 3864 in
3559 3809 3739 3881 cujus
3775 3828 3886 3869 va-

460 3896 577 3954 Deo
606 3895 836 3970 placere
867 3911 981 3950 non
1014 3896 1284 3966 possunt.
1317 3892 1433 3949 Vos
1464 3898 1661 3948 autem
1694 3910 1807 3949 non
1859 3896 2000 3952 estis
2050 3896 2108 3952 in
2220 3894 2380 3952 sculo
2413 3900 2612 3952 nostra
2642 3894 2837 3950 anima
2867 3895 3215 3964 continetur,
3250 3897 3508 3969 Apostoli
3549 3914 3752 3956 sermo
3788 3908 3893 3960 est

462 4001 654 4054 carne,
687 3985 788 4042 sed
822 3985 882 4041 in
914 3982 1135 4057 Spiritu
1166 3998 1178 4038 :
1215 3982 1265 4039 si
1290 3985 1482 4038 tamen
1516 3982 1770 4055 Spiritus
1801 3983 1899 4039 Dei
1945 3984 2108 4040 habi-
2219 3984 2356 4056 quia
2386 4000 2587 4040 omnes
2620 3984 2830 4050 sancti,
2888 4001 3124 4056 corpore
3173 3988 3230 4040 et
3276 4001 3449 4041 carne
3490 3986 3886 4058 circumdati,

459 4077 547 4130 tat
572 4073 633 4131 in
663 4073 845 4130 vobis.
878 4072 937 4129 Si
970 4072 1104 4145 quis
1133 4076 1331 4128 autem
1380 4071 1662 4143 Spiritum
1724 4072 1940 4129 Christi
1993 4091 2107 4130 non
2219 4072 2563 4145 placuerunt
2593 4078 2744 4141 Deo;
2778 4073 2879 4129 sed
2913 4073 2984 4128 ad
3014 4073 3072 4129 id
3104 4073 3298 4146 potius
3331 4075 3488 4147 quod
3519 4081 3729 4134 contra
3769 4079 3889 4136 Dei

459 4162 655 4229 habet,
688 4162 786 4219 hic
812 4178 929 4219 non
963 4165 1052 4217 est
1080 4161 1228 4233 ejus.
1264 4159 1323 4216 Si
1353 4163 1549 4216 autem
1595 4161 1868 4218 Christus
1922 4167 2009 4219 est
2048 4163 2105 4219 in
2217 4166 2567 4235 przeccptum
2600 4179 2668 4218 ex
2716 4162 2977 4217 humana
3028 4161 3311 4220 societate
3354 4169 3751 4237 perpetretur,
3806 4170 3889 4226 de

458 4250 646 4319 vobis,
679 4266 891 4327 corpus
921 4248 1155 4322 quidem
1188 4253 1487 4305 mortuum
1515 4254 1604 4305 est
1633 4255 1868 4322 propter
1899 4268 2107 4323 pecca-
2216 4252 2433 4323 quibus
2463 4256 2552 4307 est
2578 4268 2590 4305 :
2628 4275 2655 4300 «
2690 4249 2906 4323 Diliges
2936 4251 3248 4308 Dominum
3279 4252 3465 4309 Deum
3496 4258 3665 4311 tuum
3711 4257 3765 4291 ⁷⁸
3806 4277 3823 4327 ;
3851 4281 3883 4311 ››

460 4344 609 4409 tum,
641 4338 883 4412 spiritus
903 4354 1037 4394 vero
1084 4337 1225 4394 vivit
1244 4342 1479 4411 propter
1500 4338 1884 4409 justitiam.Si
1909 4345 2103 4397 autem
2214 4346 2305 4395 et:
2342 4364 2369 4389 «
2402 4340 2564 4404 Quod
2595 4339 2699 4394 tibi
2732 4357 2846 4395 non
2877 4340 2965 4396 vis
2995 4340 3116 4396 fieri
3160 4341 3226 4410 ⁷⁷,
3265 4366 3284 4395 ››
3312 4346 3420 4398 etc.
3472 4347 3590 4400 Vos
3637 4349 3882 4416 autem,

459 4427 709 4501 Spiritus
738 4428 866 4499 ejus
897 4427 997 4500 qui
1028 4426 1331 4483 suscitavit
1373 4426 1576 4482 Jesum
1625 4444 1658 4482 a
1703 4429 1973 4495 mortuis,
2008 4430 2105 4485 ha-
2212 4430 2312 4496 ait,
2346 4428 2501 4485 haud
2523 4429 2769 4484 dubium
2798 4429 2939 4499 quin
2964 4429 3234 4502 discipuli
3254 4430 3596 4504 Christi,qui
3625 4436 3887 4508 sapien-

458 4517 603 4573 bitat
630 4516 689 4573 in
718 4516 884 4573 vobis
919 4559 933 4585 ,
967 4514 1069 4588 qui
1114 4515 1415 4572 suscitavit
1468 4516 1673 4572 Jesum
1722 4517 2019 4574 Christum
2070 4537 2104 4575 a
2213 4520 2354 4575 tiam
2382 4517 2630 4591 Spiritus
2661 4518 3031 4590 suscepistis,
3062 4522 3119 4573 et
3149 4518 3329 4575 vitam
3361 4525 3419 4576 et
3463 4537 3663 4594 pacem
3699 4525 3834 4597 (94)
3868 4544 3886 4597 ;

456 4607 725 4674 mortuis,
757 4605 1070 4663 viviﬁcabit
1117 4610 1173 4661 et
1202 4604 1467 4661 mortalia
1493 4622 1732 4679 corpora
1764 4612 1955 4664 vestra
1976 4625 2107 4680 pro-
2138 4614 2185 4678 D
2217 4626 2332 4664 non
2364 4608 2504 4663 estis
2536 4606 2594 4661 in
2626 4622 2818 4672 carne,
2851 4606 2910 4662 id
2941 4612 3052 4680 est,
3098 4610 3157 4664 in
3188 4608 3381 4665 carnis
3413 4610 3715 4681 operibus,
3768 4632 3890 4672 ne-

453 4701 583 4769 pter
607 4695 1035 4753 inhabitantem
1056 4694 1341 4767 Spiritum
1365 4695 1493 4765 ejus
1523 4696 1583 4750 in
1615 4697 2099 4768 vobis.Ergo,fra-
2212 4714 2324 4772 que
2353 4699 2482 4767 ejus
2512 4713 2688 4764 Opera
2719 4699 3087 4768 perpetratis,
3119 4698 3410 4770 siquidem
3443 4699 3728 4771 Spiritum
3766 4702 3891 4760 Dei

450 4790 569 4840 tres
599 4785 734 4858 (93),
768 4785 1062 4841 debitores
1093 4800 1299 4839 sumus
1330 4800 1444 4839 non
1478 4784 1660 4850 carni,
1689 4789 1754 4840 ut
1776 4788 2099 4842 secundum
2211 4788 2437 4843 habetis
2467 4785 2525 4839 in
2556 4784 2740 4841 vobis.
2777 4785 2935 4841 Idem
2970 4794 3165 4842 autem
3198 4787 3450 4859 Spiritus
3481 4788 3600 4857 Dei,
3634 4794 3693 4845 et
3731 4791 3894 4865 Spi-

449 4890 684 4931 carnem
716 4874 1005 4929 vivamus.
1039 4872 1096 4928 Si
1130 4872 1287 4951 enim
1320 4873 1643 4927 secundum
1676 4890 1913 4930 carnem
1941 4876 2097 4931 vixe-
2210 4878 2360 4931 ritus
2391 4873 2605 4931 Christi
2639 4878 2747 4944 est,
2783 4874 3078 4930 deducens
3109 4880 3167 4931 et
3192 4875 3473 4948 copulans
3503 4894 3637 4932 eum
3662 4880 3781 4951 qui
3820 4881 3890 4939 in

449 4962 939 5032 ritis,moriemini
970 4980 984 5030 ;
1010 4961 1060 5017 si
1092 4946 1288 5016 autem
1321 4961 1530 5034 Spiritu
1563 4962 1714 5017 facta
1737 4964 1929 5019 carnis
1955 4981 2102 5020 mor-
2211 4983 2271 5021 se
2302 4963 2595 5033 habuerit,
2628 4963 2874 5019 Domino
2904 4964 3044 5019 Jesu
3073 4946 3324 5021 Christo.
3355 4964 3519 5022 Unde
3549 4971 3607 5023 et
3636 4946 3698 5021 in
3731 4985 3895 5027 con-

448 5051 826 5123 titicaveritis,
875 5050 1101 5107 vivetis.
1155 5050 1499 5123 Quicunque
1546 5052 1702 5107 enim
1736 5053 1952 5124 Spiritu
1997 5055 2099 5110 Dei
2211 5054 2599 5126 sequentibus
2632 5053 3007 5108 scribiturzu
3044 5054 3097 5108 Si
3142 5054 3274 5126 quis
3329 5058 3528 5112 autem
3569 5055 3891 5127 Spiritum

452 5145 728 5212 aguntur,
762 5136 820 5196 hi
854 5140 957 5196 filii
992 5144 1131 5196 sunt
1162 5138 1284 5196 Dei.
1308 5140 1430 5195 Non
1461 5140 1617 5195 enim
1649 5142 1957 5213 accepistis
1978 5144 2102 5214 spi-
2208 5143 2421 5199 Christi
2455 5159 2567 5196 non
2600 5141 2795 5209 habet,
2828 5142 2923 5199 hic
2954 5159 3067 5197 non
3101 5148 3191 5198 est
3220 5144 3369 5215 ejus.
3407 5167 3434 5194 »

452 5226 629 5283 ritum
661 5230 956 5287 servitutis
994 5230 1207 5286 iterum
1256 5230 1314 5283 in
1365 5228 1608 5298 timore;
1641 5232 1742 5285 sed
1792 5231 2099 5304 accepistis
2282 5235 2369 5289 40.
2422 5232 2676 5287 Rursum
2725 5232 2778 5285 in
2836 5233 3106 5303 prmsonti
3168 5232 3455 5290 discimus
3512 5234 3896 5297 societatem

451 5316 735 5389 Spiritum
787 5320 1116 5392 adoptionis
1175 5320 1233 5374 in
1294 5335 1407 5391 quo
1467 5319 1844 5375 clamamus:
1895 5322 2099 5392 Abba,
2211 5338 2388 5394 quam
2439 5319 2616 5376 habet
2666 5322 2913 5393 Spirifus
2975 5326 3213 5377 sanctus
3270 5324 3342 5378 ad
3405 5324 3609 5392 Deum,
3669 5330 3737 5383 et
3806 5330 3895 5389 ad

521 5442 565 5476 ⁷³
596 5440 749 5498 Psal.
781 5459 966 5510 cxxxr,
1001 5445 1087 5498 12.
1173 5444 1216 5479 7"
1246 5445 1398 5501 Psal.
1435 5462 1699 5513 Lxxxvm,
1733 5446 1825 5502 3t.
1866 5448 1909 5481 73
1935 5447 2089 5503 Rom.

1866 5448 1909 5481 ⁷³
1935 5447 2098 5503 Rom.
2133 5465 2257 5518 vm,
2288 5447 2433 5502 447.
2495 5447 2538 5479 ⁵⁵
2570 5445 2734 5501 Deut.
2769 5464 2846 5516 v1,
2878 5448 2931 5500 5.
2994 5448 3033 5481 π
3061 5447 3199 5501 'I'ob.
3235 5465 3309 5513 Iv,
3342 5450 3428 5504 16.

523 5583 639 5665 (9:2)
664 5582 904 5665 Iteginaa
934 5585 1062 5640 cod.
1100 5609 1121 5636 ι
1182 5586 1385 5646 eodem
1445 5589 1649 5664 repleti
1686 5590 1928 5664 Spiritu,
1964 5606 2096 5665 pro-
2280 5589 2627 5665 (93)_Deerat
2664 5609 2685 5637 ι
2720 5590 2949 5665 fratres,
2987 5611 3012 5637 »
3037 5591 3255 5665 quode
3283 5592 3830 5657 mss.sutl‘ecimus.

523 5591 639 5656 (9'2)
672 5591 904 5657 Regina;
934 5591 1062 5640 cod.
1100 5609 1121 5636 ι
1182 5591 1385 5646 eodem
1445 5591 1649 5664 repleti
1686 5591 1928 5664 Spiritu,
1964 5606 2096 5665 pro-
2280 5591 2367 5661 (93
2421 5591 2627 5645 Deerat
2664 5609 2685 5637 ι
2720 5591 2949 5652 fratres,
2987 5611 3012 5637 »
3046 5591 3199 5661 quod
3224 5608 3255 5647 e
3283 5592 3830 5657 mss.sutl‘ecimus.

454 5654 806 5716 nuntiabant
825 5659 882 5715 et
913 5671 1111 5716 sensu.
1147 5678 1175 5711 ››
2273 5591 2537 5737 (94iErat
2571 5684 2591 5713 α
2627 5664 2683 5720 et
2710 5661 2889 5719 vitam
2919 5661 3103 5737 pacis,
3136 5686 3163 5718 ››
3188 5664 3681 5725 dissentientibus
3713 5686 3898 5741 mss.
