3970 6422
3391 310 3510 385 H6

119 447 420 509 Christum.
456 448 571 510 Sed
591 452 649 511 et
677 453 735 510 in
758 453 1018 528 Epistola
1043 454 1215 524 Petri,
1238 454 1491 527 Spiritus
1512 461 1750 510 sanctus
1779 454 1827 520 Α
1867 455 2006 520 tuis,
2055 454 2282 511 habitat
2310 456 2368 511 in
2418 456 2602 526 vobis,
2647 457 2748 530 qui
2780 454 3085 513 suscitavit
3128 452 3423 512 Christum
3474 471 3509 512 a

118 554 231 597 esse
256 539 466 599 Christi
497 541 759 617 Spiritus
786 545 1230 617 comprobatur:
1262 567 1289 594 ‹‹
1321 545 1680 609 Scrutantes,
1712 565 1739 591 ››
1853 544 2120 613 mortuis,
2171 545 2484 602 viviﬁcabit
2514 550 2572 601 et
2602 545 2872 602 mortalia
2899 562 3143 619 corpora
3178 549 3372 603 vestra
3403 562 3511 619 per

116 629 303 702 inquit,
335 654 364 682 ‹‹
397 634 453 688 et
484 633 868 706 inqutrentes,
907 657 933 685 »
967 635 1026 691 id
1047 639 1136 691 est
1167 633 1481 708 prophetaa,
1507 633 1578 688 de
1610 630 1740 704 qui-
1849 634 2276 690 inhabitantem
2325 634 2603 706 Spiritum
2653 652 2828 691 suum
2871 635 2931 691 in
2979 635 3179 692 vobis:
3234 657 3263 685 ››
3316 650 3507 691 nonne

115 717 213 773 bus
230 719 276 775 ei
298 720 487 778 fuerat
507 724 1000 798 sermosuperior,
1023 724 1124 779 «in
1144 724 1321 797 quod,
1342 721 1580 795 etquale
1598 726 1742 776 tem-
1850 724 1952 779 tibi
1986 724 2214 779 videtur
2259 723 2468 791 dicere,
2503 724 2643 798 quia
2680 724 2729 782 si
2761 724 3013 798 Spiritus
3044 725 3173 797 ejus
3205 723 3306 798 qui
3339 724 3506 781 susci

112 822 210 878 pus
233 806 341 881 (95)
370 810 742 884 signiﬁcabat
760 814 832 881 is,
863 814 1010 871 I48
1032 813 1208 887 quiin
1231 814 1315 870 eis
1332 816 1457 868 erat
1481 811 1735 884 Spiritus
1848 813 1993 869 tavit
2035 813 2332 869 Christum
2363 813 2589 881 Jesum,
2623 814 2682 870 id
2735 819 2843 882 est,
2879 814 2981 887 qui
3038 813 3303 887 ejusdem
3361 813 3504 869 Jesu

113 896 325 965 Christi,
352 899 674 959 testiﬁcans
704 902 766 959 in
805 903 1031 961 Christo
1066 904 1393 975 passiones,
1426 905 1487 958 et
1516 918 1582 956 ea
1613 917 1738 972 qua:
1848 902 2060 958 Christi
2105 902 2357 975 Spiritus
2388 908 2495 970 est,
2530 903 2757 959 habitat
2786 904 2845 958 in
2897 904 3089 960 vobis:
3145 919 3505 975 consequen-

109 990 229 1058 post
254 992 418 1045 erant
466 998 741 1048 secutura
769 993 1026 1049 decreta:
1061 994 1120 1049 in
1170 994 1384 1065 quibus
1417 990 1733 1048 revelatum
1848 996 1937 1047 ter
1965 992 2416 1047 viviﬁcabuntur
2444 996 2501 1047 et
2540 993 2812 1049 mortalia
2847 1010 3092 1066 corpora
3130 996 3321 1049 vestra
3369 1008 3501 1048 cum

110 1079 210 1145 est,
236 1078 371 1149 quia
397 1096 514 1136 non
546 1081 681 1149 sibi,
732 1082 832 1138 sed
865 1082 1033 1138 nobis
1064 1082 1483 1137 ministrabant
1512 1098 1578 1136 ea
1611 1096 1737 1151 quae
1852 1081 2284 1137 immortalibus
2315 1081 2626 1137 animabus
2668 1081 2780 1155 (98)
2831 1082 2903 1138 ab
2952 1099 3018 1138 eo
3070 1081 3170 1155 qui
3201 1079 3506 1138 suscitavit

110 1169 937 1227 nuncannuntiatasuntvobis
951 1170 1352 1243 perSpiritum
1369 1170 1739 1226 sanctumisn
1848 1170 2360 1227 ChristumJesum
2392 1187 2425 1225 a
2456 1172 2725 1239 mortuis,
2743 1171 3064 1244 principem
3085 1170 3505 1245 etprimogeni—

107 1249 211 1309 Iste
236 1258 427 1313 autem
455 1258 711 1332 Spiritus
761 1264 998 1316 sanctus
1047 1259 1238 1316 dictus
1270 1265 1358 1316 est
1386 1264 1443 1315 et
1483 1260 1738 1333 Spiritus
1848 1265 1975 1316 tum
2008 1259 2490 1316 resurrectionis?
2523 1260 2817 1333 thuibus
2840 1260 2954 1317 tale
2980 1265 3332 1333 tantumque
3360 1260 3505 1316 divi-

107 1339 219 1409 Dei,
260 1360 374 1401 non
404 1347 464 1403 in
513 1350 784 1421 praesenti
836 1353 1066 1405 tantum
1116 1366 1402 1415 sermone,
1459 1350 1560 1405 sed
1595 1355 1650 1405 et
1681 1350 1738 1405 in
1850 1348 2011 1406 nitus
2042 1367 2144 1421 per
2175 1348 2458 1421 Spiritum
2486 1366 2703 1406 munus
2736 1350 3029 1405 indultum
3061 1353 3168 1418 est,
3210 1350 3505 1407 debitores

107 1429 228 1494 aliis
257 1432 396 1492 locis
428 1436 850 1511 compluribus,
885 1442 949 1494 ut
977 1438 1089 1494 ibi:
1129 1462 1156 1488 ‹‹
1186 1439 1262 1494 Ea
1293 1456 1420 1511 quae
1448 1438 1547 1493 Dei
1580 1443 1737 1505 sunt,
1850 1457 2060 1496 sumus
2092 1440 2354 1513 Spiritui,
2390 1457 2506 1495 non
2536 1440 2718 1508 carni,
2753 1445 2818 1495 ut
2840 1441 3009 1512 juxta
3039 1455 3167 1496 eam
3216 1440 3502 1496 vivamus.

102 1543 260 1585 nemo
289 1528 451 1584 novit
482 1526 595 1583 nisi
626 1526 878 1601 Spiritus
908 1527 1008 1582 Dei
1038 1529 1101 1583 7°.
1138 1550 1166 1577 »
1205 1527 1424 1583 Deinde
1476 1528 1743 1600 sequitur
1850 1529 2153 1602 Siquidem
2185 1528 2284 1602 qui
2309 1530 2480 1601 juxta
2533 1545 2769 1585 carnem
2828 1528 3052 1597 vixerit,
3088 1528 3372 1585 morietur
3400 1527 3505 1585 illa

101 1621 227 1691 post
252 1617 360 1674 hoc
391 1617 546 1690 quod
592 1617 698 1673 ait:
735 1638 763 1667 «
795 1616 854 1673 Si
883 1617 1017 1689 quis
1062 1621 1256 1673 autem
1307 1616 1590 1689 Spiritum
1638 1618 1738 1672 Dei
1852 1624 2037 1676 morte
2069 1636 2194 1692 quae
2227 1622 2534 1692 peccatum
2566 1618 2851 1690 sequitur.
2889 1640 2916 1668 «
2951 1618 3256 1674 Peccatum
3288 1615 3505 1692 quippe

102 1725 209 1764 non
238 1706 429 1775 habet,
470 1706 566 1762 hic
597 1723 710 1762 non
738 1710 829 1763 est
858 1705 1016 1777 ejus;
1044 1729 1065 1756 ι
1100 1711 1156 1761 et
1184 1707 1459 1762 infertur:
1496 1730 1523 1757 ‹‹
1548 1707 1605 1762 Si
1637 1724 1736 1762 au-
1849 1725 1982 1765 cum
2013 1712 2489 1764 consummatum
2534 1708 2727 1776 fuerit,
2761 1710 3001 1781 generat
3049 1711 3319 1775 mortem,
3357 1729 3383 1757 ››
3415 1723 3505 1764 se-

101 1794 1741 1863 temChristusinvobis,»etmanit‘estissimedemonstra—
1774 1827 1821 1894 B
1850 1799 2110 1855 cundum
2157 1798 2441 1855 Jacobum
2470 1798 2534 1853 ⁸³.
2586 1798 2698 1854 Sed
2743 1802 2801 1853 et
2851 1795 3113 1853 Ezechiel
3170 1800 3504 1870 peccantem

121 307 224 377 145
827 314 1327 385 TRANSLATIO
1369 310 1580 382 LIBRI
1621 311 1906 382 DlDYMI
1952 313 2052 381 DE
2097 313 2412 387 SPIRITU
2448 316 2782 419 'SANC'I‘O.

100 1890 192 1942 tur
228 1884 681 1958 inseparabilem
705 1900 835 1940 esse
849 1884 1133 1957 Spiritum
1149 1889 1422 1940 sanctum
1438 1902 1471 1940 a
1483 1884 1707 1940 Christo
1723 1904 1741 1939 :

101 1975 234 2049 quia
261 1974 597 2046 ubicunque
625 1974 873 2047 Spiritus
908 1978 1147 2031 sanctus
1172 1973 1364 2041 fuerit,
1399 1973 1480 2028 ibi
1502 1977 1559 2029 et
1587 1973 1743 2030 Chri-

98 2071 220 2122 stus
248 2067 353 2133 est,
385 2068 443 2119 et
463 2064 856 2135 undecunque
876 2062 1086 2118 Christi
1109 2063 1359 2136 Spiritus
1382 2062 1739 2130 discesserit,

97 2154 228 2210 inde
255 2154 469 2226 pariter
523 2152 740 2208 recedit
795 2156 852 2207 et
909 2151 1267 2207 Christus.-«
1292 2152 1346 2206 Si
1407 2152 1538 2224 quis
1585 2152 1740 2208 enim

96 2242 377 2316 Spiritum
404 2241 617 2297 Christi
651 2258 765 2297 non
796 2241 994 2310 habet,
1021 2240 1115 2296 hic
1139 2258 1253 2296 non
1286 2247 1371 2296 est
1404 2243 1551 2313 ejus.
1589 2264 1615 2291 ››
1639 2241 1739 2296 Cui

95 2330 403 2405 conjuncto
434 2330 484 2387 si
515 2347 649 2403 qms
697 2329 1054 2387 contrarium
1087 2335 1372 2396 assumat,
1405 2331 1596 2387 dicere
1646 2348 1742 2403 po-

93 2426 230 2478 test:
262 2421 319 2475 Si
351 2420 484 2492 quis
521 2418 732 2475 Christi
764 2424 872 2486 est,
908 2420 989 2476 ita
1019 2423 1083 2475 ut
1128 2419 1392 2476 Christus
1434 2421 1492 2476 in
1524 2437 1589 2475 eo
1640 2420 1737 2487 sit,

95 2512 151 2567 in
170 2512 279 2568 hoc
309 2508 567 2583 Spiritus
597 2509 700 2564 Dei
731 2513 837 2573 est.
871 2509 987 2565 Hoc
1019 2513 1217 2565 autem
1247 2508 1403 2564 idem
1438 2514 1493 2566 et
1524 2512 1592 2564 de
1623 2510 1738 2564 Deo

92 2601 257 2657 Patre
287 2599 557 2656 similiter
602 2597 1032 2670 usurpandum.
1066 2598 1122 2652 Si
1156 2599 1290 2670 quis
1334 2599 1616 2672 Spiritum
1642 2598 1739 2653 Dei

91 2707 203 2746 non
222 2689 416 2756 habet,
440 2688 551 2746 iste
580 2704 696 2743 non
719 2691 807 2743 est
825 2688 974 2758 ejus.
998 2688 1098 2744 Cui
1121 2705 1355 2743 rursum
1380 2688 1740 2744 contrarium

89 2779 139 2835 si
182 2779 317 2852 quis
370 2783 654 2843 assumat,
685 2776 919 2832 dicens:
963 2776 1021 2832 Si
1064 2776 1198 2848 quis
1240 2777 1340 2832 Dei
1390 2782 1498 2846 est,
1541 2778 1599 2833 in
1632 2777 1739 2833 hoc

88 2869 342 2942 Spiritus
391 2867 493 2923 Dei
540 2870 647 2923 est.
683 2865 843 2922 Unde
888 2865 1195 2921 scribitur:
1228 2889 1255 2915 ‹‹
1305 2866 1554 2923 Nescitis
1600 2867 1741 2939 quia

88 2958 380 3032 templum
437 2957 541 3013 Dei
589 2955 749 3023 estis,
807 2954 947 3011 etin
1003 2956 1166 3011 vobis
1203 2955 1430 3012 habitat
1486 2957 1740 3029 Spiritus

86 3047 283 3106 Dei“?
298 3070 326 3098 ››
350 3047 418 3103 Et
444 3047 503 3102 in
519 3045 772 3102 Joannes
793 3043 1077 3117 Epistola:
1105 3067 1132 3095 «
1168 3046 1229 3099 In
1246 3044 1354 3101 hoc
1368 3047 1741 3119 cognoscitur

85 3139 242 3195 Deus
273 3136 546 3193 habitans
575 3136 634 3191 in
666 3135 1043 3208 quibusdam,
1075 3152 1209 3190 cum
1242 3136 1521 3192 manserit
1549 3135 1608 3191 in
1654 3137 1739 3191 eis

1852 1888 2111 1944 animam
2144 1888 2293 1944 mori
2326 1886 2549 1944 scribit.
2582 1886 2900 1960 Separatur
2951 1886 3109 1942 enim
3129 1887 3257 1958 jam
3302 1902 3336 1941 a
3365 1884 3503 1956 vita,

1852 1995 1979 2048 qua:
2012 1977 2071 2031 in
2103 1976 2392 2050 sapientia
2422 1976 2675 2048 Spiritus
2706 1975 2989 2032 collocata
3017 1975 3196 2037 est”.

1922 2068 2010 2123 42.
2044 2066 2101 2122 Si
2136 2066 2271 2139 quis
2303 2069 2495 2122 autem
2529 2064 2959 2122 transcenderit
2993 2064 3173 2121 vitam
3205 2064 3400 2121 carnis
3450 2068 3510 2122 et

1851 2154 2065 2227 Spiritu
2098 2172 2273 2226 opera
2303 2155 2495 2210 carnis
2528 2153 2962 2210 mortificaverit
2991 2154 3124 2227 (99),
3156 2153 3309 2211 vivet
3338 2154 3506 2211 beata

1849 2248 2181 2316 aeternaque
2227 2244 2342 2299 vita
2372 2242 2586 2300 relatus
2618 2243 2677 2298 in
2710 2243 2860 2299 ﬁlios
2891 2242 3011 2312 Dei,
3061 2248 3119 2299 et
3157 2243 3414 2300 directus
3444 2242 3504 2299 in

1850 2334 2008 2389 viam
2040 2338 2256 2389 rectam
2288 2336 2526 2405 propter
2546 2333 2829 2405 Spiritum
2861 2336 3158 2395 sanctum,
3192 2331 3291 2405 qui
3322 2335 3380 2388 et
3400 2330 3501 2388 Dei

1849 2423 2101 2495 Spiritus
2123 2421 2471 2494 appellatur.
2501 2444 2530 2471 ‹‹
2562 2422 2617 2476 Si
2635 2422 2815 2489 enim,
2842 2443 2867 2471 n
2892 2420 3109 2494 inquit,
3130 2444 3157 2471 «
3178 2421 3351 2494 juxta
3382 2437 3505 2477 car-

1854 2529 1985 2567 nem
2005 2511 2285 2579 vixeritis,
2310 2510 2663 2566 moriemini.
2694 2511 2855 2574 Quod
2886 2509 3160 2582 sisp‘ritu
3192 2510 3347 2567 facta
3375 2527 3502 2567 car-

1852 2600 1942 2656 nis
1974 2600 2485 2666 mortificaveritis,
2521 2600 2757 2669 vivetis;
2796 2600 2967 2656 retin
3005 2600 3503 2672 consequentibus

1852 2712 1879 2739 ‹‹
1914 2692 2210 2761 Quotquot
2237 2690 2393 2744 enim
2426 2689 2650 2763 Spiritu
2683 2690 2781 2745 Dei
2833 2694 3105 2763 aguntur,
3136 2689 3195 2745 hi
3229 2689 3334 2745 ﬁlii
3365 2693 3508 2747 sunt

1852 2779 1969 2836 Dei.
2003 2801 2031 2830 ››
2068 2780 2324 2835 Rursum
2358 2778 2688 2835 refocillans
2706 2795 2823 2845 eos,
2849 2779 3249 2850 etconsolans,
3285 2783 3344 2836 et
3377 2797 3506 2853 pro-

1848 2887 2062 2926 vocans
2093 2885 2328 2941 sperare
2386 2868 2648 2934 meliora,
2694 2868 2913 2941 quibus
2970 2869 3340 2942 loquebatur,
3388 2870 3501 2926 ait:

1853 2981 1881 3009 «
1909 2960 2036 3017 Non
2067 2959 2222 3015 enim
2239 2957 2779 3031 accepistisiterum
2806 2959 3083 3031 spiritum
3113 2958 3416 3017 servitutis
3442 2958 3503 3014 in

1848 3049 2077 3115 timore,
2102 3048 2201 3103 »id
2226 3052 2464 3115 est,non
2489 3047 2880 3104 similitudine
2915 3064 3240 3115 servorum,
3274 3052 3433 3105 metu
3448 3051 3505 3104 et

1849 3144 2068 3195 terrore
2099 3154 2404 3210 poenarum
2428 3154 2528 3193 vos
2543 3137 2851 3193 abstinetis
2876 3154 2910 3193 a
2938 3135 3138 3205 vitilis,
3156 3136 3296 3209 quia
3324 3128 3502 3194 habe-

84 3227 341 3300 Spiritus
362 3242 537 3299 quem
561 3205 792 3281 dedit“.
812 3246 839 3275 »
864 3225 945 3279 Ex
966 3224 1469 3296 quibusomnibus
1492 3226 1735 3281 indisso-
1768 3205 1810 3270 α
1849 3228 1926 3283 tis
1953 3205 2117 3283 vobis
2149 3228 2351 3282 datum
2382 3227 2458 3298 (l)
2487 3244 2521 3281 a
2554 3226 2716 3282 Patre
2745 3225 3029 3298 Spiritum
3057 3205 3411 3298 adoptionis,
3435 3226 3494 3283 id

84 3316 313 3373 ciabilis
343 3320 520 3388 atque
565 3313 881 3371 indiscreta
908 3313 1212 3370 Trinitatis
1261 3314 1592 3371 substantia
1640 3316 1736 3371 de-

87 3409 415 3463 monstratu
424 3424 471 3461 r.

153 3498 242 3553 41.
296 3496 444 3553 Cum
495 3511 629 3568 ergo
672 3493 783 3549 ait:
841 3516 868 3542 ‹‹
899 3493 957 3550 Si
1007 3492 1276 3549 Christus
1318 3494 1376 3548 in
1422 3494 1584 3549 vobis
1629 3497 1736 3562 est,

82 3603 301 3661 corpus
322 3585 564 3658 quidem
584 3587 881 3639 mortuum
895 3587 1130 3655 propter
1142 3587 1470 3656 peccatum,
1489 3607 1509 3633 ι)
1530 3600 1743 3655 nequa-

81 3694 263 3751 quam
312 3674 472 3731 vitiis
520 3673 854 3745 laciviaaque
892 3672 1246 3740 deserviens,
1288 3673 1388 3729 sed
1433 3674 1544 3745 (96)
1596 3691 1744 3729 mor-

79 3766 376 3822 tiﬁcatum
417 3767 673 3837 peccato,
736 3779 851 3818 non
915 3766 1314 3819 commovetur
1358 3763 1429 3819 ad
1484 3763 1653 3818 vitia:
1689 3770 1744 3818 et

77 3870 461 3928 nequaquam
510 3853 619 3909 erit
658 3851 830 3908 vitale
880 3855 1134 3925 peccato.
1179 3855 1497 3925 Postquam
1547 3856 1742 3908 autem

76 3962 300 4019 corpus
322 3946 562 4017 peccato
596 3944 895 3999 mortuum
924 3941 1121 4008 fuerit,
1140 3940 1413 3998 Christus
1442 3942 1500 3998 in
1533 3941 1625 3997 his
1644 3942 1747 4014 qui

81 4052 194 4093 sua
215 4049 471 4107 corpora
487 4031 1000 4098 mortiﬁcaverunt,
1033 4047 1291 4104 praesens
1316 4031 1597 4104 Spiritum
1616 4032 1745 4088 vitm

80 4122 352 4182 ostendit
382 4121 786 4196 perjustitiam
814 4121 932 4177 sive
949 4121 1365 4177 correctionem
1382 4138 1625 4193 operum
1639 4122 1749 4178 vir-

78 4218 289 4270 tutum
322 4209 767 4276 immortalium
804 4209 923 4266 sive
946 4211 1119 4266 ﬁdem
1149 4209 1287 4266 Jesu
1315 4210 1531 4267 Christi
1560 4212 1746 4283 (97)in

78 4301 300 4375 bisqui
327 4302 500 4373 juxta
530 4300 700 4357 ﬁdem
727 4298 855 4355 illiu
871 4304 1338 4355 Sconversantur.
1361 4299 1578 4357 Deinde
1608 4311 1751 4374 Apo-

79 4391 276 4448 stolus
310 4390 427 4446 alio
446 4388 783 4463 syllogismo
812 4388 1124 4460 conjuncto
1151 4386 1354 4456 utitur,
1388 4390 1543 4460 quod
1570 4390 1749 4462 signi-

78 4479 365 4536 ﬁcantius
394 4478 683 4535 dialectici
712 4478 897 4543 mimis?
928 4481 1157 4534 vocant.
1200 4479 1354 4533 149
1397 4482 1453 4533 et
1493 4478 1600 4534 ait:
1638 4503 1663 4529 ‹‹
1694 4479 1749 4535 Si

1849 3322 1938 3373 est
1968 3316 2253 3388 Spiritum
2285 3318 2577 3382 sanctum,
2611 3314 2710 3386 qui
2741 3314 2867 3388 ipse
2896 3314 3175 3387 Spiritus,
3206 3317 3264 3371 et
3293 3315 3414 3380 Dei,
3449 3319 3506 3372 et

1848 3405 2084 3472 Christi,
2118 3404 2451 3460 etveritatis
2483 3403 2698 3459 dicitur
2729 3408 2903 3476 atque
2954 3404 3275 3477 sapientiae.
3309 3403 3370 3461 Si
3403 3422 3507 3461 au-

1848 3500 1968 3551 tem
2000 3493 2255 3567 Spiritus
2282 3492 2393 3549 istc
2414 3493 2652 3566 adoptat
2698 3492 2758 3549 in
2790 3492 2941 3550 filios
2971 3492 3073 3550 Dei
3103 3510 3223 3563 eos,
3257 3511 3509 3568 quorum

1851 3585 2191 3658 dignatione
2209 3583 2301 3638 sui
2316 3582 2611 3638 habitator
2624 3581 3009 3651 eﬂ'icitur,tibi
3026 3583 3511 3657 consequentium

1854 3691 2030 3746 super
2060 3672 2319 3745 potentia
2348 3672 2474 3743 ejus
2503 3670 2950 3744 intelligentiam
2984 3671 3348 3744 derelinquo.

1925 3763 2080 3819 150
2114 3762 2285 3817 Porro
2316 3760 2376 3814 in
2394 3761 2501 3815 hoc
2524 3760 2855 3832 adoptionis
2877 3759 3095 3832 Spiritu
3129 3759 3387 3818 clamant
3408 3760 3509 3833 qui

1855 3852 2191 3908 habuerunt
2210 3848 2377 3904 illum
2394 3849 2627 3906 Patrem
2641 3849 2848 3919 Deum,
2866 3848 3013 3905 sicut
3036 3848 3293 3905 ostendit
3320 3865 3515 3906 sermo

1855 3942 2082 3997 dicens:
2117 3963 2145 3989 ‹‹
2181 3941 2244 3995 In
2278 3955 2391 4011 quo
2441 3937 2797 3997 clamamus:
2850 3937 3038 4007 Abba,
3064 3937 3261 3994 Pater:
3298 3958 3327 3988 »
3381 3938 3509 4011 ipso

1854 4031 2071 4104 Spiritu
2103 4029 2205 4101 qui
2237 4046 2344 4084 nos
2378 4028 2617 4100 adoptat
2644 4026 2705 4082 in
2730 4027 2903 4095 filios,
2934 4026 3339 4084 testimonium
3364 4045 3509 4101 pra:-

1857 4121 2028 4176 bente
2058 4116 2505 4191 participatione
2528 4116 2641 4185 sui,
2676 4116 2831 4188 quod
2855 4133 2889 4172 a
2918 4119 3117 4172 nostro
3147 4116 3369 4190 Spiritu
3389 4133 3518 4191 pos-

1858 4210 2101 4278 sidetur,
2137 4207 2276 4280 quia
2306 4206 2408 4260 ﬁlii
2463 4205 2564 4262 Dei
2611 4222 2841 4263 sumus.
2877 4206 2982 4262 Cui
3034 4222 3403 4279 consequens
3432 4210 3522 4264 est

1858 4299 2043 4355 Deum
2067 4297 2302 4369 quidem
2335 4294 2507 4367 quasi
2538 4299 2783 4367 patrem,
2814 4293 3211 4352 haereditarias
3232 4295 3403 4354 nobis
3432 4296 3518 4353 di-

1857 4388 2027 4445 vitias
2059 4384 2377 4442 contulisse
2407 4385 2506 4456 (2),
2538 4384 2870 4457 spiritualia
2909 4385 3092 4453 dona;
3144 4385 3359 4442 Christi
3386 4403 3521 4445 vero

1860 4476 2189 4533 cohaeredes
2218 4491 2324 4530 nos
2380 4490 2527 4543 esse,
2561 4490 2626 4529 eo
2658 4473 2812 4545 quod
2855 4473 3061 4531 fratres
3091 4475 3218 4547 ejus
3243 4491 3346 4548 per
3390 4491 3524 4550 gra-

80 4574 283 4626 autem
316 4567 570 4642 Spiritus
589 4567 718 4639 ejus
750 4573 851 4640 qui
880 4567 1191 4624 suscitavit
1220 4565 1515 4623 Christum
1540 4586 1573 4623 a
1602 4584 1751 4625 mor-
1784 4583 1829 4647 D
1860 4568 2006 4623 tiam
2021 4563 2511 4637 etbenignitatem
2534 4561 3118 4635 ipsiusappellamur.
3144 4562 3375 4621 Erimus
3420 4581 3523 4622 au-

150 4687 198 4722 ⁷⁸
230 4685 255 4741 Ι
291 4683 415 4740 Pet.
453 4682 721 4752 1,41,12.
756 4684 800 4719 ⁷⁹
830 4684 853 4740 I
898 4684 1022 4740 Sor.
1059 4701 1120 4752 ιι,
1155 4684 1246 4740 ll.
1279 4682 1518 4741 3°ICor.
1555 4702 1636 4751 In,
1667 4686 1734 4741 l6

1917 4692 1931 4739 ι
1967 4684 2135 4739 Joan.
2170 4698 2245 4749 1v,
2279 4680 2365 4735 43.
2434 4678 2478 4712 ⁸²
2530 4678 2651 4735 Jac.
2686 4696 2728 4745 ι,
2769 4679 2858 4735 45.
2892 4678 2937 4713 ⁸³
2983 4677 3189 4735 Ezech.
3223 4697 3384 4746 xvm,
3432 4682 3524 4738 20.

155 4802 279 4874 (95)
325 4800 546 4874 Iterum
574 4799 782 4856 vitiose
820 4804 964 4870 erat,
997 4804 1054 4855 et
1091 4798 1254 4856 nullo
1287 4816 1465 4874 sensu
1503 4823 1523 4849 ι
1554 4799 1614 4874 in
1646 4819 1762 4873 quo

82 4871 408 4948 ait,,_q'uale
438 4875 754 4948 tempus,_»
789 4877 926 4939 etc.,
965 4888 1153 4948 neque
1181 4876 1246 4928 ut
1292 4871 1566 4948 Sciptura:
1598 4871 1762 4929 locus

85 4942 490 5011 scribebatur,
542 4942 607 5001 ut
651 4942 767 5001 alia
814 4943 1028 5015 menda
1059 4942 1585 5015 'interpunctionis,
1621 4950 1759 5014 etc.,

85 5018 510 5092 quibus__totus
543 5016 804 5092 scatebat
832 5014 1113 5092 hicliber,
1146 5014 1613 5092 dissimulamus.

156 5090 284 5161 (96)
310 5088 502 5145 Vatic.
537 5112 563 5138 «
596 5088 645 5144 si
683 5110 704 5138 ιι
742 5104 845 5161 pro
876 5110 904 5137 ‹‹
953 5087 1075 5161 sed.
1124 5110 1152 5161 _»
1190 5089 1260 5144 Ut
1308 5104 1518 5161 sensus
1563 5094 1761 5144 tamen

86 5158 409 5233 utCunque
426 5164 664 5233 constet
687 5158 824 5233 cum
850 5158 1140 5233 superiori
1172 5158 1431 5231 Apostoli
1454 5160 1764 5233 sententia,

86 5178 409 5233 utcunque
440 5178 664 5216 consrer
687 5178 820 5215 cum
850 5178 917 5215 su
967 5178 1140 5215 BPIOX‘I
1172 5178 1431 5231 ApOSlOll
1454 5178 1764 5227 sententia,

84 5235 345 5291 verbum
387 5231 630 5304 aliquod
660 5178 1054 5305 supplendJum
1107 5235 1216 5297 est,
1251 5235 1412 5305 puta,
1441 5256 1465 5281 ‹‹
1504 5232 1650 5305 illud
1681 5231 1766 5287 in-

84 5307 311 5433 ωιὲἐέξι
330 5305 502 5431 θειοά
536 5303 930 5385 nequaquam,
952 5327 980 5386 τ)
1011 5307 1277 5409 etc.,aut
1308 5303 1447 5429 quid
1480 5303 1691 5385 simile.

385 5377 482 5433 ide
513 5392 658 5431 num
690 5376 887 5431 isthaac
919 5379 995 5431 srt
1026 5393 1121 5433 ora
1147 5375 1302 5429 ieren
1352 5391 1385 5429 a
1416 5375 1647 5433 Reginae
1671 5393 1691 5430 ε

159 5374 302 5452 (ΩἿ)
330 5374 482 5452 Vide
513 5374 658 5452 num
690 5374 887 5452 isthaac
919 5376 1004 5452 sit
1025 5374 1385 5452 prri'erenda
1416 5375 1647 5448 Reginae
1671 5393 1764 5431 co-

87 5446 496 5529 dicis'lectio:
532 5471 560 5498 ‹‹
594 5447 882 5529 Christus,
916 5446 1181 5529 suhis'qui
1213 5463 1315 5502 sua
1339 5446 1593 5529 corpora
1620 5465 1768 5529 mor-

88 5524 597 5593 tiﬁcaveruntper
614 5525 955 5593 prementem
970 5517 1272 5592 Spiritum,
1300 5517 1477 5593 vitam
1513 5520 1769 5593 ostendit

88 5611 193 5666 per
223 5589 538 5668 justitiam
567 5589 844 5668 operum,
872 5590 992 5668 sive
1006 5589 1127 5668 :per
1158 5589 1571 5668 correctionem
1603 5591 1766 5647 νηίο-

89 5661 636 5731 ἰνυαῐωοιυιελίυιῐῐ,
666 5664 785 5719 sive
814 5680 922 5737 per
936 5661 1121 5737 ﬁdem
1154 5666 1305 5737 J_esu_
1331 5661 1564 5732 Christi,
1600 5685 1626 5711 n
1658 5668 1765 5718 etc.

157 5740 283 5812 (98)
319 5738 409 5795 Ita
438 5737 639 5796 ferunt
664 5733 834 5793 vetus
860 5734 1036 5824 editio
1067 5739 1125 5791 et
1169 5733 1399 5811 Reginae
1434 5751 1570 5803 ms.,
1601 5739 1769 5793 antea

1875 4805 2002 4858 erat
2035 4823 2061 4850 α
2093 4813 2230 4853 cum
2262 4794 2683 4851 immortalium
2715 4794 3048 4851 animabus.
3083 4817 3113 4844 »
3145 4794 3274 4852 Mox
3320 4795 3527 4853 eadem

1873 4878 2038 4928 vetus
2097 4870 2235 4926 edit.
2271 4890 2298 4918 «
2353 4865 3027 4941 primogenitumiillum
3086 4867 3532 4924 resurrectionis

1874 4944 2404 5005 ostendrnsﬂuare
2429 4944 2484 4995 et
2515 4940 2731 5011 quibus
2760 4940 2895 5006 tale,
2930 4961 2958 4988 »
2990 4943 3099 4995 etc.

1944 5016 2057 5087 (99)
2092 5016 2188 5087 Est
2226 5013 2451 5084 Reginae
2507 5008 2725 5066 codicis
2775 5010 3055 5087 integrior
3099 5008 3269 5087 lectio
3316 5008 3439 5087 haec
3470 5014 3531 5087 et

1872 5081 2231 5143 concinnior.
2248 5081 2433 5139 Antea
2454 5088 2577 5138 erat
2599 5081 3005 5139 tantummodo
3035 5104 3062 5132 ‹‹
3105 5081 3531 5138 transcenderit

1873 5161 2053 5215 vitam
2087 5156 2300 5223 carnis,
2318 5155 2604 5227 etSpiritu
2620 5171 2795 5227 opera
2808 5154 3000 5227 carnis
3025 5148 3476 5227 mortificaverit.
3497 5176 3526 5204 ››

1947 5232 2023 5303 (1)
2052 5229 2179 5285 Vat.
2211 5251 2239 5308 _«
2271 5223 2608 5308 abstinet‘ea
2634 5223 2812 5308 vitiis,
2835 5226 2936 5308 qui
2962 5223 3191 5308 habetis
3218 5223 3525 5308 vobiscum

1875 5294 2099 5367 datum,
2138 5305 2304 5365 >>etc.,
2365 5298 2577 5353 deinde
2609 5320 2637 5346 ‹‹
2693 5296 2794 5369 qui
2842 5294 2968 5369 ipse
2996 5294 3247 5367 Spiritus
3304 5294 3435 5351 Filii
3466 5301 3527 5353 et

1875 5374 2108 5439 Christi,
2141 5377 2197 5428 et
2223 5369 2505 5435 veritatis,
2542 5392 2568 5417 ››
2599 5374 2706 5424 etc.

1948 5447 2024 5517 (2)
2057 5435 2199 5499 Cod.
2240 5442 2471 5517 Reginae
2504 5463 2531 5491 ‹‹
2566 5457 2682 5511 qua
2710 5456 2745 5495 a
2790 5441 2989 5517 nostro
3020 5435 3231 5509 spiritu
3264 5435 3526 5517 posside-

1877 5507 2052 5584 tur,'»
2086 5520 2140 5571 et
2176 5507 2355 5585 pauld
2378 5516 2507 5585 post
2544 5507 2678 5585 cum
2708 5509 2941 5585 _veter_i‘
2967 5507 3525 5585 quoque__editione,

1880 5613 1906 5641 «
1942 5578 2107 5662 quasi
2140 5578 2778 5662 patrem'hzereditaria
2809 5578 3004 5662 nobis,
3030 5578 3246 5662 Christi
3275 5595 3527 5662 vertico-

1879 5649 2160 5719 hzercdes:
2194 5679 2221 5708 ››
2256 5663 2389 5722 etc.,
2422 5656 2645 5727 absque
2674 5651 2819 5722 illis,
2856 5676 2883 5703 ‹‹
2924 5650 3162 5708 divitias
3209 5649 3529 5711 coutulisse

1879 5728 2209 5807 spiritualia
2235 5729 2445 5784 dona.»
