3970 6406
324 260 341 273 “
438 258 555 328 M7

1685 264 1747 334 S.
1795 269 2108 337 EUSEBII
2150 271 2596 340 BIERONYMI

3728 268 3854 338 “8

436 400 556 456 tem
588 397 846 459 haredes
876 401 997 473 Dei,
1030 402 1355 461 coharedes
1378 411 1570 461 autem
1603 406 1813 461 Christi
1848 406 1895 462 si
1926 424 2079 463 com-
2110 417 2162 483 Α
2193 410 2417 465 cordari
2476 413 2672 466 autem
2704 426 2765 466 se
2819 407 3227 466 misericordia
3257 411 3316 465 et
3346 404 3632 465 virtutum
3689 406 3851 481 ejus.

436 491 756 562 patiamur,
792 498 853 547 ut
884 498 938 548 et
967 494 1386 568 conglorificari
1417 496 1467 551 ei
1500 512 1565 550 ex
1614 497 1953 568 passionum
1986 514 2076 551 so-

439 579 647 635 cietate
672 597 1017 637 mereamur.

511 670 598 723 43.
634 669 844 724 Verum
895 671 1032 742 quia
1062 676 1117 727 et
1150 672 1256 727 hoc
1280 674 1450 743 juxta
1496 674 1549 727 id
1584 675 1732 745 quod
1786 673 2084 745 potuimus

436 756 785 813 edissertum
829 764 938 824 est,
975 777 1369 831 preponamus
1417 763 1708 834 propheta
1761 761 2083 833 capitulum

438 845 703 915 quadam
732 847 799 900 de
829 847 1047 918 Spiritu
1073 855 1271 903 sancto
1303 851 1623 915 continens,
1652 861 1713 904 ut
1744 868 1857 904 non
1892 850 2081 905 solum

439 934 507 989 de
540 934 716 1001 Novo,
743 953 943 991 verum
978 938 1154 992 etiam
1187 940 1257 992 de
1292 940 1475 993 Veteri
1502 940 1877 993 Testamento
1909 955 2083 1009 super

437 1023 564 1092 ejus
599 1025 709 1079 ﬁde
740 1024 1156 1097 intellectuquc
1189 1027 1517 1081 doceamur.
1552 1028 1695 1081 Nam
1727 1032 1782 1082 et
1812 1026 2083 1098 superius

438 1111 736 1182 pralocuti
770 1130 997 1179 sumus,
1032 1115 1088 1169 in
1122 1115 1393 1171 omnibus
1428 1115 1667 1181 sanctis,
1713 1120 1829 1169 tam
1861 1114 1953 1169 bis
1984 1112 2082 1185 qui

439 1204 571 1271 post
603 1201 911 1257 adventum
944 1203 1171 1257 Domini
1199 1203 1377 1257 nostri
1405 1205 1657 1269 fuerunt,
1684 1220 1858 1276 quam
1886 1204 2081 1257 etiam.

437 1293 612 1353 retro,
647 1290 703 1343 in
737 1290 1080 1359 patriarcliis
1111 1291 1376 1346 videlicet
1407 1297 1463 1347 et
1497 1290 1816 1363 prOphetis,
1839 1290 2086 1362 Spiritus

438 1377 624 1432 sancti
659 1379 904 1449 gratiam
930 1379 1107 1434 fuisse
1150 1384 1461 1445 versatam,
1492 1384 1657 1435 eteos
1676 1379 1927 1435 diversis
1950 1379 2083 1433 cha-

436 1464 778 1521 rismatibus
808 1466 1236 1538 virtutibusque
1257 1467 1601 1539 complesse.
1618 1468 1917 1533 Quomodo
1930 1466 2086 1521 enim

439 1553 726 1608 uniusDei
758 1554 1116 1627 elUnigeniti
1140 1558 1267 1625 ejus
1298 1557 1545 1628 gratiam
1566 1556 2086 1627 possidentes,tam

431 1641 489 1697 hi
524 1643 791 1713 quiante,
818 1660 993 1714 quam
1009 1643 1183 1698 etiam
1204 1643 1288 1699 illi
1327 1646 1424 1716 qui
1449 1649 1577 1716 post
1599 1645 1912 1699 adventum
1938 1645 2087 1713 ejus,

425 1730 669 1802 justitia
721 1747 950 1786 erexere
980 1732 1281 1799 vexillum,
1311 1733 1569 1787 veritatis
1609 1737 1747 1788 sunt
1775 1732 2084 1787 scientiam

431 1819 763 1886 consecuti;
814 1819 896 1874 sic
928 1826 985 1875 et
1015 1822 1263 1892 Spiritus
1294 1821 1481 1876 sancti
1530 1821 1779 1893 gratiam
1813 1819 2084 1891 posside-

431 1907 597 1975 bunt,
632 1907 771 1979 quia
801 1908 1249 1979 inseparabilem
1278 1928 1310 1964 a
1334 1910 1494 1965 Patre
1525 1913 1581 1964 et
1605 1908 1770 1964 Fillio
1792 1925 1939 1971 esse,
1963 1906 2088 1978 Spi-

431 1996 609 2051 ritum
642 2002 910 2051 sanctum
942 1998 999 2056 in
1052 1998 1251 2052 multis
1292 2016 1469 2071 supra
1522 1998 1666 2053 locis
1697 1997 2082 2053 ostendimus-

432 2084 723 2155 Scriptum
755 2089 843 2139 est
872 2102 1008 2157 ergo
1030 2086 1098 2141 'in
1130 2088 1441 2159 propheta:
1478 2110 1504 2137 ‹‹
1534 2085 1939 2145 Misericordia
1971 2084 2080 2139 Do-

432 2172 575 2228 mini
630 2175 965 2229 recordatus
998 2192 1150 2239 sum,
1186 2181 1241 2229 ct
1266 2176 1497 2231 virtutis
1543 2177 1668 2246 ejus
1701 2176 1759 2229 in
1807 2172 2079 2229 omnibus

432 2278 558 2334 qua
594 2262 863 2317 retribuit
893 2264 1082 2318 nobis.
1120 2264 1399 2319 Dominus
1428 2265 1605 2335 judex
1647 2264 1837 2318 bonus
1878 2260 2079 2316 domui

432 2350 627 2417 Israel,
659 2351 913 2406 inferens
938 2352 1290 2421 nobisjuxta
1322 2353 1779 2408 misericordiam
1804 2367 1994 2413 suam,
2024 2354 2080 2405 et

420 2439 592 2510 juxta
625 2439 1059 2496 multitudinem
1103 2442 1353 2512 justitia
1391 2459 1527 2497 sua.
1563 2443 1631 2496 Et
1660 2440 1834 2495 dixit:
1877 2440 2077 2494 Nonne

429 2528 685 2599 populus
743 2547 908 2583 meus
962 2528 1066 2583 lilii
1095 2536 1150 2584 et
1201 2548 1312 2585 non
1372 2531 1953 2601 pravaricabunt(3).
2006 2528 2075 2582 Et

432 2616 622 2671 factus
664 2622 752 2671 est
806 2616 922 2671 illis
974 2619 1028 2671 in
1091 2618 1337 2673 salutem
1398 2637 1465 2674 ex
1495 2620 1653 2674 omni
1702 2617 2076 2673 tribulatione

433 2720 664 2769 eorum;
698 2722 813 2759 non
846 2705 1093 2777 legatus,
1127 2724 1313 2778 neque
1339 2708 1604 2779 angelus,
1628 2708 1727 2761 sed
1752 2707 1873 2778 ipse
1896 2705 2077 2761 salva-

432 2793 513 2848 vit
543 2810 663 2858 eos,
695 2810 759 2848 eo
781 2795 934 2865 quod
960 2795 1222 2850 dilexerit
1242 2814 1359 2865 eos,
1385 2803 1439 2852 et
1464 2796 1785 2869 pepercerit
1808 2796 1914 2849 eis.
1950 2796 2076 2866 [pse

435 2881 682 2936 redemit
712 2898 830 2947 eos,
864 2884 1386 2954 ctsusceperiteos,
1419 2890 1475 2940 et
1505 2884 1883 2940 exaltaviteos
1922 2884 2068 2939 151

436 2970 493 3025 in
510 2969 783 3025 omnibus
799 2971 1003 3025 diebus
1026 2971 1240 3026 saeculi.
1276 2973 1295 3026 Ι
1329 2974 1373 3028 si
1393 2990 1523 3027 vero
1542 2990 1655 3027 non
1682 2972 2072 3025 crediderunt.

435 3063 491 3115 et
509 3059 879 3114 irritaverunt
901 3061 1183 3132 Spiritum
1204 3068 1469 3117 sanctum
1489 3064 1645 3131 ejus;
1679 3065 1733 3115 et
1764 3077 2075 3115 conversus

2192 498 2489 568 inquiunt,
2524 499 2583 552 in
2619 498 2896 553 omnibus
2938 515 3064 570 qua
3107 497 3376 553 retribuit
3404 497 3506 566 eis,
3539 513 3654 554 non
3677 497 3851 568 juxta

2184 585 2475 656 justitiam
2508 603 2697 655 suam,
2730 587 2829 641 sed
2850 588 3021 657 juxta
3042 585 3505 642 misericordiam
3527 590 3585 641 et
3616 585 3849 641 bonita-

2192 677 2310 729 tem
2342 676 2490 745 ejus,
2550 676 2649 744 qui
2682 680 2769 730 est
2819 675 3002 746 judex
3032 674 3231 729 domui
3285 672 3525 739 videnti,
3558 677 3615 729 et
3643 671 3850 729 sensui

2195 762 2414 816 mundo
2447 763 2619 817 corde
2650 761 2910 817 cernenti
2933 762 3247 817 Dominum
3283 762 3380 831 (4).
3415 760 3532 817 Hoc
3554 761 3848 833 siquidem

2192 866 2260 904 ex
2292 850 2525 905 Hebrao
2557 866 2822 905 sermone
2851 848 2909 903 in
2944 850 3145 922 lingua
3175 853 3376 905 nostra
3426 848 3851 921 inierpretatur

2194 936 2393 1002 Israel,
2454 937 2509 990 id
2540 941 2649 1001 est,
2706 953 2857 990 mens
2888 937 3074 991 videns
3108 938 3276 991 Deum
3306 937 3409 1006 (5).
3475 935 3633 991 Licet
3685 937 3847 992 enim

2190 1030 2499 1090 tormenta,
2529 1030 2605 1091 et,
2640 1025 2935 1080 cruciatus
2959 1024 3136 1094 judex
3193 1041 3583 1096 nonunquam
3636 1025 3853 1081 inferat

2184 1114 2475 1185 judicium
2493 1112 2871 1179 merentibus,
2899 1117 3092 1167 tamen
3107 1111 3205 1184 qui
3225 1128 3435 1169 causas
3457 1128 3650 1169 rerum
3671 1112 3852 1170 altius

2192 1202 2475 1268 intuetur,
2493 1202 2697 1257 videns
2724 1200 3087 1273 propositum
3103 1200 3379 1256 bonitatis
3391 1200 3543 1273 ejus,
3562 1200 3664 1274 qui
3676 1203 3850 1275 cupit

2194 1291 2481 1362 corrigere
2512 1294 2871 1361 peccantem,
2922 1293 3139 1344 bonum
3169 1288 3337 1344 illum
3389 1290 3725 1359 conﬁtetur,
3757 1291 3850 1347 di-

2194 1394 2359 1434 cens:
2394 1377 2686 1432 «Inferens
2716 1378 2818 1448 [αι.
2851 1376 3089 1448 inferas]
3124 1377 3293 1433 nobis
3314 1377 3486 1448 juxta
3516 1378 3851 1436 misericor-

2194 1466 2351 1521 diam
2384 1481 2573 1520 suam.
2610 1487 2637 1514 ››
2666 1466 2725 1520 Si
2770 1465 2925 1520 enim
2953 1464 3294 1536 iniquitates
3341 1482 3540 1522 eorum
3572 1483 3723 1539 quos
3744 1468 3853 1540 ju-

2195 1554 2351 1609 dicat
2363 1554 2624 1609 attendat
2643 1553 2950 1619 Dominus,
2974 1554 3107 1625 quis
3126 1552 3443 1609 sustinebit
3462 1556 3486 1608 Ρ
3507 1554 3679 1612 Porro
3709 1557 3854 1628 quia

2198 1642 2351 1715 apud
2388 1641 2699 1697 Dominum
2734 1641 3067 1713 propitiatio
3097 1645 3205 1708 est,
3266 1641 3555 1699 Dominus
3585 1643 3857 1701 videlicet

2198 1735 2395 1786 noster
2422 1736 2595 1802 atque
2625 1728 2890 1785 Salvator
2912 1730 3084 1786 infert
3114 1729 3282 1786 nobis
3304 1732 3634 1787 secundum
3671 1732 3853 1789 mise-

2195 1819 2503 1875 ricordiam
2537 1835 2727 1885 suam,
2752 1818 2951 1874 omnia
2970 1835 3097 1890 qua
3121 1835 3227 1874 nos
3249 1819 3569 1890 provehant
3583 1821 3656 1877 ad
3688 1820 3853 1878 salu-

2195 1911 2333 1963 tem.
2368 1908 2630 1962 Inferens
2681 1922 2911 1978 quoque
2963 1908 3130 1977 juxta
3159 1906 3621 1964 misericordiam
3653 1926 3853 1977 suam,

2191 2000 2249 2051 et
2278 1996 2385 2051 hoc
2418 1996 2633 2051 faciens
2662 1996 2721 2051 in
2744 1995 2969 2067 judicio
2989 1997 3086 2067 (6),
3119 2013 3254 2051 cum
3281 1996 3517 2067 justitia
3538 1997 3708 2054 nobis
3738 1999 3852 2054 tri-

2191 2083 2341 2148 buit,
2374 2100 2501 2157 qua
2535 2084 2789 2165 admista
2837 2083 3249 2140 misericordia
3307 2084 3565 2144 bonitate
3594 2085 3852 2161 largitus

2190 2176 2297 2228 est.

2260 2261 2416 2317 152
2449 2262 2535 2317 45.
2569 2262 2917 2334 Arguendus
2948 2265 3038 2318 est
3066 2278 3133 2317 ex
3164 2263 3434 2335 prasenti
3481 2263 3739 2336 capitulo
3770 2266 3851 2338 (7)

2187 2349 2589 2405 haereticorum
2608 2367 2786 2418 error,
2808 2350 2907 2422 qui
2922 2350 3253 2407 bonitatem
3277 2367 3312 2407 a
3324 2351 3563 2424 justitia
3576 2370 3856 2426 separan-

2186 2438 2480 2506 tes,alium
2497 2443 2675 2494 Deum
2694 2437 3367 2511 bonum,aliumjustum
3389 2440 3856 2501 ﬁnxerunt.Ecce

2183 2526 2340 2583 enim
2372 2527 2430 2581 in
2462 2529 2907 2599 prasentiarum
2936 2527 3063 2600 ipse
3111 2533 3201 2583 est
3233 2532 3405 2595 Deus,
3451 2533 3509 2585 et
3540 2530 3754 2599 bonus,
3789 2537 3854 2589 et

2176 2615 2380 2685 judex,
2410 2620 2467 2670 et
2491 2616 2661 2686 juxta
2715 2616 3178 2671 misericordiam
3216 2633 3384 2672 suam
3424 2617 3855 2692 justitiamque

2184 2702 2515 2770 restituens,
2549 2710 2605 2759 et
2636 2706 2855 2776 pariter
2884 2705 3075 2760 bonus
3122 2706 3445 2778 justusque
3485 2707 3850 2766 subsistens.

2186 2790 2425 2845 Frustra
2456 2792 2636 2863 igitur
2666 2792 2935 2865 iniquum
2969 2793 3185 2865 dogma
3214 2792 3583 2860 simulantes,
3615 2795 3849 2853 bonum

2184 2878 2367 2933 Deum
2401 2879 2713 2952 Evangelii,
2746 2885 2804 2935 et
2830 2880 3055 2936 Veteris
3078 2882 3433 2937 Testamenti
3450 2883 3683 2953 justum
3716 2901 3856 2942 esse

2184 2966 2507 3023 defendunt
2538 2969 2634 3039 (8),
2654 2969 2788 3041 quia
2816 2974 2873 3023 et
2892 2969 2948 3024 in
2964 2967 3233 3041 plurimis
3248 2968 3564 3039 aliislocis,
3597 2975 3656 3027 et
3683 2989 3854 3031 nunc

2188 3054 2247 3109 in
2284 3056 2575 3126 prophetae
2632 3074 2921 3125 sermone,
2976 3079 3004 3108 ‹‹
3025 3058 3208 3129 judex
3260 3059 3448 3115 bonus
3481 3081 3509 3109 ››
3567 3060 3857 3119 scribitur

434 3152 522 3203 est
552 3147 635 3203 eis
666 3148 735 3202 ad
767 3146 1153 3204 inimicitiam.
1192 3150 1315 3220 Ipse
1334 3150 1647 3204 debellavit
1677 3166 1775 3204 eos
1806 3152 1861 3203 et
1893 3164 2075 3203 recor-
2104 3154 2146 3219 ρ
2186 3142 2359 3210 Deus,
2394 3149 2450 3197 et
2481 3161 2510 3199 e
2540 3148 2828 3201 contrario
2862 3146 3015 3217 quod
3039 3146 3265 3214 nolunt,
3297 3146 3357 3202 in
3391 3147 3549 3204 Pauli
3580 3150 3842 3221 apostoli

432 3237 603 3292 datus
634 3242 721 3292 est
754 3237 981 3292 dierum
1012 3238 1410 3310 antiquorum.
1446 3238 1551 3303 Qui
1586 3238 1783 3293 eduxit
1814 3238 1884 3292 de
1919 3242 2072 3291 terra

432 3331 723 3397 pastorem
772 3327 987 3391 ovium,
1023 3328 1119 3397 qui
1156 3328 1352 3398 posuit
1382 3328 1439 3382 in
1492 3328 1575 3382 eis
1605 3326 1882 3399 Spiritum
1936 3342 2074 3381 san-

429 3417 612 3481 ctum,
644 3430 1003 3486 congregans
1024 3415 1260 3470 dextera
1291 3416 1524 3487 Moysen
1554 3418 1617 3471 ⁸⁸.
1655 3436 1683 3464 ››

501 3503 589 3557 44.
641 3502 744 3567 Qui
806 3503 1143 3573 frequenter
1179 3504 1280 3558 Dei
1340 3504 1533 3574 adepti
1595 3507 1731 3559 sunt
1789 3502 2073 3558 beneficia

429 3590 675 3645 scientes
705 3590 889 3661 gratia
940 3591 1149 3663 magis,
1178 3596 1235 3647 et
1290 3592 1687 3647 misericordia
1715 3592 1864 3662 ejus,
1896 3608 2072 3663 quam

430 3679 681 3751 propriis
703 3697 769 3734 ex
800 3696 861 3734 se
894 3680 1073 3735 fuisse
1093 3680 1363 3752 Operibus
1388 3689 1743 3745 consecutos,
1769 3680 1933 3751 quasi
1959 3696 2075 3735 uno

427 3784 629 3824 omnes
652 3774 1025 3835 consensu,et
1053 3770 1248 3825 animo
1280 3772 1699 3825 concordantes
1729 3769 2069 3840 loquuntur.

428 3880 449 3907 α
509 3858 915 3914 Misericordia:
976 3860 1200 3914 Domini
1255 3860 1593 3915 recordatus
1647 3875 1799 3914 sum.
1838 3883 1858 3910 ιι
1898 3857 2071 3929 Cogi-

421 3950 611 4002 tantes
643 3947 796 4002 enim
831 3964 957 4019 qua
990 3948 1062 4003 ab
1094 3964 1159 4003 eo
1204 3947 1539 4019 frequenter
1576 3947 1635 4002 in
1677 3947 1870 4019 Moyse
1919 3946 2071 4001 dona

419 4035 805 4105 susceperint,
840 4037 1057 4107 gratias
1090 4037 1367 4103 referunt,
1401 4040 1458 4091 et
1488 4052 1621 4090 cum
1650 4034 2071 4101 misericordia,

416 4123 593 4179 etiam
623 4124 905 4178 virtutum
966 4125 1196 4179 Domini
1230 4126 1633 4189 recordentur,
1686 4125 1803 4179 sive
1837 4123 2071 4179 mirabi-

417 4210 587 4281 lium,
620 4228 744 4283 qua
777 4212 976 4267 crebro
1010 4230 1109 4283 pro
1142 4212 1224 4268 eis
1258 4213 1390 4268 fecit
1418 4213 1473 4267 in
1496 4212 1749 4284 populis,
1786 4212 1902 4267 sive
1934 4228 2068 4283 pro-

418 4298 677 4354 fectuum
712 4298 1163 4371 anima,quibus
1194 4318 1297 4373 per
1328 4301 1533 4366 legem,
1565 4308 1621 4356 et
1642 4300 1976 4372 prophetas,
2013 4305 2071 4355 et

415 4391 703 4458 pracepta
732 4389 858 4457 ejus
906 4389 1163 4445 salubria
1213 4390 1427 4445 eruditi
1459 4395 1615 4444 sunt.
1652 4390 1951 4460 Siquidem
2011 4389 2069 4443 in

410 4475 723 4548 Scripturis
754 4493 962 4532 nomen
995 4478 1225 4532 virtutis
1259 4483 1572 4549 utrumque
1612 4476 1922 4549 significat.
1958 4476 2066 4531 Re-

481 4593 528 4626 ⁸⁸
560 4593 667 4646 Isa.
702 4609 856 4660 Lxm,
886 4591 1044 4647 7—l2.
1113 4593 1157 4627 ⁸⁵
1188 4593 1235 4648 ΙΙ
1280 4593 1430 4648 Tim.
1466 4610 1538 4662 IV,
1574 4595 1626 4648 8.
1690 4593 1734 4627 ⁸⁵
1784 4592 1951 4647 Joan.
1984 4609 2072 4647 xv:

2234 4631 2251 4649 .
2327 4592 2369 4627 ⁸⁷
2431 4591 2608 4648 Marc.
2664 4608 2721 4657 x,
2781 4590 2870 4645 18.

413 4681 498 4730 ιιι,
532 4665 620 4731 25,
656 4665 698 4697 ⁹⁰
732 4662 877 4718 l’sal.
913 4682 1082 4731 Lxxn,
1124 4664 1168 4719 Ι.

2184 3229 2442 3303 Epistola
2472 3232 2597 3305 (qui
2627 3239 2779 3289 certe
2810 3233 2947 3289 Novi
2977 3234 3336 3291 Testamenti
3370 3236 3713 3309 praedicator
3734 3241 3854 3311 est)

2184 3319 2338 3375 Deus
2360 3321 2528 3389 jutus
2550 3323 2735 3393 judex
2782 3324 3047 3379 refertur.
3106 3348 3133 3374 ‹‹
3167 3324 3441 3397 Reposita
3489 3331 3577 3381 est
3606 3326 3784 3397 mihi,
3824 3352 3850 3378 »ι

2182 3404 2393 3479 inquit,
2429 3430 2457 3458 «
2488 3412 2987 3482 coronajustitia,
3022 3428 3199 3484 quam
3234 3414 3435 3469 reddet
3466 3413 3611 3469 mihi
3644 3414 3855 3472 Domi-

2183 3512 2294 3552 nus
2311 3496 2372 3552 in
2385 3496 2983 3570 illadiejustusjudex
2997 3501 3061 3555 ⁸⁸.
3083 3522 3110 3551 ››
3140 3500 3296 3557 Idem
3309 3506 3399 3558 est
3414 3502 3715 3575 ergo,licet
3729 3521 3843 3561 no-

2183 3582 2312 3646 lint,
2348 3584 2486 3640 Novi
2518 3592 2573 3641 et
2594 3587 2820 3644 Veteris
2841 3589 3197 3645 Testamenti
3229 3591 3407 3658 Deus,
3437 3590 3766 3649 visibilium
3785 3600 3845 3651 et

2182 3670 2563 3731 invisibilium
2587 3676 2869 3744 conditor,
2906 3677 3199 3734 Salvatore
3228 3679 3403 3735 etiam
3436 3681 3493 3735 in
3525 3681 3850 3754 Evangelia

2172 3761 2406 3832 justum
2438 3769 2493 3819 et
2526 3765 2745 3821 bonum
2780 3765 3002 3822 Patrem
3033 3765 3255 3839 liquido
3286 3773 3625 3826 attestante:
3661 3794 3688 3820 «
3727 3772 3848 3829 Pa-

2181 3854 2271 3905 ter
2292 3849 2476 3920 juste,
2509 3854 2767 3911 mundus
2825 3860 2880 3911 te
2913 3872 3026 3911 non
3057 3857 3327 3929 cognovit
3355 3858 3419 3913 ⁸ο.
3452 3880 3482 3910 ›)
3536 3859 3603 3914 Et
3632 3859 3689 3914 in
3723 3860 3849 3918 alio

2180 3943 2336 3999 loco:
2373 3964 2399 3990 «
2433 3942 2613 3997 Nemo
2645 3943 2856 4011 bonus,
2891 3943 3005 3999 nisi
3039 3960 3191 3999 unus
3223 3944 3377 4002 Deus
3397 3946 3461 4002 ⁸⁷.
3496 3969 3523 3998 n
3551 3947 3661 4003 Sed
3688 3952 3749 4004 et
3784 3950 3845 4006 in

2177 4032 2356 4088 veteri
2387 4030 2511 4103 lege
2542 4029 2680 4087 alibi
2705 4032 2927 4100 justus,
2988 4030 3130 4087 alibi
3163 4033 3353 4090 bonus
3409 4035 3627 4091 dicitur
3656 4036 3847 4095 Deus.

2183 4122 2244 4177 In
2277 4118 2542 4187 Psalmis,
2582 4138 2605 4167 ι
2635 4118 2842 4175 Justus
2900 4118 3206 4190 Dominus,
3242 4144 3270 4171 ››
3324 4122 3536 4195 inquit,
3568 4147 3596 4175 «
3628 4129 3687 4181 et
3706 4126 3851 4197 jus-

2177 4209 2342 4265 titias
2376 4207 2578 4264 dilexit
2598 4209 2664 4262 ⁸⁸.
2699 4230 2728 4257 ››
2770 4209 2838 4263 Et
2868 4210 3157 4265 contrario
3190 4211 3249 4265 in
3277 4211 3550 4280 Jeremia,
3585 4233 3613 4263 ‹‹
3645 4214 3853 4273 Bonus

2180 4296 2464 4354 Dominus
2482 4297 2574 4353 his
2588 4296 2688 4369 qui
2713 4298 3008 4353 sustinent
3028 4314 3163 4353 eum
3185 4299 3247 4353 ⁸³.
3286 4322 3314 4349 ››
3345 4304 3569 4357 Rursus
3595 4301 3653 4357 in
3686 4302 3853 4360 Psal-

2180 4388 2323 4444 mis:
2360 4410 2389 4437 ‹‹
2432 4388 2616 4451 Quam
2649 4386 2835 4442 bonus
2859 4386 3011 4443 Deus
3037 4387 3234 4457 Israel,
3267 4388 3361 4445 his
3384 4390 3483 4464 qui
3509 4396 3668 4448 recto
3701 4400 3851 4450 sunt

2178 4476 2349 4532 corde
2381 4476 2446 4529 9o.
2484 4497 2510 4523 ››
2546 4476 2609 4530 Et
2630 4474 2749 4529 hac
2773 4475 3010 4546 quidem
3043 4492 3073 4531 e
3099 4475 3280 4533 latere
3312 4483 3514 4535 contra
3534 4478 3847 4540 haereticos

2959 4592 3004 4625 ³⁸
3062 4591 3210 4650 Psal.
3274 4611 3331 4649 x.
3408 4597 3461 4651 8.
3513 4595 3558 4631 ⁸ο
3614 4596 3847 4659 Thren.

482 4780 557 4851 (3)
589 4779 917 4853 Eritopera
951 4782 1200 4851 pretium
1248 4780 1537 4853 insignem
1571 4780 1747 4836 istum
1786 4781 1941 4834 Isaia
1978 4780 2062 4834 lo-
2094 4782 2142 4846 1)
2171 4783 2297 4835 tum
2331 4781 2728 4835 Milevitanum
2759 4778 3021 4853 invenias
3054 4779 3154 4836 lib.
3191 4800 3251 4849 ιι,
3285 4783 3344 4838 in
3378 4785 3510 4853 ﬁne,
3542 4789 3601 4839 et
3632 4785 3839 4844 Hiero-

412 4866 546 4909 cum
578 4851 830 4906 recolere
863 4853 933 4906 ad
963 4853 1226 4906 Graecum
1264 4851 1576 4922 exemplar,
1601 4854 1672 4905 ad
1696 4854 1865 4976 cujus
1891 4853 2060 4906 ﬁdem

414 4920 647 4976 nonulla
679 4923 1139 4976 emendavimus.
1176 4924 1280 4976 Pro
1312 4946 1337 4973 ‹‹
1388 4923 1587 4976 Nonne
1617 4940 1766 4976 nonu
1800 4941 1866 4976 us
1900 4939 2060 4976 meus

414 4920 647 4996 nonulla
679 4923 1139 4996 emendavimus.
1176 4924 1280 4977 Pro
1312 4946 1337 4973 ‹‹
1388 4920 1587 4977 Nonne
1617 4920 1866 4996 populus
1900 4939 2066 4978 meus

413 4994 707 5049 ﬁliiPerat
773 4994 1024 5065 negandi
1084 5010 1280 5065 sensu.
1316 5017 1343 5042 ‹‹
1404 4998 1526 5048 Non
1590 4994 1839 5065 populus
1897 5011 2065 5049 meus

408 5065 533 5131 filii,
568 5084 596 5111 »
628 5068 827 5119 contra
859 5064 1001 5137 mss.
1022 5132 1033 5137 _
1054 5064 1281 5137 Regina
1314 5069 1369 5120 et
1397 5064 1679 5119 Vaticani
1709 5067 1903 5119 ﬁdem.
1938 5067 2060 5120 Gra

408 5150 512 5190 cus
541 5147 774 5206 quoque
807 5134 925 5189 Οὐχ
959 5136 986 5189 ὁ
1021 5132 1163 5195 tua;
1188 5155 1310 5206 μου,
1346 5140 1449 5189 etc.

479 5202 557 5276 (4)
616 5202 792 5260 Vetus
845 5208 1044 5273 editio,
1110 5202 1235 5262 «et
1294 5224 1466 5262 sensu
1526 5208 1745 5262 mundo
1794 5208 2055 5263 cernenti

411 5280 616 5332 Deum.
679 5297 705 5323 n

477 5347 553 5417 (5)
587 5344 803 5417 Vitiosa
832 5351 887 5399 et
916 5351 1116 5403 contra
1146 5365 1289 5403 mss.
1325 5349 1497 5402 fidem
1529 5352 1697 5403 antea
1725 5353 1847 5403 erat
1884 5370 1909 5401 α
1940 5350 2047 5405 Do-

2177 4869 2416 4925 nymum
2440 4908 2453 4925 ,
2473 4868 2707 4924 quoque
2737 4868 2806 4907 ex
2834 4851 3084 4925 aliorum
3144 4870 3342 4910 sensu.
3375 4851 3503 4921 Qui
3530 4860 3733 4914 autem
3766 4876 3839 4916 ex

2177 4908 2244 4979 ea
2272 4942 2408 4980 voce
2440 4908 2668 4989 limi”
2709 4923 2947 4995 extundi
2978 4908 3193 4995 possit,
3214 4908 3359 4982 alibi
3384 4908 3674 4985 diximus.

2245 4998 2529 5085 (φνετδα
2560 5017 2580 5045 ·
2613 4995 2789 5085 93.1199
2806 4994 3155 5085 ΓαθίὲἾῖῖὶίξι
3180 4997 3410 5085 ῆθεξηεε
3424 5015 3566 5082 ιηεε·
3601 5017 3837 5085 expue-

2171 5073 2417 5144 guntur:
2454 5067 2822 5144 mox_Vat_ic.,
2859 5089 2885 5115 «
2919 5064 3347 5144 nobistribu'it,
3380 5070 3520 5141 quia
3550 5087 3617 5128 eo
3653 5064 3836 5144 juxta

2170 5136 2580 5195 misericordia
2607 5138 2925 5193 bonitatem
2962 5136 3210 5209 largitus
3240 5145 3347 5197 est.
3384 5136 3411 5190 ἦ

2237 5211 2492 5285 (7)_Hinc
2522 5210 3668 5285 tertiumlibrum.auspicantureditores
3699 5215 3829 5284 alii,

2165 5277 2379 5356 qua'de
2413 5300 2470 5339 re
2501 5301 2681 5356 supra
2711 5282 2970 5356 diximus
3001 5277 3061 5336 in
3120 5277 3355 5356 praeﬁxa
3382 5277 3826 5345 Admonitione.

2162 5354 2463 5429 Absonu‘m
2496 5354 2629 5429 vero
2655 5355 3028 5429 estmaxime,
3053 5354 3207 5429 quod
3241 5372 3275 5410 a
3296 5357 3489 5412 media
3519 5357 3679 5413 Isaia
3712 5358 3828 5415 loci

405 5416 655 5500 mitium;
698 5416 871 5500 nullae
890 5418 2049 5500 pprronominislsraeletymolpgiasive
2158 5426 2519 5495 expositione
2563 5426 2905 5497 inceperint.

402 5490 527 5570 χοῦς
557 5489 697 5570 ὁριῦν
732 5485 1127 5570 Θεόνίῦεωεῇε
1160 5492 1449 5570 praecipue
1504 5485 1716 5570 arrisit,
1738 5485 2044 5570 _()lympio-

402 5558 542 5631 d_orc
593 5558 674 5631 ’-ιιι
724 5575 906 5631 capi
960 5558 1353 5631 Ecclesiaste.‘
1411 5564 1647 5619 Leontio
1727 5558 2040 5631 De'sei'tis,

400 5628 738 5703 Theophani
769 5628 1040 5687 Cerameo
1062 5629 1329 5703 aliisque.
1362 5637 1422 5689 Ε.
1449 5634 1667 5691 Latinis
1698 5636 1852 5707 apud
1874 5628 2041 5709 Opta;

2226 5498 2563 5572 (BLRegina
2592 5498 2761 5563 liber,
2793 5519 2821 5546 ‹‹
2856 5498 3074 5572 bonum
3097 5499 3166 5572 de
3189 5498 3521 5572 Evangelio,
3545 5502 3602 5555 et
3625 5500 3701 5556 de
3725 5518 3798 5558 vo

2151 5569 2254 5622 teri
2291 5569 2600 5626 Tesmento
2624 5573 2856 5643 justum
2876 5586 3003 5627 esse
3032 5569 3385 5629 defendunt:
3421 5593 3448 5620 »
