3970 6416
253 281 357 348 15⁸1

956 283 1450 350 TBANSLATIO
1498 282 1702 348 LIBRI
1747 277 2031 346 DIDYMI
2073 281 2177 345 DE
2223 280 2539 349 SPIRITU
2585 284 2918 352 SANCTO.

3525 282 3643 350 158

319 422 396 476 57.
427 420 760 477 Secundum
807 437 1041 494 quoque
1072 422 1224 494 quod
1274 437 1486 476 nomen
1529 419 1792 492 spiritus,
1825 421 1882 473 et

2014 417 2153 474 iliud
2212 417 2268 472 in
2351 418 2634 476 Trinitate
2667 420 2938 493 usurpari
3008 407 3469 498 δοιει,συνῖ.3νυμον
3504 428 3637 496 est;

252 509 593 566 voluntatem
623 509 902 578 hominis,
957 515 1014 566 et
1060 509 1241 565 animi
1292 508 1642 565 sententiam
1693 511 1876 563 sonet.

251 599 448 657 Volens
464 599 680 672 quippe
698 599 1008 672 Apostolus
1029 600 1312 672 virginem
1331 616 1445 655 non
1470 597 1660 654 solum
1685 613 1877 670 opere,

253 689 342 746 sed
373 693 426 745 et
453 692 648 745 mente
678 693 939 745 sanctam
972 705 1122 755 esse,
1150 689 1208 744 id
1237 691 1344 754 est,
1371 704 1485 744 non
1508 691 1738 742 tantum
1763 702 1883 741 cor-

252 795 396 852 pore,
423 779 522 834 sed
545 782 604 834 et
621 783 782 834 motu
804 778 997 834 cordis
1023 778 1270 846 interno,
1295 777 1406 832 ait:
1433 799 1461 827 ‹‹
1486 776 1561 832 Ut
1585 775 1662 831 sit
1680 777 1881 831 sancta

253 884 474 940 corpore
521 871 578 924 et
616 867 881 941 spiritu”
907 885 919 938 ;
943 890 972 918 »
1024 867 1389 930 voluntatem
1425 865 1634 938 spiritu
1667 869 1722 921 et
1753 881 1880 919 cor-

253 974 378 1031 pore
398 973 572 1030 opera
592 958 953 1031 signiﬁcans.
983 956 1297 1013 Considera
1333 960 1532 1011 utrum
1554 955 1664 1010 hoc
1687 955 1882 1026 ipsum

256 1047 308 1102 in
336 1046 481 1102 Isaia
505 1051 690 1113 sonet,
715 1047 869 1118 quod
915 1045 1202 1118 scriptum
1245 1052 1333 1102 est
1357 1063 1368 1101 :
1396 1068 1423 1096 ‹‹
1448 1048 1514 1100 Et
1544 1045 1753 1110 scient,
1783 1041 1881 1114 qui

255 1135 450 1208 spiritu
471 1140 688 1201 errant,
720 1134 1157 1192 intellectum”.
1194 1158 1220 1184 »
1253 1134 1361 1199 Qui
1389 1133 1545 1190 enim
1577 1149 1769 1190 errore
1785 1132 1882 1203 ju-

255 1225 378 1280 dicii
405 1224 518 1281 alia
539 1241 642 1297 pro
664 1224 796 1281 aliis
817 1225 970 1281 bona
989 1224 1248 1296 [al,bono
1270 1223 1486 1296 studio]
1523 1221 1885 1286 existimant,

253 1313 923 1388 accipientintellectum,
944 1318 1009 1370 ut
1028 1314 1532 1386 corrigaturerror
1551 1311 1807 1376 illorum,
1830 1314 1888 1364 et

253 1421 345 1478 pro
393 1405 587 1478 pravis
642 1420 709 1460 ea
765 1420 893 1476 quin
951 1407 1108 1460 recta
1159 1407 1299 1460 sunt
1355 1401 1594 1475 eligant.
1651 1401 1887 1456 Necnon

251 1493 480 1550 etillud:
505 1517 531 1544 «
549 1493 940 1550 Unafortiudo
963 1492 1452 1566 spiritusvestri39
1477 1492 1581 1564 [al,
1607 1489 1839 1560 nostri],
1859 1511 1879 1541 ι

249 1583 367 1639 vide
396 1601 471 1639 an
501 1583 756 1656 idipsum
785 1583 1071 1639 ostendat.
1107 1582 1172 1638 Et
1203 1599 1379 1655 super
1407 1580 1606 1637 omnia
1635 1580 1886 1635 vocabu-

249 1674 361 1731 lum
383 1673 628 1746 spiritus
647 1671 910 1729 altiorem
933 1676 990 1728 et
1006 1671 1321 1745 mysticum
1343 1672 1400 1726 in
1417 1669 1734 1743 Seripturis
1753 1685 1885 1724 san-

249 1763 350 1820 ctis
379 1763 676 1837 signiﬁcat
705 1760 1086 1830 intellectum,
1121 1765 1188 1816 ut
1215 1760 1298 1816 ibi
1322 1777 1334 1817 :
1365 1761 1630 1816 «Littera
1653 1757 1884 1826 occidit,

250 1853 484 1927 spiritus
513 1857 708 1909 autem
738 1851 1046 1906 viviﬁcat‘0
1069 1869 1082 1918 ;
1109 1872 1138 1899 ››
1159 1850 1413 1906 litteram
1438 1849 1638 1904 dicens
1664 1846 1888 1920 simpli-

250 1960 386 2010 cem,
416 1947 477 1999 et
499 1941 871 1998 manifestam
893 1941 1063 2011 juxta
1101 1939 1407 1996 historiam
1448 1937 1842 1994 narrationem
1871 1955 1883 2004 ;

249 2031 685 2106 spiritumvero,
708 2037 976 2086 sanctum
996 2034 1053 2086 et
1076 2028 1379 2103 spirituale
1405 2044 1576 2084 nosse
1598 2027 1708 2098 (34)
1733 2026 1886 2099 quod

245 2121 469 2194 legitur.
496 2120 554 2176 In
581 2120 732 2176 hanc
748 2119 1017 2193 congruit
1048 2117 1407 2175 voluntatem
1431 2122 1488 2173 et
1509 2116 1654 2172 illud
1680 2133 1693 2170 :
1721 2140 1747 2168 «
1771 2115 1888 2170 Nos

247 2228 444 2268 sumus
479 2209 869 2276 circumcisio,
902 2209 1003 2282 qui
1033 2208 1246 2282 spiritu
1283 2207 1526 2263 Domino
1567 2205 1886 2262 servientes

249 2317 472 2365 sumus,
497 2303 555 2355 et
575 2315 689 2354 non
722 2298 779 2354 in
838 2313 1012 2354 carne
1045 2297 1406 2353 conﬁdentes
1424 2297 1487 2351 “.
1524 2317 1551 2344 »
1592 2294 1698 2361 Qui
1732 2292 1887 2348 enim

247 2405 352 2445 non
383 2389 580 2445 littera
609 2403 844 2464 carnem
878 2385 1214 2455 concidunt,
1248 2386 1348 2441 sed
1382 2401 1481 2440 cor
1529 2383 1737 2456 spiritu
1771 2382 1887 2437 cir-

245 2477 936 2548 cumcidunt,auferentes
967 2491 1138 2532 omne
1167 2476 1297 2547 ejus
1318 2474 1706 2547 superﬂuum,
1731 2472 1887 2544 quod

244 2567 600 2640 generationi
623 2566 950 2640 proximum
981 2570 1089 2633 est,
1122 2568 1179 2621 et
1207 2564 1487 2632 amicum,
1533 2563 1592 2618 lii
1623 2578 1754 2618 vere
1776 2561 1887 2633 (35)

245 2657 446 2732 spiritu
478 2656 812 2713 circumcisi
844 2659 1003 2724 sunt,
1055 2655 1114 2710 in
1164 2654 1389 2710 occulto
1438 2652 1648 2720 Judaei,
1685 2656 1741 2707 et
1772 2649 1889 2706 veri

247 2748 541 2816 Israelita,
571 2748 628 2803 in
670 2746 888 2820 quibus
926 2762 1039 2801 non
1075 2749 1166 2802 est
1211 2743 1405 2800 dolus.
1456 2744 1562 2808 Qui
1591 2746 1888 2798 transcen-

245 2838 442 2894 dentes
477 2837 719 2893 umbras
741 2840 798 2893 et
814 2833 1099 2909 imagines
1117 2833 1340 2891 Veteris
1362 2832 1744 2899 Testamenti,
1771 2830 1887 2886 cul-

245 2931 392 2984 tores
421 2925 545 2982 veri
575 2927 822 2983 adorant
842 2929 1071 2981 Patrem
1113 2924 1173 2980 in
1219 2923 1426 2996 spiritu
1469 2927 1526 2980 et
1552 2922 1793 2978 veritate
1807 2921 1886 2974 ‘3:

244 3017 300 3072 in
330 3017 567 3090 spiritu,
602 3015 743 3088 quia
773 3013 1096 3088 corporalia
1125 3020 1183 3070 et
1223 3012 1472 3069 humilia
1513 3011 1887 3068 transcende-

245 3111 412 3174 runt;
445 3108 510 3163 in
540 3105 798 3172 veritate,
831 3103 968 3178 quia
997 3108 1185 3177 typos,
1219 3107 1277 3159 et
1315 3104 1577 3169 umbras,
1610 3106 1666 3158 et
1695 3117 1889 3158 exem-

1989 506 2144 563 verbi
2179 507 2388 580 gratia,
2421 513 2661 564 sanctus
2693 510 2883 566 bonus
2905 511 3039 582 (36),
3066 515 3123 568 et
3143 517 3347 570 caetera
3368 515 3458 572 bis
3483 516 3641 574 simi-

1989 597 2088 665 lia,
2122 598 2192 651 de
2225 598 2439 668 quibus
2471 598 2640 670 paulo
2673 603 2805 655 ante
2846 601 3318 672 perstrinximus.

2061 687 2150 741 56.
2186 686 2360 742 Porro
2388 689 2458 742 ad
2493 687 2612 742 hinc
2644 690 2974 745 necessario
3001 691 3257 747 devoluti
3306 711 3538 761 sumus,
3575 700 3644 751 ut

1993 774 2132 847 quia
2152 775 2488 848 frequenter
2510 777 2819 850 appellatio
2849 779 3096 853 spiritus
3126 780 3183 836 in
3205 782 3524 855 Seripturis
3555 789 3645 842 est

1994 881 2258 936 respersa
2278 865 2512 932 divinis,
2537 884 2651 922 non
2674 867 3017 924 labamurin
3037 871 3290 939 nomine,
3311 875 3413 928 sed
3438 892 3643 931 unum-

1995 954 2266 1027 quodque
2298 957 2621 1012 secundum
2662 956 2925 1013 locorum
2972 959 3276 1017 varietates
3324 966 3382 1018 et
3428 962 3643 1019 intelli-

1994 1042 2220 1115 gentias
2242 1043 2618 1116 accipiamus.
2643 1046 2813 1102 Omni
2835 1047 3033 1120 itaque
3053 1050 3248 1106 studio
3264 1067 3329 1106 ac
3343 1051 3646 1125 diligentia

1993 1131 2344 1188 vocabulum
2377 1133 2652 1205 Spiritus:
2688 1136 2785 1190 ubi
2837 1141 2894 1191 et
2945 1139 3241 1210 quomodo
3287 1140 3643 1212 appellatum

1997 1222 2092 1290 sit,
2117 1222 2602 1295 contemplantes,
2629 1224 2995 1296 sophismata
3015 1243 3217 1284 eorum
3241 1233 3297 1283 et
3319 1229 3650 1286 fraudulen-

1999 1324 2085 1366 tas
2103 1311 2398 1383 decipulas
2411 1317 2804 1382 conteramus,
2823 1316 2923 1387 qui
2941 1316 3225 1388 Spiritum
3257 1323 3527 1375 sanctum
3547 1337 3645 1376 as—

1998 1404 2203 1456 serunt
2223 1406 2571 1458 creaturam.
2600 1403 2878 1476 Legeutes
2901 1404 3058 1460 enim
3082 1405 3138 1460 in
3163 1407 3469 1478 propheta,
3487 1412 3646 1481 «Ego

1998 1505 2130 1544 sum
2155 1489 2517 1564 ﬁrmans(37)
2542 1491 2886 1560 tonitruum,
2911 1497 2967 1550 et
2987 1510 3192 1551 creans
3213 1495 3580 1568 Spiritum“,
3617 1519 3644 1546 »

1998 1578 2328 1651 ignorantia
2361 1580 2702 1653 multiplicis
2735 1582 2793 1637 in
2815 1582 2925 1639 hac
2955 1587 3118 1654 parte
3138 1585 3449 1658 sermonis,
3478 1590 3647 1659 puta-

1996 1673 2206 1724 verunt
2237 1668 2519 1741 Spiritum
2553 1675 2822 1727 sanctum
2853 1689 2921 1727 ex
2950 1671 3060 1728 hoc
3094 1675 3376 1730 vocabulo
3407 1676 3649 1732 demon-

2000 1758 2195 1828 strari,
2228 1775 2363 1814 cum
2413 1759 2470 1814 in
2493 1761 2936 1832 praesentiarum
2971 1761 3216 1834 spiritus
3266 1781 3484 1820 nomen
3513 1781 3646 1820 ven-

1998 1851 2124 1902 tum
2152 1853 2338 1903 sonet.
2374 1849 2608 1904 Necnon
2640 1849 2698 1904 in
2729 1850 3011 1906 Zacharia
3043 1852 3352 1909 audientes
3385 1853 3649 1909 locutum

1998 1937 2336 2004 Dominum,
2370 1938 2520 2008 qued
2553 1939 2681 2010 ipse
2711 1938 2789 1994 sit
2819 1940 2916 2011 qui
2942 1945 3068 1996 erat
3091 1941 3365 2014 spiritum
3390 1942 3650 1998 hominis

1999 2025 2057 2080 in
2099 2041 2165 2081 eo
2177 2027 2241 2094 ‘7,
2283 2026 2765 2085 existimaverunt
2786 2029 3070 2102 Spiritum
3090 2035 3360 2087 sanctum
3383 2031 3560 2088 etiam
3583 2032 3643 2088 in

1998 2113 2109 2170 hoc
2140 2115 2395 2186 capitulo
2428 2116 2767 2189 significari,
2802 2136 2916 2175 non
2939 2120 3472 2178 animadvertentes
3493 2123 3648 2195 quod

1999 2204 2258 2261 animam
2291 2205 2570 2273 hominis,
2603 2212 2704 2263 aut
2744 2208 3019 2290 spiritum
3071 2211 3268 2284 (quem
3320 2211 3559 2267 tertium
3590 2212 3649 2268 in

1998 2294 2236 2351 homine
2266 2312 2394 2351 esse
2409 2297 2534 2368 jam
2557 2296 2836 2369 diximus)
2859 2299 3105 2371 spiritus
3129 2299 3441 2372 appellatio
3465 2301 3647 2374 signi-

1997 2382 2150 2438 ﬁcet.
2185 2385 2334 2457 Ergo
2366 2390 2430 2440 ut
2459 2385 2756 2458 praelocuti
2804 2404 3032 2454 sumus,
3088 2389 3383 2460 quomodo
3433 2405 3646 2445 unum-

2000 2473 2274 2545 quodque
2315 2475 2535 2530 dictum
2587 2474 2681 2542 sit,
2730 2475 3191 2545 consideremus,
3245 2495 3314 2533 ne
3364 2479 3509 2534 forte
3548 2495 3650 2551 per

1998 2561 2388 2634 ignorantiam
2422 2562 2481 2618 in
2513 2563 2856 2620 barathrum
2897 2566 3242 2622 decidamus
3292 2567 3525 2625 erroris.
3559 2568 3638 2624 Si-

1999 2651 2236 2723 quidem
2269 2651 2328 2707 in
2371 2653 2502 2708 aliis
2547 2654 2720 2710 rebus
2769 2671 2836 2711 ex
2894 2657 3186 2712 consortio
3229 2657 3647 2714 vocabulorum

1999 2756 2160 2796 error
2189 2742 2483 2811 eveniens,
2517 2743 2919 2800 confusionem
2952 2749 3009 2800 et
3039 2745 3321 2818 pudorem
3351 2746 3404 2802 ei
3436 2746 3535 2819 qui
3567 2764 3650 2804 er-

2000 2829 2148 2884 ravit
2178 2830 2490 2902 importat;
2525 2832 2595 2888 de
2628 2834 2899 2906 supernis
2929 2850 3061 2890 vero
3100 2838 3157 2890 et
3203 2834 3417 2892 divinis
3448 2835 3650 2909 lapsus

1999 2919 2298 2992 adpprava,
2333 2921 2401 2976 ad
2436 2925 2712 2978 aeternam
2745 2940 2977 2995 poenam
3016 2924 3250 2981 deducit
3277 2929 3334 2980 et
3362 2929 3656 2982 tartarum.

2000 3009 2097 3082 [aL
2132 3009 2520 3082 barathrum],
2557 3011 2809 3068 maxime
2838 3029 2974 3068 cum
3015 3013 3194 3070 semel
3233 3014 3514 3086 deceptus
3547 3032 3650 3071 no-

2001 3097 2177 3152 luerit
2207 3100 2677 3172 resipiscere,sed
2709 3118 2884 3157 suum
2925 3103 3073 3158 ιθι
3117 3102 3422 3160 defensare
3455 3104 3649 3177 impu-

244 3194 423 3270 plaria
442 3177 866 3267 relinquentes,
892 3195 962 3249 ad
995 3193 1180 3266 ipsius
1219 3192 1479 3249 veritatis
1512 3207 1719 3256 venere
1750 3192 1894 3247 sub-.
1923 3177 1966 3244 C
2003 3187 2208 3243 denter
2235 3205 2512 3246 errorem.
2538 3190 2788 3246 Decebat
2809 3190 3007 3259 etiam,
3036 3194 3092 3246 et
3122 3191 3466 3264 magnitudo
3489 3192 3648 3250 volu-

244 3285 561 3342 stantiam:
595 3287 652 3341 et
680 3288 747 3339 ut
771 3285 897 3356 jam
928 3283 1203 3350 diximus,
1249 3281 1463 3338 humili
1511 3285 1569 3337 et
1615 3296 1892 3352 corporea

241 3375 548 3432 verborum
589 3372 963 3446 simplicitate
1010 3376 1368 3445 contempta,
1403 3372 1474 3428 ad
1523 3369 1890 3444 Spiritualem

243 3463 381 3535 legis
411 3463 687 3521 notitiam
718 3467 1129 3536 pervenerunt.

305 3553 394 3610 58.
429 3553 568 3610 Haec
599 3551 833 3608 interim
849 3552 1020 3623 juxta
1059 3549 1507 3624 possibilitatem
1542 3548 1761 3622 ingenii
1785 3565 1892 3606 no-

244 3643 342 3698 stri
373 3646 520 3716 quot
572 3659 666 3698 res
703 3641 948 3714 spiritus
996 3641 1373 3713 signiﬁcaret,
1423 3640 1752 3714 attigimus,
1785 3656 1892 3695 suo

243 3737 506 3806 tempore
537 3731 679 3806 quid
716 3731 1180 3804 unumquodque
1211 3729 1521 3802 signiﬁcet,
1553 3729 1604 3786 si
1625 3729 1892 3786 Christus

241 3823 539 3889 tribuerit,
579 3821 908 3878 disserturi.
950 3821 1346 3892 Nonunquam
1387 3825 1583 3875 autem
1615 3819 1890 3892 Spiritus,

243 3916 296 3968 et
314 3913 608 3969 Dominus
629 3913 829 3967 noster
847 3910 1020 3966 Jesus
1043 3909 1334 3978 Christus,
1363 3910 1420 3964 id
1453 3913 1561 3975 est,
1585 3910 1684 3965 Dei
1712 3908 1893 3966 Filius

247 4001 597 4076 appellatur.
619 4023 646 4051 «
662 4001 958 4074 Benignus
975 3999 1267 4072 siquidem
1289 4003 1378 4055 est
1400 3998 1652 4071 Spiritus
1670 3999 1895 4071 sapien-

247 4090 445 4148 tiam.»
471 4092 548 4148 Et
566 4091 718 4146 108
740 4089 799 4145 in
823 4089 934 4145 alio
955 4088 1080 4145 loco
1104 4106 1116 4144 :
1141 4111 1167 4138 «
1194 4088 1478 4144 Dominus
1499 4092 1692 4144 autem
1715 4088 1894 4161 Spiri-

243 4185 337 4238 tus
353 4183 524 4247 est“,
557 4203 583 4229 ››
605 4185 672 4236 ut
688 4184 822 4236 ante
837 4177 1112 4248 diximus,
1137 4178 1236 4233 ubi
1260 4178 1438 4234 etiam
1461 4176 1604 4233 illud
1630 4179 1893 4250 adjunxi-

245 4287 396 4338 mus,
420 4295 449 4322 «
475 4269 733 4343 Spiritus
745 4269 900 4326 Deus
924 4269 1084 4336 est“,
1112 4290 1140 4317 »
1169 4284 1282 4323 non
1298 4267 1469 4338 juxta
1490 4267 1748 4324 nominis
1768 4273 1897 4324 tan-

242 4365 364 4418 tum
385 4357 891 4426 communionem,
907 4357 1006 4414 sed
1017 4359 1186 4428 juxta
1197 4361 1420 4412 naturas
1435 4357 1893 4428 substantizeque

241 4448 930 4512 consortium.0uomodo
941 4447 1098 4503 enim
1113 4462 1364 4519 quorum
1380 4447 1610 4503 diversa
1623 4464 1690 4503 su
1700 4447 1894 4503 bstan-

2002 3277 2180 3333 minis
2209 3279 2495 3351 exigebat,
2530 3282 2593 3335 ut
2623 3280 2799 3336 ﬁnem
2841 3279 3130 3354 acciperet
3158 3281 3363 3337 oratio.

2070 3368 2161 3423 60.
2196 3367 2411 3423 Verum
2463 3369 2601 3441 quia
2650 3370 2824 3426 infert
2872 3387 2934 3427 se
2981 3371 3223 3443 quaestio
3273 3371 3554 3428 adversus
3583 3389 3652 3428 ea

2002 3473 2128 3529 quae
2156 3457 2427 3530 superius
2440 3459 2902 3531 disputavimus:
2927 3477 3105 3533 quam
3127 3461 3341 3518 idcirco
3356 3466 3496 3517 tunc
3512 3478 3651 3534 pra:-

2000 3547 2386 3616 termisimus,
2411 3565 2484 3604 ne
2505 3550 3414 3624 textumsermonisirrumperet,
3430 3551 3652 3610 etinter

2001 3636 2160 3708 piam
2208 3637 2680 3709 praedicationem
2742 3639 2924 3712 impia
2970 3639 3261 3697 contentio
3311 3647 3650 3714 poneretur,

2001 3728 2400 3784 necessarium
2434 3731 2572 3801 puto
2605 3729 2676 3785 ad
2699 3731 3066 3802 propositum
3099 3731 3469 3803 respondere,
3499 3736 3556 3788 et
3575 3730 3650 3788 le.-

2002 3816 2178 3873 ctoris
2195 3817 2455 3886 arbitrio,
2479 3818 2621 3890 quid
2644 3836 2823 3892 super
2843 3819 2936 3876 his
2957 3820 3191 3888 sentiat,
3219 3818 3646 3892 derelinquere.

2001 3906 2449 3979 Disputantibus
2465 3925 2602 3982 ergo
2619 3925 2817 3981 supra,
2833 3909 2986 3982 quod
3009 3908 3268 3965 animam
3285 3908 3371 3964 vel
3390 3913 3647 3966 mentem

1999 3996 2259 4053 hominis
2279 3995 2442 4052 nulla
2466 3997 2907 4069 creaturajuxta
2923 3998 3314 4055 substantiam
3337 3998 3522 4072 possit
3538 3999 3647 4055 im-

2003 4085 2178 4158 plere,
2213 4085 2326 4140 nisi
2358 4085 2483 4142 sola
2511 4086 2789 4154 Trinitas,
2823 4086 2961 4159 quia
2998 4088 3408 4144 tantummodo
3440 4105 3647 4145 secun-

2001 4175 2143 4231 dum
2176 4174 2597 4247 operationem,
2628 4179 2686 4231 et
2717 4175 3032 4233 voluntatis
3072 4193 3352 4246 errorem,
3382 4175 3502 4234 sive
3530 4177 3650 4232 vir-

2001 4269 2209 4331 tutem,
2241 4264 2476 4320 animus
2507 4265 2579 4322 de
2608 4265 2701 4322 his
2733 4283 2860 4338 quas
2890 4271 3084 4324 creata
3110 4267 3204 4335 [αι.
3237 4267 3480 4339 sociata]
3513 4271 3653 4324 sunt

2003 4355 2278 4426 impletur
2303 4372 2315 4410 :
2350 4355 2554 4411 oborta
2575 4361 2664 4412 est
2685 4357 2930 4429 questio
2959 4361 3179 4423 nostra,
3224 4355 3394 4430 quasi
3424 4359 3653 4414 senten-

2002 4445 2143 4501 tiam
2177 4444 2428 4513 solvens,
2462 4446 2618 4518 quod
2649 4449 2843 4502 creata
2873 4447 3230 4517 substantia,
3260 4463 3388 4519 quae
3410 4446 3472 4503 in
3501 4446 3654 4503 Scri-

237 4539 317 4594 tia
334 4544 445 4608 est,
466 4537 768 4594 interdum
789 4536 981 4593 evenit
1002 4539 1067 4591 ut
1097 4535 1396 4591 communi
1434 4535 1716 4592 vocabulo
1738 4554 1888 4592 nun-
1922 4557 1969 4622 Ι)
2002 4522 2190 4608 pturis
2220 4535 2468 4591 Satanas
2493 4534 2845 4608 appellatur,
2896 4536 3260 4610 ingrediatur
3308 4536 3367 4592 in
3400 4535 3650 4610 aliquos,

240 4632 548 4700 cupentur,
581 4630 641 4684 et
663 4626 785 4683 haec
809 4625 1087 4682 dicuntur
1105 4624 1270 4688 ὁμώνυ
1303 4641 1370 4689 μα
1402 4625 1484 4682 ita
1514 4642 1889 4700 eorum,quo-

239 4734 365 4774 rum
388 4717 599 4774 eadem
620 4721 710 4772 est
729 4719 940 4772 natura
976 4719 1152 4787 atque
1173 4715 1525 4782 substantia,
1551 4732 1685 4771 cum
1717 4715 1894 4772 socie-

241 4810 353 4863 tate
391 4805 691 4873 vocabuli,
725 4809 944 4862 natura;
977 4820 1210 4877 quoque
1231 4804 1535 4876 azqualitas
1562 4804 1891 4878 copulatur,

241 4899 295 4950 et
322 4895 654 4970 disciplinas
685 4894 1124 4951 dialecticorum
1171 4899 1260 4950 est
1306 4893 1600 4966 appellare
1632 4894 1750 4950 hac
1781 4911 1892 4943 συν-

2001 4629 2059 4681 et
2087 4642 2185 4681 cor
2215 4625 2606 4697 quorumdam
2650 4624 2894 4697 implere
2941 4625 3187 4682 dicatur.
3233 4627 3378 4682 Nam
3412 4625 3482 4682 ad
3514 4641 3651 4681 eum

2004 4714 2105 4787 qui
2139 4715 2512 4770 medietatem
2543 4714 2709 4787 pretii
2745 4715 2815 4771 de
2855 4731 2995 4788 agro
3044 4715 3277 4771 vendito
3325 4713 3458 4782 sibi,
3491 4713 3651 4770 aliud

2006 4805 2310 4878 proﬁtens,
2343 4809 2684 4873 reservaret,
2718 4822 2751 4860 a
2782 4805 2950 4860 Petro
2982 4803 3242 4878 apostolo
3266 4803 3492 4859 dictum
3523 4807 3611 4859 est
3637 4821 3649 4859 :

2007 4918 2034 4945 ‹‹
2067 4893 2312 4962 Anania,
2346 4911 2526 4966 quare
2556 4893 2819 4967 implevit
2866 4895 3110 4951 Satanas
3158 4910 3256 4950 cor
3303 4897 3473 4949 tuum
3498 4891 3590 4948 ⁸⁸⁸1
3625 4915 3652 4942 ››

236 4985 422 5050 ώνυμα.
502 4985 721 5043 Idcirco
750 4989 806 5042 et
848 4983 1104 5057 Spiritus
1146 4983 1516 5051 vocabulum,
1569 4991 1627 5041 et
1675 4985 1723 5042 si
1755 4985 1896 5058 quid
2007 4987 2078 5042 Et
2107 4985 2178 5039 de
2205 4983 2358 5039 Juda
2385 4983 2649 5056 loquitur
2676 4983 2800 5056 ipse
2830 4983 3114 5051 Salvator,
3147 4983 3299 5056 quod
3353 4981 3653 5060 intraverit

300 5148 342 5180 ³⁷
376 5148 396 5204 Ι
431 5147 566 5213 Cor,
600 5163 698 5213 vn,
732 5147 821 5202 34.
870 5145 1044 5202 ³⁸188..
1095 5161 1251 5216 XXIX,
1285 5147 1376 5201 24.
1446 5147 1491 5181 ³9
1547 5147 1659 5202 Isa.
1719 5164 1800 5217 x1,
1838 5149 1885 5202 lE

2041 5147 2087 5202 ll
2119 5145 2366 5218 Cotym,
2398 5145 2453 5201 6.
2525 5147 2565 5218 ‘l
2621 5145 2852 5218 Philipp

2861 5189 2871 5201 .
2923 5163 3009 5212 ιιι,
3052 5147 3105 5201 3.
3156 5145 3200 5179 ⁴²
3244 5143 3646 5216 Joan.1v,24,

234 5218 274 5252 ‘3
302 5219 438 5292 Sap.
471 5236 511 5287 ι,
543 5220 596 5274 6.
631 5219 676 5253 “
713 5218 761 5275 ll
808 5219 937 5276 Cor.
1000 5235 1087 5285 III,
1146 5219 1234 5274 17.
1290 5218 1333 5252 ⁸⁵
1384 5218 1554 5284 Joan,
1609 5236 1685 5286 1v,
1718 5221 1806 5274 24.
1841 5221 1885 5255 ⁴⁶

2014 5235 2105 5276 ios
2137 5235 2214 5285 1v,
2249 5217 2335 5273 42.
2371 5218 2412 5251 ⁴“¹
2443 5217 2614 5273 Zach.
2648 5235 2754 5284 xu,
2776 5217 2838 5273 Ἰ.
2867 5219 2910 5252 ⁸⁸
2947 5220 3074 5283 Act,
3099 5234 3154 5284 ν,
3189 5217 3242 5271 3.

298 5388 412 5460 (34)
445 5389 665 5444 Iterum
698 5403 766 5444 ex
795 5388 999 5444 eadem
1023 5386 1275 5460 editione
1297 5390 1354 5443 et
1375 5386 1561 5445 Vatic.
1589 5402 1724 5454 ms.,
1750 5404 1885 5444 cum

231 5459 417 5530 antea,
457 5482 491 5532 (ς
521 5476 648 5516 esse
683 5483 703 5509 ιο
741 5477 844 5532 pro
888 5481 915 5532 ς‹
951 5475 1122 5516 nosse
1155 5482 1182 5509 ››
1213 5459 1524 5532 legeretur.

295 5532 410 5604 (35)
443 5531 670 5588 Vitiose
699 5530 758 5587 et
784 5530 976 5588 hiulco
1017 5547 1190 5588 sensn
1236 5536 1382 5599 erat,
1414 5553 1442 5582 «
1470 5531 1530 5586 hi
1556 5547 1690 5604 vero
1720 5553 1747 5582 »
1784 5548 1887 5604 pro

234 5622 260 5650 ‹‹
286 5603 457 5661 vere:
495 5627 518 5652 ιι
556 5607 685 5660 tum
718 5619 862 5678 novo
891 5605 1125 5672 mendo,
1160 5626 1187 5653 «
1220 5618 1366 5659 verae
1413 5603 1686 5660 Israelita:
1726 5625 1745 5653 η
1782 5603 1886 5678 pro

232 5695 260 5723 (ι
287 5692 440 5745 vere,
476 5698 506 5725 n
541 5681 641 5733 aut
671 5699 700 5726 «
732 5675 871 5732 veri.
909 5698 936 5725 ι»

2069 5387 2456 5460 (36)Emendo
2478 5403 2546 5443 ex
2567 5385 2741 5443 veteri
2761 5386 3035 5455 editione,
3059 5410 3085 5436 ‹‹
3112 5387 3362 5460 Sanctus
3380 5385 3592 5460 bonus,
3621 5409 3648 5435 »

1998 5458 2132 5516 cum
2164 5458 2320 5515 esset
2349 5463 2552 5515 contra
2582 5460 2846 5514 Auctoris
2875 5465 3156 5526 mentem,
3198 5483 3223 5508 ‹‹
3257 5458 3512 5532 Spiritus
3544 5459 3647 5516 bo-

2120 5574 2131 5586 .
2167 5554 2186 5581 ι

1999 5549 2178 5674 nu($137)
2211 5601 2317 5656 Pro
2378 5623 2405 5674 ‹‹
2467 5618 2596 5658 sum
2650 5603 2988 5674 ﬁrmans,»
3047 5603 3470 5671 Ονωοπτερεῶν,
3523 5605 3648 5659 erat

1998 5698 2024 5724 ‹‹
2058 5673 2416 5733 conﬁrmavi.
2457 5696 2482 5724 ››
2517 5674 2578 5733 In
2609 5673 2834 5749 aliquot
2872 5693 3040 5746 mss.,
3073 5699 3101 5725 «
3133 5692 3266 5733 sum
3299 5675 3581 5733 formans.
3614 5695 3643 5728 η

3174 5767 3184 5778 ⁵
3226 5771 3244 5796 ς
