3970 6430
284 303 402 372 1⁷59

695 308 759 372 S.
794 305 1109 373 EUSEBII
1139 303 1586 372 HlElt'ONYMI
1615 305 1942 371 TRANSL.
1982 305 2129 370 LIB.
2161 307 2441 372 DIDYMI
2473 307 2574 374 DE
2607 307 2919 375 SPlRI'l‘U
2949 308 3281 374 SANCTO.

3569 293 3687 370 160

281 442 340 498 in
363 459 500 498 eum
524 443 789 499 Satanas.
815 444 897 498 Ad
927 445 1078 514 quod
1100 449 1302 514 postea
1319 443 1790 515 respondendum
1811 445 1918 495 est.
1951 441 2005 506 Α
2036 442 2254 499 factum
2277 461 2403 500 esse
2436 449 2488 500 et
2513 445 2723 500 habere
2745 445 3114 517 principium.
3169 443 3342 499 Porro
3384 442 3542 516 quod
3593 441 3685 498 in-

284 532 523 588 Interim
542 549 696 587 nunc
715 533 1085 603 disputemus
1099 533 1207 602 (38)
1225 534 1293 587 ad
1305 521 1602 587 versum'id
1618 531 1771 602 quod
1787 529 1926 584 scri~

281 627 449 693 ptum
473 625 579 688 est,
601 646 626 671 ‹‹
649 637 826 693 quare
861 622 1123 693 implevit
1163 624 1406 678 Satanas
1450 639 1546 677 cor
1589 627 1753 675 tuum
1777 618 1865 672 ‘9‘?
1903 640 1927 665 ››

281 711 574 782 quomodo
589 712 834 766 Satanas
852 717 1103 767 mentem
1121 711 1375 782 alicujus
1398 716 1451 765 et
1477 709 1792 781 principale
1812 708 1926 779 (39)

281 800 474 855 eordis
498 799 754 872 impleat,
783 817 895 855 non
930 799 1265 872 ingrediens
1291 800 1347 854 in
1373 816 1504 854 eum
1527 803 1583 853 et
1604 799 1658 852 in
1685 815 1924 851 sensum

279 889 429 958 ejus,
456 894 653 960 atque,
690 893 752 943 ut
782 890 861 943 ita
892 889 1104 959 dicam,
1138 889 1358 944 aditum
1387 888 1575 943 cordis
1619 887 1922 951 introieris,

279 976 572 1048 siquidem
622 979 738 1032 haec
787 983 1043 1049 potestas
1091 978 1274 1033 solius
1321 983 1408 1032 est
1455 975 1924 1040 Trinitatis;sed

277 1066 444 1138 quasi
476 1066 725 1121 callidus
747 1067 984 1138 quidam
1017 1076 1074 1122 et
1104 1083 1354 1136 nequam
1388 1083 1451 1120 ac
1481 1065 1654 1120 fallax
1687 1065 1920 1119 fraudu-

278 1153 590 1226 lenthsque
619 1156 910 1226 deceptor,
945 1156 1002 1209 in
1034 1171 1131 1210 eos
1162 1156 1420 1210 animam
1453 1155 1772 1209 humanam
1807 1170 1924 1209 ma-

277 1241 414 1297 litia:
447 1243 686 1298 alfectus
718 1245 914 1310 trahit,
964 1260 1065 1316 per
1113 1244 1495 1315 cogitationes
1551 1248 1604 1298 et
1635 1242 1924 1297 incentiva

275 1331 568 1397 vitiorum,
600 1332 812 1403 quibus
848 1333 968 1403 ipse
1003 1332 1206 1404 plenus
1240 1337 1346 1387 est.
1401 1333 1660 1403 Denique
1711 1336 1768 1386 et
1798 1330 1922 1402 ipse

276 1419 506 1491 Elymas
537 1437 744 1493 magus
773 1421 926 1476 ﬁlius
948 1421 1184 1488 diaboli,
1205 1423 1376 1491 juxta
1399 1420 1681 1476 malitiam
1713 1421 1921 1491 ncqui-

272 1508 534 1580 tiamque
575 1509 926 1577 subsistens,
981 1510 1188 1581 plenus
1236 1511 1395 1565 omni
1429 1509 1560 1565 dolo
1591 1515 1648 1564 et
1679 1508 1919 1574 malitia,

273 1598 549 1653 scribitur
573 1621 600 1648 ‹‹
625 1599 840 1654 Satana
863 1603 1023 1669 patre
1056 1601 1105 1670 ej
1118 1617 1206 1667 us,
1235 1623 1261 1647 ››
1287 1599 1435 1654 hanc
1463 1600 1512 1653 ei
1538 1599 1920 1665 voluntatem,

273 1685 440 1758 quasi
478 1703 547 1741 ex
594 1687 1018 1742 consuetudine
1065 1687 1340 1742 vitiorum
1391 1687 1448 1742 in
1499 1693 1770 1742 naturam
1802 1703 1922 1742 ver-

271 1779 431 1830 tante
453 1774 584 1847 (40).
619 1777 883 1847 Arguens
915 1777 1111 1847 itaque
1160 1793 1294 1832 eum
1351 1778 1653 1843 apostolus
1703 1776 1920 1831 Paulus
1953 1809 2000 1873 Β

272 1870 446 1936 atque
474 1864 796 1936 corripiens
827 1864 943 1919 ait:
995 1886 1022 1914 «
1055 1865 1098 1920 Ο
1140 1865 1306 1936 plene
1337 1867 1495 1920 omni
1528 1865 1835 1937 iniquitate
1865 1871 1919 1920 et

272 1952 434 2008 omni
464 1953 617 2020 dolo,
666 1951 744 2008 [ili
792 1953 1030 2022 diaboli,
1083 1954 1319 2010 inimice
1361 1955 1603 2025 justitiaa
1645 1954 1744 2010 Dei
1774 1954 1853 2009 δοῖ
1893 1977 1913 2003 ι

271 2041 418 2105 Quia
437 2041 594 2097 enim
615 2041 939 2114 versipellis
973 2048 1029 2098 et
1071 2042 1336 2109 callidus,
1375 2061 1606 2099 omnem
1647 2043 1704 2098 in
1729 2061 1791 2098 se
1822 2045 1920 2098 do-

269 2130 394 2186 lum
407 2130 812 2186 fraudulentus
829 2136 1188 2202 susceperat,
1209 2132 1704 2204 appellaturfilius
1718 2133 1916 2188 diabo-

269 2219 311 2274 li
339 2219 779 2292 quiaimplebat
805 2219 930 2292 ipse
957 2237 1196 2294 pmnem
1226 2221 1548 2293 principale
1576 2223 1726 2278 165
1761 2222 1918 2277 illius

268 2308 470 2364 fraude
491 2309 892 2380 etiniquitate,
919 2314 976 2364 et
1003 2311 1162 2366 omni
1191 2310 1412 2366 malitia
1439 2330 1450 2379 ;
1476 2311 1535 2366 in
1558 2317 1786 2366 tantum
1811 2311 1917 2365 illi-

267 2398 428 2454 ciens
444 2415 578 2454 eum
602 2403 782 2470 atquo
804 2399 1119 2472 decipiens,
1147 2404 1210 2454 ut
1231 2401 1355 2472 ipse
1377 2402 1624 2457 Satanas
1640 2400 1915 2472 implesse

267 2488 524 2544 animam
572 2487 779 2559 ipsius,
827 2493 884 2542 et
926 2488 1188 2544 habitare
1231 2489 1289 2544 in
1339 2491 1540 2545 eodem
1591 2494 1912 2562 putaretur,

268 2592 442 2649 quem
465 2578 535 2632 ad
561 2593 767 2633 omnes
793 2594 913 2632 suae
936 2579 1332 2650 perversitatis
1363 2579 1548 2646 dolos,
1575 2581 1910 2636 ministrum

268 2665 379 2721 sibi
410 2681 476 2720 ac
509 2665 793 2720 famulum
828 2673 1248 2738 praeparaverat
1290 2668 1420 2739 (41).

306 2769 310 2772 '
338 2755 427 2810 61.
462 2754 546 2809 Ad
579 2754 636 2809 id
668 2771 800 2810 vero
820 2755 974 2826 quod
998 2757 1322 2812 secundum
1347 2774 1733 2829 posueramus
1760 2758 1908 2829 [ναι.

272 2849 782 2915 proposueramus]
800 2844 1152 2917 exemplum,
1167 2845 1303 2917 quia
1317 2847 1375 2900 in
1388 2847 1601 2902 Judam
1617 2847 1912 2902 introisset

268 2935 539 2999 Satanas,
564 2933 672 2988 hoc
689 2933 998 2988 dicendum
1023 2938 1128 2990 est.
1154 2935 1478 2991 Observans
1498 2935 1766 2991 diabolus
1789 2937 1910 3006 qui-~

267 3022 519 3077 busdam
552 3021 809 3077 motibus
840 3027 897 3078 et
917 3023 1318 3094 operationum
1339 3024 1544 3095 signis,
1570 3025 1638 3080 ad
1659 3042 1787 3096 qua:
1811 3041 1909 3096 po-

265 3110 562 3167 tissimum
592 3111 760 3167 Judae
781 3127 880 3167 cor
899 3117 1053 3167 esset
1071 3112 1208 3167 vitia
1231 3113 1567 3184 proclivius,
1593 3113 1907 3186 deprehen-

2040 533 2412 604 corruptibile
2436 534 2530 600 sit,
2556 552 2683 590 esse
2705 539 2759 589 et
2783 538 2932 589 retro
2963 541 3019 589 et
3057 534 3328 606 deinceps
3373 533 3682 604 sempiter-

2039 639 2200 678 num.
2237 624 2359 678 Non
2391 640 2547 694 ergo,
2577 628 2640 677 ut
2670 623 2904 694 quidam
2958 626 3185 694 putant,
3236 621 3686 694 participatione

2040 718 2278 779 natura),
2303 711 2419 767 sive
2442 712 2780 767 substantia:
2808 712 3009 783 implet
3032 711 3367 783 quempiam
3391 709 3684 776 diabolus,

2038 806 2136 855 aut
2158 801 2286 871 ejus
2310 801 2602 855 habitator
2625 800 2894 865 efticitur,
2931 802 3030 855 sed
3071 817 3174 871 par
3205 799 3682 866 fraudulentiam,

2037 893 2091 944 et
2113 889 2536 960 deceptionem,
2560 893 2616 944 et
2640 889 2948 953 malitiam,
2973 889 3238 944 habitare
3260 889 3318 943 in
3342 905 3408 944 eo
3425 889 3683 944 creditur

2036 995 2208 1050 quem
2223 977 2480 1048 replevit.
2504 979 2617 1032 Hac
2631 983 2824 1033 autem
2842 977 3067 1032 fallacia
3087 977 3263 1033 etiam
3287 978 3678 1049 presbyteros,

2034 1067 2132 1138 qui
2165 1067 2441 1121 adversus
2477 1068 2805 1121 Susannam
2859 1066 2916 1120 in
2965 1065 3366 1122 crudelitatem
3401 1082 3461 1121 se
3490 1072 3679 1120 verte-

2035 1161 2165 1211 rant
2186 1157 2318 1226 (42),
2342 1155 2596 1221 intravit,
2632 1155 2884 1227 implens
2919 1155 3146 1210 animas
3173 1171 3375 1210 eorum
3408 1153 3678 1210 incendio

2033 1245 2315 1311 libidinis,
2341 1249 2396 1299 et
2413 1261 2541 1299 sera
2554 1245 2698 1299 senii
2717 1243 3028 1315 voluptate.
3059 1243 3351 1315 Scriptum
3373 1248 3461 1299 est
3482 1243 3640 1298 enim
3663 1260 3675 1297 :

2035 1358 2061 1382 ‹‹
2097 1334 2391 1388 Venerunt
2422 1337 2615 1388 autem
2647 1338 2704 1388 et
2733 1333 2847 1388 duo
2896 1333 3235 1405 presbyteri,
3287 1331 3442 1404 pleni
3473 1331 3680 1403 iniqua

2033 1424 2454 1496 cogitatione“.
2477 1446 2502 1471 ››
2519 1423 2616 1478 His
2633 1422 2862 1478 insidiis
2879 1421 3675 1494 implevitetuniversumpo-

2033 1513 2234 1585 pulum
2252 1511 2838 1577 Judzeornm,dicente
2855 1511 3136 1582 propheta
3157 1511 3228 1566 de
3251 1526 3316 1566 eo
3335 1528 3348 1566 :
3368 1533 3396 1559 «
3415 1511 3510 1565 Vae
3532 1527 3677 1582 gens

2032 1603 2183 1657 166
2207 1601 2515 1673 peccatrix,
2535 1601 2782 1672 populus
2801 1600 3009 1672 plenus
3033 1599 3308 1673 peccatis,
3329 1615 3526 1656 semen
3549 1615 3677 1671 pes-

2031 1692 2269 1757 simum,
2297 1690 2398 1744 filii
2419 1689 2606 1762 iniqui
2620 1691 2682 1743 ⁵².
2708 1712 2734 1738 ››
2751 1691 2958 1744 Semen
2975 1689 3191 1760 quippe
3206 1703 3456 1760 nequam
3473 1688 3676 1744 diabo-

2031 1779 2122 1834 lus
2145 1780 2276 1850 (42),
2300 1783 2353 1834 et
2377 1777 2480 1832 filii
2505 1780 2653 1848 ejus,
2679 1784 2914 1850 propter
2940 1778 3309 1849 iniquitatem
3336 1782 3394 1832 et
3423 1775 3674 1848 plenitu-

2029 1869 2247 1935 dinem,
2283 1869 2417 1923 dicti
2451 1871 2590 1922 sunt
2622 1874 2969 1938 peccatores.
3005 1867 3063 1922 Si
3103 1870 3298 1922 autem
3345 1867 3418 1922 ab
3449 1865 3542 1921 his
3572 1867 3674 1937 qui

2029 1959 2156 2029 ejus
2176 1958 2232 2012 in
2254 1957 2570 2028 Scripturis
2597 1955 2697 2009 ﬁlii
2723 1954 3123 2022 nominantur,
3139 1957 3308 2026 juxta
3330 1955 3674 2011 substantiae

2029 2046 2533 2119 participationem
2568 2062 2680 2100 non
2709 2045 2936 2116 capitur
2965 2044 3060 2117 [aL
3101 2049 3557 2115 nuncupantur],
3592 2044 3672 2098 si-

2029 2137 2265 2208 quidem
2287 2134 2647 2206 impossibile
2669 2134 2775 2189 hoc
2799 2151 2927 2189 esse
2951 2134 3007 2188 in
3031 2134 3310 2189 creaturis
3342 2134 3676 2204 frequenter

2027 2231 2332 2282 ostensum
2363 2229 2468 2291 est,
2504 2241 2691 2296 neque
2721 2223 2871 2279 alius
2899 2223 3032 2294 quis
3075 2227 3266 2294 potest
3303 2239 3436 2278 eum
3468 2239 3674 2294 capere

2027 2315 2468 2387 participatione
2500 2314 2863 2380 substantiae,
2888 2313 2988 2368 sed
3011 2313 3418 2367 tantummodo
3439 2328 3672 2367 assum-

2024 2404 2221 2475 ptione
2265 2402 2822 2458 fraudulentissima:
2872 2401 3207 2456 voluntatis.
3265 2401 3670 2472 Operationem

2024 2493 2240 2565 quippe
2271 2497 2326 2547 et
2355 2493 2550 2546 studia
2581 2507 2695 2545 non
2721 2491 2916 2545 solum
2948 2491 3236 2545 bonorum
3269 2505 3532 2561 operum,
3567 2491 3666 2545 sed

2024 2582 2198 2637 etiam
2233 2581 2522 2636 malorum
2549 2581 2608 2634 in
2633 2579 2916 2635 creaturis
2937 2579 3194 2634 diximus
3217 2597 3229 2644 ;
3251 2583 3521 2635 naturam
3535 2594 3668 2634 vero

2023 2674 2196 2742 atque
2228 2670 2620 2725 substantiam
2654 2668 2837 2724 solius
2869 2669 2927 2723 in
2976 2667 3120 2723 alios
3170 2684 3340 2739 posse
3365 2667 3669 2723 Trinitatis

2025 2759 2240 2813 intrare
2273 2759 2404 2826 (44).

2089 2848 2180 2902 62.
2226 2848 2488 2912 Abunde,
2547 2851 2612 2900 ut
2665 2863 2813 2913 reor,
2872 2862 3181 2901 occursum
3221 2851 3310 2900 est
3356 2845 3666 2916 prepositze

2022 2937 2350 3009 qumstioni.
2387 2935 2533 3000 Quia
2562 2952 2692 2990 vero
2726 2936 2988 3007 ineptum
3039 2938 3095 2989 et
3137 2933 3382 2989 stultum
3416 2931 3662 2999 videtur,

2023 3027 2302 3082 adversus
2332 3025 2493 3080 fatua
2524 3024 2891 3096 respondere,
2939 3028 2994 3078 et
3039 3022 3088 3077 si
3139 3021 3278 3094 quid
3329 3021 3389 3076 in
3422 3021 3664 3076 buccam

2024 3115 2206 3170 ruerit
2238 3115 2332 3184 (αἱ.
2367 3113 2558 3184 irruit]
2603 3113 2937 3184 impiorum,
2971 3111 3079 3167 hoc
3119 3110 3264 3166 velle
3307 3109 3662 3165 dissolvere:

271 3198 355 3254 dit
375 3215 510 3255 eum
540 3199 991 3272 patereinsidiis
1012 3201 1286 3270 avaritim,
1324 3205 1381 3256 et
1420 3207 1644 3274 reperta
1682 3203 1910 3274 cupidi-
1942 3178 1984 3245 Ο
2025 3221 2135 3259 non
2172 3204 2325 3258 enim
2365 3207 2595 3258 tantum
2644 3202 2916 3272 impietas
2963 3205 3070 3270 est,
3121 3199 3400 3255 scelerata
3457 3215 3666 3272 propo-

221 3287 402 3344 ‘tatis
424 3290 631 3360 janua,
667 3288 830 3344 misit
859 3290 917 3344 in
949 3295 1201 3346 mentem
1226 3293 1354 3361 ejus
1377 3293 1670 3363 quomodo
1694 3293 1918 3347 deside-

269 3381 455 3434 ratam
478 3378 786 3450 pecuniam
806 3380 1112 3450 acciperet,
1135 3385 1192 3435 et
1209 3397 1310 3452 per
1339 3382 1701 3438 occasionem
1743 3382 1911 3450 lucri,

268 3466 531 3538 proditor
565 3467 828 3539 magistri
849 3472 906 3522 et
921 3467 1235 3525 Salvatoris
1259 3469 1350 3524 sui
1368 3471 1692 3537 exsisteret,
1717 3487 1915 3544 argen-

268 3559 398 3611 tum
420 3571 524 3627 pro
545 3555 756 3627 pietate
801 3562 1189 3626 commutans,
1217 3561 1273 3614 et
1315 3559 1639 3632 suscipiens
1663 3561 1910 3632 pretium

272 3643 513 3701 sceleris
533 3661 566 3699 a
586 3643 894 3701 Pharisaeis
915 3651 1091 3718 atque
1108 3647 1345 3702 Judaeis.
1371 3649 1502 3704 Haec
1540 3665 1675 3722 ergo
1694 3649 1911 3722 cogita-

271 3732 451 3790 tionis
475 3733 700 3790 occasio
723 3733 916 3790 locum
941 3733 1147 3790 tribuit
1175 3736 1422 3804 Satanae,
1468 3742 1532 3792 ut
1568 3737 1625 3793 in
1659 3755 1755 3793 cor
1785 3739 1912 3809 ejus

263 3821 842 3896 introiens,impleret
864 3839 998 3880 eum
1023 3825 1281 3896 pessima
1301 3825 1620 3883 voluntate.
1655 3828 1915 3884 Introivit

271 3919 407 3985 ergo
437 3927 552 3968 non
602 3913 926 3969 secundum
973 3912 1386 3985 substantiam,
1435 3917 1534 3972 sed
1587 3917 1909 3973 secundum

258 3999 675 4072 operationem,
727 4001 866 4074 quia
915 4000 1156 4058 introire
1209 4003 1268 4057 in
1313 4003 1589 4076 aliquem,
1642 4007 1910 4064 increatae

258 4092 478 4144 naturis
499 4093 589 4145 est
607 4091 889 4162 ejus,qua
912 4091 1290 4164 participetur
1310 4110 1341 4148 a
1364 4092 1652 4165 pluribus.
1687 4097 1906 4168 Impar-

257 4174 580 4250 ticipabilis
607 4193 740 4250 ergo
764 4179 1034 4235 diabolus
1054 4185 1162 4245 est,
1187 4198 1301 4237 non
1329 4188 1573 4251 creator,
1611 4185 1711 4240 sed
1749 4202 1905 4242 crea-

258 4270 392 4321 tura
416 4266 764 4323 subsistens.
787 4259 1030 4324 Unde'et
1044 4271 1436 4328 convertibilis
1464 4278 1638 4345 atque
1662 4275 1907 4330 mutabi-

258 4354 354 4422 lis,
381 4371 412 4410 e
433 4356 741 4412 sanctitate
762 4357 980 4413 decidit
992 4362 1167 4431 atque
1191 4361 1417 4417 virtute.
1440 4362 1702 4419 Diximus
1728 4381 1906 4437 supra

260 4444 521 4510 μετοχικόν
560 4447 700 4517 [erat
731 4450 1036 4516 μετοχιιῶςΙ,
1097 4449 1155 4504 id
1213 4455 1318 4518 est,
1378 4453 1532 4523 quod
1591 4454 1904 4526 participa-

2026 3311 2178 3363 nere,
2204 3297 2491 3364 quantum
2522 3296 2578 3346 et
2613 3292 2682 3346 de
2705 3290 3000 3346 sceleratis
3038 3306 3171 3344 cum
3208 3288 3518 3346 resistente
3544 3288 3664 3345 vel-

2022 3383 2074 3438 le
2105 3384 2217 3455 (45)
2242 3386 2527 3448 tractare;
2564 3380 2778 3435 idcirco
2810 3379 2953 3434 illud
3005 3379 3160 3450 quod
3209 3377 3398 3433 solent
3418 3378 3663 3448 jactare,

2024 3478 2298 3545 praetereo
2319 3469 2598 3542 sacrilega
2621 3470 2894 3524 adversus
2912 3485 3025 3523 non
3051 3467 3294 3523 audacia
3328 3466 3664 3539 proclaman

2024 3568 2145 3618 tes:
2170 3563 2227 3618 Si
2250 3561 2506 3632 Spiritus
2538 3564 2775 3615 sanctus
2807 3562 3035 3614 creatus
3066 3573 3181 3612 non
3213 3561 3320 3623 est,
3357 3559 3460 3612 aut
3489 3557 3667 3612 frater

2024 3656 2079 3706 et
2101 3652 2199 3707 Dei
2224 3650 2431 3717 Patris,
2465 3652 2563 3704 aut
2582 3653 2826 3720 patruus
2845 3651 2934 3702 est
2964 3645 3404 3719 unigenitiJesu
3428 3645 3665 3715 Christi,

2023 3745 2125 3796 aut
2145 3739 2324 3795 Filius
2346 3737 2555 3794 Christi
2589 3742 2696 3806 est,
2728 3741 2828 3792 aut
2856 3753 3036 3809 nepos
3083 3741 3169 3791 est
3204 3735 3297 3791 Dei
3329 3736 3534 3802 Patris,
3564 3740 3668 3791 aut

2021 3830 2144 3901 ipse
2158 3827 2335 3883 Filius
2348 3827 2445 3883 Dei
2461 3827 2761 3897 est,etjam
2777 3842 2890 3881 non
2907 3825 3364 3897 eritunigenitus
3381 3824 3666 3880 Dominus

2017 3923 2186 3976 Jesus
2209 3916 2494 3980 Christus,
2519 3931 2652 3969 cum
2677 3913 2924 3969 alterum
2949 3912 3185 3967 fratrem
3210 3911 3440 3966 habeat.
3466 3910 3664 3966 Miseri

2021 4011 2196 4078 atque
2227 4004 2614 4074 miserabiles,
2648 4019 2761 4059 non
2785 4002 3101 4059 sentientes
3124 4002 3194 4057 de
3214 3999 3574 4072 incorporeis
3602 4005 3662 4056 et

2018 4095 2430 4159 invisibilibus,
2449 4095 2617 4165 juxta
2631 4091 3017 4165 corporalium
3045 4096 3100 4146 et
3117 4089 3436 4146 visibilium
3454 4089 3659 4161 dispu-

2015 4187 2124 4242 tari
2148 4202 2263 4240 non
2287 4184 2458 4239 licere
2486 4189 2773 4237 naturam.
2808 4185 3063 4236 Fratrem
3087 4197 3215 4236 esse
3244 4178 3330 4234 vel
3356 4183 3654 4251 patruum,

2016 4279 2285 4348 nepotem
2308 4273 2394 4328 vel
2430 4273 2638 4342 filium,
2671 4287 2977 4342 corporum
3010 4269 3250 4325 nomina
3282 4273 3440 4334 sunt,
3463 4272 3520 4324 et
3542 4267 3665 4324 im-

2015 4363 2346 4420 becillitatis
2379 4364 2647 4417 humana}.
2680 4359 2976 4415 vocabula.
3006 4359 3266 4414 Trinitas
3293 4374 3427 4414 vero
3458 4375 3665 4415 omnes

2013 4455 2121 4510 has
2136 4453 2482 4526 praetergred
2494 4453 2612 4506 itur
2628 4469 2658 4505 n
2671 4449 3187 4521 uncupationes.Et
3199 4447 3668 4519 quotiescunque

257 4532 869 4605 tione-capiatur,esse
891 4536 1330 4610 incorruptibile
1346 4545 1404 4596 et
1434 4540 1821 4611 immutabile,
1848 4549 1903 4600 et
1934 4551 1980 4615 1)
2011 4546 2068 4600 in
2094 4543 2292 4615 aliquo
2313 4542 2384 4597 de
2414 4542 2504 4596 his
2527 4539 2707 4606 cadit;
2752 4538 3090 4595 nominibus
3112 4537 3666 4607 nostris,,etincon-

257 4627 682 4694 consequenter
711 4627 1010 4680 aeternum.
1045 4625 1206 4689 Quod
1239 4633 1433 4684 autem
1457 4632 1671 4687 mutari
1693 4637 1902 4708 potest,

2013 4635 2178 4709 gruis
2191 4630 2489 4688 vocabulis
2505 4647 2616 4685 non
2634 4645 2800 4684 suam
2814 4632 3084 4684 naturam
3099 4627 3500 4700 (46)loquitur.
3520 4630 3667 4683 Cum

329 4731 378 4771 δι’
401 4736 570 4793 Joan.
604 4756 728 4807 xm,
759 4741 848 4807 27,
891 4741 934 4774 ⁵ο
993 4746 1117 4797 Act.
1177 4760 1299 4808 x111,
1354 4744 1440 4802 40,
1503 4747 1541 4780 ⁵¹
1600 4748 1745 4804 Dan.
1779 4768 1903 4822 xm,

2064 4751 2107 4784 ⁵²
2138 4751 2247 4805 Isa.
2284 4752 2327 4812 Ι,
2362 4748 2411 4800 4.

328 4855 438 4924 (38)
467 4855 805 4925 Imperfecto
837 4872 1014 4912 sensu
1042 4862 1201 4912 erat:
1241 4880 1268 4907 ‹‹
1303 4857 1538 4916 Interim
1570 4879 1726 4919 nunc
1751 4865 1822 4920 ad
1847 4865 1905 4920 id

259 4927 412 5002 quod
440 4928 724 5002 scriptum
749 4931 855 4982 est.
884 4950 912 4976 »
938 4928 1190 5002 Verbum
1219 4953 1246 4978 ‹‹
1272 4929 1642 5002 disputemus
1671 4959 1689 4983 η
1717 4953 1784 4990 ex
1806 4937 1905 4993 Re-

259 4998 408 5068 gium
431 5015 539 5054 ms.
564 4997 815 5054 alterum
841 5024 867 5048 «
894 4999 1227 5067 adversum,
1259 5025 1277 5049 ιι
1308 4997 1521 5074 ρκ’ἱρεο
1543 5009 1600 5060 et
1631 5008 1904 5065 Vaticano

257 5084 603 5140 expressum
636 5076 743 5126 est.

329 5140 442 5207 (39)
488 5145 678 5197 Graece
705 5142 1015 5205 ἡγεμονικόν.
1051 5143 1193 5198 Vide
1244 5145 1300 5199 in
1363 5150 1800 5205 commentariis
1847 5155 1907 5206 in

260 5211 596 5267 Matthwum.

328 5283 450 5364 (40).
480 5282 698 5364 Vatis”.
729 5308 756 5335 «
791 5286 957 5364 quasi
999 5303 1066 5341 ex
1113 5289 1540 5345 consuetudine
1583 5293 1902 5348 secundam

261 5369 406 5424 pene
435 5358 731 5424 injiciente
758 5363 1047 5413 naturam.
1080 5381 1107 5407 ››
1419 5411 1422 5414 .

329 5425 344 5505 (
354 5425 604 5505 ﬁdem
617 5469 628 5489 ,
642 5449 659 5473 α
673 5426 1006 5505 ministrum
1022 5430 1130 5505 sibi
1147 5447 1212 5486 ac
1229 5431 1345 5485 filiu
1359 5449 1410 5484 m
1427 5440 1903 5505 praeparaverat.»

261 5567 270 5576 I
328 5497 817 5576 (42)}7etusedit.,
843 5500 979 5570 «qui
1000 5502 1276 5576 adversus
1294 5497 1615 5560 Susannam
1647 5524 1903 5562 amorem

259 5567 318 5624 in
337 5567 739 5649 crudelitatem
753 5567 1057 5649 verterant.
1080 5573 1328 5649 »_V_atic.,
1355 5599 1373 5623 α
1398 5576 1495 5647 qui
1515 5577 1791 5634 adversus
1804 5580 1906 5636 Su-

258 5655 504 5718 saliuam
537 5641 870 5718 szeviebant,
903 5643 960 5698 in
984 5645 1384 5711 crudelitatem
1412 5641 1678 5718 verterat,
1702 5657 1758 5706 et
1792 5652 1899 5708 im-

262 5710 433 5796 plevit
465 5711 714 5790 animas,
749 5736 779 5766 »
812 5717 918 5771 etc.

2089 4864 2199 4934 (43)
2232 4862 2372 4918 Cod.
2405 4861 2657 4932 Reginae,
2692 4883 2719 4909 ‹‹
2765 4859 2867 4914 ﬁlii
2891 4857 3128 4934 diaboli.
3168 4881 3194 4907 ››
3225 4859 3290 4912 Et
3316 4874 3451 4913 mox
3481 4855 3663 4934 Vatic.

2021 4961 2046 4986 ‹‹
2083 4930 2216 4990 dicti
2252 4937 2390 4988 sunt
2415 4930 2812 5057 peccatorum,
2842 4955 2868 4980 ››
2889 4932 3068 5004 probo
3087 4935 3332 5002 uterque
3353 4945 3551 4995 sensu,
3577 4930 3667 4984 ni-

2021 5009 2064 5057 si
2099 5008 2272 5057 etiam
2319 5021 2410 5057 me
2441 5004 2564 5057 iori.

2019 5009 2065 5063 si
2099 5008 2272 5061 etiam
2319 5004 2564 5058 meliori.

2087 5079 2199 5148 (44)
2230 5074 2574 5148 Expressius
2608 5075 2744 5148 Reg.
2779 5091 2914 5143 ms.,
2949 5072 3320 5148 «sedetiam
3367 5071 3663 5127 malorum

2017 5145 2447 5221 participabilia
2476 5163 2602 5221 esse
2645 5145 2716 5221 inf
2753 5146 3037 5221 creaturis
3080 5145 3360 5221 diximus,
3391 5147 3668 5221 naturam

2016 5214 2149 5276 vero
2199 5214 2373 5291 atque
2421 5219 2816 5274 substantiam
2862 5217 3046 5274 solius
3092 5214 3395 5271 Trinitatis
3427 5215 3488 5270 in
3519 5215 3668 5273 alios

2057 5308 2187 5348 osse
2219 5292 2460 5346 intrare.
2498 5312 2525 5338 ››

2057 5310 2187 5348 osse
2219 5310 2460 5346 intrare.
2498 5312 2525 5338 ››

2015 5310 2050 5365 p
2086 5364 2198 5435 (45)
2224 5367 2356 5417 Erat
2377 5361 2747 5417 incommodo
2771 5376 2968 5425 sensu,
2997 5381 3024 5409 ‹‹
3050 5357 3258 5435 saltem
3289 5358 3665 5435 resistentem

2013 5429 2232 5500 velle,»
2258 5439 2366 5488 etc.
2391 5451 2402 5500 ;
2429 5438 2568 5488 tunc
2589 5439 2744 5489 certo
2773 5449 2986 5498 errore,
3015 5453 3041 5481 «
3065 5431 3216 5502 quod
3248 5429 3437 5486 solent
3453 5433 3666 5484 tracta-

2015 5523 2095 5572 re,
2122 5510 2418 5579 przetereo,
2447 5523 2590 5579 {pro
2610 5529 2636 5554 ‹‹
2655 5507 2899 5579 jactare,
2926 5526 2952 5553 ››
2973 5507 3073 5559 aut
3098 5522 3123 5553 α
3138 5503 3430 5573 jactitare,
3459 5523 3484 5550 η
3507 5502 3664 5573 quod

2013 5575 2234 5634 habent
2263 5575 2692 5633 emendatiores
2733 5575 2888 5631 libri.

2086 5651 2196 5719 (46)
2229 5648 2377 5704 Male
2406 5649 2722 5717 obtinebat,
2763 5668 2788 5699 «
2819 5663 3065 5719 nonsua
3085 5650 3313 5714 natura,
3345 5663 3371 5697 υ
3401 5644 3459 5700 in
3479 5648 3666 5700 recto-

2013 5718 2299 5778 Emendat
2329 5720 2512 5778 Vatic.
2548 5725 2605 5777 et
2642 5718 3065 5792 veatus_editio.
