3970 6406
260 397 383 462 163
1513 395 1575 456 S.
1629 385 1938 456 EUSEBII
1985 383 2426 453 HIERONYMI
3555 373 3672 441 {64

259 531 398 588 Tale
430 530 572 586 illud
600 527 775 586 etiam
805 531 911 596 est,
945 527 1099 600 quod
1123 527 1416 584 Victorius
1446 528 1724 592 confutat,
1757 541 1965 598 nempe
1995 525 2054 581 S.
2087 526 2504 596 Hieronymum
2540 525 2777 593 putasse
2808 515 3197 575 necessariam
3231 530 3360 571 esse
3390 512 3448 569 in
3479 529 3670 569 sacer-

253 619 498 674 dotibus
530 622 744 674 rectam
777 617 976 684 vitam,
1011 621 1075 672 ut
1104 615 1189 672 vel
1221 616 1542 682 absolvant,
1585 615 1671 670 vel
1731 614 2148 670 eucharistiam
2197 613 2527 669 conficiant.
2579 610 2792 666 Contra
2844 608 3000 664 enim
3053 622 3218 662 num.
3270 601 3588 676 praesertim
3636 603 3673 658 5

252 706 586 763 luculenter
614 705 934 775 constituit,
968 709 1031 760 ut
1059 705 1107 761 si
1141 705 1276 761 alibi
1309 703 1664 760 contrarium
1691 703 1956 760 videatur
1985 719 2264 769 asserere,
2299 701 2426 756 ideo
2460 700 2655 768 faciat,
2707 715 2779 754 ne
2830 699 2970 752 dum
3031 696 3102 751 de
3152 692 3278 751 sola
3327 692 3436 749 sibi
3477 708 3674 748 sacer-

258 796 424 852 dotes
457 798 740 868 potestate
769 794 1209 863 oblandiuntur,
1244 799 1455 850 rectam
1481 793 1706 848 vivendi
1734 794 2006 849 deserant
2037 807 2327 858 normam,
2367 797 2419 845 et
2451 789 2605 861 quod
2657 789 2940 860 potestate
2975 786 3356 850 construunt,
3405 778 3674 853 exemplo

257 883 291 936 d
303 888 536 938 estruan
547 887 586 936 t.

333 972 406 1026 De
437 988 590 1027 anno
624 988 738 1042 quo
771 988 919 1043 opus
948 971 1103 1026 istud
1134 970 1490 1026 elucubrarit
1521 987 1635 1026 non
1670 971 1814 1026 satis
1873 968 2142 1025 convenit
2191 967 2340 1020 inter
2387 964 2667 1020 eruditos.
2721 961 2870 1017 Illud
2924 977 3132 1032 nempe
3179 958 3406 1031 aliquos
3459 960 3670 1023 movet,

256 1060 409 1131 quod
440 1059 500 1114 in
533 1060 814 1115 Chronico
847 1059 1174 1115 Luciferum
1209 1059 1393 1114 multa
1422 1075 1552 1114 cum
1578 1058 1749 1114 laude
1780 1062 2081 1121 memoret,
2116 1071 2304 1126 neque
2336 1054 2410 1109 sit
2451 1069 2583 1108 vero
2633 1049 2826 1108 simile
2878 1050 3006 1120 ejus
3055 1047 3340 1105 celebrari
3387 1049 3662 1102 constan-

252 1147 399 1203 tiam
431 1165 496 1203 ac
525 1149 720 1217 ﬁdem,
754 1150 922 1219 cujus
954 1149 1323 1218 sententiam,
1357 1148 1473 1203 imo
1503 1164 1755 1204 errorem
1789 1147 1942 1203 edito
1971 1146 2121 1202 libro
2151 1145 2480 1216 impugnat,
2524 1141 2636 1197 nisi
2691 1141 2740 1197 si
2772 1140 2919 1195 liber
2951 1139 3082 1207 iste,
3117 1139 3176 1192 in
3235 1153 3350 1209 quo
3382 1134 3535 1191 male
3566 1151 3670 1190 au-

257 1237 364 1300 dit,
397 1235 496 1292 illo
528 1237 584 1292 in
615 1254 728 1308 quo
760 1237 926 1304 bene,
961 1237 1248 1308 posterior
1277 1237 1371 1293 sit.
1405 1237 1794 1301 Quamobrem
1826 1252 1962 1291 cum
1993 1252 2145 1290 anno
2195 1235 2296 1288 380
2355 1231 2678 1288 Chronicon
2738 1228 2920 1284 fuisse
2965 1227 3362 1300 conscriptum
3415 1226 3666 1289 constet,

259 1324 558 1397 Dialogum
589 1325 742 1381 hunc
773 1332 903 1398 post
934 1342 1061 1381 eam
1095 1325 1372 1398 temporis
1404 1327 1761 1382 notationem
1794 1324 2009 1380 differri
2046 1323 2264 1378 volunt.
2298 1322 2403 1376 Sed
2465 1319 2610 1375 nihil
2642 1335 2769 1374 esse
2826 1317 3166 1388 hujusmodi
3242 1317 3661 1387 argumentum

257 1413 472 1481 videas,
507 1413 554 1469 si
589 1413 686 1470 illa
717 1415 844 1486 ipsa
873 1419 1025 1469 recte
1082 1414 1422 1486 expenderis
1455 1413 1811 1481 testimonia,
1843 1419 1899 1467 et
1931 1412 2116 1468 multa
2147 1429 2272 1468 esse
2297 1410 2466 1476 scias,
2501 1427 2627 1480 qua:
2661 1409 2716 1462 in
2751 1407 3016 1462 Lucifero
3051 1406 3436 1476 Hieronymus
3469 1400 3665 1474 suspi-

253 1501 478 1557 ciebat:
515 1519 619 1557 nee
653 1503 882 1576 preprie
913 1504 1107 1575 ipsum
1141 1504 1504 1576 episcopum,
1539 1503 1637 1558 sed
1671 1504 1799 1574 ejus
1830 1501 2104 1567 asseclas,
2138 1501 2236 1573 qui
2271 1501 2398 1570 ejus
2433 1498 2666 1554 nomine
2705 1497 2775 1552 ad
2816 1496 3031 1552 erroris
3081 1493 3470 1567 patrocinium
3521 1491 3666 1546 abu-

263 1589 557 1659 tebantur,
589 1592 945 1664 impugnari.
980 1593 1124 1648 Nam
1177 1601 1231 1647 et
1261 1593 1369 1648 hoc
1400 1592 1528 1664 ipso
1559 1592 1617 1646 in
1649 1590 1795 1647 libro
1828 1591 1973 1646 bene
2004 1591 2168 1646 audit
2200 1589 2447 1659 Lucifer,
2482 1591 2547 1642 ut
2579 1585 2694 1642 illis
2722 1585 2934 1651 verbis,
2969 1585 3138 1656 Cogor
3178 1583 3242 1638 de
3297 1583 3445 1638 beato
3503 1580 3664 1634 Luci-

251 1679 366 1748 fero
395 1695 543 1734 secus
602 1682 922 1751 quidquam,
955 1698 1120 1752 quam
1173 1690 1225 1736 et
1256 1682 1413 1736 illius
1443 1683 1723 1747 meritum,
1765 1685 1816 1735 et
1868 1696 1988 1735 mea
2018 1679 2333 1735 humanitas
2380 1678 2570 1750 poscit,
2630 1678 2966 1731 existimare.
3031 1674 3108 1728 Ex
3154 1671 3302 1728 serie
3360 1673 3557 1725 autem
3611 1671 3670 1724 et

253 1767 402 1834 loco,
435 1785 550 1839 quo
584 1769 642 1824 in
674 1769 944 1842 Catalogo
966 1771 1036 1825 ab
1065 1770 1192 1842 ipso
1217 1769 1562 1842 Hieronymo
1588 1773 1857 1825 censetur
1887 1768 1980 1825 hic
2012 1768 2176 1832 liber,
2209 1771 2266 1822 et
2295 1764 2575 1820 Chronico
2607 1763 2866 1835 proxime
2899 1761 3222 1835 praecedere
3268 1774 3404 1815 eum
3452 1757 3662 1828 liquet,

254 1854 374 1909 sive
404 1873 625 1912 annum
657 1859 762 1912 380
791 1863 1166 1926 antevertere,
1198 1864 1254 1914 et
1285 1858 1495 1914 relicta:
1529 1858 1862 1914 solitudinis
1895 1857 2198 1929 epocham,
2232 1855 2350 1911 sive
2396 1871 2530 1909 ann.
2577 1853 2703 1918 379,
2748 1856 2809 1906 ut
2860 1851 2916 1906 in
2953 1847 3378 1921 chronologicis
3435 1845 3665 1917 Episto-

253 1947 445 1998 tarum
477 1946 840 2018 argumentis
870 1951 1132 2002 notatum
1165 1951 1273 2012 est,
1307 1963 1601 2018 superare.
1638 1945 1824 2001 Facile
1856 1945 2035 2018 igitur
2062 1945 2190 2017 ipso
2217 1960 2369 1999 anno
2399 1944 2524 2008 379,
2575 1958 2690 2013 quo
2743 1957 2773 1995 e
2821 1939 3114 1996 Chalcidis
3161 1954 3354 1994 eremo
3407 1935 3660 2008 fugiens,

253 2031 570 2088 Antiochia:
603 2033 886 2102 substitit,
920 2034 1135 2090 librum
1170 2035 1444 2101 exaravit,
1479 2052 1613 2090 nam
1647 2039 1702 2090 et
1730 2033 2044 2090 Antiochia:
2090 2031 2492 2088 Luciferianus
2551 2035 2724 2101 atque
2753 2029 3120 2085 Orthodoxus
3177 2025 3435 2082 altercati
3497 2026 3658 2091 sunt,

253 2123 310 2176 et
340 2121 500 2192 proxi
524 2137 600 2177 ne
631 2123 702 2177 ab
735 2122 834 2178 illa
865 2122 1238 2179 altercatione
1265 2125 1516 2179 scribere
1548 2140 1608 2179 se
1637 2123 2023 2195 Hieronymus
2055 2123 2375 2194 profitetur.

2381 2273 2802 2281 ._____—.——.

2808 2267 3657 2295 :1:

980 2400 1100 2498 S.
1161 2399 1837 2502 BUSEBII
1907 2395 2936 2500 EIERONYMI

1451 2596 1964 2652 STRIDONENSIS
2014 2594 2457 2650 PRESBYTERI

472 2724 1360 2867 DIALOGUS‘
1455 2735 2106 2868 CONTRA
2201 2665 3486 2870 LUCIFEBIANOS.

328 3058 470 3113 171
514 3063 564 3112 1.
596 3058 865 3113 Proxime
915 3058 1125 3114 accidit
1180 3060 1220 3124 ἓ,
1276 3063 1340 3113 ut
1390 3059 1494 3128 (At.
1538 3060 1715 3130 quod)
1769 3059 1896 3130 qui-
1927 3058 2086 3126 Aita
2138 3059 2364 3114 cunctis
2418 3059 2830 3123 residentibus,
2866 3058 3180 3113 Hausoxus
3222 3057 3647 3112 LUCIFEBIANUB

259 3147 392 3200 dam
428 3145 673 3201 Luciferi
699 3151 967 3213 sectator,
1001 3163 1135 3202 cum
1167 3146 1281 3203 alio
1341 3146 1605 3203 Ecclesiae
1661 3147 1898 3202 alumno

253 3235 451 3290 odiosa
472 3235 820 3306 loquacitate
850 3236 1229 3302 contendens,
1268 3236 1535 3291 caninam
1564 3236 1896 3291 facundiam

253 3326 574 3379 exercuerit
605 3326 752 3396 (mss.
783 3325 1083 3395 exercuit).
1134 3326 1445 3380 Asserebat
1493 3325 1711 3397 quippe
1767 3325 1894 3379 uni-

254 3428 487 3467 versum
517 3413 804 3467 mundum
837 3429 963 3468 esse
995 3412 1234 3478 diaboli,
1267 3420 1323 3468 et
1354 3419 1412 3468 ut
1439 3414 1562 3484 jam
1613 3413 1898 3468 familiare

255 3505 344 3555 est
374 3501 460 3556 eis
486 3501 701 3567 dicere,
733 3501 947 3556 factum
983 3503 1051 3556 de
1098 3501 1354 3557 Ecclesia
1401 3503 1665 3575 lupanar.
1699 3505 1770 3556 At
1801 3501 1897 3557 ille

253 3590 616 3656 econtrario,
653 3589 1076 3645 rationabiliter
1106 3591 1365 3661 quidem,
1419 3592 1516 3646 sed
1565 3592 1896 3664 importuno

255 3682 311 3732 et
340 3677 466 3733 loco
513 3683 570 3733 et
619 3684 896 3750 tempore,
953 3679 1318 3748 defendebat,
1377 3697 1487 3734 non
1549 3679 1674 3735 sine
1722 3697 1898 3735 causa

256 3767 550 3822 Christum
587 3773 882 3822 mortuum
921 3767 1120 3833 fuisse,
1153 3784 1257 3822 nec
1289 3769 1360 3823 ob
1400 3769 1713 3823 Sardorum
1764 3774 1894 3823 tan-

251 3860 376 3910 tum
423 3860 781 3912 mastrucam
815 3858 835 3890 ³
868 3857 964 3911 Dei
1027 3857 1232 3912 Filium
1294 3857 1684 3912 descendisse.
1749 3857 1894 3922 Quid

255 3945 424 4016 plura
451 3945 479 4000 ?
506 3947 643 4000 dum
679 3946 1039 4001 audientiam
1064 3951 1120 4001 et
1151 3946 1435 4002 circulum
1470 3945 1695 4002 lumina
1726 3949 1744 3981 ⁴
1768 3948 1894 4018 jam

254 4034 310 4087 in
344 4033 553 4105 plateis
587 4051 828 4090 accensa
859 4035 1167 4101 solverent,
1199 4041 1255 4090 et
1286 4036 1640 4090 inconditam
1692 4035 1893 4108 dispu-

252 4122 531 4178 tationem
566 4140 677 4178 nox
700 4123 1169 4196 interrumperet,
1219 4130 1505 4196 consputa
1554 4141 1698 4197 pene
1750 4125 1893 4180 invi-

253 4227 379 4266 cem
405 4211 565 4279 facic,
601 4217 986 4268 recesserunt.
1012 4213 1128 4268 Hoc
1150 4218 1343 4268 tamen
1367 4213 1458 4268 his
1482 4214 1582 4286 qui
1605 4215 1897 4270 affuerunt

253 4299 667 4366 statuentibus,
703 4304 766 4355 ut
799 4299 858 4355 in
890 4307 1170 4356 secretam
1197 4302 1485 4373 porticum
1511 4302 1698 4374 primo
1727 4320 1896 4360 mane

251 4388 692 4444 conveniretur:
729 4406 844 4460 quo
876 4406 1008 4445 cum
1032 4391 1202 4461 juxta
1226 4389 1504 4462 placitum
1537 4409 1742 4449 omnes
1765 4409 1896 4450 con-
1928 4429 1972 4494 Β

251 4475 568 4544 venissent,
592 4477 782 4533 visum
817 4484 904 4534 est
936 4478 1242 4551 utriusque
1273 4497 1601 4536 sermonem
1653 4500 1685 4538 a
1734 4488 1896 4539 nota-

253 4564 358 4620 riis
387 4564 592 4637 excipi.

327 4659 374 4707 ‘2.
411 4656 486 4708 De
513 4653 765 4711 hwretico
796 4655 1124 4728 loquendum
1153 4660 1213 4710 ut
1240 4656 1308 4712 de
1335 4658 1553 4727 gentili.
1586 4689 1652 4696 —
1710 4663 1898 4730 Atque

324 4814 339 4847 ¹
375 4815 516 4890 Edd.
561 4815 826 4890 Martian.
863 4821 927 4890 et
973 4815 1218 4890 Vallars.
1281 4815 1531 4872 habent:
1567 4820 1766 4890 Incipit
1806 4821 1895 4874 Al-

254 4888 482 4961 teroutio
509 4888 869 4961 _i.uciferiqni
924 4895 974 4942 et
1021 4888 1333 4961 ()rthodoxi,
1373 4905 1428 4961 Aa
1458 4890 1513 4943 S.
1575 4888 1898 4961 Hieronymo

251 4959 474 5033 scripta.
509 4957 1123 5033 Eorr.—_Vetus_codex
1149 4959 1532 5033 ms.Sorbonrc
1557 4957 1896 5033 sequentem

254 5029 467 5105 retinet
497 5029 852 5105 epigraphen
883 5031 1122 5105 :Iizcipz't
1177 5032 1316 5105 Epla
1363 5029 1694 5105 _Ilifi'orzyini
1745 5050 1898 5105 prcs-

256 5046 467 5083 reunet
497 5046 1122 5153 e‘pigrapnenzmczpzz
1177 5046 1313 5101 15pm
1374 5046 1691 5104 Hieronymi
1745 5050 1898 5105 prcs-

256 5099 433 5168 byteri
486 5116 518 5153 a
562 5116 745 5155 versus
796 5100 1233 5171 Luci/‘erianos;
1289 5102 1493 5158 deinde
1552 5105 1707 5159 hunc
1765 5123 1900 5160 con~-

254 5174 516 5224 textum:
555 5192 580 5220 ‹‹
619 5171 878 5226 Proxime
919 5172 1164 5227 accessit
1219 5173 1612 5230 Luciferianus
1663 5175 1901 5231 haeresis

254 5245 526 5320 sectator,
561 5257 693 5320 cum
727 5242 922 5320 aliquo
964 5243 1229 5320 Ecclesia:
1283 5244 1519 5301 alumno
1568 5247 1770 5304 odiosa
1818 5247 1898 5302 lo'

257 5314 486 5384 quacite
507 5314 886 5380 contendens,
925 5337 951 5362 »
982 5320 1089 5370 etc.
1127 5317 1408 5371 MARTIAN.

329 5383 803 5460 ’__Cluniacensis
872 5387 1069 5452 codex,
1149 5391 1409 5443 Proxime
1445 5390 1708 5460 accidit,
1762 5389 1902 5460 quod

251 5454 478 5530 quidam
497 5455 744 5526 Luci/eri
770 5462 1002 5512 sectator
1028 5475 1154 5513 cum
1193 5461 1305 5515 alio
1339 5460 1595 5515 Ecclesiae
1647 5454 1898 5530 alunino,

251 5530 361 5581 etc.
394 5525 682 5582 MARTIAN.

322 5598 343 5631 ³
377 5597 672 5674 ΔΝοῐιιῐυιη
753 5600 1196 5674 Lexiccgraphis
1269 5619 1517 5674 nomen.
1562 5602 1902 5660 Theodorus

252 5667 520 5730 lustrum
550 5674 705 5730 vestis
744 5673 916 5730 Surda
955 5667 1079 5747 (Al:
1127 5674 1445 5747 Mastruga).
1505 5673 1854 5733 Prudentius
1886 5692 1898 5732 :

2019 3147 2200 3202 dixit:
2236 3147 2352 3202 Hoc
2387 3148 2641 3218 primum
2675 3148 2821 3202 mihi
2881 3145 3218 3218 responderi
3274 3144 3421 3210 volo,
3454 3147 3654 3199 utrum

2010 3236 2204 3291 Ariani
2239 3235 2548 3291 Christiani
2582 3237 2719 3302 sint,
2754 3254 2826 3292 an
2852 3253 2965 3292 non
2995 3236 3022 3289 ?
3053 3235 3441 3291 Oa'rnoooxus
3467 3233 3507 3287 ⁵.
3534 3233 3654 3304 Ego

2008 3325 2161 3396 plus,
2197 3325 2406 3396 inquit,
2454 3326 2769 3398 interrogo,
2819 3331 3093 3381 utrumne
3141 3339 3345 3379 omnes
3394 3321 3647 3377 haeretici

2007 3414 2319 3469 Christiani
2353 3415 2472 3469 sint
2501 3414 2528 3468 ?
2559 3417 2618 3470 L.
2653 3415 2816 3481 dixit,
2867 3415 3050 3479 Quem
3101 3413 3438 3468 hareticum
3485 3411 3653 3466 dixe-

2013 3503 2118 3569 ris,
2177 3501 2574 3558 Cbristianum
2637 3502 2885 3574 negasti.
2922 3503 2982 3558 0.
3015 3501 3178 3567 dixit,
3238 3502 3457 3556 Omnes
3513 3514 3654 3572 ergo

2007 3591 2256 3647 haeretici
2287 3593 2598 3647 Christiani
2634 3609 2747 3648 non
2781 3597 2921 3648 sunt
2949 3591 2978 3646 ’ἶ
3008 3593 3070 3648 L.
3103 3595 3234 3647 Jam
3251 3589 3521 3663 superius
3545 3606 3651 3644 au-

2007 3680 2166 3736 disti.
2204 3682 2262 3735 0.
2310 3682 2361 3734 Si
2423 3681 2634 3736 Christi
2693 3699 2807 3737 non
2866 3685 3025 3751 sunt,
3083 3679 3300 3736 diaboli
3359 3685 3521 3735 sunt.
3585 3679 3646 3733 L.

2006 3768 2185 3823 Nemo
2217 3769 2462 3824 dubitat.
2493 3770 2551 3826 0.
2581 3770 2632 3824 Si
2667 3774 2860 3825 autem
2894 3769 3108 3825 diaboli
3148 3773 3308 3835 sunt,
3354 3768 3507 3825 172
3558 3768 3647 3823 ni-

2005 3856 2084 3911 hil
2120 3859 2289 3912 refert
2314 3857 2562 3913 haeretici
2598 3859 2736 3926 sint,
2771 3875 2844 3914 an
2877 3857 3141 3930 gentiles.
3177 3859 3233 3912 L.
3266 3857 3389 3912 Non
3422 3855 3642 3913 refello.

2006 3946 2280 4018 0.1gitur
2310 3947 2488 4002 fixum
2522 3947 2673 4003 inter
2717 3965 2824 4004 nos
2881 3947 3187 4014 habemus,
3246 3947 3316 4002 de
3373 3945 3644 4002 haeretica

2004 4034 2087 4089 sic
2118 4033 2500 4106 loquendum,
2536 4037 2690 4092 sicut
2720 4037 2790 4092 de
2818 4035 3040 4108 gentili.
3074 4037 3132 4092 L.
3164 4035 3337 4091 Plane
3367 4035 3638 4094 ﬁxum.0.

2004 4124 2202 4186 Quzere
2236 4142 2390 4180 nunc
2413 4130 2478 4180 ut
2509 4124 2666 4187 libet.
2709 4125 2987 4197 quoniam
3039 4125 3192 4180 inter
3243 4141 3350 4181 nos
3395 4128 3646 4196 constat,

2005 4212 2303 4269 haereticos
2334 4213 2582 4286 gentiles
2609 4231 2756 4271 esse.
2791 4215 2851 4269 L.
2885 4215 3046 4280 Quod
3091 4212 3468 4286 interrogatio
3518 4229 3652 4269 mea

2003 4317 2206 4374 cogere
2236 4301 2464 4358 volebat
2493 4319 2835 4374 expressum
2871 4307 2980 4371 est,
3008 4303 3313 4359 haereticos
3362 4301 3648 4358 Christia-

2004 4407 2109 4446 nos
2137 4408 2250 4446 non
2285 4408 2433 4448 esse.
2494 4396 2661 4447 Nunc
2719 4396 2897 4448 restat
2953 4391 3272 4449 conclusio.
3333 4392 3392 4447 Si
3451 4390 3653 4446 Ariani

2008 4478 2261 4534 haeretici
2295 4485 2456 4547 sunt,
2480 4485 2537 4536 et
2567 4480 3064 4537 hereticiomnes
3091 4481 3338 4555 gentiles
3385 4483 3544 4550 sunt,
3597 4483 3657 4536 et

2006 4569 2205 4623 Ariani
2233 4568 2481 4641 gentiles
2510 4574 2666 4625 sunt.
2693 4569 2752 4626 Si
2785 4574 2984 4627 autem
3015 4569 3218 4626 Ariani
3243 4568 3493 4643 gentiles
3513 4573 3657 4626 sunt

2007 4662 2063 4714 et
2091 4662 2320 4714 constat
2359 4657 2584 4714 nullam
2638 4659 2974 4715 societatem
3024 4659 3292 4716 Ecclesiae
3341 4675 3470 4715 esse
3518 4675 3653 4715 cum

2114 4817 2340 4892 Solvere
2370 4821 2677 4892 Mastrucis
2708 4837 2994 4891 proceres,
3025 4820 3236 4892 vestire
3267 4821 3542 4892 Toga‘tos.

2078 4891 2538 4974 Apposite_yero
2595 4891 2653 4946 in
2708 4889 2916 4974 primis
2975 4889 3381 4974 Quintilianus
3589 4907 3652 4957 ιι,

2009 4977 2137 5043 cap.
2174 4961 2266 5016 ’10
2316 4961 2740 5046 {Musa-ngam:
2777 4964 2915 5034 quod
2965 4964 3208 5045 .Sardum
3258 4972 3354 5030 est,
3414 4961 3653 5044 illudens

2013 5031 2296 5108 Cicerae;
2321 5033 2596 5108 industria
2617 5036 2778 5090 dixit.
2812 5035 3094 5091 Paulinus
3125 5051 3358 5108 quoque
3399 5033 3652 5089 Macario

2011 5105 2165 5178 inops
2197 5105 2512 5178 ῂηὸίιιιεηει
2545 5106 2816 5178 Mastruga
2864 5105 3180 5162 Sardoruni.
3237 5105 3306 5148 -ὲο
3361 5109 3500 5161 Mss.
3546 5122 3646 5161 co-

2011 5175 2168 5229 dices
2202 5175 2404 5248 legunt
2433 5175 2786 5246 Mastrugani.
2820 5180 2954 5234 Erat
2987 5185 3286 5235 mastruca
3329 5177 3654 5233 vestimen-

2010 5250 2149 5321 tum
2165 5264 2235 5321 ex
2268 5247 2536 5318 pellibus,
2568 5250 2686 5305 sive
2718 5249 2902 5307 ferina
2930 5251 3108 5306 vestis
3139 5250 3288 5306 male
3319 5249 3501 5316 olens,
3535 5265 3655 5321 qua

2012 5318 2178 5372 Sardi
2210 5321 2542 5374 utebantur.
2579 5321 2866 5377 Msa'rux.

2082 5391 2103 5422 ‘
2134 5390 2197 5444 In
2229 5390 2451 5462 aliquot
2476 5391 2639 5448 libris
2678 5394 2808 5449 dum
2850 5394 3193 5450 audientium
3240 5394 3508 5448 circulum
3564 5395 3655 5447 lu-

2011 5463 2184 5524 mina,
2220 5467 2331 5517 etc.

2082 5534 2102 5566 δ
2130 5533 2311 5611 Vetus
2356 5533 2531 5611 editio
2575 5535 2992 5610 Hieronymum
3026 5537 3242 5611 ipsum
3295 5537 3404 5611 sub
3445 5535 3660 5591 Ortho-

2013 5604 2144 5660 doxi
2177 5621 2425 5678 persona
2456 5604 2811 5679 loquentem'
2843 5604 3084 5667 inducit:
3129 5609 3469 5667 Orthodoxus
3519 5611 3659 5665 Hie-

2014 5691 2295 5752 ronymus.
2329 5692 2442 5753 ego,
2475 5683 2584 5741 etc.
