  <div class='ocr_page' id='page_1' title='image "/cluster/home/n/w/nwhite01/storage/ocr_20150623/23/umn.31951d034773078/092.png"; bbox 0 0 3970 6426; ppageno 0'>
   <div class='ocr_carea' id='block_1_1' title="bbox 251 393 351 458">
    <p class='ocr_par' dir='ltr' id='par_1_1' title="bbox 251 393 351 458">
     <span class='ocr_line' id='line_1_1' title="bbox 251 393 351 458; baseline -0.01 -1"><span class='ocrx_word' id='word_1_1' title='bbox 251 393 351 458; x_wconf 77' lang='grc'>165</span> 
     </span>
    </p>
   </div>
   <div class='ocr_carea' id='block_1_2' title="bbox 1243 386 2634 462">
    <p class='ocr_par' dir='ltr' id='par_1_2' title="bbox 1243 386 2634 462">
     <span class='ocr_line' id='line_1_2' title="bbox 1243 386 2634 462; baseline -0.008 0"><span class='ocrx_word' id='word_1_2' title='bbox 1243 395 1633 462; x_wconf 85' lang='lat' dir='ltr'>DIALOGUS</span> <span class='ocrx_word' id='word_1_3' title='bbox 1677 386 1991 460; x_wconf 81' lang='lat' dir='ltr'>CONTRA</span> <span class='ocrx_word' id='word_1_4' title='bbox 2037 387 2634 456; x_wconf 81' lang='lat' dir='ltr'>LUCIFERIANOS.</span> 
     </span>
    </p>
   </div>
   <div class='ocr_carea' id='block_1_3' title="bbox 3509 397 3628 464">
    <p class='ocr_par' dir='ltr' id='par_1_3' title="bbox 3509 397 3628 464">
     <span class='ocr_line' id='line_1_3' title="bbox 3509 397 3628 464; baseline 0.017 -2"><span class='ocrx_word' id='word_1_5' title='bbox 3509 397 3628 464; x_wconf 75' lang='grc'><strong>166</strong></span> 
     </span>
    </p>
   </div>
   <div class='ocr_carea' id='block_1_4' title="bbox 245 525 3628 606">
    <p class='ocr_par' dir='ltr' id='par_1_4' title="bbox 245 525 3628 606">
     <span class='ocr_line' id='line_1_4' title="bbox 245 525 3628 606; baseline 0.002 -21"><span class='ocrx_word' id='word_1_6' title='bbox 245 527 467 596; x_wconf 83' lang='lat' dir='ltr'>Arianis,</span> <span class='ocrx_word' id='word_1_7' title='bbox 500 529 558 585; x_wconf 88' lang='lat' dir='ltr'>id</span> <span class='ocrx_word' id='word_1_8' title='bbox 608 535 717 597; x_wconf 89' lang='lat' dir='ltr'>est,</span> <span class='ocrx_word' id='word_1_9' title='bbox 767 545 900 587; x_wconf 91' lang='lat' dir='ltr'>cum</span> <span class='ocrx_word' id='word_1_10' title='bbox 959 530 1297 604; x_wconf 79' lang='lat' dir='ltr'>gentilibus,</span> <span class='ocrx_word' id='word_1_11' title='bbox 1332 532 1710 589; x_wconf 89' lang='lat' dir='ltr'>manifestum</span> <span class='ocrx_word' id='word_1_12' title='bbox 1771 534 1862 586; x_wconf 90' lang='lat' dir='ltr'>est</span> <span class='ocrx_word' id='word_1_13' title='bbox 1889 529 1945 597; x_wconf 82' lang='grc' dir='ltr'><strong>Α</strong></span> <span class='ocrx_word' id='word_1_14' title='bbox 1976 528 2134 583; x_wconf 89' lang='lat' dir='ltr'>niam</span> <span class='ocrx_word' id='word_1_15' title='bbox 2169 527 2459 583; x_wconf 88' lang='lat' dir='ltr'>obstinate</span> <span class='ocrx_word' id='word_1_16' title='bbox 2490 527 2855 596; x_wconf 90' lang='lat' dir='ltr'>tenes,aliam</span> <span class='ocrx_word' id='word_1_17' title='bbox 2890 544 3018 585; x_wconf 86' lang='lat' dir='ltr'>esse</span> <span class='ocrx_word' id='word_1_18' title='bbox 3045 525 3327 586; x_wconf 87' lang='lat' dir='ltr'>rationem</span> <span class='ocrx_word' id='word_1_19' title='bbox 3342 530 3628 606; x_wconf 65' lang='lat' dir='ltr'>episcopi.</span> 
     </span>
    </p>
   </div>
   <div class='ocr_carea' id='block_1_5' title="bbox 240 618 1854 694">
    <p class='ocr_par' dir='ltr' id='par_1_5' title="bbox 240 618 1854 694">
     <span class='ocr_line' id='line_1_5' title="bbox 240 618 1854 694; baseline 0 -20"><span class='ocrx_word' id='word_1_20' title='bbox 240 622 464 674; x_wconf 81' lang='lat' dir='ltr'>vestram</span> <span class='ocrx_word' id='word_1_21' title='bbox 496 618 815 676; x_wconf 89' lang='lat' dir='ltr'>Ecclesiam</span> <span class='ocrx_word' id='word_1_22' title='bbox 841 638 969 694; x_wconf 67' lang='lat' dir='ltr'>quae</span> <span class='ocrx_word' id='word_1_23' title='bbox 1001 622 1072 678; x_wconf 91' lang='lat' dir='ltr'>ab</span> <span class='ocrx_word' id='word_1_24' title='bbox 1094 622 1343 691; x_wconf 88' lang='lat' dir='ltr'>Arianis,</span> <span class='ocrx_word' id='word_1_25' title='bbox 1377 622 1436 677; x_wconf 88' lang='lat' dir='ltr'>id</span> <span class='ocrx_word' id='word_1_26' title='bbox 1487 625 1596 690; x_wconf 89' lang='lat' dir='ltr'>est,</span> <span class='ocrx_word' id='word_1_27' title='bbox 1651 639 1683 676; x_wconf 90' lang='lat' dir='ltr'>a</span> <span class='ocrx_word' id='word_1_28' title='bbox 1716 637 1854 693; x_wconf 90' lang='lat' dir='ltr'>gen-</span> 
     </span>
    </p>
   </div>
   <div class='ocr_carea' id='block_1_6' title="bbox 240 706 1854 783">
    <p class='ocr_par' dir='ltr' id='par_1_6' title="bbox 240 706 1854 783">
     <span class='ocr_line' id='line_1_6' title="bbox 240 706 1854 783; baseline 0.002 -22"><span class='ocrx_word' id='word_1_29' title='bbox 240 706 438 774; x_wconf 91' lang='lat' dir='ltr'>tilibus,</span> <span class='ocrx_word' id='word_1_30' title='bbox 481 707 785 782; x_wconf 86' lang='lat' dir='ltr'>episcopos</span> <span class='ocrx_word' id='word_1_31' title='bbox 817 710 1082 783; x_wconf 83' lang='lat' dir='ltr'>suscipit,</span> <span class='ocrx_word' id='word_1_32' title='bbox 1117 729 1233 767; x_wconf 89' lang='lat' dir='ltr'>non</span> <span class='ocrx_word' id='word_1_33' title='bbox 1265 715 1384 767; x_wconf 93' lang='lat' dir='ltr'>tam</span> <span class='ocrx_word' id='word_1_34' title='bbox 1433 711 1705 783; x_wconf 91' lang='lat' dir='ltr'>episcopo</span> <span class='ocrx_word' id='word_1_35' title='bbox 1767 725 1854 764; x_wconf 92' lang='lat' dir='ltr'>re-</span> 
     </span>
    </p>
   </div>
   <div class='ocr_carea' id='block_1_7' title="bbox 236 795 1856 871">
    <p class='ocr_par' dir='ltr' id='par_1_7' title="bbox 236 795 1856 871">
     <span class='ocr_line' id='line_1_7' title="bbox 236 795 1856 871; baseline 0.001 -21"><span class='ocrx_word' id='word_1_36' title='bbox 236 795 424 868; x_wconf 87' lang='lat' dir='ltr'>cipere,</span> <span class='ocrx_word' id='word_1_37' title='bbox 446 813 625 868; x_wconf 91' lang='lat' dir='ltr'>quam</span> <span class='ocrx_word' id='word_1_38' title='bbox 659 799 732 855; x_wconf 93' lang='lat' dir='ltr'>de</span> <span class='ocrx_word' id='word_1_39' title='bbox 760 799 1042 871; x_wconf 89' lang='lat' dir='ltr'>Capitolio</span> <span class='ocrx_word' id='word_1_40' title='bbox 1076 801 1410 856; x_wconf 85' lang='lat' dir='ltr'>sacerdotes</span> <span class='ocrx_word' id='word_1_41' title='bbox 1439 817 1451 854; x_wconf 94' lang='lat'>:</span> <span class='ocrx_word' id='word_1_42' title='bbox 1486 816 1552 856; x_wconf 91' lang='lat' dir='ltr'>ac</span> <span class='ocrx_word' id='word_1_43' title='bbox 1586 815 1689 871; x_wconf 88' lang='lat' dir='ltr'>per</span> <span class='ocrx_word' id='word_1_44' title='bbox 1745 797 1856 852; x_wconf 87' lang='lat' dir='ltr'>hoc</span> 
     </span>
    </p>
   </div>
   <div class='ocr_carea' id='block_1_8' title="bbox 233 884 1856 962">
    <p class='ocr_par' dir='ltr' id='par_1_8' title="bbox 233 884 1856 962">
     <span class='ocr_line' id='line_1_8' title="bbox 233 884 1856 962; baseline 0.001 -22"><span class='ocrx_word' id='word_1_45' title='bbox 233 884 546 942; x_wconf 83' lang='lat' dir='ltr'>Antichristi</span> <span class='ocrx_word' id='word_1_46' title='bbox 581 888 773 961; x_wconf 90' lang='lat' dir='ltr'>magis</span> <span class='ocrx_word' id='word_1_47' title='bbox 795 905 1114 962; x_wconf 83' lang='lat' dir='ltr'>synagoga,</span> <span class='ocrx_word' id='word_1_48' title='bbox 1152 906 1328 962; x_wconf 88' lang='lat' dir='ltr'>quam</span> <span class='ocrx_word' id='word_1_49' title='bbox 1351 888 1567 946; x_wconf 83' lang='lat' dir='ltr'>Christi</span> <span class='ocrx_word' id='word_1_50' title='bbox 1601 886 1856 942; x_wconf 60' lang='lat' dir='ltr'>Ecclesia</span> 
     </span>
    </p>
   </div>
   <div class='ocr_carea' id='block_1_9' title="bbox 235 973 804 1048">
    <p class='ocr_par' dir='ltr' id='par_1_9' title="bbox 235 973 804 1048">
     <span class='ocr_line' id='line_1_9' title="bbox 235 973 804 1048; baseline 0.005 -20"><span class='ocrx_word' id='word_1_51' title='bbox 235 973 422 1029; x_wconf 83' lang='lat' dir='ltr'>debeat</span> <span class='ocrx_word' id='word_1_52' title='bbox 453 976 804 1048; x_wconf 89' lang='lat' dir='ltr'>nuncupari.</span> 
     </span>
    </p>
   </div>
   <div class='ocr_carea' id='block_1_10' title="bbox 295 1061 1853 1139">
    <p class='ocr_par' dir='ltr' id='par_1_10' title="bbox 295 1061 1853 1139">
     <span class='ocr_line' id='line_1_10' title="bbox 295 1061 1853 1139; baseline 0.002 -23"><span class='ocrx_word' id='word_1_53' title='bbox 295 1061 342 1118; x_wconf 91' lang='lat'>3.</span> <span class='ocrx_word' id='word_1_54' title='bbox 371 1061 730 1121; x_wconf 84' lang='lat' dir='ltr'>Eucharistia.</span> <span class='ocrx_word' id='word_1_55' title='bbox 765 1097 834 1106; x_wconf 89' lang='lat'>-—</span> <span class='ocrx_word' id='word_1_56' title='bbox 864 1066 924 1122; x_wconf 92' lang='lat'>0.</span> <span class='ocrx_word' id='word_1_57' title='bbox 959 1070 1102 1123; x_wconf 89' lang='lat' dir='ltr'>Ecce</span> <span class='ocrx_word' id='word_1_58' title='bbox 1160 1065 1404 1139; x_wconf 89' lang='lat' dir='ltr'>impleta</span> <span class='ocrx_word' id='word_1_59' title='bbox 1461 1069 1550 1124; x_wconf 91' lang='lat' dir='ltr'>est</span> <span class='ocrx_word' id='word_1_60' title='bbox 1604 1065 1853 1138; x_wconf 88' lang='lat' dir='ltr'>prophe-</span> 
     </span>
    </p>
   </div>
   <div class='ocr_carea' id='block_1_11' title="bbox 235 1151 1851 1228">
    <p class='ocr_par' dir='ltr' id='par_1_11' title="bbox 235 1151 1851 1228">
     <span class='ocr_line' id='line_1_11' title="bbox 235 1151 1851 1228; baseline 0.001 -22"><span class='ocrx_word' id='word_1_61' title='bbox 235 1151 306 1206; x_wconf 89' lang='lat' dir='ltr'>tia</span> <span class='ocrx_word' id='word_1_62' title='bbox 336 1152 590 1209; x_wconf 87' lang='lat' dir='ltr'>:Paravit</span> <span class='ocrx_word' id='word_1_63' title='bbox 619 1153 764 1210; x_wconf 91' lang='lat' dir='ltr'>mihi</span> <span class='ocrx_word' id='word_1_64' title='bbox 795 1154 1102 1223; x_wconf 89' lang='lat' dir='ltr'>foveam,et</span> <span class='ocrx_word' id='word_1_65' title='bbox 1131 1155 1256 1228; x_wconf 88' lang='lat' dir='ltr'>ipse</span> <span class='ocrx_word' id='word_1_66' title='bbox 1290 1155 1497 1211; x_wconf 87' lang='lat' dir='ltr'>incidit</span> <span class='ocrx_word' id='word_1_67' title='bbox 1518 1155 1577 1210; x_wconf 89' lang='lat' dir='ltr'>in</span> <span class='ocrx_word' id='word_1_68' title='bbox 1610 1171 1765 1210; x_wconf 89' lang='lat' dir='ltr'>eam.</span> <span class='ocrx_word' id='word_1_69' title='bbox 1791 1155 1851 1207; x_wconf 91' lang='lat' dir='ltr'>L.</span> 
     </span>
    </p>
   </div>
   <div class='ocr_carea' id='block_1_12' title="bbox 237 1240 1855 1316">
    <p class='ocr_par' dir='ltr' id='par_1_12' title="bbox 237 1240 1855 1316">
     <span class='ocr_line' id='line_1_12' title="bbox 237 1240 1855 1316; baseline 0.001 -21"><span class='ocrx_word' id='word_1_70' title='bbox 237 1240 471 1304; x_wconf 86' lang='lat' dir='ltr'>Quonam</span> <span class='ocrx_word' id='word_1_71' title='bbox 502 1243 819 1300; x_wconf 83' lang='lat' dir='ltr'>modo?0.</span> <span class='ocrx_word' id='word_1_72' title='bbox 864 1243 922 1300; x_wconf 89' lang='lat' dir='ltr'>Si</span> <span class='ocrx_word' id='word_1_73' title='bbox 976 1245 1199 1312; x_wconf 89' lang='lat' dir='ltr'>Ariani,</span> <span class='ocrx_word' id='word_1_74' title='bbox 1254 1248 1319 1300; x_wconf 90' lang='lat' dir='ltr'>ut</span> <span class='ocrx_word' id='word_1_75' title='bbox 1377 1243 1543 1312; x_wconf 91' lang='lat' dir='ltr'>dicis,</span> <span class='ocrx_word' id='word_1_76' title='bbox 1605 1243 1855 1316; x_wconf 87' lang='lat' dir='ltr'>gentiles</span> 
     </span>
    </p>
   </div>
   <div class='ocr_carea' id='block_1_13' title="bbox 235 1332 1856 1396">
    <p class='ocr_par' dir='ltr' id='par_1_13' title="bbox 235 1332 1856 1396">
     <span class='ocr_line' id='line_1_13' title="bbox 235 1332 1856 1396; baseline 0.004 -10"><span class='ocrx_word' id='word_1_77' title='bbox 235 1335 372 1396; x_wconf 87' lang='lat' dir='ltr'>sunt,</span> <span class='ocrx_word' id='word_1_78' title='bbox 407 1334 462 1386; x_wconf 90' lang='lat' dir='ltr'>et</span> <span class='ocrx_word' id='word_1_79' title='bbox 487 1332 836 1388; x_wconf 85' lang='lat' dir='ltr'>Arianorum</span> <span class='ocrx_word' id='word_1_80' title='bbox 869 1333 1274 1389; x_wconf 89' lang='lat' dir='ltr'>conventicula</span> <span class='ocrx_word' id='word_1_81' title='bbox 1301 1337 1493 1390; x_wconf 90' lang='lat' dir='ltr'>castra</span> <span class='ocrx_word' id='word_1_82' title='bbox 1542 1337 1681 1389; x_wconf 90' lang='lat' dir='ltr'>sunt</span> <span class='ocrx_word' id='word_1_83' title='bbox 1736 1336 1856 1393; x_wconf 87' lang='lat' dir='ltr'>dia-</span> 
     </span>
    </p>
   </div>
   <div class='ocr_carea' id='block_1_14' title="bbox 235 1418 1855 1495">
    <p class='ocr_par' dir='ltr' id='par_1_14' title="bbox 235 1418 1855 1495">
     <span class='ocr_line' id='line_1_14' title="bbox 235 1418 1855 1495; baseline 0.005 -21"><span class='ocrx_word' id='word_1_84' title='bbox 235 1418 352 1487; x_wconf 88' lang='lat' dir='ltr'>boli,</span> <span class='ocrx_word' id='word_1_85' title='bbox 376 1421 666 1490; x_wconf 89' lang='lat' dir='ltr'>quomodo</span> <span class='ocrx_word' id='word_1_86' title='bbox 698 1421 756 1476; x_wconf 90' lang='lat' dir='ltr'>in</span> <span class='ocrx_word' id='word_1_87' title='bbox 788 1422 996 1479; x_wconf 86' lang='lat' dir='ltr'>castris</span> <span class='ocrx_word' id='word_1_88' title='bbox 1028 1421 1246 1478; x_wconf 89' lang='lat' dir='ltr'>diaboli</span> <span class='ocrx_word' id='word_1_89' title='bbox 1294 1423 1654 1495; x_wconf 86' lang='lat' dir='ltr'>baptizatum</span> <span class='ocrx_word' id='word_1_90' title='bbox 1714 1426 1855 1482; x_wconf 91' lang='lat' dir='ltr'>reci-</span> 
     </span>
    </p>
   </div>
   <div class='ocr_carea' id='block_1_15' title="bbox 233 1507 1854 1586">
    <p class='ocr_par' dir='ltr' id='par_1_15' title="bbox 233 1507 1854 1586">
     <span class='ocr_line' id='line_1_15' title="bbox 233 1507 1854 1586; baseline 0.006 -26"><span class='ocrx_word' id='word_1_91' title='bbox 233 1507 347 1578; x_wconf 83' lang='lat' dir='ltr'>pis?</span> <span class='ocrx_word' id='word_1_92' title='bbox 371 1509 428 1564; x_wconf 90' lang='lat' dir='ltr'>L.</span> <span class='ocrx_word' id='word_1_93' title='bbox 464 1508 720 1582; x_wconf 84' lang='lat' dir='ltr'>Recipio,</span> <span class='ocrx_word' id='word_1_94' title='bbox 750 1511 850 1566; x_wconf 89' lang='lat' dir='ltr'>sed</span> <span class='ocrx_word' id='word_1_95' title='bbox 883 1511 1283 1583; x_wconf 72' lang='lat' dir='ltr'>pmnitentem.</span> <span class='ocrx_word' id='word_1_96' title='bbox 1319 1512 1376 1567; x_wconf 93' lang='lat'><em>0.</em></span> <span class='ocrx_word' id='word_1_97' title='bbox 1410 1511 1659 1569; x_wconf 89' lang='lat' dir='ltr'>Prorsus</span> <span class='ocrx_word' id='word_1_98' title='bbox 1714 1514 1854 1586; x_wconf 92' lang='lat' dir='ltr'>quid</span> 
     </span>
    </p>
   </div>
   <div class='ocr_carea' id='block_1_16' title="bbox 233 1598 1852 1676">
    <p class='ocr_par' dir='ltr' id='par_1_16' title="bbox 233 1598 1852 1676">
     <span class='ocr_line' id='line_1_16' title="bbox 233 1598 1852 1676; baseline 0.002 -21"><span class='ocrx_word' id='word_1_99' title='bbox 233 1599 392 1668; x_wconf 87' lang='lat' dir='ltr'>dicas,</span> <span class='ocrx_word' id='word_1_100' title='bbox 423 1616 535 1655; x_wconf 89' lang='lat' dir='ltr'>non</span> <span class='ocrx_word' id='word_1_101' title='bbox 569 1598 868 1673; x_wconf 86' lang='lat' dir='ltr'>intelligis.</span> <span class='ocrx_word' id='word_1_102' title='bbox 893 1601 1294 1673; x_wconf 85' lang='lat' dir='ltr'>Quisquamne</span> <span class='ocrx_word' id='word_1_103' title='bbox 1317 1601 1592 1676; x_wconf 86' lang='lat' dir='ltr'>gentilem</span> <span class='ocrx_word' id='word_1_104' title='bbox 1627 1604 1852 1676; x_wconf 89' lang='lat' dir='ltr'>recipit,</span> 
     </span>
    </p>
   </div>
   <div class='ocr_carea' id='block_1_17' title="bbox 229 1688 1850 1764">
    <p class='ocr_par' dir='ltr' id='par_1_17' title="bbox 229 1688 1850 1764">
     <span class='ocr_line' id='line_1_17' title="bbox 229 1688 1850 1764; baseline 0.004 -21"><span class='ocrx_word' id='word_1_105' title='bbox 229 1688 582 1760; x_wconf 73' lang='lat' dir='ltr'>pmnitentem</span> <span class='ocrx_word' id='word_1_106' title='bbox 604 1688 632 1744; x_wconf 74' lang='lat' dir='ltr'>‘l</span> <span class='ocrx_word' id='word_1_107' title='bbox 662 1690 722 1762; x_wconf 70' lang='lat' dir='ltr'>L,</span> <span class='ocrx_word' id='word_1_108' title='bbox 751 1690 869 1763; x_wconf 91' lang='lat' dir='ltr'>Ego</span> <span class='ocrx_word' id='word_1_109' title='bbox 899 1690 1322 1764; x_wconf 88' lang='lat' dir='ltr'>simpliciterin</span> <span class='ocrx_word' id='word_1_110' title='bbox 1353 1693 1587 1748; x_wconf 85' lang='lat' dir='ltr'>exordio</span> <span class='ocrx_word' id='word_1_111' title='bbox 1633 1710 1850 1749; x_wconf 86' lang='lat' dir='ltr'>sermo-</span> 
     </span>
    </p>
   </div>
   <div class='ocr_carea' id='block_1_18' title="bbox 230 1775 1853 1852">
    <p class='ocr_par' dir='ltr' id='par_1_18' title="bbox 230 1775 1853 1852">
     <span class='ocr_line' id='line_1_18' title="bbox 230 1775 1853 1852; baseline 0.004 -21"><span class='ocrx_word' id='word_1_112' title='bbox 230 1775 311 1832; x_wconf 89' lang='lat' dir='ltr'>nis</span> <span class='ocrx_word' id='word_1_113' title='bbox 335 1793 532 1833; x_wconf 89' lang='lat' dir='ltr'>omnes</span> <span class='ocrx_word' id='word_1_114' title='bbox 554 1776 854 1835; x_wconf 77' lang='lat' dir='ltr'>haereticos</span> <span class='ocrx_word' id='word_1_115' title='bbox 883 1779 1128 1852; x_wconf 85' lang='lat' dir='ltr'>gentiles</span> <span class='ocrx_word' id='word_1_116' title='bbox 1141 1796 1269 1836; x_wconf 90' lang='lat' dir='ltr'>esse</span> <span class='ocrx_word' id='word_1_117' title='bbox 1291 1781 1590 1852; x_wconf 88' lang='lat' dir='ltr'>respondi.</span> <span class='ocrx_word' id='word_1_118' title='bbox 1634 1782 1853 1838; x_wconf 92' lang='lat' dir='ltr'>Verum</span> 
     </span>
    </p>
   </div>
   <div class='ocr_carea' id='block_1_19' title="bbox 226 1864 1932 1969">
    <p class='ocr_par' dir='ltr' id='par_1_19' title="bbox 226 1864 1932 1969">
     <span class='ocr_line' id='line_1_19' title="bbox 226 1864 1932 1969; baseline 0.004 -48"><span class='ocrx_word' id='word_1_119' title='bbox 226 1864 664 1969; x_wconf 53' lang='lat' dir='ltr'>quiacaptiosa</span> <span class='ocrx_word' id='word_1_120' title='bbox 731 1868 1107 1940; x_wconf 83' lang='lat' dir='ltr'>interrogatio</span> <span class='ocrx_word' id='word_1_121' title='bbox 1184 1869 1312 1937; x_wconf 88' lang='lat' dir='ltr'>fuit,</span> <span class='ocrx_word' id='word_1_122' title='bbox 1402 1871 1603 1942; x_wconf 60' lang='lat' dir='ltr'>prima;</span> <span class='ocrx_word' id='word_1_123' title='bbox 1692 1889 1932 1969; x_wconf 70' lang='lat' dir='ltr'>quse-B</span> 
     </span>
    </p>
   </div>
   <div class='ocr_carea' id='block_1_20' title="bbox 227 1953 1853 2030">
    <p class='ocr_par' dir='ltr' id='par_1_20' title="bbox 227 1953 1853 2030">
     <span class='ocr_line' id='line_1_20' title="bbox 227 1953 1853 2030; baseline 0.006 -22"><span class='ocrx_word' id='word_1_124' title='bbox 227 1953 412 2012; x_wconf 87' lang='lat' dir='ltr'>stionis</span> <span class='ocrx_word' id='word_1_125' title='bbox 441 1955 546 2012; x_wconf 90' lang='lat' dir='ltr'>tibi</span> <span class='ocrx_word' id='word_1_126' title='bbox 573 1955 831 2030; x_wconf 89' lang='lat' dir='ltr'>palmam</span> <span class='ocrx_word' id='word_1_127' title='bbox 864 1959 1121 2027; x_wconf 87' lang='lat' dir='ltr'>tradens,</span> <span class='ocrx_word' id='word_1_128' title='bbox 1182 1961 1342 2016; x_wconf 75' lang='lat' dir='ltr'>I73</span> <span class='ocrx_word' id='word_1_129' title='bbox 1408 1961 1480 2016; x_wconf 92' lang='lat' dir='ltr'>ad</span> <span class='ocrx_word' id='word_1_130' title='bbox 1533 1962 1853 2018; x_wconf 90' lang='lat' dir='ltr'>secundam</span> 
     </span>
    </p>
   </div>
   <div class='ocr_carea' id='block_1_21' title="bbox 231 2045 1852 2119">
    <p class='ocr_par' dir='ltr' id='par_1_21' title="bbox 231 2045 1852 2119">
     <span class='ocr_line' id='line_1_21' title="bbox 231 2045 1852 2119; baseline 0.006 -21"><span class='ocrx_word' id='word_1_131' title='bbox 231 2045 436 2100; x_wconf 82' lang='lat' dir='ltr'>veniam</span> <span class='ocrx_word' id='word_1_132' title='bbox 467 2046 527 2101; x_wconf 91' lang='lat' dir='ltr'>in</span> <span class='ocrx_word' id='word_1_133' title='bbox 559 2063 676 2119; x_wconf 88' lang='lat' dir='ltr'>qua</span> <span class='ocrx_word' id='word_1_134' title='bbox 705 2047 797 2105; x_wconf 88' lang='lat' dir='ltr'>aio</span> <span class='ocrx_word' id='word_1_135' title='bbox 835 2047 1048 2104; x_wconf 91' lang='lat' dir='ltr'>laicum</span> <span class='ocrx_word' id='word_1_136' title='bbox 1101 2049 1172 2104; x_wconf 89' lang='lat' dir='ltr'>ab</span> <span class='ocrx_word' id='word_1_137' title='bbox 1230 2050 1467 2108; x_wconf 86' lang='lat' dir='ltr'>Arianis</span> <span class='ocrx_word' id='word_1_138' title='bbox 1524 2052 1852 2107; x_wconf 86' lang='lat' dir='ltr'>venientem</span> 
     </span>
    </p>
   </div>
   <div class='ocr_carea' id='block_1_22' title="bbox 227 2133 1856 2208">
    <p class='ocr_par' dir='ltr' id='par_1_22' title="bbox 227 2133 1856 2208">
     <span class='ocr_line' id='line_1_22' title="bbox 227 2133 1856 2208; baseline 0.006 -21"><span class='ocrx_word' id='word_1_139' title='bbox 227 2133 384 2207; x_wconf 89' lang='lat' dir='ltr'>recipi</span> <span class='ocrx_word' id='word_1_140' title='bbox 412 2135 623 2192; x_wconf 89' lang='lat' dir='ltr'>debere</span> <span class='ocrx_word' id='word_1_141' title='bbox 652 2137 1052 2208; x_wconf 76' lang='lat' dir='ltr'>poenitentem,</span> <span class='ocrx_word' id='word_1_142' title='bbox 1083 2137 1358 2194; x_wconf 86' lang='lat' dir='ltr'>clericum</span> <span class='ocrx_word' id='word_1_143' title='bbox 1397 2157 1530 2196; x_wconf 90' lang='lat' dir='ltr'>vero</span> <span class='ocrx_word' id='word_1_144' title='bbox 1587 2157 1702 2195; x_wconf 90' lang='lat' dir='ltr'>non</span> <span class='ocrx_word' id='word_1_145' title='bbox 1761 2141 1856 2196; x_wconf 88' lang='lat' dir='ltr'>de-</span> 
     </span>
    </p>
   </div>
   <div class='ocr_carea' id='block_1_23' title="bbox 224 2221 1856 2301">
    <p class='ocr_par' dir='ltr' id='par_1_23' title="bbox 224 2221 1856 2301">
     <span class='ocr_line' id='line_1_23' title="bbox 224 2221 1856 2301; baseline 0.005 -23"><span class='ocrx_word' id='word_1_146' title='bbox 224 2221 363 2279; x_wconf 90' lang='lat' dir='ltr'>bere.</span> <span class='ocrx_word' id='word_1_147' title='bbox 397 2224 454 2280; x_wconf 92' lang='lat'>0.</span> <span class='ocrx_word' id='word_1_148' title='bbox 487 2225 666 2298; x_wconf 85' lang='lat' dir='ltr'>Atqui</span> <span class='ocrx_word' id='word_1_149' title='bbox 697 2226 756 2282; x_wconf 91' lang='lat' dir='ltr'>in</span> <span class='ocrx_word' id='word_1_150' title='bbox 779 2227 1309 2300; x_wconf 65' lang='lat' dir='ltr'>primaquzestione</span> <span class='ocrx_word' id='word_1_151' title='bbox 1327 2245 1505 2301; x_wconf 91' lang='lat' dir='ltr'>quam</span> <span class='ocrx_word' id='word_1_152' title='bbox 1531 2229 1856 2286; x_wconf 87' lang='lat' dir='ltr'>obtinuisse</span> 
     </span>
    </p>
   </div>
   <div class='ocr_carea' id='block_1_24' title="bbox 224 2311 1852 2390">
    <p class='ocr_par' dir='ltr' id='par_1_24' title="bbox 224 2311 1852 2390">
     <span class='ocr_line' id='line_1_24' title="bbox 224 2311 1852 2390; baseline 0.007 -26"><span class='ocrx_word' id='word_1_153' title='bbox 224 2324 307 2365; x_wconf 87' lang='lat' dir='ltr'>me</span> <span class='ocrx_word' id='word_1_154' title='bbox 334 2311 497 2380; x_wconf 90' lang='lat' dir='ltr'>dicis,</span> <span class='ocrx_word' id='word_1_155' title='bbox 532 2314 708 2370; x_wconf 89' lang='lat' dir='ltr'>etiam</span> <span class='ocrx_word' id='word_1_156' title='bbox 739 2316 1058 2372; x_wconf 90' lang='lat' dir='ltr'>secundam</span> <span class='ocrx_word' id='word_1_157' title='bbox 1117 2317 1366 2373; x_wconf 90' lang='lat' dir='ltr'>obtinui.</span> <span class='ocrx_word' id='word_1_158' title='bbox 1419 2319 1476 2374; x_wconf 91' lang='lat' dir='ltr'>L.</span> <span class='ocrx_word' id='word_1_159' title='bbox 1535 2323 1682 2374; x_wconf 92' lang='lat' dir='ltr'>Doce</span> <span class='ocrx_word' id='word_1_160' title='bbox 1712 2336 1852 2390; x_wconf 86' lang='lat' dir='ltr'>quo-</span> 
     </span>
    </p>
   </div>
   <div class='ocr_carea' id='block_1_25' title="bbox 223 2389 1854 2464">
    <p class='ocr_par' dir='ltr' id='par_1_25' title="bbox 223 2389 1854 2464">
     <span class='ocr_line' id='line_1_25' title="bbox 223 2389 1854 2464; baseline 0.006 -9"><span class='ocrx_word' id='word_1_161' title='bbox 223 2401 383 2457; x_wconf 86' lang='lat' dir='ltr'>modo</span> <span class='ocrx_word' id='word_1_162' title='bbox 408 2402 754 2460; x_wconf 88' lang='lat' dir='ltr'>obtinueris.</span> <span class='ocrx_word' id='word_1_163' title='bbox 799 2404 860 2461; x_wconf 92' lang='lat'>0.</span> <span class='ocrx_word' id='word_1_164' title='bbox 920 2405 1122 2462; x_wconf 89' lang='lat' dir='ltr'>Nescis</span> <span class='ocrx_word' id='word_1_165' title='bbox 1143 2410 1201 2462; x_wconf 92' lang='lat' dir='ltr'>et</span> <span class='ocrx_word' id='word_1_166' title='bbox 1258 2405 1442 2462; x_wconf 90' lang='lat' dir='ltr'>laicos</span> <span class='ocrx_word' id='word_1_167' title='bbox 1500 2410 1558 2463; x_wconf 89' lang='lat' dir='ltr'>et</span> <span class='ocrx_word' id='word_1_168' title='bbox 1612 2389 1854 2464; x_wconf 74' lang='lat' dir='ltr'>clericos</span> 
     </span>
    </p>
   </div>
   <div class='ocr_carea' id='block_1_26' title="bbox 223 2491 1854 2568">
    <p class='ocr_par' dir='ltr' id='par_1_26' title="bbox 223 2491 1854 2568">
     <span class='ocr_line' id='line_1_26' title="bbox 223 2491 1854 2568; baseline 0.004 -23"><span class='ocrx_word' id='word_1_169' title='bbox 223 2505 392 2547; x_wconf 89' lang='lat' dir='ltr'>unum</span> <span class='ocrx_word' id='word_1_170' title='bbox 419 2491 634 2548; x_wconf 91' lang='lat' dir='ltr'>habere</span> <span class='ocrx_word' id='word_1_171' title='bbox 653 2491 1085 2556; x_wconf 87' lang='lat' dir='ltr'>Christum,nec</span> <span class='ocrx_word' id='word_1_172' title='bbox 1113 2493 1298 2550; x_wconf 89' lang='lat' dir='ltr'>alium</span> <span class='ocrx_word' id='word_1_173' title='bbox 1335 2494 1854 2568; x_wconf 84' lang='lat' dir='ltr'>neophytis,alium</span> 
     </span>
    </p>
   </div>
   <div class='ocr_carea' id='block_1_27' title="bbox 219 2579 1854 2657">
    <p class='ocr_par' dir='ltr' id='par_1_27' title="bbox 219 2579 1854 2657">
     <span class='ocr_line' id='line_1_27' title="bbox 219 2579 1854 2657; baseline 0.005 -24"><span class='ocrx_word' id='word_1_174' title='bbox 219 2579 487 2654; x_wconf 89' lang='lat' dir='ltr'>episcopis</span> <span class='ocrx_word' id='word_1_175' title='bbox 528 2597 658 2638; x_wconf 90' lang='lat' dir='ltr'>esse</span> <span class='ocrx_word' id='word_1_176' title='bbox 675 2583 906 2647; x_wconf 84' lang='lat' dir='ltr'>Deum?</span> <span class='ocrx_word' id='word_1_177' title='bbox 931 2583 1048 2639; x_wconf 91' lang='lat' dir='ltr'>Cur</span> <span class='ocrx_word' id='word_1_178' title='bbox 1077 2599 1213 2657; x_wconf 91' lang='lat' dir='ltr'>ergo</span> <span class='ocrx_word' id='word_1_179' title='bbox 1254 2601 1370 2640; x_wconf 90' lang='lat' dir='ltr'>non</span> <span class='ocrx_word' id='word_1_180' title='bbox 1441 2584 1681 2657; x_wconf 86' lang='lat' dir='ltr'>recipiat</span> <span class='ocrx_word' id='word_1_181' title='bbox 1742 2585 1854 2641; x_wconf 86' lang='lat' dir='ltr'>cle-</span> 
     </span>
    </p>
   </div>
   <div class='ocr_carea' id='block_1_28' title="bbox 219 2669 1859 2746">
    <p class='ocr_par' dir='ltr' id='par_1_28' title="bbox 219 2669 1859 2746">
     <span class='ocr_line' id='line_1_28' title="bbox 219 2669 1859 2746; baseline 0.005 -24"><span class='ocrx_word' id='word_1_182' title='bbox 219 2669 484 2743; x_wconf 90' lang='lat' dir='ltr'>ricos,qui</span> <span class='ocrx_word' id='word_1_183' title='bbox 518 2671 726 2744; x_wconf 88' lang='lat' dir='ltr'>recipit</span> <span class='ocrx_word' id='word_1_184' title='bbox 780 2671 960 2728; x_wconf 87' lang='lat' dir='ltr'>laicos</span> <span class='ocrx_word' id='word_1_185' title='bbox 1017 2673 1410 2746; x_wconf 84' lang='lat' dir='ltr'>poenitentes?</span> <span class='ocrx_word' id='word_1_186' title='bbox 1466 2675 1528 2728; x_wconf 94' lang='lat' dir='ltr'>L.</span> <span class='ocrx_word' id='word_1_187' title='bbox 1586 2674 1708 2730; x_wconf 89' lang='lat' dir='ltr'>Non</span> <span class='ocrx_word' id='word_1_188' title='bbox 1769 2679 1859 2731; x_wconf 88' lang='lat' dir='ltr'>est</span> 
     </span>
    </p>
   </div>
   <div class='ocr_carea' id='block_1_29' title="bbox 221 2753 1858 2837">
    <p class='ocr_par' dir='ltr' id='par_1_29' title="bbox 221 2753 1858 2837">
     <span class='ocr_line' id='line_1_29' title="bbox 221 2753 1858 2837; baseline 0.007 -26"><span class='ocrx_word' id='word_1_189' title='bbox 221 2755 401 2829; x_wconf 90' lang='lat' dir='ltr'>ipsum</span> <span class='ocrx_word' id='word_1_190' title='bbox 431 2759 723 2834; x_wconf 76' lang='lat' dir='ltr'>lacrymas</span> <span class='ocrx_word' id='word_1_191' title='bbox 754 2759 1033 2818; x_wconf 70' lang='lat' dir='ltr'>fundere1</span> <span class='ocrx_word' id='word_1_192' title='bbox 1067 2778 1171 2834; x_wconf 91' lang='lat' dir='ltr'>pro</span> <span class='ocrx_word' id='word_1_193' title='bbox 1213 2753 1484 2834; x_wconf 83' lang='lat' dir='ltr'>peccatis,</span> <span class='ocrx_word' id='word_1_194' title='bbox 1546 2768 1603 2819; x_wconf 90' lang='lat' dir='ltr'>et</span> <span class='ocrx_word' id='word_1_195' title='bbox 1644 2781 1858 2837; x_wconf 88' lang='lat' dir='ltr'>corpus</span> 
     </span>
    </p>
   </div>
   <div class='ocr_carea' id='block_1_30' title="bbox 223 2848 1860 2927">
    <p class='ocr_par' dir='ltr' id='par_1_30' title="bbox 223 2848 1860 2927">
     <span class='ocr_line' id='line_1_30' title="bbox 223 2848 1860 2927; baseline 0.006 -27"><span class='ocrx_word' id='word_1_196' title='bbox 223 2849 520 2905; x_wconf 88' lang='lat' dir='ltr'>attrectare</span> <span class='ocrx_word' id='word_1_197' title='bbox 552 2848 822 2919; x_wconf 88' lang='lat' dir='ltr'>Domini;</span> <span class='ocrx_word' id='word_1_198' title='bbox 858 2866 971 2906; x_wconf 90' lang='lat' dir='ltr'>non</span> <span class='ocrx_word' id='word_1_199' title='bbox 1001 2851 1302 2923; x_wconf 89' lang='lat' dir='ltr'>estipsum</span> <span class='ocrx_word' id='word_1_200' title='bbox 1339 2852 1411 2907; x_wconf 93' lang='lat' dir='ltr'>ad</span> <span class='ocrx_word' id='word_1_201' title='bbox 1472 2851 1720 2909; x_wconf 87' lang='lat' dir='ltr'>fratrum</span> <span class='ocrx_word' id='word_1_202' title='bbox 1767 2869 1860 2927; x_wconf 90' lang='lat' dir='ltr'>ge-</span> 
     </span>
    </p>
   </div>
   <div class='ocr_carea' id='block_1_31' title="bbox 225 2937 1858 3008">
    <p class='ocr_par' dir='ltr' id='par_1_31' title="bbox 225 2937 1858 3008">
     <span class='ocr_line' id='line_1_31' title="bbox 225 2937 1858 3008; baseline 0.006 -20"><span class='ocrx_word' id='word_1_203' title='bbox 225 2951 331 2991; x_wconf 87' lang='lat' dir='ltr'>nua</span> <span class='ocrx_word' id='word_1_204' title='bbox 359 2937 643 3008; x_wconf 89' lang='lat' dir='ltr'>provolvi,</span> <span class='ocrx_word' id='word_1_205' title='bbox 675 2941 732 2994; x_wconf 95' lang='lat' dir='ltr'>et</span> <span class='ocrx_word' id='word_1_206' title='bbox 761 2938 832 2994; x_wconf 92' lang='lat' dir='ltr'>de</span> <span class='ocrx_word' id='word_1_207' title='bbox 860 2937 1100 2995; x_wconf 88' lang='lat' dir='ltr'>sublimi</span> <span class='ocrx_word' id='word_1_208' title='bbox 1131 2940 1255 2996; x_wconf 92' lang='lat' dir='ltr'>loco</span> <span class='ocrx_word' id='word_1_209' title='bbox 1284 2940 1714 2997; x_wconf 86' lang='lat' dir='ltr'>Eucharistiam</span> <span class='ocrx_word' id='word_1_210' title='bbox 1747 2942 1858 2998; x_wconf 91' lang='lat' dir='ltr'>mi-</span> 
     </span>
    </p>
   </div>
   <div class='ocr_carea' id='block_1_32' title="bbox 222 3025 1858 3101">
    <p class='ocr_par' dir='ltr' id='par_1_32' title="bbox 222 3025 1858 3101">
     <span class='ocr_line' id='line_1_32' title="bbox 222 3025 1858 3101; baseline 0.004 -22"><span class='ocrx_word' id='word_1_211' title='bbox 222 3025 457 3082; x_wconf 87' lang='lat' dir='ltr'>nistrare</span> <span class='ocrx_word' id='word_1_212' title='bbox 487 3025 727 3099; x_wconf 91' lang='lat' dir='ltr'>populo.</span> <span class='ocrx_word' id='word_1_213' title='bbox 757 3026 931 3083; x_wconf 87' lang='lat' dir='ltr'>Aliud</span> <span class='ocrx_word' id='word_1_214' title='bbox 961 3031 1050 3084; x_wconf 90' lang='lat' dir='ltr'>est</span> <span class='ocrx_word' id='word_1_215' title='bbox 1072 3027 1270 3101; x_wconf 89' lang='lat' dir='ltr'>lugere</span> <span class='ocrx_word' id='word_1_216' title='bbox 1299 3031 1454 3101; x_wconf 91' lang='lat' dir='ltr'>quod</span> <span class='ocrx_word' id='word_1_217' title='bbox 1480 3030 1678 3099; x_wconf 89' lang='lat' dir='ltr'>fueris,</span> <span class='ocrx_word' id='word_1_218' title='bbox 1701 3031 1858 3088; x_wconf 90' lang='lat' dir='ltr'>aliud</span> 
     </span>
    </p>
   </div>
   <div class='ocr_carea' id='block_1_33' title="bbox 223 3113 1858 3192">
    <p class='ocr_par' dir='ltr' id='par_1_33' title="bbox 223 3113 1858 3192">
     <span class='ocr_line' id='line_1_33' title="bbox 223 3113 1858 3192; baseline 0.006 -24"><span class='ocrx_word' id='word_1_219' title='bbox 223 3113 471 3187; x_wconf 87' lang='lat' dir='ltr'>neglecto</span> <span class='ocrx_word' id='word_1_220' title='bbox 504 3120 763 3189; x_wconf 89' lang='lat' dir='ltr'>peccato,</span> <span class='ocrx_word' id='word_1_221' title='bbox 790 3116 849 3172; x_wconf 90' lang='lat' dir='ltr'>in</span> <span class='ocrx_word' id='word_1_222' title='bbox 879 3116 1138 3174; x_wconf 90' lang='lat' dir='ltr'>Ecclesia</span> <span class='ocrx_word' id='word_1_223' title='bbox 1162 3117 1351 3174; x_wconf 91' lang='lat' dir='ltr'>vivere</span> <span class='ocrx_word' id='word_1_224' title='bbox 1371 3119 1712 3192; x_wconf 91' lang='lat' dir='ltr'>gloriosum.</span> <span class='ocrx_word' id='word_1_225' title='bbox 1773 3122 1858 3177; x_wconf 90' lang='lat' dir='ltr'>Tu</span> 
     </span>
    </p>
   </div>
   <div class='ocr_carea' id='block_1_34' title="bbox 223 3203 1852 3280">
    <p class='ocr_par' dir='ltr' id='par_1_34' title="bbox 223 3203 1852 3280">
     <span class='ocr_line' id='line_1_34' title="bbox 223 3203 1852 3280; baseline 0.006 -23"><span class='ocrx_word' id='word_1_226' title='bbox 223 3203 312 3273; x_wconf 91' lang='lat' dir='ltr'>qui</span> <span class='ocrx_word' id='word_1_227' title='bbox 344 3203 622 3262; x_wconf 87' lang='lat' dir='ltr'>hesterno</span> <span class='ocrx_word' id='word_1_228' title='bbox 654 3205 745 3262; x_wconf 92' lang='lat' dir='ltr'>die</span> <span class='ocrx_word' id='word_1_229' title='bbox 778 3205 1098 3280; x_wconf 91' lang='lat' dir='ltr'>sacrilegus</span> <span class='ocrx_word' id='word_1_230' title='bbox 1129 3212 1457 3264; x_wconf 87' lang='lat' dir='ltr'>creaturam</span> <span class='ocrx_word' id='word_1_231' title='bbox 1497 3209 1596 3266; x_wconf 91' lang='lat' dir='ltr'>Dei</span> <span class='ocrx_word' id='word_1_232' title='bbox 1644 3209 1852 3267; x_wconf 88' lang='lat' dir='ltr'>Filium</span> 
     </span>
    </p>
   </div>
   <div class='ocr_carea' id='block_1_35' title="bbox 1966 613 3626 688">
    <p class='ocr_par' dir='ltr' id='par_1_35' title="bbox 1966 613 3626 688">
     <span class='ocr_line' id='line_1_35' title="bbox 1966 613 3626 688; baseline 0.006 -16"><span class='ocrx_word' id='word_1_233' title='bbox 1966 616 2142 672; x_wconf 87' lang='lat' dir='ltr'>aliam</span> <span class='ocrx_word' id='word_1_234' title='bbox 2177 613 2330 683; x_wconf 88' lang='lat' dir='ltr'>laici,</span> <span class='ocrx_word' id='word_1_235' title='bbox 2362 616 2433 672; x_wconf 89' lang='lat' dir='ltr'>ad</span> <span class='ocrx_word' id='word_1_236' title='bbox 2457 617 2869 688; x_wconf 89' lang='lat' dir='ltr'>compendium</span> <span class='ocrx_word' id='word_1_237' title='bbox 2922 618 3393 687; x_wconf 87' lang='lat' dir='ltr'>concertationis,</span> <span class='ocrx_word' id='word_1_238' title='bbox 3429 624 3626 682; x_wconf 88' lang='lat' dir='ltr'>tribuo</span> 
     </span>
    </p>
   </div>
   <div class='ocr_carea' id='block_1_36' title="bbox 1967 704 3624 782">
    <p class='ocr_par' dir='ltr' id='par_1_36' title="bbox 1967 704 3624 782">
     <span class='ocr_line' id='line_1_36' title="bbox 1967 704 3624 782; baseline 0.005 -21"><span class='ocrx_word' id='word_1_239' title='bbox 1967 707 2121 778; x_wconf 89' lang='lat' dir='ltr'>quod</span> <span class='ocrx_word' id='word_1_240' title='bbox 2161 704 2467 778; x_wconf 88' lang='lat' dir='ltr'>postulas:</span> <span class='ocrx_word' id='word_1_241' title='bbox 2503 722 2608 761; x_wconf 90' lang='lat' dir='ltr'>nec</span> <span class='ocrx_word' id='word_1_242' title='bbox 2636 722 2728 762; x_wconf 89' lang='lat' dir='ltr'>me</span> <span class='ocrx_word' id='word_1_243' title='bbox 2760 705 2982 779; x_wconf 84' lang='lat' dir='ltr'>pigebit</span> <span class='ocrx_word' id='word_1_244' title='bbox 3011 706 3208 762; x_wconf 92' lang='lat' dir='ltr'>locum</span> <span class='ocrx_word' id='word_1_245' title='bbox 3249 711 3303 764; x_wconf 89' lang='lat' dir='ltr'>te</span> <span class='ocrx_word' id='word_1_246' title='bbox 3353 710 3624 782; x_wconf 87' lang='lat' dir='ltr'>faciente,</span> 
     </span>
    </p>
   </div>
   <div class='ocr_carea' id='block_1_37' title="bbox 1967 797 3628 871">
    <p class='ocr_par' dir='ltr' id='par_1_37' title="bbox 1967 797 3628 871">
     <span class='ocr_line' id='line_1_37' title="bbox 1967 797 3628 871; baseline 0.004 -20"><span class='ocrx_word' id='word_1_247' title='bbox 1967 811 2210 851; x_wconf 89' lang='lat' dir='ltr'>manum</span> <span class='ocrx_word' id='word_1_248' title='bbox 2242 798 2434 849; x_wconf 88' lang='lat' dir='ltr'>tecum</span> <span class='ocrx_word' id='word_1_249' title='bbox 2470 811 2794 850; x_wconf 81' lang='lat' dir='ltr'>conserere.</span> <span class='ocrx_word' id='word_1_250' title='bbox 2831 797 3062 868; x_wconf 82' lang='lat' dir='ltr'>Expone</span> <span class='ocrx_word' id='word_1_251' title='bbox 3088 797 3259 865; x_wconf 88' lang='lat' dir='ltr'>mihi,</span> <span class='ocrx_word' id='word_1_252' title='bbox 3303 815 3483 871; x_wconf 89' lang='lat' dir='ltr'>quare</span> <span class='ocrx_word' id='word_1_253' title='bbox 3516 801 3628 858; x_wconf 90' lang='lat' dir='ltr'>lai-</span> 
     </span>
    </p>
   </div>
   <div class='ocr_carea' id='block_1_38' title="bbox 1967 883 3628 960">
    <p class='ocr_par' dir='ltr' id='par_1_38' title="bbox 1967 883 3628 960">
     <span class='ocr_line' id='line_1_38' title="bbox 1967 883 3628 960; baseline 0.004 -20"><span class='ocrx_word' id='word_1_254' title='bbox 1967 901 2100 940; x_wconf 89' lang='lat' dir='ltr'>eum</span> <span class='ocrx_word' id='word_1_255' title='bbox 2123 883 2448 939; x_wconf 71' lang='lat' dir='ltr'>venientem</span> <span class='ocrx_word' id='word_1_256' title='bbox 2483 885 2555 938; x_wconf 87' lang='lat' dir='ltr'>ab</span> <span class='ocrx_word' id='word_1_257' title='bbox 2581 883 2808 940; x_wconf 65' lang='lat' dir='ltr'>Arianis</span> <span class='ocrx_word' id='word_1_258' title='bbox 2838 885 3109 956; x_wconf 88' lang='lat' dir='ltr'>recipias,</span> <span class='ocrx_word' id='word_1_259' title='bbox 3136 885 3480 960; x_wconf 88' lang='lat' dir='ltr'>episcopum</span> <span class='ocrx_word' id='word_1_260' title='bbox 3512 907 3628 948; x_wconf 90' lang='lat' dir='ltr'>non</span> 
     </span>
    </p>
   </div>
   <div class='ocr_carea' id='block_1_39' title="bbox 1969 971 3626 1046">
    <p class='ocr_par' dir='ltr' id='par_1_39' title="bbox 1969 971 3626 1046">
     <span class='ocr_line' id='line_1_39' title="bbox 1969 971 3626 1046; baseline 0.005 -18"><span class='ocrx_word' id='word_1_261' title='bbox 1969 973 2216 1045; x_wconf 88' lang='lat' dir='ltr'>recipias</span> <span class='ocrx_word' id='word_1_262' title='bbox 2239 972 2266 1026; x_wconf 71' lang='grc' dir='ltr'>ἱ)</span> <span class='ocrx_word' id='word_1_263' title='bbox 2293 973 2350 1027; x_wconf 83' lang='grc' dir='ltr'>ι.</span> <span class='ocrx_word' id='word_1_264' title='bbox 2387 972 2618 1044; x_wconf 78' lang='lat' dir='ltr'>Rccipio</span> <span class='ocrx_word' id='word_1_265' title='bbox 2649 971 2885 1042; x_wconf 90' lang='lat' dir='ltr'>laicum,</span> <span class='ocrx_word' id='word_1_266' title='bbox 2908 974 3006 1046; x_wconf 88' lang='lat' dir='ltr'>qui</span> <span class='ocrx_word' id='word_1_267' title='bbox 3041 991 3268 1032; x_wconf 87' lang='lat' dir='ltr'>errasse</span> <span class='ocrx_word' id='word_1_268' title='bbox 3320 993 3382 1033; x_wconf 90' lang='lat' dir='ltr'>se</span> <span class='ocrx_word' id='word_1_269' title='bbox 3442 980 3626 1035; x_wconf 86' lang='lat' dir='ltr'>conﬁ-</span> 
     </span>
    </p>
   </div>
   <div class='ocr_carea' id='block_1_40' title="bbox 1967 1061 3622 1138">
    <p class='ocr_par' dir='ltr' id='par_1_40' title="bbox 1967 1061 3622 1138">
     <span class='ocr_line' id='line_1_40' title="bbox 1967 1061 3622 1138; baseline 0.004 -21"><span class='ocrx_word' id='word_1_270' title='bbox 1967 1067 2160 1129; x_wconf 89' lang='lat' dir='ltr'>tetur;</span> <span class='ocrx_word' id='word_1_271' title='bbox 2190 1065 2248 1116; x_wconf 90' lang='lat' dir='ltr'>et</span> <span class='ocrx_word' id='word_1_272' title='bbox 2277 1061 2560 1116; x_wconf 89' lang='lat' dir='ltr'>Dominus</span> <span class='ocrx_word' id='word_1_273' title='bbox 2585 1061 2806 1116; x_wconf 89' lang='lat' dir='ltr'>mavult</span> <span class='ocrx_word' id='word_1_274' title='bbox 2836 1063 3240 1134; x_wconf 75' lang='lat' dir='ltr'>paenitentiam</span> <span class='ocrx_word' id='word_1_275' title='bbox 3275 1068 3622 1138; x_wconf 87' lang='lat' dir='ltr'>peccatoris,</span> 
     </span>
    </p>
   </div>
   <div class='ocr_carea' id='block_1_41' title="bbox 1965 1149 3624 1230">
    <p class='ocr_par' dir='ltr' id='par_1_41' title="bbox 1965 1149 3624 1230">
     <span class='ocr_line' id='line_1_41' title="bbox 1965 1149 3624 1230; baseline 0.004 -24"><span class='ocrx_word' id='word_1_276' title='bbox 1965 1167 2144 1222; x_wconf 90' lang='lat' dir='ltr'>quam</span> <span class='ocrx_word' id='word_1_277' title='bbox 2179 1154 2447 1205; x_wconf 85' lang='lat' dir='ltr'>mortem.</span> <span class='ocrx_word' id='word_1_278' title='bbox 2484 1151 2543 1204; x_wconf 92' lang='lat'>0.</span> <span class='ocrx_word' id='word_1_279' title='bbox 2582 1149 2790 1223; x_wconf 70' lang='lat' dir='ltr'>Recipe</span> <span class='ocrx_word' id='word_1_280' title='bbox 2821 1167 2957 1223; x_wconf 86' lang='lat' dir='ltr'>ergo</span> <span class='ocrx_word' id='word_1_281' title='bbox 2988 1157 3046 1208; x_wconf 88' lang='lat' dir='ltr'>et</span> <span class='ocrx_word' id='word_1_282' title='bbox 3086 1154 3428 1227; x_wconf 87' lang='lat' dir='ltr'>episcOpum</span> <span class='ocrx_word' id='word_1_283' title='bbox 3445 1158 3487 1224; x_wconf 77' lang='grc'>⁸,</span> <span class='ocrx_word' id='word_1_284' title='bbox 3522 1158 3624 1230; x_wconf 90' lang='lat' dir='ltr'>qui</span> 
     </span>
    </p>
   </div>
   <div class='ocr_carea' id='block_1_42' title="bbox 1965 1240 3622 1318">
    <p class='ocr_par' dir='ltr' id='par_1_42' title="bbox 1965 1240 3622 1318">
     <span class='ocr_line' id='line_1_42' title="bbox 1965 1240 3622 1318; baseline 0.005 -24"><span class='ocrx_word' id='word_1_285' title='bbox 1965 1243 2021 1294; x_wconf 93' lang='lat' dir='ltr'>et</span> <span class='ocrx_word' id='word_1_286' title='bbox 2052 1255 2279 1295; x_wconf 87' lang='lat' dir='ltr'>errasse</span> <span class='ocrx_word' id='word_1_287' title='bbox 2309 1255 2370 1294; x_wconf 92' lang='lat' dir='ltr'>se</span> <span class='ocrx_word' id='word_1_288' title='bbox 2400 1241 2788 1309; x_wconf 82' lang='lat' dir='ltr'>contitetnr,et</span> <span class='ocrx_word' id='word_1_289' title='bbox 2817 1240 3103 1299; x_wconf 87' lang='lat' dir='ltr'>Dominus</span> <span class='ocrx_word' id='word_1_290' title='bbox 3164 1245 3385 1300; x_wconf 87' lang='lat' dir='ltr'>mavult</span> <span class='ocrx_word' id='word_1_291' title='bbox 3426 1247 3622 1318; x_wconf 87' lang='lat' dir='ltr'>poeni-</span> 
     </span>
    </p>
   </div>
   <div class='ocr_carea' id='block_1_43' title="bbox 1965 1328 3624 1400">
    <p class='ocr_par' dir='ltr' id='par_1_43' title="bbox 1965 1328 3624 1400">
     <span class='ocr_line' id='line_1_43' title="bbox 1965 1328 3624 1400; baseline 0.005 -17"><span class='ocrx_word' id='word_1_292' title='bbox 1965 1328 2206 1384; x_wconf 86' lang='lat' dir='ltr'>tentiam</span> <span class='ocrx_word' id='word_1_293' title='bbox 2238 1328 2578 1400; x_wconf 89' lang='lat' dir='ltr'>peccatoris,</span> <span class='ocrx_word' id='word_1_294' title='bbox 2614 1346 2794 1400; x_wconf 91' lang='lat' dir='ltr'>quam</span> <span class='ocrx_word' id='word_1_295' title='bbox 2845 1335 3116 1388; x_wconf 73' lang='lat' dir='ltr'>mortem.</span> <span class='ocrx_word' id='word_1_296' title='bbox 3172 1334 3230 1388; x_wconf 90' lang='lat' dir='ltr'>L.</span> <span class='ocrx_word' id='word_1_297' title='bbox 3283 1333 3342 1389; x_wconf 90' lang='lat' dir='ltr'>Si</span> <span class='ocrx_word' id='word_1_298' title='bbox 3391 1351 3624 1393; x_wconf 89' lang='lat' dir='ltr'>errasse</span> 
     </span>
    </p>
   </div>
   <div class='ocr_carea' id='block_1_44' title="bbox 1965 1417 3624 1492">
    <p class='ocr_par' dir='ltr' id='par_1_44' title="bbox 1965 1417 3624 1492">
     <span class='ocr_line' id='line_1_44' title="bbox 1965 1417 3624 1492; baseline 0.004 -18"><span class='ocrx_word' id='word_1_299' title='bbox 1965 1434 2028 1474; x_wconf 90' lang='lat' dir='ltr'>se</span> <span class='ocrx_word' id='word_1_300' title='bbox 2057 1417 2392 1481; x_wconf 83' lang='lat' dir='ltr'>conﬁtetur,</span> <span class='ocrx_word' id='word_1_301' title='bbox 2431 1420 2585 1473; x_wconf 74' lang='lat' dir='ltr'>I14</span> <span class='ocrx_word' id='word_1_302' title='bbox 2618 1435 2722 1473; x_wconf 92' lang='lat' dir='ltr'>cur</span> <span class='ocrx_word' id='word_1_303' title='bbox 2741 1419 3052 1491; x_wconf 90' lang='lat' dir='ltr'>episcopus</span> <span class='ocrx_word' id='word_1_304' title='bbox 3085 1425 3464 1492; x_wconf 86' lang='lat' dir='ltr'>perseverat?</span> <span class='ocrx_word' id='word_1_305' title='bbox 3518 1427 3624 1481; x_wconf 87' lang='lat' dir='ltr'>de-</span> 
     </span>
    </p>
   </div>
   <div class='ocr_carea' id='block_1_45' title="bbox 1964 1506 3622 1584">
    <p class='ocr_par' dir='ltr' id='par_1_45' title="bbox 1964 1506 3622 1584">
     <span class='ocr_line' id='line_1_45' title="bbox 1964 1506 3622 1584; baseline 0.005 -22"><span class='ocrx_word' id='word_1_306' title='bbox 1964 1510 2141 1579; x_wconf 89' lang='lat' dir='ltr'>ponat</span> <span class='ocrx_word' id='word_1_307' title='bbox 2173 1506 2587 1576; x_wconf 85' lang='lat' dir='ltr'>sacerdotium,</span> <span class='ocrx_word' id='word_1_308' title='bbox 2623 1508 2874 1563; x_wconf 88' lang='lat' dir='ltr'>concedo</span> <span class='ocrx_word' id='word_1_309' title='bbox 2898 1508 3126 1564; x_wconf 90' lang='lat' dir='ltr'>veniam</span> <span class='ocrx_word' id='word_1_310' title='bbox 3179 1512 3504 1584; x_wconf 76' lang='lat' dir='ltr'>pcenitenti.</span> <span class='ocrx_word' id='word_1_311' title='bbox 3561 1515 3622 1570; x_wconf 93' lang='lat'>0.</span> 
     </span>
    </p>
   </div>
   <div class='ocr_carea' id='block_1_46' title="bbox 1965 1595 3626 1668">
    <p class='ocr_par' dir='ltr' id='par_1_46' title="bbox 1965 1595 3626 1668">
     <span class='ocr_line' id='line_1_46' title="bbox 1965 1595 3626 1668; baseline 0.005 -17"><span class='ocrx_word' id='word_1_312' title='bbox 1965 1596 2348 1668; x_wconf 80' lang='lat' dir='ltr'>Respondebo</span> <span class='ocrx_word' id='word_1_313' title='bbox 2383 1595 2488 1650; x_wconf 87' lang='lat' dir='ltr'>tibi</span> <span class='ocrx_word' id='word_1_314' title='bbox 2521 1602 2579 1651; x_wconf 90' lang='lat' dir='ltr'>et</span> <span class='ocrx_word' id='word_1_315' title='bbox 2609 1613 2714 1668; x_wconf 88' lang='lat' dir='ltr'>ego</span> <span class='ocrx_word' id='word_1_316' title='bbox 2747 1599 3112 1654; x_wconf 84' lang='lat' dir='ltr'>sermonibus</span> <span class='ocrx_word' id='word_1_317' title='bbox 3143 1600 3282 1657; x_wconf 92' lang='lat' dir='ltr'>tuis.</span> <span class='ocrx_word' id='word_1_318' title='bbox 3332 1601 3392 1657; x_wconf 92' lang='lat' dir='ltr'>Si</span> <span class='ocrx_word' id='word_1_319' title='bbox 3443 1602 3626 1660; x_wconf 88' lang='lat' dir='ltr'>laicus</span> 
     </span>
    </p>
   </div>
   <div class='ocr_carea' id='block_1_47' title="bbox 1963 1685 3623 1760">
    <p class='ocr_par' dir='ltr' id='par_1_47' title="bbox 1963 1685 3623 1760">
     <span class='ocr_line' id='line_1_47' title="bbox 1963 1685 3623 1760; baseline 0.004 -19"><span class='ocrx_word' id='word_1_320' title='bbox 1963 1702 2192 1742; x_wconf 90' lang='lat' dir='ltr'>errasse</span> <span class='ocrx_word' id='word_1_321' title='bbox 2215 1701 2275 1740; x_wconf 91' lang='lat' dir='ltr'>se</span> <span class='ocrx_word' id='word_1_322' title='bbox 2305 1685 2631 1755; x_wconf 80' lang='lat' dir='ltr'>confitetur,</span> <span class='ocrx_word' id='word_1_323' title='bbox 2675 1687 2966 1756; x_wconf 88' lang='lat' dir='ltr'>quomodo</span> <span class='ocrx_word' id='word_1_324' title='bbox 3013 1686 3197 1744; x_wconf 89' lang='lat' dir='ltr'>laicus</span> <span class='ocrx_word' id='word_1_325' title='bbox 3247 1692 3623 1760; x_wconf 85' lang='lat' dir='ltr'>perseverat?</span> 
     </span>
    </p>
   </div>
   <div class='ocr_carea' id='block_1_48' title="bbox 1964 1773 3628 1853">
    <p class='ocr_par' dir='ltr' id='par_1_48' title="bbox 1964 1773 3628 1853">
     <span class='ocr_line' id='line_1_48' title="bbox 1964 1773 3628 1853; baseline 0.004 -22"><span class='ocrx_word' id='word_1_326' title='bbox 1964 1776 2220 1846; x_wconf 89' lang='lat' dir='ltr'>deponat</span> <span class='ocrx_word' id='word_1_327' title='bbox 2251 1773 2642 1829; x_wconf 86' lang='lat' dir='ltr'>sacerdotium</span> <span class='ocrx_word' id='word_1_328' title='bbox 2685 1773 2818 1830; x_wconf 89' lang='lat' dir='ltr'>laici</span> <span class='ocrx_word' id='word_1_329' title='bbox 2842 1777 2882 1841; x_wconf 59' lang='lat' dir='ltr'>t,</span> <span class='ocrx_word' id='word_1_330' title='bbox 2945 1776 3002 1831; x_wconf 91' lang='lat' dir='ltr'>id</span> <span class='ocrx_word' id='word_1_331' title='bbox 3064 1782 3173 1845; x_wconf 91' lang='lat' dir='ltr'>est,</span> <span class='ocrx_word' id='word_1_332' title='bbox 3206 1779 3521 1853; x_wconf 90' lang='lat' dir='ltr'>baptisma,</span> <span class='ocrx_word' id='word_1_333' title='bbox 3571 1785 3628 1837; x_wconf 89' lang='lat' dir='ltr'>et</span> 
     </span>
    </p>
   </div>
   <div class='ocr_carea' id='block_1_49' title="bbox 1964 1862 3622 1938">
    <p class='ocr_par' dir='ltr' id='par_1_49' title="bbox 1964 1862 3622 1938">
     <span class='ocr_line' id='line_1_49' title="bbox 1964 1862 3622 1938; baseline 0.004 -18"><span class='ocrx_word' id='word_1_334' title='bbox 1964 1880 2069 1936; x_wconf 88' lang='lat' dir='ltr'>ego</span> <span class='ocrx_word' id='word_1_335' title='bbox 2118 1863 2190 1918; x_wconf 89' lang='lat' dir='ltr'>do</span> <span class='ocrx_word' id='word_1_336' title='bbox 2242 1862 2470 1918; x_wconf 83' lang='lat' dir='ltr'>veniam</span> <span class='ocrx_word' id='word_1_337' title='bbox 2536 1863 2860 1935; x_wconf 70' lang='lat' dir='ltr'>poenitenti.</span> <span class='ocrx_word' id='word_1_338' title='bbox 2909 1865 3204 1938; x_wconf 86' lang='lat' dir='ltr'>Scriptum</span> <span class='ocrx_word' id='word_1_339' title='bbox 3271 1872 3360 1924; x_wconf 89' lang='lat' dir='ltr'>est</span> <span class='ocrx_word' id='word_1_340' title='bbox 3424 1870 3622 1926; x_wconf 90' lang='lat' dir='ltr'>enim:</span> 
     </span>
    </p>
   </div>
   <div class='ocr_carea' id='block_1_50' title="bbox 1963 1953 3618 2031">
    <p class='ocr_par' dir='ltr' id='par_1_50' title="bbox 1963 1953 3618 2031">
     <span class='ocr_line' id='line_1_50' title="bbox 1963 1953 3618 2031; baseline 0.004 -23"><span class='ocrx_word' id='word_1_341' title='bbox 1963 1955 2205 2024; x_wconf 82' lang='lat' dir='ltr'>Regnum</span> <span class='ocrx_word' id='word_1_342' title='bbox 2235 1967 2445 2024; x_wconf 88' lang='lat' dir='ltr'>quoque</span> <span class='ocrx_word' id='word_1_343' title='bbox 2472 1968 2571 2008; x_wconf 88' lang='lat' dir='ltr'>nos</span> <span class='ocrx_word' id='word_1_344' title='bbox 2600 1961 2650 2008; x_wconf 86' lang='lat' dir='ltr'>et</span> <span class='ocrx_word' id='word_1_345' title='bbox 2675 1953 2979 2011; x_wconf 86' lang='lat' dir='ltr'>sacerdotes</span> <span class='ocrx_word' id='word_1_346' title='bbox 3025 1956 3132 2012; x_wconf 90' lang='lat' dir='ltr'>Deo</span> <span class='ocrx_word' id='word_1_347' title='bbox 3164 1958 3323 2012; x_wconf 85' lang='lat' dir='ltr'>Patri</span> <span class='ocrx_word' id='word_1_348' title='bbox 3378 1974 3479 2015; x_wconf 81' lang='lat' dir='ltr'>suo</span> <span class='ocrx_word' id='word_1_349' title='bbox 3535 1962 3618 2031; x_wconf 84' lang='lat' dir='ltr'>fe-</span> 
     </span>
    </p>
   </div>
   <div class='ocr_carea' id='block_1_51' title="bbox 1968 2041 3626 2120">
    <p class='ocr_par' dir='ltr' id='par_1_51' title="bbox 1968 2041 3626 2120">
     <span class='ocr_line' id='line_1_51' title="bbox 1968 2041 3626 2120; baseline 0.006 -24"><span class='ocrx_word' id='word_1_350' title='bbox 1968 2044 2041 2097; x_wconf 84' lang='lat' dir='ltr'>cit</span> <span class='ocrx_word' id='word_1_351' title='bbox 2069 2043 2110 2113; x_wconf 86' lang='grc'>³(</span> <span class='ocrx_word' id='word_1_352' title='bbox 2143 2042 2299 2114; x_wconf 84' lang='lat' dir='ltr'>Apoc.</span> <span class='ocrx_word' id='word_1_353' title='bbox 2336 2059 2375 2107; x_wconf 86' lang='lat'>1,</span> <span class='ocrx_word' id='word_1_354' title='bbox 2398 2043 2474 2110; x_wconf 84' lang='lat'>6).</span> <span class='ocrx_word' id='word_1_355' title='bbox 2504 2041 2570 2096; x_wconf 92' lang='lat' dir='ltr'>Et</span> <span class='ocrx_word' id='word_1_356' title='bbox 2593 2041 2806 2098; x_wconf 88' lang='lat' dir='ltr'>iterum</span> <span class='ocrx_word' id='word_1_357' title='bbox 2838 2043 3073 2116; x_wconf 80' lang='lat' dir='ltr'>[Gentem</span> <span class='ocrx_word' id='word_1_358' title='bbox 3134 2051 3408 2116; x_wconf 85' lang='lat' dir='ltr'>sanctam,</span> <span class='ocrx_word' id='word_1_359' title='bbox 3437 2050 3626 2120; x_wconf 80' lang='lat' dir='ltr'>regale</span> 
     </span>
    </p>
   </div>
   <div class='ocr_carea' id='block_1_52' title="bbox 1964 2130 3613 2208">
    <p class='ocr_par' dir='ltr' id='par_1_52' title="bbox 1964 2130 3613 2208">
     <span class='ocr_line' id='line_1_52' title="bbox 1964 2130 3613 2208; baseline 0.005 -22"><span class='ocrx_word' id='word_1_360' title='bbox 1964 2131 2351 2196; x_wconf 78' lang='lat' dir='ltr'>sacerdotium,</span> <span class='ocrx_word' id='word_1_361' title='bbox 2399 2130 2669 2203; x_wconf 84' lang='lat' dir='ltr'>papulum</span> <span class='ocrx_word' id='word_1_362' title='bbox 2721 2133 3054 2205; x_wconf 82' lang='lat' dir='ltr'>acquisitum</span> <span class='ocrx_word' id='word_1_363' title='bbox 3094 2136 3140 2207; x_wconf 93' lang='lat' dir='ltr'>(I</span> <span class='ocrx_word' id='word_1_364' title='bbox 3199 2141 3346 2193; x_wconf 88' lang='lat' dir='ltr'>Petr.</span> <span class='ocrx_word' id='word_1_365' title='bbox 3413 2155 3477 2205; x_wconf 85' lang='lat' dir='ltr'>Il,</span> <span class='ocrx_word' id='word_1_366' title='bbox 3535 2140 3613 2208; x_wconf 86' lang='lat'>9).</span> 
     </span>
    </p>
   </div>
   <div class='ocr_carea' id='block_1_53' title="bbox 1965 2220 3625 2292">
    <p class='ocr_par' dir='ltr' id='par_1_53' title="bbox 1965 2220 3625 2292">
     <span class='ocr_line' id='line_1_53' title="bbox 1965 2220 3625 2292; baseline 0.003 -15"><span class='ocrx_word' id='word_1_367' title='bbox 1965 2221 2149 2277; x_wconf 89' lang='lat' dir='ltr'>Omne</span> <span class='ocrx_word' id='word_1_368' title='bbox 2170 2221 2326 2292; x_wconf 92' lang='lat' dir='ltr'>quod</span> <span class='ocrx_word' id='word_1_369' title='bbox 2374 2237 2490 2275; x_wconf 90' lang='lat' dir='ltr'>non</span> <span class='ocrx_word' id='word_1_370' title='bbox 2531 2220 2667 2276; x_wconf 88' lang='lat' dir='ltr'>licet</span> <span class='ocrx_word' id='word_1_371' title='bbox 2723 2221 3118 2291; x_wconf 67' lang='lat' dir='ltr'>Christiano“,</span> <span class='ocrx_word' id='word_1_372' title='bbox 3180 2241 3492 2283; x_wconf 89' lang='lat' dir='ltr'>commune</span> <span class='ocrx_word' id='word_1_373' title='bbox 3534 2232 3625 2284; x_wconf 92' lang='lat' dir='ltr'>est</span> 
     </span>
    </p>
   </div>
   <div class='ocr_carea' id='block_1_54' title="bbox 1966 2309 3622 2389">
    <p class='ocr_par' dir='ltr' id='par_1_54' title="bbox 1966 2309 3622 2389">
     <span class='ocr_line' id='line_1_54' title="bbox 1966 2309 3622 2389; baseline 0.004 -25"><span class='ocrx_word' id='word_1_374' title='bbox 1966 2315 2086 2365; x_wconf 90' lang='lat' dir='ltr'>tam</span> <span class='ocrx_word' id='word_1_375' title='bbox 2119 2309 2392 2382; x_wconf 89' lang='lat' dir='ltr'>episcopo</span> <span class='ocrx_word' id='word_1_376' title='bbox 2424 2326 2603 2380; x_wconf 91' lang='lat' dir='ltr'>quam</span> <span class='ocrx_word' id='word_1_377' title='bbox 2634 2309 2802 2366; x_wconf 90' lang='lat' dir='ltr'>laico.</span> <span class='ocrx_word' id='word_1_378' title='bbox 2854 2311 2961 2375; x_wconf 91' lang='lat' dir='ltr'>Qui</span> <span class='ocrx_word' id='word_1_379' title='bbox 3024 2313 3432 2383; x_wconf 83' lang='lat' dir='ltr'>pcenitentiam</span> <span class='ocrx_word' id='word_1_380' title='bbox 3479 2316 3622 2389; x_wconf 89' lang='lat' dir='ltr'>agit,</span> 
     </span>
    </p>
   </div>
   <div class='ocr_carea' id='block_1_55' title="bbox 1963 2399 3623 2472">
    <p class='ocr_par' dir='ltr' id='par_1_55' title="bbox 1963 2399 3623 2472">
     <span class='ocr_line' id='line_1_55' title="bbox 1963 2399 3623 2472; baseline 0.004 -18"><span class='ocrx_word' id='word_1_381' title='bbox 1963 2399 2161 2471; x_wconf 90' lang='lat' dir='ltr'>priora</span> <span class='ocrx_word' id='word_1_382' title='bbox 2209 2399 2560 2454; x_wconf 88' lang='lat' dir='ltr'>condemnat</span> <span class='ocrx_word' id='word_1_383' title='bbox 2612 2399 2716 2470; x_wconf 76' lang='lat' dir='ltr'>[AL</span> <span class='ocrx_word' id='word_1_384' title='bbox 2769 2401 3149 2472; x_wconf 88' lang='lat' dir='ltr'>contemnat].</span> <span class='ocrx_word' id='word_1_385' title='bbox 3214 2403 3272 2458; x_wconf 93' lang='lat' dir='ltr'>Si</span> <span class='ocrx_word' id='word_1_386' title='bbox 3323 2420 3437 2459; x_wconf 90' lang='lat' dir='ltr'>non</span> <span class='ocrx_word' id='word_1_387' title='bbox 3484 2403 3623 2460; x_wconf 90' lang='lat' dir='ltr'>licet</span> 
     </span>
    </p>
   </div>
   <div class='ocr_carea' id='block_1_56' title="bbox 1966 2487 3620 2562">
    <p class='ocr_par' dir='ltr' id='par_1_56' title="bbox 1966 2487 3620 2562">
     <span class='ocr_line' id='line_1_56' title="bbox 1966 2487 3620 2562; baseline 0.004 -18"><span class='ocrx_word' id='word_1_388' title='bbox 1966 2488 2238 2560; x_wconf 78' lang='lat' dir='ltr'>episCOpo</span> <span class='ocrx_word' id='word_1_389' title='bbox 2263 2487 2563 2560; x_wconf 84' lang='lat' dir='ltr'>poenitenti</span> <span class='ocrx_word' id='word_1_390' title='bbox 2603 2504 2975 2560; x_wconf 88' lang='lat' dir='ltr'>perseverare</span> <span class='ocrx_word' id='word_1_391' title='bbox 3017 2491 3174 2562; x_wconf 92' lang='lat' dir='ltr'>quod</span> <span class='ocrx_word' id='word_1_392' title='bbox 3236 2492 3444 2560; x_wconf 77' lang='lat' dir='ltr'>fuerat,</span> <span class='ocrx_word' id='word_1_393' title='bbox 3504 2509 3620 2550; x_wconf 92' lang='lat' dir='ltr'>non</span> 
     </span>
    </p>
   </div>
   <div class='ocr_carea' id='block_1_57' title="bbox 1963 2576 3624 2655">
    <p class='ocr_par' dir='ltr' id='par_1_57' title="bbox 1963 2576 3624 2655">
     <span class='ocr_line' id='line_1_57' title="bbox 1963 2576 3624 2655; baseline 0.004 -23"><span class='ocrx_word' id='word_1_394' title='bbox 1963 2576 2099 2634; x_wconf 88' lang='lat' dir='ltr'>licet</span> <span class='ocrx_word' id='word_1_395' title='bbox 2129 2583 2186 2634; x_wconf 90' lang='lat' dir='ltr'>et</span> <span class='ocrx_word' id='word_1_396' title='bbox 2214 2577 2361 2633; x_wconf 91' lang='lat' dir='ltr'>laico</span> <span class='ocrx_word' id='word_1_397' title='bbox 2384 2578 2402 2611; x_wconf 72' lang='grc'>⁷</span> <span class='ocrx_word' id='word_1_398' title='bbox 2436 2578 2738 2650; x_wconf 71' lang='lat' dir='ltr'>pmnitenti</span> <span class='ocrx_word' id='word_1_399' title='bbox 2788 2594 3130 2650; x_wconf 89' lang='lat' dir='ltr'>permanere</span> <span class='ocrx_word' id='word_1_400' title='bbox 3172 2580 3232 2636; x_wconf 90' lang='lat' dir='ltr'>in</span> <span class='ocrx_word' id='word_1_401' title='bbox 3284 2597 3349 2637; x_wconf 95' lang='lat' dir='ltr'>eo</span> <span class='ocrx_word' id='word_1_402' title='bbox 3386 2586 3624 2655; x_wconf 90' lang='lat' dir='ltr'>propter</span> 
     </span>
    </p>
   </div>
   <div class='ocr_carea' id='block_1_58' title="bbox 1969 2667 3622 2744">
    <p class='ocr_par' dir='ltr' id='par_1_58' title="bbox 1969 2667 3622 2744">
     <span class='ocr_line' id='line_1_58' title="bbox 1969 2667 3622 2744; baseline 0.003 -20"><span class='ocrx_word' id='word_1_403' title='bbox 1969 2669 2124 2742; x_wconf 92' lang='lat' dir='ltr'>quod</span> <span class='ocrx_word' id='word_1_404' title='bbox 2158 2667 2561 2741; x_wconf 77' lang='lat' dir='ltr'>pcenitentiam</span> <span class='ocrx_word' id='word_1_405' title='bbox 2590 2668 2902 2724; x_wconf 80' lang='lat' dir='ltr'>confitetur</span> <span class='ocrx_word' id='word_1_406' title='bbox 2933 2668 2975 2724; x_wconf 84' lang='grc'>⁸.</span> <span class='ocrx_word' id='word_1_407' title='bbox 3023 2671 3080 2726; x_wconf 92' lang='lat' dir='ltr'>L.</span> <span class='ocrx_word' id='word_1_408' title='bbox 3131 2670 3468 2744; x_wconf 80' lang='lat' dir='ltr'>Recipimus</span> <span class='ocrx_word' id='word_1_409' title='bbox 3514 2673 3622 2731; x_wconf 88' lang='lat' dir='ltr'>lai-</span> 
     </span>
    </p>
   </div>
   <div class='ocr_carea' id='block_1_59' title="bbox 1967 2749 3622 2830">
    <p class='ocr_par' dir='ltr' id='par_1_59' title="bbox 1967 2749 3622 2830">
     <span class='ocr_line' id='line_1_59' title="bbox 1967 2749 3622 2830; baseline 0.004 -16"><span class='ocrx_word' id='word_1_410' title='bbox 1967 2776 2087 2825; x_wconf 92' lang='lat' dir='ltr'>cos,</span> <span class='ocrx_word' id='word_1_411' title='bbox 2122 2757 2399 2830; x_wconf 89' lang='lat' dir='ltr'>quoniam</span> <span class='ocrx_word' id='word_1_412' title='bbox 2434 2773 2605 2812; x_wconf 89' lang='lat' dir='ltr'>nemo</span> <span class='ocrx_word' id='word_1_413' title='bbox 2637 2762 3029 2826; x_wconf 89' lang='lat' dir='ltr'>convertetur,</span> <span class='ocrx_word' id='word_1_414' title='bbox 3073 2760 3122 2816; x_wconf 92' lang='lat' dir='ltr'>si</span> <span class='ocrx_word' id='word_1_415' title='bbox 3174 2777 3236 2817; x_wconf 89' lang='lat' dir='ltr'>se</span> <span class='ocrx_word' id='word_1_416' title='bbox 3282 2749 3481 2818; x_wconf 86' lang='lat' dir='ltr'>scierit</span> <span class='ocrx_word' id='word_1_417' title='bbox 3529 2780 3622 2820; x_wconf 85' lang='lat' dir='ltr'>re-</span> 
     </span>
    </p>
   </div>
   <div class='ocr_carea' id='block_1_60' title="bbox 1969 2846 3622 2925">
    <p class='ocr_par' dir='ltr' id='par_1_60' title="bbox 1969 2846 3622 2925">
     <span class='ocr_line' id='line_1_60' title="bbox 1969 2846 3622 2925; baseline 0.001 -21"><span class='ocrx_word' id='word_1_418' title='bbox 1969 2846 2387 2920; x_wconf 91' lang='lat' dir='ltr'>baptizandum</span> <span class='ocrx_word' id='word_1_419' title='bbox 2415 2864 2427 2902; x_wconf 92' lang='lat'>:</span> <span class='ocrx_word' id='word_1_420' title='bbox 2463 2852 2518 2903; x_wconf 88' lang='lat' dir='ltr'>et</span> <span class='ocrx_word' id='word_1_421' title='bbox 2551 2846 2628 2902; x_wconf 89' lang='lat' dir='ltr'>ita</span> <span class='ocrx_word' id='word_1_422' title='bbox 2660 2848 2780 2914; x_wconf 85' lang='lat' dir='ltr'>fiet,</span> <span class='ocrx_word' id='word_1_423' title='bbox 2818 2851 2882 2903; x_wconf 93' lang='lat' dir='ltr'>ut</span> <span class='ocrx_word' id='word_1_424' title='bbox 2911 2864 3016 2904; x_wconf 91' lang='lat' dir='ltr'>nos</span> <span class='ocrx_word' id='word_1_425' title='bbox 3039 2849 3229 2906; x_wconf 90' lang='lat' dir='ltr'>simus</span> <span class='ocrx_word' id='word_1_426' title='bbox 3260 2867 3440 2908; x_wconf 89' lang='lat' dir='ltr'>causa</span> <span class='ocrx_word' id='word_1_427' title='bbox 3490 2869 3622 2925; x_wconf 86' lang='lat' dir='ltr'>per-</span> 
     </span>
    </p>
   </div>
   <div class='ocr_carea' id='block_1_61' title="bbox 1968 2936 3621 3013">
    <p class='ocr_par' dir='ltr' id='par_1_61' title="bbox 1968 2936 3621 3013">
     <span class='ocr_line' id='line_1_61' title="bbox 1968 2936 3621 3013; baseline 0.004 -21"><span class='ocrx_word' id='word_1_428' title='bbox 1968 2937 2207 2993; x_wconf 88' lang='lat' dir='ltr'>ditionis</span> <span class='ocrx_word' id='word_1_429' title='bbox 2233 2953 2436 2992; x_wconf 90' lang='lat' dir='ltr'>eorum</span> <span class='ocrx_word' id='word_1_430' title='bbox 2461 2936 2509 2991; x_wconf 92' lang='lat' dir='ltr'>si</span> <span class='ocrx_word' id='word_1_431' title='bbox 2543 2937 2942 3008; x_wconf 90' lang='lat' dir='ltr'>repudientur.</span> <span class='ocrx_word' id='word_1_432' title='bbox 2980 2937 3044 2995; x_wconf 94' lang='lat'>0.</span> <span class='ocrx_word' id='word_1_433' title='bbox 3080 2939 3167 2994; x_wconf 91' lang='lat' dir='ltr'>Tu</span> <span class='ocrx_word' id='word_1_434' title='bbox 3209 2940 3268 2995; x_wconf 89' lang='lat' dir='ltr'>in</span> <span class='ocrx_word' id='word_1_435' title='bbox 3327 2957 3392 2997; x_wconf 95' lang='lat' dir='ltr'>eo</span> <span class='ocrx_word' id='word_1_436' title='bbox 3464 2943 3621 3013; x_wconf 91' lang='lat' dir='ltr'>quod</span> 
     </span>
    </p>
   </div>
   <div class='ocr_carea' id='block_1_62' title="bbox 1969 3025 3616 3100">
    <p class='ocr_par' dir='ltr' id='par_1_62' title="bbox 1969 3025 3616 3100">
     <span class='ocr_line' id='line_1_62' title="bbox 1969 3025 3616 3100; baseline 0.003 -19"><span class='ocrx_word' id='word_1_437' title='bbox 1969 3025 2178 3098; x_wconf 90' lang='lat' dir='ltr'>recipis</span> <span class='ocrx_word' id='word_1_438' title='bbox 2208 3025 2448 3091; x_wconf 89' lang='lat' dir='ltr'>laicum,</span> <span class='ocrx_word' id='word_1_439' title='bbox 2483 3042 2662 3081; x_wconf 89' lang='lat' dir='ltr'>unam</span> <span class='ocrx_word' id='word_1_440' title='bbox 2694 3027 2956 3082; x_wconf 90' lang='lat' dir='ltr'>animam</span> <span class='ocrx_word' id='word_1_441' title='bbox 3003 3028 3335 3100; x_wconf 89' lang='lat' dir='ltr'>recipiendo</span> <span class='ocrx_word' id='word_1_442' title='bbox 3394 3029 3616 3086; x_wconf 86' lang='lat' dir='ltr'>salvas:</span> 
     </span>
    </p>
   </div>
   <div class='ocr_carea' id='block_1_63' title="bbox 1969 3116 3618 3189">
    <p class='ocr_par' dir='ltr' id='par_1_63' title="bbox 1969 3116 3618 3189">
     <span class='ocr_line' id='line_1_63' title="bbox 1969 3116 3618 3189; baseline 0.002 -17"><span class='ocrx_word' id='word_1_443' title='bbox 1969 3121 2026 3172; x_wconf 89' lang='lat' dir='ltr'>et</span> <span class='ocrx_word' id='word_1_444' title='bbox 2055 3133 2159 3189; x_wconf 90' lang='lat' dir='ltr'>ego</span> <span class='ocrx_word' id='word_1_445' title='bbox 2182 3117 2239 3171; x_wconf 92' lang='lat' dir='ltr'>in</span> <span class='ocrx_word' id='word_1_446' title='bbox 2274 3116 2604 3188; x_wconf 89' lang='lat' dir='ltr'>recipiendo</span> <span class='ocrx_word' id='word_1_447' title='bbox 2637 3116 2998 3188; x_wconf 90' lang='lat' dir='ltr'>episcopum,</span> <span class='ocrx_word' id='word_1_448' title='bbox 3024 3133 3138 3172; x_wconf 91' lang='lat' dir='ltr'>non</span> <span class='ocrx_word' id='word_1_449' title='bbox 3193 3119 3385 3173; x_wconf 88' lang='lat' dir='ltr'>dicam</span> <span class='ocrx_word' id='word_1_450' title='bbox 3439 3119 3618 3176; x_wconf 91' lang='lat' dir='ltr'>unius</span> 
     </span>
    </p>
   </div>
   <div class='ocr_carea' id='block_1_64' title="bbox 1969 3205 3619 3281">
    <p class='ocr_par' dir='ltr' id='par_1_64' title="bbox 1969 3205 3619 3281">
     <span class='ocr_line' id='line_1_64' title="bbox 1969 3205 3619 3281; baseline 0.002 -20"><span class='ocrx_word' id='word_1_451' title='bbox 1969 3205 2221 3261; x_wconf 91' lang='lat' dir='ltr'>civitatis</span> <span class='ocrx_word' id='word_1_452' title='bbox 2252 3205 2519 3278; x_wconf 89' lang='lat' dir='ltr'>populos,</span> <span class='ocrx_word' id='word_1_453' title='bbox 2554 3205 2654 3261; x_wconf 91' lang='lat' dir='ltr'>sed</span> <span class='ocrx_word' id='word_1_454' title='bbox 2688 3205 3046 3272; x_wconf 86' lang='lat' dir='ltr'>universam,</span> <span class='ocrx_word' id='word_1_455' title='bbox 3080 3205 3172 3261; x_wconf 91' lang='lat' dir='ltr'>cui</span> <span class='ocrx_word' id='word_1_456' title='bbox 3203 3212 3433 3278; x_wconf 61' lang='lat' dir='ltr'>praeest,</span> <span class='ocrx_word' id='word_1_457' title='bbox 3485 3225 3619 3281; x_wconf 81' lang='lat' dir='ltr'>pro-</span> 
     </span>
    </p>
   </div>
   <div class='ocr_carea' id='block_1_65' title="bbox 222 3280 3618 3373">
    <p class='ocr_par' dir='ltr' id='par_1_65' title="bbox 222 3280 3618 3373">
     <span class='ocr_line' id='line_1_65' title="bbox 222 3280 3618 3373; baseline 0.002 -27"><span class='ocrx_word' id='word_1_458' title='bbox 222 3293 571 3362; x_wconf 60' lang='lat' dir='ltr'>pradicabas</span> <span class='ocrx_word' id='word_1_459' title='bbox 606 3313 618 3364; x_wconf 94' lang='lat'>;</span> <span class='ocrx_word' id='word_1_460' title='bbox 667 3295 766 3368; x_wconf 90' lang='lat' dir='ltr'>qui</span> <span class='ocrx_word' id='word_1_461' title='bbox 800 3295 1058 3368; x_wconf 92' lang='lat' dir='ltr'>quotidie</span> <span class='ocrx_word' id='word_1_462' title='bbox 1106 3298 1268 3369; x_wconf 85' lang='lat' dir='ltr'>pejor</span> <span class='ocrx_word' id='word_1_463' title='bbox 1316 3297 1557 3368; x_wconf 72' lang='lat' dir='ltr'>Judaais,</span> <span class='ocrx_word' id='word_1_464' title='bbox 1590 3299 1851 3373; x_wconf 89' lang='lat' dir='ltr'>blasphe-</span> <span class='ocrx_word' id='word_1_465' title='bbox 1887 3280 1930 3347; x_wconf 83' lang='lat' dir='ltr'>C</span> <span class='ocrx_word' id='word_1_466' title='bbox 1968 3295 2220 3352; x_wconf 89' lang='lat' dir='ltr'>vinciam</span> <span class='ocrx_word' id='word_1_467' title='bbox 2252 3293 2522 3349; x_wconf 80' lang='lat' dir='ltr'>Ecclesim</span> <span class='ocrx_word' id='word_1_468' title='bbox 2546 3293 2723 3359; x_wconf 90' lang='lat' dir='ltr'>socio,</span> <span class='ocrx_word' id='word_1_469' title='bbox 2756 3309 2932 3365; x_wconf 91' lang='lat' dir='ltr'>quem</span> <span class='ocrx_word' id='word_1_470' title='bbox 2962 3294 3010 3349; x_wconf 89' lang='lat' dir='ltr'>si</span> <span class='ocrx_word' id='word_1_471' title='bbox 3061 3293 3363 3367; x_wconf 90' lang='lat' dir='ltr'>repellam,</span> <span class='ocrx_word' id='word_1_472' title='bbox 3400 3280 3618 3354; x_wconf 86' lang='lat' dir='ltr'>multos</span> 
     </span>
    </p>
   </div>
   <div class='ocr_carea' id='block_1_66' title="bbox 221 3380 1857 3460">
    <p class='ocr_par' dir='ltr' id='par_1_66' title="bbox 221 3380 1857 3460">
     <span class='ocr_line' id='line_1_66' title="bbox 221 3380 1857 3460; baseline 0.007 -24"><span class='ocrx_word' id='word_1_473' title='bbox 221 3380 458 3440; x_wconf 89' lang='lat' dir='ltr'>miarum</span> <span class='ocrx_word' id='word_1_474' title='bbox 491 3383 722 3457; x_wconf 85' lang='lat' dir='ltr'>lapides</span> <span class='ocrx_word' id='word_1_475' title='bbox 752 3385 811 3439; x_wconf 91' lang='lat' dir='ltr'>in</span> <span class='ocrx_word' id='word_1_476' title='bbox 827 3385 1124 3442; x_wconf 90' lang='lat' dir='ltr'>Christum</span> <span class='ocrx_word' id='word_1_477' title='bbox 1142 3387 1427 3458; x_wconf 88' lang='lat' dir='ltr'>jaciebas,</span> <span class='ocrx_word' id='word_1_478' title='bbox 1452 3389 1623 3460; x_wconf 83' lang='lat' dir='ltr'>cujus</span> <span class='ocrx_word' id='word_1_479' title='bbox 1645 3407 1857 3447; x_wconf 89' lang='lat' dir='ltr'>manus</span> 
     </span>
    </p>
   </div>
   <div class='ocr_carea' id='block_1_67' title="bbox 219 3472 1857 3549">
    <p class='ocr_par' dir='ltr' id='par_1_67' title="bbox 219 3472 1857 3549">
     <span class='ocr_line' id='line_1_67' title="bbox 219 3472 1857 3549; baseline 0.007 -25"><span class='ocrx_word' id='word_1_480' title='bbox 219 3472 696 3546; x_wconf 77' lang='lat' dir='ltr'>sanguineplenae</span> <span class='ocrx_word' id='word_1_481' title='bbox 727 3478 886 3546; x_wconf 91' lang='lat' dir='ltr'>sunt,</span> <span class='ocrx_word' id='word_1_482' title='bbox 919 3476 1088 3546; x_wconf 84' lang='lat' dir='ltr'>cujus</span> <span class='ocrx_word' id='word_1_483' title='bbox 1147 3475 1333 3549; x_wconf 83' lang='lat' dir='ltr'>stylus</span> <span class='ocrx_word' id='word_1_484' title='bbox 1386 3476 1590 3534; x_wconf 88' lang='lat' dir='ltr'>lancea</span> <span class='ocrx_word' id='word_1_485' title='bbox 1653 3479 1857 3536; x_wconf 88' lang='lat' dir='ltr'>militis</span> 
     </span>
    </p>
   </div>
   <div class='ocr_carea' id='block_1_68' title="bbox 215 3556 1858 3639">
    <p class='ocr_par' dir='ltr' id='par_1_68' title="bbox 215 3556 1858 3639">
     <span class='ocr_line' id='line_1_68' title="bbox 215 3556 1858 3639; baseline 0.007 -26"><span class='ocrx_word' id='word_1_486' title='bbox 215 3556 330 3630; x_wconf 82' lang='lat' dir='ltr'>fuit,</span> <span class='ocrx_word' id='word_1_487' title='bbox 365 3562 435 3618; x_wconf 90' lang='lat' dir='ltr'>ad</span> <span class='ocrx_word' id='word_1_488' title='bbox 456 3562 639 3618; x_wconf 90' lang='lat' dir='ltr'>unius</span> <span class='ocrx_word' id='word_1_489' title='bbox 661 3562 820 3619; x_wconf 66' lang='lat' dir='ltr'>horae</span> <span class='ocrx_word' id='word_1_490' title='bbox 853 3564 1292 3621; x_wconf 89' lang='lat' dir='ltr'>conversionem</span> <span class='ocrx_word' id='word_1_491' title='bbox 1317 3565 1604 3639; x_wconf 90' lang='lat' dir='ltr'>virginem</span> <span class='ocrx_word' id='word_1_492' title='bbox 1664 3568 1858 3625; x_wconf 89' lang='lat' dir='ltr'>Eccle-</span> 
     </span>
    </p>
   </div>
   <div class='ocr_carea' id='block_1_69' title="bbox 220 3649 1860 3731">
    <p class='ocr_par' dir='ltr' id='par_1_69' title="bbox 220 3649 1860 3731">
     <span class='ocr_line' id='line_1_69' title="bbox 220 3649 1860 3731; baseline 0.008 -28"><span class='ocrx_word' id='word_1_493' title='bbox 220 3649 356 3706; x_wconf 88' lang='lat' dir='ltr'>siam</span> <span class='ocrx_word' id='word_1_494' title='bbox 388 3653 628 3709; x_wconf 89' lang='lat' dir='ltr'>adulter</span> <span class='ocrx_word' id='word_1_495' title='bbox 658 3652 1034 3726; x_wconf 80' lang='lat' dir='ltr'>ingrediaris?</span> <span class='ocrx_word' id='word_1_496' title='bbox 1078 3655 1135 3709; x_wconf 91' lang='lat' dir='ltr'>Si</span> <span class='ocrx_word' id='word_1_497' title='bbox 1193 3671 1464 3726; x_wconf 89' lang='lat' dir='ltr'>peccasse</span> <span class='ocrx_word' id='word_1_498' title='bbox 1511 3661 1566 3713; x_wconf 91' lang='lat' dir='ltr'>te</span> <span class='ocrx_word' id='word_1_499' title='bbox 1616 3659 1860 3731; x_wconf 68' lang='lat' dir='ltr'>paenitet</span> 
     </span>
    </p>
   </div>
   <div class='ocr_carea' id='block_1_70' title="bbox 223 3738 1862 3817">
    <p class='ocr_par' dir='ltr' id='par_1_70' title="bbox 223 3738 1862 3817">
     <span class='ocr_line' id='line_1_70' title="bbox 223 3738 1862 3817; baseline 0.007 -24"><span class='ocrx_word' id='word_1_500' title='bbox 223 3738 467 3798; x_wconf 83' lang='lat' dir='ltr'>ofﬁcium</span> <span class='ocrx_word' id='word_1_501' title='bbox 518 3742 748 3814; x_wconf 90' lang='lat' dir='ltr'>depone</span> <span class='ocrx_word' id='word_1_502' title='bbox 780 3743 1100 3800; x_wconf 88' lang='lat' dir='ltr'>sacerdotis</span> <span class='ocrx_word' id='word_1_503' title='bbox 1126 3762 1138 3800; x_wconf 90' lang='lat'>:</span> <span class='ocrx_word' id='word_1_504' title='bbox 1167 3744 1216 3799; x_wconf 90' lang='lat' dir='ltr'>si</span> <span class='ocrx_word' id='word_1_505' title='bbox 1265 3748 1320 3800; x_wconf 93' lang='lat' dir='ltr'>te</span> <span class='ocrx_word' id='word_1_506' title='bbox 1351 3761 1622 3817; x_wconf 90' lang='lat' dir='ltr'>peccasse</span> <span class='ocrx_word' id='word_1_507' title='bbox 1681 3750 1862 3804; x_wconf 80' lang='lat' dir='ltr'>conli-</span> 
     </span>
    </p>
   </div>
   <div class='ocr_carea' id='block_1_71' title="bbox 219 3828 1043 3904">
    <p class='ocr_par' dir='ltr' id='par_1_71' title="bbox 219 3828 1043 3904">
     <span class='ocr_line' id='line_1_71' title="bbox 219 3828 1043 3904; baseline 0.006 -21"><span class='ocrx_word' id='word_1_508' title='bbox 219 3828 322 3898; x_wconf 89' lang='lat' dir='ltr'>dis,</span> <span class='ocrx_word' id='word_1_509' title='bbox 357 3847 640 3903; x_wconf 88' lang='lat' dir='ltr'>permane</span> <span class='ocrx_word' id='word_1_510' title='bbox 669 3832 824 3904; x_wconf 90' lang='lat' dir='ltr'>quod</span> <span class='ocrx_word' id='word_1_511' title='bbox 860 3833 1043 3889; x_wconf 83' lang='lat' dir='ltr'>fuisti.</span> 
     </span>
    </p>
   </div>
   <div class='ocr_carea' id='block_1_72' title="bbox 288 3918 1858 3998">
    <p class='ocr_par' dir='ltr' id='par_1_72' title="bbox 288 3918 1858 3998">
     <span class='ocr_line' id='line_1_72' title="bbox 288 3918 1858 3998; baseline 0.006 -25"><span class='ocrx_word' id='word_1_512' title='bbox 288 3918 338 3973; x_wconf 70' lang='grc'>4.</span> <span class='ocrx_word' id='word_1_513' title='bbox 371 3919 434 3976; x_wconf 87' lang='lat'>0.</span> <span class='ocrx_word' id='word_1_514' title='bbox 469 3919 867 3977; x_wconf 81' lang='lat' dir='ltr'>Rhetoricaris</span> <span class='ocrx_word' id='word_1_515' title='bbox 903 3939 915 3989; x_wconf 90' lang='lat'><strong>;</strong></span> <span class='ocrx_word' id='word_1_516' title='bbox 949 3926 1004 3977; x_wconf 90' lang='lat' dir='ltr'>et</span> <span class='ocrx_word' id='word_1_517' title='bbox 1035 3939 1068 3977; x_wconf 92' lang='lat' dir='ltr'>a</span> <span class='ocrx_word' id='word_1_518' title='bbox 1117 3923 1589 3995; x_wconf 86' lang='lat' dir='ltr'>disputationum</span> <span class='ocrx_word' id='word_1_519' title='bbox 1613 3925 1858 3998; x_wconf 89' lang='lat' dir='ltr'>spinetis</span> 
     </span>
    </p>
   </div>
   <div class='ocr_carea' id='block_1_73' title="bbox 222 4006 1857 4081">
    <p class='ocr_par' dir='ltr' id='par_1_73' title="bbox 222 4006 1857 4081">
     <span class='ocr_line' id='line_1_73' title="bbox 222 4006 1857 4081; baseline 0.007 -21"><span class='ocrx_word' id='word_1_520' title='bbox 222 4006 288 4061; x_wconf 91' lang='lat' dir='ltr'>ad</span> <span class='ocrx_word' id='word_1_521' title='bbox 317 4023 562 4081; x_wconf 90' lang='lat' dir='ltr'>campos</span> <span class='ocrx_word' id='word_1_522' title='bbox 598 4008 791 4065; x_wconf 59' lang='lat' dir='ltr'>libera;</span> <span class='ocrx_word' id='word_1_523' title='bbox 842 4010 1286 4068; x_wconf 88' lang='lat' dir='ltr'>declamationis</span> <span class='ocrx_word' id='word_1_524' title='bbox 1331 4014 1608 4070; x_wconf 88' lang='lat' dir='ltr'>excurris.</span> <span class='ocrx_word' id='word_1_525' title='bbox 1649 4015 1857 4072; x_wconf 92' lang='lat' dir='ltr'>Verum</span> 
     </span>
    </p>
   </div>
   <div class='ocr_carea' id='block_1_74' title="bbox 223 4093 1857 4176">
    <p class='ocr_par' dir='ltr' id='par_1_74' title="bbox 223 4093 1857 4176">
     <span class='ocr_line' id='line_1_74' title="bbox 223 4093 1857 4176; baseline 0.007 -27"><span class='ocrx_word' id='word_1_526' title='bbox 223 4093 433 4166; x_wconf 88' lang='lat' dir='ltr'>desine,</span> <span class='ocrx_word' id='word_1_527' title='bbox 469 4114 690 4171; x_wconf 68' lang='lat' dir='ltr'>quaeso,</span> <span class='ocrx_word' id='word_1_528' title='bbox 715 4115 749 4154; x_wconf 90' lang='lat' dir='ltr'>a</span> <span class='ocrx_word' id='word_1_529' title='bbox 778 4101 1194 4157; x_wconf 90' lang='lat' dir='ltr'>communibus</span> <span class='ocrx_word' id='word_1_530' title='bbox 1223 4101 1386 4168; x_wconf 90' lang='lat' dir='ltr'>locis,</span> <span class='ocrx_word' id='word_1_531' title='bbox 1418 4106 1474 4158; x_wconf 91' lang='lat' dir='ltr'>et</span> <span class='ocrx_word' id='word_1_532' title='bbox 1505 4102 1564 4158; x_wconf 92' lang='lat' dir='ltr'>in</span> <span class='ocrx_word' id='word_1_533' title='bbox 1611 4105 1857 4176; x_wconf 87' lang='lat' dir='ltr'>gradum</span> 
     </span>
    </p>
   </div>
   <div class='ocr_carea' id='block_1_75' title="bbox 220 4187 1854 4264">
    <p class='ocr_par' dir='ltr' id='par_1_75' title="bbox 220 4187 1854 4264">
     <span class='ocr_line' id='line_1_75' title="bbox 220 4187 1854 4264; baseline 0.008 -28"><span class='ocrx_word' id='word_1_534' title='bbox 220 4199 444 4242; x_wconf 88' lang='lat' dir='ltr'>rursum</span> <span class='ocrx_word' id='word_1_535' title='bbox 469 4205 539 4244; x_wconf 91' lang='lat' dir='ltr'>ac</span> <span class='ocrx_word' id='word_1_536' title='bbox 571 4187 758 4244; x_wconf 90' lang='lat' dir='ltr'>lineas</span> <span class='ocrx_word' id='word_1_537' title='bbox 789 4189 1128 4260; x_wconf 85' lang='lat' dir='ltr'>regredere:</span> <span class='ocrx_word' id='word_1_538' title='bbox 1187 4194 1389 4262; x_wconf 88' lang='lat' dir='ltr'>postea</span> <span class='ocrx_word' id='word_1_539' title='bbox 1445 4191 1492 4247; x_wconf 93' lang='lat' dir='ltr'>si</span> <span class='ocrx_word' id='word_1_540' title='bbox 1552 4191 1854 4264; x_wconf 90' lang='lat' dir='ltr'>placuerit,</span> 
     </span>
    </p>
   </div>
   <div class='ocr_carea' id='block_1_76' title="bbox 215 4269 1854 4340">
    <p class='ocr_par' dir='ltr' id='par_1_76' title="bbox 215 4269 1854 4340">
     <span class='ocr_line' id='line_1_76' title="bbox 215 4269 1854 4340; baseline 0.008 -13"><span class='ocrx_word' id='word_1_541' title='bbox 215 4269 386 4332; x_wconf 88' lang='lat' dir='ltr'>latius</span> <span class='ocrx_word' id='word_1_542' title='bbox 435 4277 819 4334; x_wconf 89' lang='lat' dir='ltr'>disseremus.</span> <span class='ocrx_word' id='word_1_543' title='bbox 875 4279 930 4333; x_wconf 87' lang='lat' dir='ltr'>L.</span> <span class='ocrx_word' id='word_1_544' title='bbox 981 4279 1152 4336; x_wconf 89' lang='lat' dir='ltr'>Nulla</span> <span class='ocrx_word' id='word_1_545' title='bbox 1191 4279 1536 4337; x_wconf 89' lang='lat' dir='ltr'>declamatio</span> <span class='ocrx_word' id='word_1_546' title='bbox 1593 4280 1687 4338; x_wconf 88' lang='lat' dir='ltr'>hic</span> <span class='ocrx_word' id='word_1_547' title='bbox 1745 4287 1854 4340; x_wconf 90' lang='lat' dir='ltr'>est.</span> 
     </span>
    </p>
   </div>
   <div class='ocr_carea' id='block_1_77' title="bbox 217 4361 1857 4444">
    <p class='ocr_par' dir='ltr' id='par_1_77' title="bbox 217 4361 1857 4444">
     <span class='ocr_line' id='line_1_77' title="bbox 217 4361 1857 4444; baseline 0.007 -29"><span class='ocrx_word' id='word_1_548' title='bbox 217 4361 376 4419; x_wconf 88' lang='lat' dir='ltr'>Dolor</span> <span class='ocrx_word' id='word_1_549' title='bbox 404 4365 754 4437; x_wconf 90' lang='lat' dir='ltr'>patientiam</span> <span class='ocrx_word' id='word_1_550' title='bbox 785 4371 1062 4438; x_wconf 90' lang='lat' dir='ltr'>superat;</span> <span class='ocrx_word' id='word_1_551' title='bbox 1096 4383 1353 4441; x_wconf 88' lang='lat' dir='ltr'>propone</span> <span class='ocrx_word' id='word_1_552' title='bbox 1384 4373 1449 4424; x_wconf 92' lang='lat' dir='ltr'>ut</span> <span class='ocrx_word' id='word_1_553' title='bbox 1469 4368 1635 4439; x_wconf 83' lang='lat' dir='ltr'>libet,</span> <span class='ocrx_word' id='word_1_554' title='bbox 1688 4387 1857 4444; x_wconf 87' lang='lat' dir='ltr'>argu-</span> 
     </span>
    </p>
   </div>
   <div class='ocr_carea' id='block_1_78' title="bbox 214 4454 1857 4531">
    <p class='ocr_par' dir='ltr' id='par_1_78' title="bbox 214 4454 1857 4531">
     <span class='ocr_line' id='line_1_78' title="bbox 214 4454 1857 4531; baseline 0.009 -26"><span class='ocrx_word' id='word_1_555' title='bbox 214 4458 468 4511; x_wconf 87' lang='lat' dir='ltr'>mentare</span> <span class='ocrx_word' id='word_1_556' title='bbox 500 4460 569 4511; x_wconf 91' lang='lat' dir='ltr'>ut</span> <span class='ocrx_word' id='word_1_557' title='bbox 609 4454 768 4525; x_wconf 89' lang='lat' dir='ltr'>libet,</span> <span class='ocrx_word' id='word_1_558' title='bbox 817 4473 1121 4529; x_wconf 91' lang='lat' dir='ltr'>nunquam</span> <span class='ocrx_word' id='word_1_559' title='bbox 1180 4457 1564 4531; x_wconf 78' lang='lat' dir='ltr'>persuadebis</span> <span class='ocrx_word' id='word_1_560' title='bbox 1621 4459 1679 4514; x_wconf 93' lang='lat' dir='ltr'>id</span> <span class='ocrx_word' id='word_1_561' title='bbox 1728 4477 1857 4518; x_wconf 91' lang='lat' dir='ltr'>esse</span> 
     </span>
    </p>
   </div>
   <div class='ocr_carea' id='block_1_79' title="bbox 208 4539 1854 4620">
    <p class='ocr_par' dir='ltr' id='par_1_79' title="bbox 208 4539 1854 4620">
     <span class='ocr_line' id='line_1_79' title="bbox 208 4539 1854 4620; baseline 0.008 -27"><span class='ocrx_word' id='word_1_562' title='bbox 208 4539 572 4616; x_wconf 90' lang='lat' dir='ltr'>episcopum,</span> <span class='ocrx_word' id='word_1_563' title='bbox 604 4546 757 4618; x_wconf 89' lang='lat' dir='ltr'>quod</span> <span class='ocrx_word' id='word_1_564' title='bbox 790 4543 1006 4602; x_wconf 88' lang='lat' dir='ltr'>laicum</span> <span class='ocrx_word' id='word_1_565' title='bbox 1064 4547 1442 4620; x_wconf 87' lang='lat' dir='ltr'>poenitentem</span> <span class='ocrx_word' id='word_1_566' title='bbox 1490 4549 1530 4602; x_wconf 80' lang='grc'>².</span> <span class='ocrx_word' id='word_1_567' title='bbox 1587 4549 1644 4604; x_wconf 92' lang='lat'>0.</span> <span class='ocrx_word' id='word_1_568' title='bbox 1697 4552 1854 4616; x_wconf 90' lang='lat' dir='ltr'>Quo-</span> 
     </span>
    </p>
   </div>
   <div class='ocr_carea' id='block_1_80' title="bbox 1969 3383 3620 3464">
    <p class='ocr_par' dir='ltr' id='par_1_80' title="bbox 1969 3383 3620 3464">
     <span class='ocr_line' id='line_1_80' title="bbox 1969 3383 3620 3464; baseline 0.002 -25"><span class='ocrx_word' id='word_1_569' title='bbox 1969 3401 2168 3440; x_wconf 90' lang='lat' dir='ltr'>secum</span> <span class='ocrx_word' id='word_1_570' title='bbox 2204 3383 2262 3438; x_wconf 91' lang='lat' dir='ltr'>in</span> <span class='ocrx_word' id='word_1_571' title='bbox 2297 3385 2529 3440; x_wconf 89' lang='lat' dir='ltr'>ruinam</span> <span class='ocrx_word' id='word_1_572' title='bbox 2554 3383 2765 3439; x_wconf 91' lang='lat' dir='ltr'>trahet.</span> <span class='ocrx_word' id='word_1_573' title='bbox 2791 3383 3182 3447; x_wconf 88' lang='lat' dir='ltr'>Quamobrem</span> <span class='ocrx_word' id='word_1_574' title='bbox 3202 3401 3398 3464; x_wconf 74' lang='lat' dir='ltr'>quaeso</span> <span class='ocrx_word' id='word_1_575' title='bbox 3420 3403 3521 3443; x_wconf 91' lang='lat' dir='ltr'>vos</span> <span class='ocrx_word' id='word_1_576' title='bbox 3553 3392 3620 3444; x_wconf 90' lang='lat' dir='ltr'>ut</span> 
     </span>
    </p>
   </div>
   <div class='ocr_carea' id='block_1_81' title="bbox 1969 3465 3620 3546">
    <p class='ocr_par' dir='ltr' id='par_1_81' title="bbox 1969 3465 3620 3546">
     <span class='ocr_line' id='line_1_81' title="bbox 1969 3465 3620 3546; baseline 0.002 -16"><span class='ocrx_word' id='word_1_577' title='bbox 1969 3491 2097 3530; x_wconf 89' lang='lat' dir='ltr'>eam</span> <span class='ocrx_word' id='word_1_578' title='bbox 2130 3475 2436 3540; x_wconf 90' lang='lat' dir='ltr'>rationem,</span> <span class='ocrx_word' id='word_1_579' title='bbox 2471 3490 2648 3545; x_wconf 88' lang='lat' dir='ltr'>quam</span> <span class='ocrx_word' id='word_1_580' title='bbox 2681 3473 2740 3528; x_wconf 91' lang='lat' dir='ltr'>in</span> <span class='ocrx_word' id='word_1_581' title='bbox 2774 3473 2976 3546; x_wconf 89' lang='lat' dir='ltr'>paucis</span> <span class='ocrx_word' id='word_1_582' title='bbox 3007 3465 3356 3546; x_wconf 85' lang='lat' dir='ltr'>recipiendis</span> <span class='ocrx_word' id='word_1_583' title='bbox 3403 3475 3620 3533; x_wconf 88' lang='lat' dir='ltr'>habere</span> 
     </span>
    </p>
   </div>
   <div class='ocr_carea' id='block_1_82' title="bbox 1968 3562 3621 3631">
    <p class='ocr_par' dir='ltr' id='par_1_82' title="bbox 1968 3562 3621 3631">
     <span class='ocr_line' id='line_1_82' title="bbox 1968 3562 3621 3631; baseline 0.002 -12"><span class='ocrx_word' id='word_1_584' title='bbox 1968 3581 2071 3620; x_wconf 89' lang='lat' dir='ltr'>vos</span> <span class='ocrx_word' id='word_1_585' title='bbox 2099 3563 2466 3631; x_wconf 85' lang='lat' dir='ltr'>existimatis,</span> <span class='ocrx_word' id='word_1_586' title='bbox 2497 3563 2673 3618; x_wconf 88' lang='lat' dir='ltr'>etiam</span> <span class='ocrx_word' id='word_1_587' title='bbox 2706 3563 2777 3618; x_wconf 91' lang='lat' dir='ltr'>ad</span> <span class='ocrx_word' id='word_1_588' title='bbox 2808 3562 2990 3619; x_wconf 80' lang='lat' dir='ltr'>totius</span> <span class='ocrx_word' id='word_1_589' title='bbox 3021 3563 3180 3619; x_wconf 92' lang='lat' dir='ltr'>orbis</span> <span class='ocrx_word' id='word_1_590' title='bbox 3210 3563 3466 3623; x_wconf 86' lang='lat' dir='ltr'>salutem</span> <span class='ocrx_word' id='word_1_591' title='bbox 3489 3582 3621 3622; x_wconf 89' lang='lat' dir='ltr'>con-</span> 
     </span>
    </p>
   </div>
   <div class='ocr_carea' id='block_1_83' title="bbox 1967 3650 3612 3724">
    <p class='ocr_par' dir='ltr' id='par_1_83' title="bbox 1967 3650 3612 3724">
     <span class='ocr_line' id='line_1_83' title="bbox 1967 3650 3612 3724; baseline 0.002 -16"><span class='ocrx_word' id='word_1_592' title='bbox 1967 3653 2205 3709; x_wconf 88' lang='lat' dir='ltr'>cedatis.</span> <span class='ocrx_word' id='word_1_593' title='bbox 2239 3652 2401 3716; x_wconf 89' lang='lat' dir='ltr'>Quod</span> <span class='ocrx_word' id='word_1_594' title='bbox 2435 3652 2484 3707; x_wconf 93' lang='lat' dir='ltr'>si</span> <span class='ocrx_word' id='word_1_595' title='bbox 2544 3650 2902 3724; x_wconf 82' lang='lat' dir='ltr'>displicet,et</span> <span class='ocrx_word' id='word_1_596' title='bbox 2948 3655 3070 3708; x_wconf 90' lang='lat' dir='ltr'>tam</span> <span class='ocrx_word' id='word_1_597' title='bbox 3095 3652 3229 3708; x_wconf 91' lang='lat' dir='ltr'>duri</span> <span class='ocrx_word' id='word_1_598' title='bbox 3279 3655 3443 3722; x_wconf 90' lang='lat' dir='ltr'>estis,</span> <span class='ocrx_word' id='word_1_599' title='bbox 3492 3655 3612 3712; x_wconf 90' lang='lat' dir='ltr'>imo</span> 
     </span>
    </p>
   </div>
   <div class='ocr_carea' id='block_1_84' title="bbox 1969 3737 3616 3815">
    <p class='ocr_par' dir='ltr' id='par_1_84' title="bbox 1969 3737 3616 3815">
     <span class='ocr_line' id='line_1_84' title="bbox 1969 3737 3616 3815; baseline 0.002 -18"><span class='ocrx_word' id='word_1_600' title='bbox 1969 3746 2088 3798; x_wconf 88' lang='lat' dir='ltr'>tam</span> <span class='ocrx_word' id='word_1_601' title='bbox 2111 3737 2590 3798; x_wconf 84' lang='lat' dir='ltr'>irrationabiliter</span> <span class='ocrx_word' id='word_1_602' title='bbox 2613 3739 3015 3806; x_wconf 90' lang='lat' dir='ltr'>inclementes,</span> <span class='ocrx_word' id='word_1_603' title='bbox 3041 3746 3107 3796; x_wconf 93' lang='lat' dir='ltr'>ut</span> <span class='ocrx_word' id='word_1_604' title='bbox 3135 3759 3272 3798; x_wconf 91' lang='lat' dir='ltr'>eum</span> <span class='ocrx_word' id='word_1_605' title='bbox 3291 3743 3391 3815; x_wconf 93' lang='lat' dir='ltr'>qui</span> <span class='ocrx_word' id='word_1_606' title='bbox 3440 3745 3616 3800; x_wconf 89' lang='lat' dir='ltr'>dede-</span> 
     </span>
    </p>
   </div>
   <div class='ocr_carea' id='block_1_85' title="bbox 1969 3829 3620 3905">
    <p class='ocr_par' dir='ltr' id='par_1_85' title="bbox 1969 3829 3620 3905">
     <span class='ocr_line' id='line_1_85' title="bbox 1969 3829 3620 3905; baseline 0.002 -18"><span class='ocrx_word' id='word_1_607' title='bbox 1969 3832 2045 3888; x_wconf 94' lang='lat' dir='ltr'>rit</span> <span class='ocrx_word' id='word_1_608' title='bbox 2073 3831 2368 3903; x_wconf 86' lang='lat' dir='ltr'>haptisma</span> <span class='ocrx_word' id='word_1_609' title='bbox 2396 3830 2626 3887; x_wconf 88' lang='lat' dir='ltr'>hostem</span> <span class='ocrx_word' id='word_1_610' title='bbox 2686 3829 2922 3897; x_wconf 89' lang='lat' dir='ltr'>Christi,</span> <span class='ocrx_word' id='word_1_611' title='bbox 2983 3846 3116 3886; x_wconf 89' lang='lat' dir='ltr'>eum</span> <span class='ocrx_word' id='word_1_612' title='bbox 3175 3831 3274 3903; x_wconf 89' lang='lat' dir='ltr'>qui</span> <span class='ocrx_word' id='word_1_613' title='bbox 3331 3834 3620 3905; x_wconf 86' lang='lat' dir='ltr'>acceperit</span> 
     </span>
    </p>
   </div>
   <div class='ocr_carea' id='block_1_86' title="bbox 1971 3918 3611 3993">
    <p class='ocr_par' dir='ltr' id='par_1_86' title="bbox 1971 3918 3611 3993">
     <span class='ocr_line' id='line_1_86' title="bbox 1971 3918 3611 3993; baseline 0.002 -18"><span class='ocrx_word' id='word_1_614' title='bbox 1971 3920 2158 3976; x_wconf 81' lang='lat' dir='ltr'>ﬁlium</span> <span class='ocrx_word' id='word_1_615' title='bbox 2183 3919 2436 3993; x_wconf 87' lang='lat' dir='ltr'>putetis;</span> <span class='ocrx_word' id='word_1_616' title='bbox 2471 3935 2576 3974; x_wconf 91' lang='lat' dir='ltr'>nos</span> <span class='ocrx_word' id='word_1_617' title='bbox 2636 3918 2803 3975; x_wconf 90' lang='lat' dir='ltr'>nobis</span> <span class='ocrx_word' id='word_1_618' title='bbox 2853 3919 3097 3974; x_wconf 88' lang='lat' dir='ltr'>adversa</span> <span class='ocrx_word' id='word_1_619' title='bbox 3154 3936 3268 3975; x_wconf 93' lang='lat' dir='ltr'>non</span> <span class='ocrx_word' id='word_1_620' title='bbox 3325 3921 3611 3979; x_wconf 88' lang='lat' dir='ltr'>facimus:</span> 
     </span>
    </p>
   </div>
   <div class='ocr_carea' id='block_1_87' title="bbox 1969 4007 3619 4081">
    <p class='ocr_par' dir='ltr' id='par_1_87' title="bbox 1969 4007 3619 4081">
     <span class='ocr_line' id='line_1_87' title="bbox 1969 4007 3619 4081; baseline 0.002 -16"><span class='ocrx_word' id='word_1_621' title='bbox 1969 4014 2069 4065; x_wconf 91' lang='lat' dir='ltr'>aut</span> <span class='ocrx_word' id='word_1_622' title='bbox 2099 4009 2438 4081; x_wconf 89' lang='lat' dir='ltr'>episcopum</span> <span class='ocrx_word' id='word_1_623' title='bbox 2468 4025 2601 4063; x_wconf 88' lang='lat' dir='ltr'>cum</span> <span class='ocrx_word' id='word_1_624' title='bbox 2649 4007 2862 4080; x_wconf 90' lang='lat' dir='ltr'>populo</span> <span class='ocrx_word' id='word_1_625' title='bbox 2907 4009 3247 4080; x_wconf 91' lang='lat' dir='ltr'>recipimus,</span> <span class='ocrx_word' id='word_1_626' title='bbox 3281 4026 3454 4081; x_wconf 90' lang='lat' dir='ltr'>quem</span> <span class='ocrx_word' id='word_1_627' title='bbox 3482 4011 3619 4069; x_wconf 72' lang='lat' dir='ltr'>facit</span> 
     </span>
    </p>
   </div>
   <div class='ocr_carea' id='block_1_88' title="bbox 1966 4096 3615 4174">
    <p class='ocr_par' dir='ltr' id='par_1_88' title="bbox 1966 4096 3615 4174">
     <span class='ocr_line' id='line_1_88' title="bbox 1966 4096 3615 4174; baseline 0.002 -19"><span class='ocrx_word' id='word_1_628' title='bbox 1966 4098 2408 4155; x_wconf 86' lang='lat' dir='ltr'>Christianum:</span> <span class='ocrx_word' id='word_1_629' title='bbox 2462 4101 2564 4153; x_wconf 89' lang='lat' dir='ltr'>aut</span> <span class='ocrx_word' id='word_1_630' title='bbox 2619 4097 2666 4152; x_wconf 92' lang='lat' dir='ltr'>si</span> <span class='ocrx_word' id='word_1_631' title='bbox 2720 4096 3060 4169; x_wconf 88' lang='lat' dir='ltr'>episcopum</span> <span class='ocrx_word' id='word_1_632' title='bbox 3101 4103 3236 4153; x_wconf 64' lang='lat' dir='ltr'>non’</span> <span class='ocrx_word' id='word_1_633' title='bbox 3276 4099 3615 4174; x_wconf 89' lang='lat' dir='ltr'>recipimus,</span> 
     </span>
    </p>
   </div>
   <div class='ocr_carea' id='block_1_89' title="bbox 1967 4185 3361 4258">
    <p class='ocr_par' dir='ltr' id='par_1_89' title="bbox 1967 4185 3361 4258">
     <span class='ocr_line' id='line_1_89' title="bbox 1967 4185 3361 4258; baseline -0.002 -11"><span class='ocrx_word' id='word_1_634' title='bbox 1967 4190 2188 4248; x_wconf 86' lang='lat' dir='ltr'>scimus</span> <span class='ocrx_word' id='word_1_635' title='bbox 2219 4188 2394 4244; x_wconf 91' lang='lat' dir='ltr'>etiam</span> <span class='ocrx_word' id='word_1_636' title='bbox 2426 4188 2596 4243; x_wconf 90' lang='lat' dir='ltr'>nobis</span> <span class='ocrx_word' id='word_1_637' title='bbox 2626 4185 2907 4258; x_wconf 91' lang='lat' dir='ltr'>populum</span> <span class='ocrx_word' id='word_1_638' title='bbox 2958 4187 3361 4258; x_wconf 89' lang='lat' dir='ltr'>rejiciendum.</span> 
     </span>
    </p>
   </div>
   <div class='ocr_carea' id='block_1_90' title="bbox 2038 4276 3614 4351">
    <p class='ocr_par' dir='ltr' id='par_1_90' title="bbox 2038 4276 3614 4351">
     <span class='ocr_line' id='line_1_90' title="bbox 2038 4276 3614 4351; baseline 0.001 -16"><span class='ocrx_word' id='word_1_639' title='bbox 2038 4284 2090 4336; x_wconf 87' lang='lat'>5.</span> <span class='ocrx_word' id='word_1_640' title='bbox 2124 4279 2415 4351; x_wconf 80' lang='lat' dir='ltr'>EpiscOpus</span> <span class='ocrx_word' id='word_1_641' title='bbox 2466 4276 2874 4332; x_wconf 79' lang='lat' dir='ltr'>condimentum</span> <span class='ocrx_word' id='word_1_642' title='bbox 2929 4293 3042 4332; x_wconf 66' lang='lat' dir='ltr'>suae</span> <span class='ocrx_word' id='word_1_643' title='bbox 3090 4279 3365 4337; x_wconf 69' lang='lat' dir='ltr'>Ecclesia).</span> <span class='ocrx_word' id='word_1_644' title='bbox 3433 4281 3614 4337; x_wconf 81' lang='lat' dir='ltr'>Fletus</span> 
     </span>
    </p>
   </div>
   <div class='ocr_carea' id='block_1_91' title="bbox 1966 4366 3613 4442">
    <p class='ocr_par' dir='ltr' id='par_1_91' title="bbox 1966 4366 3613 4442">
     <span class='ocr_line' id='line_1_91' title="bbox 1966 4366 3613 4442; baseline 0.001 -17"><span class='ocrx_word' id='word_1_645' title='bbox 1966 4370 2218 4425; x_wconf 54' lang='lat' dir='ltr'>Ecclesia</span> <span class='ocrx_word' id='word_1_646' title='bbox 2245 4384 2345 4439; x_wconf 92' lang='lat' dir='ltr'>pro</span> <span class='ocrx_word' id='word_1_647' title='bbox 2371 4366 2778 4438; x_wconf 67' lang='lat' dir='ltr'>paenitentibus.</span> <span class='ocrx_word' id='word_1_648' title='bbox 2820 4366 2981 4422; x_wconf 86' lang='lat' dir='ltr'>Liber</span> <span class='ocrx_word' id='word_1_649' title='bbox 3035 4367 3317 4424; x_wconf 85' lang='lat' dir='ltr'>duodecim</span> <span class='ocrx_word' id='word_1_650' title='bbox 3373 4370 3613 4442; x_wconf 83' lang='lat' dir='ltr'>Prophe-</span> 
     </span>
    </p>
   </div>
   <div class='ocr_carea' id='block_1_92' title="bbox 1965 4457 3611 4530">
    <p class='ocr_par' dir='ltr' id='par_1_92' title="bbox 1965 4457 3611 4530">
     <span class='ocr_line' id='line_1_92' title="bbox 1965 4457 3611 4530; baseline 0.001 -15"><span class='ocrx_word' id='word_1_651' title='bbox 1965 4464 2174 4516; x_wconf 83' lang='lat' dir='ltr'>tarum.</span> <span class='ocrx_word' id='word_1_652' title='bbox 2211 4457 2406 4513; x_wconf 87' lang='lat' dir='ltr'>Oculus</span> <span class='ocrx_word' id='word_1_653' title='bbox 2452 4457 2714 4513; x_wconf 68' lang='lat' dir='ltr'>Ecclesiw</span> <span class='ocrx_word' id='word_1_654' title='bbox 2769 4457 3068 4530; x_wconf 82' lang='lat' dir='ltr'>episcopus.</span> <span class='ocrx_word' id='word_1_655' title='bbox 3119 4490 3187 4497; x_wconf 89' lang='lat'>-—</span> <span class='ocrx_word' id='word_1_656' title='bbox 3235 4459 3294 4514; x_wconf 94' lang='lat' dir='ltr'>L.</span> <span class='ocrx_word' id='word_1_657' title='bbox 3353 4458 3464 4516; x_wconf 90' lang='lat' dir='ltr'>Oro</span> <span class='ocrx_word' id='word_1_658' title='bbox 3536 4464 3611 4528; x_wconf 88' lang='lat' dir='ltr'>te,</span> 
     </span>
    </p>
   </div>
   <div class='ocr_carea' id='block_1_93' title="bbox 1965 4545 3613 4619">
    <p class='ocr_par' dir='ltr' id='par_1_93' title="bbox 1965 4545 3613 4619">
     <span class='ocr_line' id='line_1_93' title="bbox 1965 4545 3613 4619; baseline 0.001 -16"><span class='ocrx_word' id='word_1_659' title='bbox 1965 4564 2160 4605; x_wconf 91' lang='lat' dir='ltr'>nonne</span> <span class='ocrx_word' id='word_1_660' title='bbox 2191 4549 2213 4582; x_wconf 79' lang='grc'>⁹</span> <span class='ocrx_word' id='word_1_661' title='bbox 2241 4546 2434 4619; x_wconf 90' lang='lat' dir='ltr'>legisti</span> <span class='ocrx_word' id='word_1_662' title='bbox 2466 4546 2536 4602; x_wconf 91' lang='lat' dir='ltr'>de</span> <span class='ocrx_word' id='word_1_663' title='bbox 2567 4545 2856 4618; x_wconf 88' lang='lat' dir='ltr'>episcopis</span> <span class='ocrx_word' id='word_1_664' title='bbox 2887 4547 3110 4602; x_wconf 91' lang='lat' dir='ltr'>dictum</span> <span class='ocrx_word' id='word_1_665' title='bbox 3138 4563 3152 4604; x_wconf 90' lang='lat'>:</span> <span class='ocrx_word' id='word_1_666' title='bbox 3187 4549 3280 4604; x_wconf 82' lang='lat' dir='ltr'>Vos</span> <span class='ocrx_word' id='word_1_667' title='bbox 3338 4550 3466 4604; x_wconf 83' lang='lat' dir='ltr'>estis</span> <span class='ocrx_word' id='word_1_668' title='bbox 3521 4549 3613 4605; x_wconf 81' lang='lat' dir='ltr'>sal</span> 
     </span>
    </p>
   </div>
   <div class='ocr_carea' id='block_1_94' title="bbox 274 4657 3639 4746">
    <p class='ocr_par' dir='ltr' id='par_1_94' title="bbox 274 4657 3639 4746">
     <span class='ocr_line' id='line_1_94' title="bbox 274 4657 3639 4746; baseline 0.001 -22"><span class='ocrx_word' id='word_1_669' title='bbox 274 4666 288 4698; x_wconf 87' lang='grc'>¹</span> <span class='ocrx_word' id='word_1_670' title='bbox 317 4668 435 4746; x_wconf 51' lang='grc' dir='ltr'>ᾄσῃ</span> <span class='ocrx_word' id='word_1_671' title='bbox 455 4674 545 4746; x_wconf 54' lang='lat' dir='ltr'>est</span> <span class='ocrx_word' id='word_1_672' title='bbox 576 4672 759 4746; x_wconf 83' lang='lat' dir='ltr'>ipsum</span> <span class='ocrx_word' id='word_1_673' title='bbox 791 4671 1066 4746; x_wconf 71' lang='lat' dir='ltr'>lacrymas</span> <span class='ocrx_word' id='word_1_674' title='bbox 1084 4674 1335 4744; x_wconf 83' lang='lat' dir='ltr'>fundere.</span> <span class='ocrx_word' id='word_1_675' title='bbox 1397 4674 1701 4746; x_wconf 88' lang='lat' dir='ltr'>Superﬂue</span> <span class='ocrx_word' id='word_1_676' title='bbox 1758 4673 1853 4732; x_wconf 88' lang='lat' dir='ltr'>hic</span> <span class='ocrx_word' id='word_1_677' title='bbox 1885 4659 1930 4726; x_wconf 83' lang='lat' dir='ltr'>D</span> <span class='ocrx_word' id='word_1_678' title='bbox 1963 4673 2242 4730; x_wconf 88' lang='lat' dir='ltr'>omiserat</span> <span class='ocrx_word' id='word_1_679' title='bbox 2273 4671 2667 4737; x_wconf 72' lang='lat' dir='ltr'>Martianmus,</span> <span class='ocrx_word' id='word_1_680' title='bbox 2701 4672 2858 4743; x_wconf 89' lang='lat' dir='ltr'>quod</span> <span class='ocrx_word' id='word_1_681' title='bbox 2894 4671 2953 4726; x_wconf 91' lang='lat' dir='ltr'>in</span> <span class='ocrx_word' id='word_1_682' title='bbox 2980 4671 3105 4728; x_wconf 88' lang='lat' dir='ltr'>suis</span> <span class='ocrx_word' id='word_1_683' title='bbox 3135 4688 3279 4728; x_wconf 91' lang='lat' dir='ltr'>mss.</span> <span class='ocrx_word' id='word_1_684' title='bbox 3313 4687 3430 4728; x_wconf 90' lang='lat' dir='ltr'>non</span> <span class='ocrx_word' id='word_1_685' title='bbox 3460 4657 3639 4728; x_wconf 33' lang='lat' dir='ltr'>inve?</span> 
     </span>
    </p>
   </div>
   <div class='ocr_carea' id='block_1_95' title="bbox 205 4735 1851 4803">
    <p class='ocr_par' dir='ltr' id='par_1_95' title="bbox 205 4735 1851 4803">
     <span class='ocr_line' id='line_1_95' title="bbox 205 4735 1851 4803; baseline 0.008 -13"><span class='ocrx_word' id='word_1_686' title='bbox 205 4735 259 4790; x_wconf 91' lang='lat' dir='ltr'>in</span> <span class='ocrx_word' id='word_1_687' title='bbox 283 4739 455 4797; x_wconf 89' lang='lat' dir='ltr'>editis</span> <span class='ocrx_word' id='word_1_688' title='bbox 490 4735 724 4798; x_wconf 78' lang='lat' dir='ltr'>Erasmi</span> <span class='ocrx_word' id='word_1_689' title='bbox 771 4748 828 4800; x_wconf 92' lang='lat' dir='ltr'>et</span> <span class='ocrx_word' id='word_1_690' title='bbox 884 4735 1128 4800; x_wconf 80' lang='lat' dir='ltr'>Mariani</span> <span class='ocrx_word' id='word_1_691' title='bbox 1182 4745 1452 4802; x_wconf 89' lang='lat' dir='ltr'>additum</span> <span class='ocrx_word' id='word_1_692' title='bbox 1483 4735 1602 4802; x_wconf 44' lang='lat' dir='ltr'>.est</span> <span class='ocrx_word' id='word_1_693' title='bbox 1639 4763 1851 4803; x_wconf 90' lang='lat' dir='ltr'>nomen</span> 
     </span>
    </p>
   </div>
   <div class='ocr_carea' id='block_1_96' title="bbox 202 4810 1852 4890">
    <p class='ocr_par' dir='ltr' id='par_1_96' title="bbox 202 4810 1852 4890">
     <span class='ocr_line' id='line_1_96' title="bbox 202 4810 1852 4890; baseline 0.006 -26"><span class='ocrx_word' id='word_1_694' title='bbox 202 4810 450 4890; x_wconf 64' lang='lat' dir='ltr'>episcopi,</span> <span class='ocrx_word' id='word_1_695' title='bbox 489 4813 652 4890; x_wconf 81' lang='lat' dir='ltr'>quod</span> <span class='ocrx_word' id='word_1_696' title='bbox 685 4831 798 4871; x_wconf 93' lang='lat' dir='ltr'>non</span> <span class='ocrx_word' id='word_1_697' title='bbox 848 4815 1051 4890; x_wconf 75' lang='lat' dir='ltr'>legunt</span> <span class='ocrx_word' id='word_1_698' title='bbox 1098 4816 1452 4890; x_wconf 83' lang='lat' dir='ltr'>exemplaria</span> <span class='ocrx_word' id='word_1_699' title='bbox 1508 4823 1720 4890; x_wconf 87' lang='lat' dir='ltr'>vetera.</span> <span class='ocrx_word' id='word_1_700' title='bbox 1776 4824 1852 4874; x_wconf 84' lang='lat' dir='ltr'>Ex</span> 
     </span>
    </p>
   </div>
   <div class='ocr_carea' id='block_1_97' title="bbox 205 4876 1850 4970">
    <p class='ocr_par' dir='ltr' id='par_1_97' title="bbox 205 4876 1850 4970">
     <span class='ocr_line' id='line_1_97' title="bbox 205 4876 1850 4970; baseline 0.006 -34"><span class='ocrx_word' id='word_1_701' title='bbox 205 4876 526 4970; x_wconf 40' lang='lat' dir='ltr'>hlocpp&#39;or&#39;ro.</span> <span class='ocrx_word' id='word_1_702' title='bbox 548 4885 674 4942; x_wconf 93' lang='lat' dir='ltr'>loco</span> <span class='ocrx_word' id='word_1_703' title='bbox 707 4876 1075 4970; x_wconf 67' lang='lat' dir='ltr'>apertissime</span> <span class='ocrx_word' id='word_1_704' title='bbox 1096 4876 1514 4970; x_wconf 69' lang='lat' dir='ltr'>comprobatur</span> <span class='ocrx_word' id='word_1_705' title='bbox 1543 4889 1687 4946; x_wconf 81' lang='lat' dir='ltr'>fides</span> <span class='ocrx_word' id='word_1_706' title='bbox 1747 4891 1850 4970; x_wconf 82' lang='lat' dir='ltr'>Ca-</span> 
     </span>
    </p>
   </div>
   <div class='ocr_carea' id='block_1_98' title="bbox 204 4949 1850 5034">
    <p class='ocr_par' dir='ltr' id='par_1_98' title="bbox 204 4949 1850 5034">
     <span class='ocr_line' id='line_1_98' title="bbox 204 4949 1850 5034; baseline 0.009 -29"><span class='ocrx_word' id='word_1_707' title='bbox 204 4949 432 5034; x_wconf 70' lang='lat' dir='ltr'>tholica,</span> <span class='ocrx_word' id='word_1_708' title='bbox 452 4949 900 5034; x_wconf 33' lang='lat' dir='ltr'>qua-credimus</span> <span class='ocrx_word' id='word_1_709' title='bbox 931 4976 1134 5034; x_wconf 86' lang='lat' dir='ltr'>verum</span> <span class='ocrx_word' id='word_1_710' title='bbox 1193 4949 1405 5017; x_wconf 85' lang='lat' dir='ltr'>Christi</span> <span class='ocrx_word' id='word_1_711' title='bbox 1436 4978 1666 5034; x_wconf 80' lang='lat' dir='ltr'>corpus</span> <span class='ocrx_word' id='word_1_712' title='bbox 1706 4964 1850 5019; x_wconf 86' lang='lat' dir='ltr'>exsi-</span> 
     </span>
    </p>
   </div>
   <div class='ocr_carea' id='block_1_99' title="bbox 205 5027 1848 5099">
    <p class='ocr_par' dir='ltr' id='par_1_99' title="bbox 205 5027 1848 5099">
     <span class='ocr_line' id='line_1_99' title="bbox 205 5027 1848 5099; baseline 0.008 -22"><span class='ocrx_word' id='word_1_713' title='bbox 205 5028 346 5099; x_wconf 79' lang='lat' dir='ltr'>stere</span> <span class='ocrx_word' id='word_1_714' title='bbox 372 5027 432 5082; x_wconf 86' lang='lat' dir='ltr'>in</span> <span class='ocrx_word' id='word_1_715' title='bbox 452 5027 840 5099; x_wconf 90' lang='lat' dir='ltr'>Eucharistia,</span> <span class='ocrx_word' id='word_1_716' title='bbox 865 5036 922 5088; x_wconf 90' lang='lat' dir='ltr'>et</span> <span class='ocrx_word' id='word_1_717' title='bbox 943 5033 1217 5089; x_wconf 91' lang='lat' dir='ltr'>manibus</span> <span class='ocrx_word' id='word_1_718' title='bbox 1250 5027 1617 5089; x_wconf 72' lang='lat' dir='ltr'>sacerdotum</span> <span class='ocrx_word' id='word_1_719' title='bbox 1641 5038 1848 5090; x_wconf 83' lang='lat' dir='ltr'>attrec-</span> 
     </span>
    </p>
   </div>
   <div class='ocr_carea' id='block_1_100' title="bbox 203 5095 1848 5180">
    <p class='ocr_par' dir='ltr' id='par_1_100' title="bbox 203 5095 1848 5180">
     <span class='ocr_line' id='line_1_100' title="bbox 203 5095 1848 5180; baseline 0.007 -30"><span class='ocrx_word' id='word_1_720' title='bbox 203 5095 342 5180; x_wconf 45' lang='lat' dir='ltr'>tari.;</span> <span class='ocrx_word' id='word_1_721' title='bbox 375 5115 406 5180; x_wconf 84' lang='lat' dir='ltr'>e</span> <span class='ocrx_word' id='word_1_722' title='bbox 437 5099 683 5180; x_wconf 81' lang='lat' dir='ltr'>sublimi</span> <span class='ocrx_word' id='word_1_723' title='bbox 742 5095 868 5180; x_wconf 81' lang='lat' dir='ltr'>loco</span> <span class='ocrx_word' id='word_1_724' title='bbox 929 5104 1315 5172; x_wconf 89' lang='lat' dir='ltr'>Eucharistia,</span> <span class='ocrx_word' id='word_1_725' title='bbox 1351 5121 1583 5177; x_wconf 90' lang='lat' dir='ltr'>quoque</span> <span class='ocrx_word' id='word_1_726' title='bbox 1633 5106 1848 5178; x_wconf 90' lang='lat' dir='ltr'>populo</span> 
     </span>
    </p>
   </div>
   <div class='ocr_carea' id='block_1_101' title="bbox 203 5174 1665 5232">
    <p class='ocr_par' dir='ltr' id='par_1_101' title="bbox 203 5174 1665 5232">
     <span class='ocr_line' id='line_1_101' title="bbox 203 5174 1665 5232; baseline 0.01 -11"><span class='ocrx_word' id='word_1_727' title='bbox 203 5174 593 5228; x_wconf 86' lang='lat' dir='ltr'>ministratam</span> <span class='ocrx_word' id='word_1_728' title='bbox 619 5174 924 5232; x_wconf 89' lang='lat' dir='ltr'>discimus.</span> <span class='ocrx_word' id='word_1_729' title='bbox 1368 5174 1665 5232; x_wconf 56' lang='grc' dir='ltr'>’ΜΑιὶτῐΑῐκί</span> 
     </span>
    </p>
   </div>
   <div class='ocr_carea' id='block_1_102' title="bbox 265 5240 1846 5321">
    <p class='ocr_par' dir='ltr' id='par_1_102' title="bbox 265 5240 1846 5321">
     <span class='ocr_line' id='line_1_102' title="bbox 265 5240 1846 5321; baseline 0.005 -25"><span class='ocrx_word' id='word_1_730' title='bbox 265 5240 286 5273; x_wconf 73' lang='grc'>³</span> <span class='ocrx_word' id='word_1_731' title='bbox 309 5243 564 5300; x_wconf 88' lang='lat' dir='ltr'>Gravius</span> <span class='ocrx_word' id='word_1_732' title='bbox 583 5247 673 5321; x_wconf 79' lang='lat' dir='ltr'>sic</span> <span class='ocrx_word' id='word_1_733' title='bbox 695 5245 810 5321; x_wconf 81' lang='lat' dir='ltr'>legi</span> <span class='ocrx_word' id='word_1_734' title='bbox 833 5247 1087 5319; x_wconf 86' lang='lat' dir='ltr'>jubet,id</span> <span class='ocrx_word' id='word_1_735' title='bbox 1142 5264 1280 5321; x_wconf 8' lang='lat' dir='ltr'>esse;</span> <span class='ocrx_word' id='word_1_736' title='bbox 1311 5251 1623 5321; x_wconf 81' lang='lat' dir='ltr'>episcOpum</span> <span class='ocrx_word' id='word_1_737' title='bbox 1677 5248 1846 5319; x_wconf 85' lang='lat' dir='ltr'>conﬁ-</span> 
     </span>
    </p>
   </div>
   <div class='ocr_carea' id='block_1_103' title="bbox 200 5312 1848 5438">
    <p class='ocr_par' dir='ltr' id='par_1_103' title="bbox 200 5312 1848 5438">
     <span class='ocr_line' id='line_1_103' title="bbox 200 5312 1848 5438; baseline 0.005 -70"><span class='ocrx_word' id='word_1_738' title='bbox 200 5312 414 5438; x_wconf 46' lang='lat' dir='ltr'>tegtetm,</span> <span class='ocrx_word' id='word_1_739' title='bbox 446 5317 596 5388; x_wconf 83' lang='lat' dir='ltr'>quod</span> <span class='ocrx_word' id='word_1_740' title='bbox 621 5312 1217 5392; x_wconf 66' lang='lat' dir='ltr'>laicumpwnitentem,</span> <span class='ocrx_word' id='word_1_741' title='bbox 1269 5312 1446 5392; x_wconf 77' lang='lat' dir='ltr'>idque</span> <span class='ocrx_word' id='word_1_742' title='bbox 1491 5312 1729 5386; x_wconf 77' lang='lat' dir='ltr'>rectius,</span> <span class='ocrx_word' id='word_1_743' title='bbox 1779 5312 1848 5376; x_wconf 82' lang='lat' dir='ltr'>ut</span> 
     </span>
     <span class='ocr_line' id='line_1_104' title="bbox 233 5399 444 5438; baseline 0.019 -4"><span class='ocrx_word' id='word_1_744' title='bbox 233 5399 244 5434; x_wconf 88' lang='grc'><strong>1</strong></span> <span class='ocrx_word' id='word_1_745' title='bbox 291 5402 319 5438; x_wconf 80' lang='lat'>8</span> <span class='ocrx_word' id='word_1_746' title='bbox 353 5403 444 5438; x_wconf 71' lang='lat' dir='ltr'>UP.</span> 
     </span>
    </p>
   </div>
   <div class='ocr_carea' id='block_1_104' title="bbox 199 5391 444 5442">
    <p class='ocr_par' dir='ltr' id='par_1_104' title="bbox 199 5391 444 5442">
     <span class='ocr_line' id='line_1_105' title="bbox 199 5391 444 5442; baseline 0.037 -9"><span class='ocrx_word' id='word_1_747' title='bbox 199 5391 444 5442; x_wconf 82' lang='lat' dir='ltr'>videtur.</span> 
     </span>
    </p>
   </div>
   <div class='ocr_carea' id='block_1_105' title="bbox 260 5456 1595 5537">
    <p class='ocr_par' dir='ltr' id='par_1_105' title="bbox 260 5456 1595 5537">
     <span class='ocr_line' id='line_1_106' title="bbox 260 5456 1595 5537; baseline 0.004 -23"><span class='ocrx_word' id='word_1_748' title='bbox 260 5456 279 5537; x_wconf 57' lang='grc' dir='ltr'><em>ξ</em></span> <span class='ocrx_word' id='word_1_749' title='bbox 308 5457 368 5537; x_wconf 60' lang='grc' dir='ltr'>[ι]</span> <span class='ocrx_word' id='word_1_750' title='bbox 405 5457 605 5537; x_wconf 70' lang='lat' dir='ltr'>Veteri</span> <span class='ocrx_word' id='word_1_751' title='bbox 628 5463 788 5537; x_wconf 86' lang='lat' dir='ltr'>edit.,</span> <span class='ocrx_word' id='word_1_752' title='bbox 824 5467 1040 5537; x_wconf 80' lang='lat' dir='ltr'>Recipio</span> <span class='ocrx_word' id='word_1_753' title='bbox 1069 5473 1123 5520; x_wconf 83' lang='lat' dir='ltr'>et</span> <span class='ocrx_word' id='word_1_754' title='bbox 1150 5480 1244 5537; x_wconf 85' lang='lat' dir='ltr'>ego</span> <span class='ocrx_word' id='word_1_755' title='bbox 1261 5466 1595 5537; x_wconf 64' lang='lat' dir='ltr'>episcolium.</span> 
     </span>
    </p>
   </div>
   <div class='ocr_carea' id='block_1_106' title="bbox 257 5530 1846 5620">
    <p class='ocr_par' dir='ltr' id='par_1_106' title="bbox 257 5530 1846 5620">
     <span class='ocr_line' id='line_1_107' title="bbox 257 5530 1846 5620; baseline 0.004 -35"><span class='ocrx_word' id='word_1_756' title='bbox 257 5530 783 5620; x_wconf 41' lang='lat' dir='ltr'>:Certaquadam&#39;</span> <span class='ocrx_word' id='word_1_757' title='bbox 825 5530 1347 5620; x_wconf 38' lang='lat' dir='ltr'>accepti&#39;one&#39;plebi</span> <span class='ocrx_word' id='word_1_758' title='bbox 1396 5530 1630 5620; x_wconf 61' lang='lat' dir='ltr'>quoque</span> <span class='ocrx_word' id='word_1_759' title='bbox 1691 5552 1846 5619; x_wconf 53' lang='lat' dir='ltr'>corn:</span> 
     </span>
    </p>
   </div>
   <div class='ocr_carea' id='block_1_107' title="bbox 195 5603 1843 5681">
    <p class='ocr_par' dir='ltr' id='par_1_107' title="bbox 195 5603 1843 5681">
     <span class='ocr_line' id='line_1_108' title="bbox 195 5603 1843 5681; baseline 0.004 -25"><span class='ocrx_word' id='word_1_760' title='bbox 195 5611 359 5681; x_wconf 69' lang='lat' dir='ltr'>mune</span> <span class='ocrx_word' id='word_1_761' title='bbox 411 5603 603 5681; x_wconf 79' lang='lat' dir='ltr'>fuisse</span> <span class='ocrx_word' id='word_1_762' title='bbox 661 5607 823 5675; x_wconf 91' lang='lat' dir='ltr'>olim,</span> <span class='ocrx_word' id='word_1_763' title='bbox 883 5603 1091 5681; x_wconf 84' lang='lat' dir='ltr'>primis</span> <span class='ocrx_word' id='word_1_764' title='bbox 1140 5603 1349 5681; x_wconf 78' lang='lat' dir='ltr'>nempe</span> <span class='ocrx_word' id='word_1_765' title='bbox 1405 5603 1843 5681; x_wconf 61' lang='lat' dir='ltr'>Chri&#39;stianismi</span> 
     </span>
    </p>
   </div>
   <div class='ocr_carea' id='block_1_108' title="bbox 1965 4746 2168 4801">
    <p class='ocr_par' dir='ltr' id='par_1_108' title="bbox 1965 4746 2168 4801">
     <span class='ocr_line' id='line_1_109' title="bbox 1965 4746 2168 4801; baseline -0.005 0"><span class='ocrx_word' id='word_1_766' title='bbox 1965 4746 2168 4801; x_wconf 83' lang='lat' dir='ltr'>uisset.</span> 
     </span>
    </p>
   </div>
   <div class='ocr_carea' id='block_1_109' title="bbox 2034 4813 3610 4884">
    <p class='ocr_par' dir='ltr' id='par_1_109' title="bbox 2034 4813 3610 4884">
     <span class='ocr_line' id='line_1_110' title="bbox 2034 4813 3610 4884; baseline -0.001 -12"><span class='ocrx_word' id='word_1_767' title='bbox 2034 4818 2187 4872; x_wconf 61' lang='lat' dir='ltr'>“Deo</span> <span class='ocrx_word' id='word_1_768' title='bbox 2248 4818 2403 4871; x_wconf 84' lang='lat' dir='ltr'>Patri</span> <span class='ocrx_word' id='word_1_769' title='bbox 2457 4831 2552 4870; x_wconf 84' lang='lat' dir='ltr'>suo</span> <span class='ocrx_word' id='word_1_770' title='bbox 2611 4815 2761 4884; x_wconf 81' lang='lat' dir='ltr'>fecit.</span> <span class='ocrx_word' id='word_1_771' title='bbox 2821 4814 3061 4869; x_wconf 87' lang='lat' dir='ltr'>Addunt</span> <span class='ocrx_word' id='word_1_772' title='bbox 3119 4814 3255 4870; x_wconf 90' lang='lat' dir='ltr'>editi</span> <span class='ocrx_word' id='word_1_773' title='bbox 3306 4813 3480 4869; x_wconf 89' lang='lat' dir='ltr'>libri:</span> <span class='ocrx_word' id='word_1_774' title='bbox 3542 4815 3610 4871; x_wconf 84' lang='lat' dir='ltr'>Et</span> 
     </span>
    </p>
   </div>
   <div class='ocr_carea' id='block_1_110' title="bbox 1961 4886 3606 4959">
    <p class='ocr_par' dir='ltr' id='par_1_110' title="bbox 1961 4886 3606 4959">
     <span class='ocr_line' id='line_1_111' title="bbox 1961 4886 3606 4959; baseline -0.001 -15"><span class='ocrx_word' id='word_1_775' title='bbox 1961 4892 2184 4959; x_wconf 85' lang='lat' dir='ltr'>iterum,</span> <span class='ocrx_word' id='word_1_776' title='bbox 2206 4892 2419 4957; x_wconf 84' lang='lat' dir='ltr'>gentem</span> <span class='ocrx_word' id='word_1_777' title='bbox 2449 4886 2944 4959; x_wconf 18' lang='lat' dir='ltr'>sanctam,4regale</span> <span class='ocrx_word' id='word_1_778' title='bbox 2990 4886 3374 4954; x_wconf 80' lang='lat' dir='ltr'>sacerdotium,</span> <span class='ocrx_word' id='word_1_779' title='bbox 3433 4902 3606 4959; x_wconf 86' lang='lat' dir='ltr'>popu-</span> 
     </span>
    </p>
   </div>
   <div class='ocr_carea' id='block_1_111' title="bbox 1961 4957 3605 5085">
    <p class='ocr_par' dir='ltr' id='par_1_111' title="bbox 1961 4957 3605 5085">
     <span class='ocr_line' id='line_1_112' title="bbox 1961 4957 3605 5085; baseline -0.001 -69"><span class='ocrx_word' id='word_1_780' title='bbox 1961 4963 2078 5016; x_wconf 86' lang='lat' dir='ltr'>lum</span> <span class='ocrx_word' id='word_1_781' title='bbox 2105 4957 2461 5032; x_wconf 79' lang='lat' dir='ltr'>ucquisitum.</span> <span class='ocrx_word' id='word_1_782' title='bbox 2499 4959 2556 5014; x_wconf 90' lang='lat' dir='ltr'>ld</span> <span class='ocrx_word' id='word_1_783' title='bbox 2582 4975 2695 5014; x_wconf 89' lang='lat' dir='ltr'>non</span> <span class='ocrx_word' id='word_1_784' title='bbox 2728 4957 2930 5032; x_wconf 82' lang='lat' dir='ltr'>legunt</span> <span class='ocrx_word' id='word_1_785' title='bbox 2963 4975 3106 5014; x_wconf 91' lang='lat' dir='ltr'>mss.</span> <span class='ocrx_word' id='word_1_786' title='bbox 3137 4959 3326 5085; x_wconf 39' lang='lat' dir='ltr'>11‘1’Iostri</span> <span class='ocrx_word' id='word_1_787' title='bbox 3358 4957 3605 5015; x_wconf 80' lang='lat' dir='ltr'>codiCes.</span> 
     </span>
     <span class='ocr_line' id='line_1_113' title="bbox 3195 5047 3426 5085; baseline -0.009 0"><span class='ocrx_word' id='word_1_788' title='bbox 3195 5047 3426 5085; x_wconf 58' lang='lat' dir='ltr'>sanan.</span> 
     </span>
    </p>
   </div>
   <div class='ocr_carea' id='block_1_112' title="bbox 3195 5047 3426 5086">
    <p class='ocr_par' dir='ltr' id='par_1_112' title="bbox 3195 5047 3426 5086">
     <span class='ocr_line' id='line_1_114' title="bbox 3195 5047 3426 5086; baseline -0.009 -1"><span class='ocrx_word' id='word_1_789' title='bbox 3195 5047 3426 5086; x_wconf 78' lang='lat' dir='ltr'>ARTIAN.</span> 
     </span>
    </p>
   </div>
   <div class='ocr_carea' id='block_1_113' title="bbox 2029 5099 3544 5176">
    <p class='ocr_par' dir='ltr' id='par_1_113' title="bbox 2029 5099 3544 5176">
     <span class='ocr_line' id='line_1_115' title="bbox 2029 5099 3544 5176; baseline 0.001 -17"><span class='ocrx_word' id='word_1_790' title='bbox 2029 5104 2328 5176; x_wconf 75' lang='lat' dir='ltr'>6Negandi</span> <span class='ocrx_word' id='word_1_791' title='bbox 2361 5101 2709 5176; x_wconf 87' lang='lat' dir='ltr'>particulam</span> <span class='ocrx_word' id='word_1_792' title='bbox 2738 5103 3026 5176; x_wconf 81' lang='lat' dir='ltr'>expressit</span> <span class='ocrx_word' id='word_1_793' title='bbox 3062 5102 3302 5176; x_wconf 87' lang='lat' dir='ltr'>antiqua</span> <span class='ocrx_word' id='word_1_794' title='bbox 3336 5099 3544 5176; x_wconf 61' lang='lat' dir='ltr'>editio.</span> 
     </span>
    </p>
   </div>
   <div class='ocr_carea' id='block_1_114' title="bbox 2028 5174 3609 5241">
    <p class='ocr_par' dir='ltr' id='par_1_114' title="bbox 2028 5174 3609 5241">
     <span class='ocr_line' id='line_1_116' title="bbox 2028 5174 3609 5241; baseline -0.002 -10"><span class='ocrx_word' id='word_1_795' title='bbox 2028 5174 2187 5231; x_wconf 72' lang='lat' dir='ltr'>7Non</span> <span class='ocrx_word' id='word_1_796' title='bbox 2218 5177 2337 5231; x_wconf 80' lang='lat' dir='ltr'>licet</span> <span class='ocrx_word' id='word_1_797' title='bbox 2360 5174 2686 5230; x_wconf 80' lang='lat' dir='ltr'>etlaicoetc.</span> <span class='ocrx_word' id='word_1_798' title='bbox 2734 5191 2845 5228; x_wconf 90' lang='lat' dir='ltr'>ms.</span> <span class='ocrx_word' id='word_1_799' title='bbox 2888 5174 3262 5241; x_wconf 89' lang='lat' dir='ltr'>Sorbonicus,</span> <span class='ocrx_word' id='word_1_800' title='bbox 3316 5189 3429 5229; x_wconf 87' lang='lat' dir='ltr'>non</span> <span class='ocrx_word' id='word_1_801' title='bbox 3485 5174 3609 5230; x_wconf 81' lang='lat' dir='ltr'>licet</span> 
     </span>
    </p>
   </div>
   <div class='ocr_carea' id='block_1_115' title="bbox 1956 5245 3607 5318">
    <p class='ocr_par' dir='ltr' id='par_1_115' title="bbox 1956 5245 3607 5318">
     <span class='ocr_line' id='line_1_117' title="bbox 1956 5245 3607 5318; baseline -0.001 -15"><span class='ocrx_word' id='word_1_802' title='bbox 1956 5256 2008 5303; x_wconf 85' lang='lat' dir='ltr'>et</span> <span class='ocrx_word' id='word_1_803' title='bbox 2081 5250 2220 5303; x_wconf 84' lang='lat' dir='ltr'>laico</span> <span class='ocrx_word' id='word_1_804' title='bbox 2299 5247 2590 5318; x_wconf 73' lang='lat' dir='ltr'>pwnitenti</span> <span class='ocrx_word' id='word_1_805' title='bbox 2647 5261 3009 5318; x_wconf 83' lang='lat' dir='ltr'>permanere,</span> <span class='ocrx_word' id='word_1_806' title='bbox 3057 5250 3280 5317; x_wconf 82' lang='lat' dir='ltr'>propter</span> <span class='ocrx_word' id='word_1_807' title='bbox 3338 5245 3478 5318; x_wconf 75' lang='lat' dir='ltr'>quod</span> <span class='ocrx_word' id='word_1_808' title='bbox 3498 5262 3607 5318; x_wconf 71' lang='lat' dir='ltr'>pa:-</span> 
     </span>
    </p>
   </div>
   <div class='ocr_carea' id='block_1_116' title="bbox 1955 5315 3607 5391">
    <p class='ocr_par' dir='ltr' id='par_1_116' title="bbox 1955 5315 3607 5391">
     <span class='ocr_line' id='line_1_118' title="bbox 1955 5315 3607 5391; baseline -0.001 -17"><span class='ocrx_word' id='word_1_809' title='bbox 1955 5322 2245 5374; x_wconf 83' lang='lat' dir='ltr'>nz&#39;lentiam</span> <span class='ocrx_word' id='word_1_810' title='bbox 2278 5315 2579 5388; x_wconf 81' lang='lat' dir='ltr'>conﬁtetur.</span> <span class='ocrx_word' id='word_1_811' title='bbox 2648 5315 3067 5391; x_wconf 74' lang='lat' dir='ltr'>Cluniacensis</span> <span class='ocrx_word' id='word_1_812' title='bbox 3109 5315 3382 5391; x_wconf 79' lang='lat' dir='ltr'>similiter</span> <span class='ocrx_word' id='word_1_813' title='bbox 3446 5315 3607 5391; x_wconf 82' lang='lat' dir='ltr'>legit,</span> 
     </span>
    </p>
   </div>
   <div class='ocr_carea' id='block_1_117' title="bbox 1955 5389 3469 5454">
    <p class='ocr_par' dir='ltr' id='par_1_117' title="bbox 1955 5389 3469 5454">
     <span class='ocr_line' id='line_1_119' title="bbox 1955 5389 3469 5454; baseline -0.001 -8"><span class='ocrx_word' id='word_1_814' title='bbox 1955 5396 2195 5454; x_wconf 77' lang='lat' dir='ltr'>excepto</span> <span class='ocrx_word' id='word_1_815' title='bbox 2224 5392 2404 5454; x_wconf 82' lang='lat' dir='ltr'>liceat,</span> <span class='ocrx_word' id='word_1_816' title='bbox 2433 5391 2608 5445; x_wconf 85' lang='lat' dir='ltr'>habet</span> <span class='ocrx_word' id='word_1_817' title='bbox 2628 5389 2781 5444; x_wconf 90' lang='lat' dir='ltr'>enim</span> <span class='ocrx_word' id='word_1_818' title='bbox 2812 5389 2958 5443; x_wconf 81' lang='lat' dir='ltr'>licet.</span> <span class='ocrx_word' id='word_1_819' title='bbox 3183 5389 3469 5445; x_wconf 77' lang='lat' dir='ltr'>MARTIAN.</span> 
     </span>
    </p>
   </div>
   <div class='ocr_carea' id='block_1_118' title="bbox 2025 5461 3605 5518">
    <p class='ocr_par' dir='ltr' id='par_1_118' title="bbox 2025 5461 3605 5518">
     <span class='ocr_line' id='line_1_120' title="bbox 2025 5461 3605 5518; baseline 0.001 -2"><span class='ocrx_word' id='word_1_820' title='bbox 2025 5464 2044 5497; x_wconf 78' lang='grc'>⁸</span> <span class='ocrx_word' id='word_1_821' title='bbox 2071 5461 2322 5518; x_wconf 81' lang='lat' dir='ltr'>Voculae</span> <span class='ocrx_word' id='word_1_822' title='bbox 2355 5465 2408 5518; x_wconf 87' lang='lat' dir='ltr'>in</span> <span class='ocrx_word' id='word_1_823' title='bbox 2440 5479 2498 5516; x_wconf 72' lang='lat' dir='ltr'>eo</span> <span class='ocrx_word' id='word_1_824' title='bbox 2533 5462 2589 5515; x_wconf 89' lang='lat' dir='ltr'>in</span> <span class='ocrx_word' id='word_1_825' title='bbox 2622 5461 2852 5516; x_wconf 89' lang='lat' dir='ltr'>duobus</span> <span class='ocrx_word' id='word_1_826' title='bbox 2886 5477 3028 5516; x_wconf 90' lang='lat' dir='ltr'>mss.</span> <span class='ocrx_word' id='word_1_827' title='bbox 3090 5461 3406 5517; x_wconf 86' lang='lat' dir='ltr'>desiderari</span> <span class='ocrx_word' id='word_1_828' title='bbox 3450 5465 3605 5517; x_wconf 82' lang='lat' dir='ltr'>Mar-</span> 
     </span>
    </p>
   </div>
   <div class='ocr_carea' id='block_1_119' title="bbox 1953 5531 3607 5597">
    <p class='ocr_par' dir='ltr' id='par_1_119' title="bbox 1953 5531 3607 5597">
     <span class='ocr_line' id='line_1_121' title="bbox 1953 5531 3607 5597; baseline 0.001 -9"><span class='ocrx_word' id='word_1_829' title='bbox 1953 5533 2094 5590; x_wconf 88' lang='lat' dir='ltr'>tian.</span> <span class='ocrx_word' id='word_1_830' title='bbox 2117 5539 2299 5589; x_wconf 90' lang='lat' dir='ltr'>notat.</span> <span class='ocrx_word' id='word_1_831' title='bbox 2334 5533 2578 5590; x_wconf 89' lang='lat' dir='ltr'>Gravius</span> <span class='ocrx_word' id='word_1_832' title='bbox 2610 5531 2692 5587; x_wconf 91' lang='lat' dir='ltr'>ita</span> <span class='ocrx_word' id='word_1_833' title='bbox 2721 5531 2911 5587; x_wconf 89' lang='lat' dir='ltr'>locum</span> <span class='ocrx_word' id='word_1_834' title='bbox 2937 5533 3150 5597; x_wconf 82' lang='lat' dir='ltr'>reﬁxit,</span> <span class='ocrx_word' id='word_1_835' title='bbox 3195 5536 3310 5590; x_wconf 83' lang='lat' dir='ltr'>Non</span> <span class='ocrx_word' id='word_1_836' title='bbox 3339 5533 3503 5589; x_wconf 83' lang='lat' dir='ltr'>liceat</span> <span class='ocrx_word' id='word_1_837' title='bbox 3551 5541 3607 5590; x_wconf 84' lang='lat' dir='ltr'>et</span> 
     </span>
    </p>
   </div>
   <div class='ocr_carea' id='block_1_120' title="bbox 1953 5605 3609 5678">
    <p class='ocr_par' dir='ltr' id='par_1_120' title="bbox 1953 5605 3609 5678">
     <span class='ocr_line' id='line_1_122' title="bbox 1953 5605 3609 5678; baseline 0.002 -17"><span class='ocrx_word' id='word_1_838' title='bbox 1953 5608 2092 5662; x_wconf 85' lang='lat' dir='ltr'>laico</span> <span class='ocrx_word' id='word_1_839' title='bbox 2137 5606 2423 5678; x_wconf 76' lang='lat' dir='ltr'>pwnilenti</span> <span class='ocrx_word' id='word_1_840' title='bbox 2473 5620 2796 5678; x_wconf 78' lang='lat' dir='ltr'>permanere</span> <span class='ocrx_word' id='word_1_841' title='bbox 2852 5605 2990 5676; x_wconf 85' lang='lat' dir='ltr'>quod</span> <span class='ocrx_word' id='word_1_842' title='bbox 3030 5609 3167 5674; x_wconf 85' lang='lat' dir='ltr'>erat,</span> <span class='ocrx_word' id='word_1_843' title='bbox 3220 5607 3320 5678; x_wconf 87' lang='lat' dir='ltr'>qui</span> <span class='ocrx_word' id='word_1_844' title='bbox 3384 5609 3609 5678; x_wconf 81' lang='lat' dir='ltr'>propter</span> 
     </span>
    </p>
   </div>
   <div class='ocr_carea' id='block_1_121' title="bbox 192 5674 2678 5750">
    <p class='ocr_par' dir='ltr' id='par_1_121' title="bbox 192 5674 2678 5750">
     <span class='ocr_line' id='line_1_123' title="bbox 192 5674 2678 5750; baseline 0.001 -21"><span class='ocrx_word' id='word_1_845' title='bbox 192 5674 934 5750; x_wconf 29' lang='lat' dir='ltr'>temporibuspsacerdotii</span> <span class='ocrx_word' id='word_1_846' title='bbox 994 5697 1227 5750; x_wconf 84' lang='lat' dir='ltr'>nomen,</span> <span class='ocrx_word' id='word_1_847' title='bbox 1275 5674 1502 5736; x_wconf 76' lang='lat' dir='ltr'>erudite</span> <span class='ocrx_word' id='word_1_848' title='bbox 1575 5684 1841 5737; x_wconf 89' lang='lat' dir='ltr'>notatum</span> <span class='ocrx_word' id='word_1_849' title='bbox 1949 5674 2339 5750; x_wconf 65' lang='lat' dir='ltr'>paenitentiam</span> <span class='ocrx_word' id='word_1_850' title='bbox 2372 5674 2678 5750; x_wconf 75' lang='lat' dir='ltr'>conﬁtetur.</span> 
     </span>
    </p>
   </div>
   <div class='ocr_carea' id='block_1_122' title="bbox 193 5746 1844 5827">
    <p class='ocr_par' dir='ltr' id='par_1_122' title="bbox 193 5746 1844 5827">
     <span class='ocr_line' id='line_1_124' title="bbox 193 5746 1844 5827; baseline 0.006 -28"><span class='ocrx_word' id='word_1_851' title='bbox 193 5748 292 5812; x_wconf 78' lang='lat' dir='ltr'>est,</span> <span class='ocrx_word' id='word_1_852' title='bbox 321 5762 391 5827; x_wconf 54' lang='lat' dir='ltr'>ei:</span> <span class='ocrx_word' id='word_1_853' title='bbox 421 5746 530 5827; x_wconf 81' lang='lat' dir='ltr'>illo</span> <span class='ocrx_word' id='word_1_854' title='bbox 555 5752 576 5804; x_wconf 85' lang='grc' dir='ltr'>Ι</span> <span class='ocrx_word' id='word_1_855' title='bbox 607 5749 761 5827; x_wconf 80' lang='lat' dir='ltr'>Petri</span> <span class='ocrx_word' id='word_1_856' title='bbox 790 5769 851 5818; x_wconf 83' lang='lat' dir='ltr'>II,</span> <span class='ocrx_word' id='word_1_857' title='bbox 885 5753 966 5827; x_wconf 25' lang='lat' dir='ltr'>9A:</span> <span class='ocrx_word' id='word_1_858' title='bbox 1002 5746 1276 5827; x_wconf 61' lang='grc' dir='ltr'>βασζλειόγ</span> <span class='ocrx_word' id='word_1_859' title='bbox 1332 5751 1626 5826; x_wconf 70' lang='grc' dir='ltr'>ἱεράτευμα</span> <span class='ocrx_word' id='word_1_860' title='bbox 1642 5753 1844 5827; x_wconf 87' lang='lat' dir='ltr'>_regale</span> 
     </span>
    </p>
   </div>
   <div class='ocr_carea' id='block_1_123' title="bbox 2023 5727 3607 5836">
    <p class='ocr_par' dir='ltr' id='par_1_123' title="bbox 2023 5727 3607 5836">
     <span class='ocr_line' id='line_1_125' title="bbox 2023 5727 3607 5836; baseline 0 -30"><span class='ocrx_word' id='word_1_861' title='bbox 2023 5727 2641 5836; x_wconf 44' lang='lat' dir='ltr'>aptasset:&quot;an</span> <span class='ocrx_word' id='word_1_862' title='bbox 2668 5727 2736 5808; x_wconf 72' lang='grc' dir='ltr'>’τε</span> <span class='ocrx_word' id='word_1_863' title='bbox 2795 5751 3015 5807; x_wconf 86' lang='lat' dir='ltr'>nomine</span> <span class='ocrx_word' id='word_1_864' title='bbox 3074 5749 3300 5834; x_wconf 72' lang='lat' dir='ltr'>Christi,</span> <span class='ocrx_word' id='word_1_865' title='bbox 3354 5765 3467 5809; x_wconf 83' lang='lat' dir='ltr'>non</span> <span class='ocrx_word' id='word_1_866' title='bbox 3526 5727 3607 5836; x_wconf 51' lang='lat'>1.,</span> 
     </span>
    </p>
   </div>
   <div class='ocr_carea' id='block_1_124' title="bbox 189 5819 2242 5901">
    <p class='ocr_par' dir='ltr' id='par_1_124' title="bbox 189 5819 2242 5901">
     <span class='ocr_line' id='line_1_126' title="bbox 189 5819 2242 5901; baseline 0.004 -27"><span class='ocrx_word' id='word_1_867' title='bbox 189 5819 578 5893; x_wconf 70' lang='lat' dir='ltr'>sacerdotium,</span> <span class='ocrx_word' id='word_1_868' title='bbox 611 5824 767 5900; x_wconf 86' lang='lat' dir='ltr'>quod</span> <span class='ocrx_word' id='word_1_869' title='bbox 798 5819 1012 5887; x_wconf 75' lang='lat' dir='ltr'>statim</span> <span class='ocrx_word' id='word_1_870' title='bbox 1060 5819 1407 5901; x_wconf 68' lang='lat' dir='ltr'>adducitur;</span> <span class='ocrx_word' id='word_1_871' title='bbox 1465 5819 1603 5889; x_wconf 80' lang='lat' dir='ltr'>nam</span> <span class='ocrx_word' id='word_1_872' title='bbox 1641 5819 1841 5888; x_wconf 69' lang='lat' dir='ltr'>locum</span> <span class='ocrx_word' id='word_1_873' title='bbox 1949 5824 2103 5901; x_wconf 71' lang='lat' dir='ltr'>puti,</span> <span class='ocrx_word' id='word_1_874' title='bbox 2138 5826 2242 5883; x_wconf 78' lang='lat' dir='ltr'>etc.</span> 
     </span>
    </p>
   </div>
  </div>
