3970 6430
350 354 477 439 167

1596 358 1669 421 ~S.
1715 358 2022 423 EUSEBII
2066 358 2507 429 ΗΙΕΒΟΝΥΜΙ

3632 357 3758 437 468

316 498 547 561 _-_terrz.
581 490 643 547 Si
668 497 850 549 autem
871 489 962 548 sal
989 492 1326 563 infamatum
1354 494 1547 565 fuerit,
1579 495 1640 548 in
1688 508 1791 565 quo
1819 493 1988 548 salie-
2019 493 2079 562 Α
2106 510 2174 549 ex
2205 493 2469 551 omnium
2495 494 2666 550 corde
2697 493 2942 549 tenebrae
2972 490 3374 549 discutiuntur
3462 492 3555 547 17
3566 492 3616 549 θ
3682 491 3759 549 Et

352 582 446 636 tur
465 583 490 634 .9
520 579 591 636 ad
620 581 861 637 nihilum
888 590 967 637 est
993 583 1153 651 utile,
1181 585 1294 639 nisi
1334 587 1394 638 ut
1449 584 1778 654 proﬁciatur
1847 584 1996 652 foras

352 676 405 725 et
430 670 777 726 conculcetur
802 669 870 726 ab
908 670 1225 727 hominibus
1262 671 1466 743 (Matth.
1500 689 1554 741 v,
1609 671 1722 743 l3).
1780 671 1891 726 Sed
1940 675 1997 729 et

350 756 523 824 illud,
555 758 707 830 quod
729 774 832 829 pro
872 758 1089 832 populo
1138 764 1436 832 peccatore
1494 761 1762 815 sacerdos
1812 764 1994 816 Deum

352 849 565 912 exoret,
598 861 663 900 ac
688 861 790 916 pro
813 847 1111 903 sacerdote
1132 847 1332 905 nullus
1380 848 1459 903 sit
1513 847 1685 916 alius,
1731 847 1832 919 qui
1880 848 1993 925 \de-

347 937 620 1009 precetur
640 934 832 1005 (Leuit.
852 937 949 1007 ιχ).
975 937 1108 1002 Quae
1142 937 1378 1008 quidem
1409 936 1524 992 duo
1556 935 1991 1008 Scripturarum

349 1020 605 1094 capitula
625 1022 684 1078 in
725 1024 1079 1081 sententiam
1111 1029 1469 1081 concurrunt
1491 1042 1689 1081 unam.
1724 1025 1869 1080 Nam
1931 1028 1995 1080 ut

352 1108 439 1166 sal
470 1126 705 1168 omnem
731 1112 925 1168 cibum
951 1113 1307 1181 condit,onec
1354 1119 1443 1169 est
1496 1112 1717 1185 aliquid
1774 1130 1876 1185 per
1930 1128 1992 1168 se

348 1202 467 1254 tam
500 1216 695 1267 suave,
728 1202 884 1272 quod
915 1202 1135 1274 absque
1168 1202 1320 1258 175
1354 1219 1419 1258 eo
1476 1207 1717 1275 gustum
1765 1202 1990 1259 demul-

347 1290 509 1342 ceat:
548 1287 626 1343 ita
654 1288 859 1344 mundi
886 1289 1064 1345 totius
1093 1294 1149 1346 et
1167 1290 1415 1363 proprias
1474 1290 1738 1347 Ecclesiae
1791 1291 1992 1346 condi-

346 1379 610 1431 mentum
642 1376 952 1450 episcopus
998 1382 1105 1444 est,
1156 1379 1255 1451 qui
1307 1379 1355 1436 si
1416 1379 1737 1435 infatuatus
1794 1380 1988 1449 fuerit,

342 1463 464 1520 sive
484 1480 588 1536 per
616 1465 1006 1539 negationem,
1041 1467 1162 1524 sive
1219 1485 1325 1540 per
1378 1468 1671 1534 haeresim,
1713 1468 1833 1524 sive
1888 1485 1993 1541 per

342 1550 669 1621 libidinem,
698 1557 756 1610 et
786 1559 851 1610 ut
871 1555 1053 1611 semel
1090 1556 1302 1624 dicam,
1336 1573 1438 1628 per
1458 1557 1727 1613 universa
1756 1562 1990 1629 peccata

341 1656 376 1696 a
398 1656 515 1713 quo
547 1640 658 1697 alio
684 1643 894 1714 poterit
927 1643 1177 1713 condiri,
1208 1661 1345 1701 cum
1376 1646 1501 1717 ipse
1523 1646 1692 1701 fuerit
1723 1647 1988 1703 omnium

340 1729 1135 1789 condimentum?Sacerdos
1182 1734 1399 1807 quippe
1448 1751 1552 1807 pro
1609 1734 1756 1790 laico
1826 1734 1991 1791 oli‘ert

340 1815 695 1875 oblationem
727 1836 918 1889 suam,
951 1821 1203 1894 imponit
1230 1839 1469 1879 manum
1518 1823 1801 1895 subjecto,
1836 1823 1981 1880 redi-

337 1908 466 1961 tum
497 1907 683 1963 sancti
719 1907 973 1980 Spiritus
1004 1909 1254 1978 invocat,
1306 1916 1482 1984 atque
1527 1912 1610 1967 ita
1670 1928 1827 1980 eum,
1889 1912 1989 1985 qui

339 1993 595 2050 traditus
627 1994 816 2051 fuerat
843 1997 1068 2053 Satanae
1097 1998 1156 2054 in
1183 1998 1484 2055 interitum
1517 1999 1735 2067 carnis,
1767 2006 1832 2055 ut
1870 2001 1989 2073 spi-

341 2080 492 2137 ritus
522 2080 721 2139 salvus
747 2084 929 2151 ﬂeret,
967 2085 1187 2143 indicta
1244 2086 1305 2142 in
1366 2088 1643 2160 populum
1704 2087 1985 2158 oratione,

314 2168 544 2227 'altario
594 2172 945 2241 reconciliat,
1001 2191 1105 2230 nec
1181 2175 1344 2247 prius
1410 2193 1590 2231 unum
1655 2178 1986 2233 membrum

339 2259 591 2315 restituit
619 2261 873 2331 sanitati,
909 2279 1087 2335 quam
1124 2264 1323 2320 omnia
1353 2265 1527 2321 simul
1554 2268 1821 2322 membra
1850 2283 1985 2321 con-

337 2346 597 2405 ﬂeverint
628 2350 667 2404 ¹.
705 2350 890 2407 Facile
919 2352 1135 2425 quippe
1181 2353 1431 2427 ignoscit
1460 2353 1579 2411 ﬁlio
1623 2360 1808 2427 pater,
1849 2371 1984 2410 cum

336 2440 523 2494 mater
551 2453 656 2509 pro
686 2439 1008 2498 visceribus
1040 2441 1163 2497 suis
1194 2442 1560 2516 deprecatur.
1605 2443 1662 2499 Si
1709 2460 1844 2517 ergo
1876 2443 1986 2501 hoc

337 2538 511 2594 quem
543 2524 796 2582 diximus
827 2528 1013 2601 gradu
1071 2528 1257 2586 laicus
1316 2531 1603 2602 paenitens
1654 2531 1988 2588 restituitur

336 2610 841 2686 Ecclesiae,ibique
873 2616 1137 2689 sequitur
1173 2618 1355 2686 venia,
1387 2620 1483 2676 ubi
1520 2619 1710 2676 luctus
1740 2637 1982 2693 praeces-

339 2704 528 2756 serat:
565 2700 943 2759 manifestum
977 2708 1084 2775 est,
1131 2707 1490 2764 sacerdotem
1535 2709 1605 2764 dc
1652 2709 1834 2782 gradu
1877 2726 1983 2765 suo

343 2792 569 2843 motum
590 2789 633 2858 ’,
664 2790 725 2845 in
757 2792 1032 2848 eumdem
1076 2793 1272 2850 locum
1329 2812 1443 2851 non
1512 2813 1683 2868 posse
1731 2797 1981 2865 restitui,

340 2876 481 2948 quia
501 2881 604 2932 aut
625 2879 918 2950 poenitens
949 2883 1269 2939 sacerdotio
1293 2885 1530 2954 carebit,
1555 2891 1655 2941 aut
1676 2886 1734 2941 in
1767 2886 1984 2943 honore

339 2965 681 3038 persistens,
733 2968 930 3025 reduci
974 2970 1033 3025 in
1091 2971 1405 3030 Ecclesiam
1447 2991 1562 3031 non
1612 2974 1826 3047 poterit
1883 2992 1985 3049 per

337 3054 601 3111 ordinem
636 3057 994 3129 paenitentis.
1021 3060 1106 3116 Tu
1130 3060 1275 3117 mihi
1298 3079 1457 3119 nunc
1496 3063 1782 3120 infatuato
1841 3065 1980 3133 sale,

337 3142 599 3200 Ecclesiae
630 3162 898 3218 saporem
929 3150 1340 3218 contaminas;
1386 3157 1445 3205 tu
1497 3169 1628 3207 eum
1682 3152 1781 3225 qui
1849 3171 1983 3226 pro-

2105 599 2347 639 causam
2378 582 2565 639 reddit
2588 584 2799 653 :Neque
2855 584 3003 638 enim
3056 582 3283 637 lucerna
3331 580 3649 637 accenditur
3698 584 3758 637 et

2098 675 2331 744 ponitur
2357 674 2543 727 subter
2567 672 2829 737 modium,
2860 672 2953 727 sed
3000 687 3163 743 super
3227 668 3637 736 candelabrum,
3693 678 3757 729 ut

2106 760 2284 815 luceat
2313 761 2563 816 omnibus
2592 762 2688 831 qui
2742 762 2803 816 in
2872 760 3027 816 domo
3064 763 3196 816 sunt
3242 758 3452 829 (Matth.
3510 775 3568 824 v,
3639 758 3751 831 15).

2105 848 2222 905 Ηοο
2254 848 2512 916 est,ideo
2557 849 2711 906 Deus
2769 848 3021 905 scientia:
3076 847 3249 904 suae‘
3307 846 3632 921 igniculum
3688 846 3753 904 in

2101 935 2371 1007 episcopo
2390 935 2708 991 succendit.
2743 940 2809 991 ut
2836 952 2948 990 non
2981 935 3092 990 sibi
3122 939 3351 992 tantum
3385 934 3595 1004 luceat,
3643 935 3748 992 sed

2102 1024 2375 1079 omnibus
2393 1023 2593 1096 prosit.
2627 1024 2695 1078 Et
2715 1023 2772 1079 in
2806 1024 3218 1097 consequenti:
3246 1024 3324 1092 Si,
3358 1023 3574 1096 inquit,
3628 1040 3755 1081 ocu-

2102 1113 2187 1167 lus
2216 1119 2343 1167 tuus
2371 1129 2607 1184 nequam
2634 1114 2824 1183 fuerit,
2846 1129 3003 1168 omne
3031 1130 3225 1186 corpus
3255 1116 3600 1170 tenebrosum
3638 1116 3748 1170 est.

2101 1199 2161 1255 Si
2187 1210 2366 1257 autem
2397 1201 2583 1257 tamen
2613 1202 2757 1272 quod
2785 1204 2845 1256 in
2872 1209 2921 1257 te
2977 1210 3070 1271 est,
3127 1203 3362 1259 tenebrz
3417 1205 3578 1272 sunt;
3610 1204 3747 1275 ipse.

2102 1290 2342 1347 tenebrae
2382 1295 2599 1362 quantm
2656 1295 2821 1347 erunt
2860 1291 3067 1362 (Matth.
3119 1307 3199 1359 v1,
3254 1291 3395 1363 23)!
3445 1292 3515 1347 Et
3570 1294 3750 1350 recte.

2104 1378 2249 1434 Nam
2280 1395 2413 1434 cum
2444 1380 2572 1435 ideo
2595 1379 2977 1452 episcopusin
3038 1378 3293 1435 Ecclesia
3329 1377 3745 1447 constituatur,

2103 1471 2167 1524 ut
2206 1467 2488 1540 populum
2519 1473 2779 1524 coerceat
2811 1468 2883 1523 ab
2914 1484 3127 1535 errore,
3159 1471 3416 1540 quantus
3446 1466 3557 1523 erit
3585 1484 3752 1525 error

2100 1557 2158 1611 in
2183 1556 2416 1629 populo,
2445 1572 2579 1612 cum
2611 1562 2765 1613 errat
2795 1556 2918 1630 ipse
2941 1556 3040 1630 qui
3088 1557 3256 1612 docet
3308 1557 3430 1629 [ΑΙ.
3477 1556 3740 1629 doceat]!

2099 1646 2404 1711 Quomodo
2427 1649 2614 1717 potest
2645 1650 2882 1717 peccata
2920 1645 3234 1713 dimittere,
3272 1644 3372 1720 qui
3394 1644 3523 1719 ipse
3543 1661 3745 1718 pecca-

2101 1738 2192 1789 tor
2246 1733 2375 1789 est‘t
2421 1736 2711 1807 quomodo
2787 1739 3056 1791 sanctum
3133 1733 3453 1808 sacrilegus
3530 1732 3749 1791 faciet?

2102 1822 2262 1878 Unde
2294 1823 2365 1877 ad
2389 1839 2481 1878 me
2512 1821 2706 1878 lumen
2740 1823 2996 1889 introiet,
3029 1840 3162 1879 cum
3196 1822 3402 1879 oculus
3424 1837 3594 1878 meus
3642 1838 3745 1879 caa-

2101 1928 2204 1967 cus
2245 1911 2366 1968 sit?
2403 1910 2553 1967 Proh
2579 1911 2778 1967 dolor!
2812 1910 3156 1967 Antichristi
3187 1909 3514 1983 discipulus
3544 1908 3740 1967 Eccle-

2098 1999 2247 2054 siam
2277 1999 2491 2055 Christi
2523 1999 2831 2073 gubernat.
2865 1999 2931 2055 Et
2963 2000 3060 2056 ubi
3109 2002 3199 2056 est
3248 1998 3428 2055 illud:
3471 2005 3593 2056 Non
3638 2015 3740 2072 pa-

2097 2091 2246 2144 testis
2276 2088 2484 2144 duobus
2506 2088 2741 2144 dominis
2760 2091 2963 2145 servire
2988 2088 3148 2160 (Ibid.
3180 2089 3272 2161 2t)
3294 2092 3319 2141 .9
3337 2088 3449 2144 Sed
3481 2092 3541 2145 et
3570 2086 3742 2156 illud,

2100 2178 2233 2245 Quae
2260 2178 2678 2233 communicatio
2712 2178 2823 2232 luci
2868 2177 2938 2233 ad
2983 2176 3275 2233 tenebras?
3305 2179 3402 2248 qui
3449 2192 3741 2235 consensus

2096 2265 2312 2322 (.‘hristo
2341 2265 2414 2320 ad
2438 2266 2613 2323 Belial
2636 2265 2708 2336 (Il
2746 2265 2865 2322 Cor.
2900 2282 2976 2334 vx,
3013 2267 3099 2334 14,
3125 2265 3239 2334 15)?
3263 2265 3537 2337 Legimus
3563 2265 3627 2321 in
3655 2281 3747 2325 ve-

2096 2353 2203 2410 teri
2246 2356 2618 2410 Testamento
2668 2354 2858 2425 (Levit.
2905 2371 3024 2423 xxx,
3082 2371 3174 2420 xx,
3227 2354 3377 2425 xm):
3436 2356 3606 2411 Homo
3679 2356 3743 2410 in

2094 2458 2198 2514 quo
2227 2445 2398 2515 fuerit
2441 2442 2665 2498 macula
2713 2447 2765 2498 et
2820 2444 3039 2509 vitium,
3098 2459 3208 2497 non
3259 2442 3481 2499 accedat
3536 2442 3742 2513 offerre

2095 2522 2237 2578 dona
2265 2524 2520 2578 Domino.
2558 2523 2627 2577 Et
2655 2539 2927 2578 rursum:
2963 2521 3279 2579 Sacerdotes
3327 2523 3425 2594 qui
3479 2522 3743 2579 accedunt

2094 2611 2165 2666 ad
2195 2612 2489 2666 Dominum
2515 2612 2704 2679 Deum,
2746 2620 2806 2667 ut
2842 2611 3172 2681 sacriﬁcent,
3223 2609 3419 2667 mundi
3471 2612 3608 2680 sint,
3666 2626 3741 2669 ne

2094 2702 2238 2775 forte
2267 2700 2614 2773 derelinquat
2649 2716 2735 2756 eos
2792 2701 3071 2757 Dominus.
3130 2700 3197 2756 Et
3256 2700 3315 2755 in
3373 2700 3615 2756 eodem:
3676 2700 3751 2761 Et

2095 2806 2219 2845 cum
2248 2790 2509 2847 accedunt
2536 2791 2866 2847 ministrare
2894 2794 3103 2855 sancta,
3129 2805 3241 2846 non
3271 2789 3548 2846 adducant
3565 2790 3625 2845 in
3682 2805 3745 2846 se

2093 2880 2371 2946 delictum,
2395 2894 2463 2934 ne
2492 2881 2819 2937 moriantur.
2845 2884 2912 2934 Et
2941 2878 3127 2935 multa
3151 2878 3298 2946 alia,
3347 2894 3473 2952 quae
3532 2893 3739 2951 perse-

2094 2968 2194 3040 qui
2234 2967 2528 3023 infinitum
2560 2973 2668 3038 est,
2700 2968 2894 3024 studio
2916 2969 3021 3040 [Αι.
3057 2967 3161 3024 sed
3190 2966 3407 3039 studio]
3437 2966 3741 3024 brevitatis

2092 3057 2317 3113 omitto.
2343 3057 2540 3130 Neque
2571 3057 2726 3113 enim
2758 3074 3042 3113 numerus
3089 3055 3582 3123 testimoniorum,
3634 3056 3739 3117 sed

2093 3144 2408 3202 auctoritas
2442 3145 2612 3200 valet.
2675 3145 2753 3200 Ex
2802 3146 3017 3218 quibus
3075 3144 3424 3211 ostenditur,
3487 3160 3585 3200 vos
3633 3158 3739 3218 per

329 3232 525 3304 jectus
555 3234 731 3304 foras,
756 3237 952 3307 jacere
984 3238 1221 3295 deberet
1248 3239 1306 3295 in
1348 3246 1619 3308 stercore,
1674 3222 1718 3298 ιζ
1755 3222 1980 3299 cunctis
2010 3222 2054 3293 (ἶ
2095 3236 2389 3290 modicum
2422 3234 2773 3290 fermentum
2807 3237 2985 3289 lotam
3016 3231 3282 3290 Εοοῖθείω
3308 3249 3566 3289 massam
3608 3248 3739 3289 σοι’-

342 3318 682 3377 hominibus
713 3323 1166 3395 conculcandus,
1208 3344 1386 3400 super
1408 3328 1680 3385 altarium
1711 3332 1979 3403 reponis!

342 3407 414 3463 Et
471 3408 571 3463 ubi
623 3409 733 3467 erit
788 3411 933 3468 illud
981 3414 1239 3486 Apostoli
1299 3423 1682 3489 praeceptum:
1766 3419 1985 3489 Oportet

342 3497 653 3569 episcopum
691 3514 809 3556 esse
862 3502 982 3558 sine
1028 3504 1287 3572 crimine,
1356 3509 1517 3577 quasi
1561 3507 1988 3579 dispensatorem

338 3582 441 3638 Dei
467 3583 589 3653 (Tit.
626 3602 664 3653 Ι,
691 3584 768 3658 7).
804 3586 871 3641 Et
925 3588 1141 3645 iterum
1164 3608 1182 3645 :
1231 3593 1428 3648 Probet
1484 3597 1663 3649 autem
1695 3611 1748 3649 se
1812 3612 1983 3652 unus-

336 3672 566 3744 quisque
595 3678 646 3730 et
682 3676 761 3731 sic
790 3677 1007 3733 accedat
1035 3679 1274 3748 (Cor.1x.
1333 3682 1471 3753 58)?
1522 3683 1627 3738 Ubi
1683 3684 1987 3741 Dominica

340 3761 704 3819 denuntiatio
762 3770 888 3821 est:
975 3768 1051 3823 Ne
1105 3771 1324 3826 miseris
1380 3774 1717 3843 margaritas
1783 3783 1989 3832 vestras

343 3846 452 3921 [ΑΙ.
484 3853 804 3917 miserimus
832 3860 890 3910 et
926 3859 1145 3929 nostra]
1203 3867 1329 3917 ante
1378 3877 1567 3932 porcos
1623 3862 1829 3929 (Matth.
1882 3881 1984 3932 vu,

344 3938 463 4010 6.)?
493 3942 655 4007 Quod
687 3942 738 3998 si
758 3943 830 4000 de
862 3945 1138 4002 omnibus
1167 3947 1516 4021 generaliter
1543 3949 1764 4006 dictum
1816 3951 1982 4008 intel-

340 4026 500 4101 ligis,
529 4035 745 4101 quanto
771 4033 956 4105 magis
990 4035 1060 4090 de
1094 4036 1497 4094 sacerdotibus
1545 4041 1984 4109 przecavendum

344 4118 592 4185 est,cum
624 4118 801 4174 etiam
820 4121 890 4176 de
911 4121 1077 4179 laicis
1108 4124 1190 4180 sic
1220 4130 1473 4182 cavetur.
1498 4127 1603 4199 (Al.
1638 4127 1981 4199 habeatur)!

340 4201 705 4274 Seperamini,
736 4204 927 4277 inquit
955 4209 1243 4271 Dominus
1267 4227 1370 4283 per
1402 4211 1681 4285 Megsem,
1713 4232 1747 4269 a
1804 4217 1984 4271 taber-

340 4289 558 4345 naculis
607 4293 842 4348 istorum
896 4295 1180 4353 hominum
1233 4298 1671 4369 durissimarum,
1720 4311 1772 4360 et
1813 4304 1989 4361 nolite

341 4379 498 4446 tangi
524 4378 592 4434 ab
621 4383 878 4439 omnibus
899 4384 921 4419 ³
951 4400 1077 4457 qua:
1104 4396 1230 4443 sunt
1259 4392 1734 4457 eorum,nesimul
1753 4395 1987 4464 pereatis

342 4467 635 4537 inpeccato
694 4487 885 4529 eorum
932 4475 1112 4545 (Num.
1170 4493 1284 4545 xvn,
1344 4479 1456 4551 26).
1512 4480 1579 4535 Et
1629 4498 1865 4537 rursum
1925 4482 1985 4539 in

339 4556 651 4661 duodecim
701 4562 1047 4634 Prophetis:
1109 4565 1391 4637 Sacriﬁcia
1451 4585 1641 4625 eorum
1722 4575 2067 4661 tanquamD

340 4646 507 4716 panis
531 4646 748 4711 luctus;
776 4666 963 4709 omnes
1020 4656 1119 4725 qui
1171 4656 1591 4726 manducantea,
1646 4663 1992 4719 contamina-

345 4734 554 4791 buntur
598 4738 751 4806 (Osee
794 4758 870 4809 1x,
922 4743 996 4815 4).
1058 4744 1127 4799 Et
1173 4744 1233 4800 in
1290 4746 1599 4819 Evangelio
1660 4749 1978 4806 Dominus:

344 4828 611 4897 Lucerna,
646 4829 858 4903 inquit,
891 4836 1133 4906 corporis
1150 4838 1229 4890 est
1258 4837 1466 4903 oculus,
1497 4836 1556 4892 id
1614 4841 1722 4904 est,
1781 4838 1979 4895 Eccle-

346 4916 444 4971 siae
492 4916 691 4976 lumen
747 4925 837 4977 est
889 4922 1221 4995 episc0pus.
1279 4928 1343 4981 Si
1392 4936 1575 4981 autem
1628 4925 1826 4983 oculus
1866 4932 1992 4983 tuus

345 5011 581 5082 simplex
596 5018 698 5081 est,
719 5018 895 5067 totum
923 5027 1115 5084 corpus
1144 5015 1298 5068 tuum
1348 5015 1594 5070 lucidum
1633 5017 1741 5071 erit
1774 5016 1987 5085 (Matth.

346 5112 424 5167 v1,
453 5098 566 5169 22).
603 5101 913 5157 Sacerdote
935 5100 1089 5157 enim
1127 5103 1302 5157 tidem
1358 5119 1554 5159 veram
1621 5106 1988 5177 praedicante,

425 5239 592 5318 ‘alio
616 5259 793 5318 sensu
848 5260 954 5318 nec
998 5244 1232 5318 penitus
1285 5245 1505 5312 inutili,
1562 5252 1727 5303 vetus
1793 5248 1989 5314 editio,

355 5312 695 5438 cotgﬂaverit,
728 5319 785 5371 et
807 5315 981 5386 paulo
998 5312 1154 5389 post,
1186 5319 1533 5390 consequitur
1582 5322 1817 5390 veniam,
1875 5312 1989 5388 ubi,

356 5398 387 5437 e
454 5425 469 5438 .

356 5398 713 5579 inti-ntgsque
742 5456 937 5531 delegi
992 5458 1047 5511 in
1089 5459 1332 5515 vetustis
1387 5462 1686 5519 codicibus
1746 5463 1992 5519 Gravius

360 5540 576 5581 monet.

407 5597 451 5679 .3
479 5596 724 5654 Gravius
751 5598 938 5679 activa
993 5600 1181 5679 forma
1211 5603 1458 5679 mavult
1512 5615 1771 5679 tangere:
1832 5609 1992 5665 textu

358 5668 630 5765 iitroque,
663 5671 880 5733 nedum
905 5671 1111 5733 Latino
1139 5672 1469 5752 interprete,
1502 5668 1920 5741 consentiente.

2094 3322 2342 3395 rupisse,
2374 3327 2431 3378 et
2462 3322 2532 3378 de
2561 3323 2689 3394 ejus
2711 3338 2888 3377 manu
2920 3320 3092 3377 hodie
3123 3320 3546 3378 Eucharistiam
3590 3320 3741 3377 acci-

2094 3428 2249 3485 pere,
2282 3428 2456 3484 quem
2483 3410 2607 3467 beri
2638 3410 2808 3483 quasi
2840 3409 3062 3466 idolum
3094 3409 3469 3482 despuebatis
3490 3410 3531 3466 ⁸.

2162 3502 2216 3555 6.
2250 3500 2599 3572 Sacriﬁcium
2637 3501 2697 3554 in
2749 3499 3011 3555 Ecclesia.
3064 3498 3311 3556 Christus
3366 3499 3586 3556 lavacro
3633 3515 3739 3557 suo

2094 3589 2384 3645 mandavit
2412 3604 2597 3661 aquas.
2629 3619 2696 3627 —
2720 3588 2779 3643 0.
2813 3586 2997 3644 Multa
3028 3586 3265 3660 quidem
3297 3587 3369 3644 de
3394 3586 3577 3643 sacris
3608 3585 3731 3643 Vo-

2091 3678 2415 3733 luminibus
2432 3677 2767 3733 memoriter
2793 3675 3138 3748 copioseque
3176 3675 3405 3733 dixisti:
3438 3675 3540 3731 sed
3598 3691 3740 3732 cum

2091 3772 2281 3823 totum
2312 3765 2672 3822 circumieris
2702 3765 2938 3834 saltum,
2971 3764 3117 3821 meis
3176 3764 3441 3821 cassibus
3496 3764 3739 3821 conclu-

2094 3857 2249 3913 deris
2292 3857 2442 3927 [mss.
2475 3855 2736 3912 Cluderis
2756 3855 2839 3911 vel
2869 3853 3204 3926 clauderis].
3255 3853 3341 3909 Sit
3390 3853 3630 3927 quippe,
3665 3856 3738 3910 ut

2092 3947 2201 4015 vis,
2233 3945 2579 4001 Arianorum
2611 3944 2922 4017 episcopus
2951 3942 3138 4000 hostis
3169 3941 3408 4011 Christi,
3442 3942 3521 3999 sit
3575 3941 3728 3998 infa-

2092 4039 2323 4091 tuatum
2345 4032 2455 4101 sal,
2487 4034 2564 4089 sit
2594 4032 2833 4089 lucerna
2852 4032 2979 4088 sine
3008 4029 3368 4106 igniculo,sit
3387 4028 3594 4088 oculus
3606 4029 3738 4087 sine

2093 4122 2351 4197 pupilla:
2389 4138 2598 4195 nempe
2629 4138 2693 4178 eo
2725 4122 3044 4194 pervenies,
3079 4125 3142 4176 ut
3171 4119 3344 4176 salire
3376 4137 3492 4175 non
3521 4118 3737 4192 possit,

2093 4213 2192 4285 qui
2225 4211 2309 4268 sal
2342 4212 2465 4283 ipse
2495 4227 2609 4267 non
2642 4210 2894 4266 habeat:
2926 4227 3041 4266 non
3070 4207 3363 4265 illuminet
3403 4224 3738 4275 caacus,non

2095 4301 2375 4357 accendat
2417 4300 2759 4356 exstinctus.
2789 4297 2875 4354 Tu
2908 4301 3103 4355 autem
3151 4314 3283 4355 cum
3314 4296 3615 4353 conditum
3664 4294 3743 4357 ab

2092 4407 2158 4446 eo
2177 4390 2374 4446 cibum
2397 4387 3080 4460 devores,curiusulsum
3105 4385 3302 4460 arguis
3333 4384 3693 4442 conditorem
3714 4384 3749 4441 τ

2100 4479 2181 4535 De
2215 4477 2475 4551 igniculo
2507 4478 2635 4549 ejus
2684 4477 2940 4533 Ecclesia
2978 4481 3081 4532 tua
3139 4475 3311 4542 lucet,
3336 4479 3394 4531 et
3440 4473 3744 4530 lucernam

2098 4570 2226 4640 ejus
2261 4569 2407 4623 I71
2445 4565 2774 4622 criminaris
2804 4563 3189 4622 exstinctam?
3217 4563 3435 4620 Oculus
3463 4562 3566 4618 tibi
3600 4579 3749 4635 prae-

2098 4660 2215 4726 bet,
2246 4663 2303 4714 et
2327 4673 2514 4712 caecus
2539 4673 2602 4712 es
2621 4656 2650 4709 ?
2678 4652 3059 4711 Quamobrem
3091 4669 3191 4710 oro
3221 4640 3293 4720 te,
3329 4655 3395 4707 ut
3420 4656 3520 4707 aut
3558 4651 3743 4708 sacri-

2102 4746 2313 4803 ﬁcandi
2348 4747 2397 4802 ei
2416 4745 2716 4802 licentiam
2734 4743 3155 4816 tribuas,cujus
3185 4741 3480 4814 baptisma
3501 4740 3739 4814 probas:

2100 4841 2199 4893 aut
2231 4836 2504 4908 reprobes
2535 4835 2661 4906 ejus
2707 4833 3022 4907 baptisma,
3076 4848 3252 4905 quem
3290 4847 3407 4888 non
3438 4828 3747 4889 existimas

2102 4925 2482 4981 sacerdotem.
2516 4924 2713 4995 Neque
2743 4922 2899 4979 enim
2958 4921 3081 4977 ﬁeri
3131 4924 3345 4994 potest,
3402 4924 3465 4975 ut
3523 4918 3623 4992 qui
3680 4918 3747 4975 in

2100 5014 2452 5086 baptismate
2480 5014 2501 5048 ⁶
2533 5017 2773 5068 sanctus
2800 5016 2907 5082 est,
2941 5012 3019 5068 sit
3046 5010 3200 5083 apud
3232 5008 3414 5065 altare
3451 5010 3744 5081 peccator.

2100 5105 2160 5159 L.
2185 5103 2295 5159 Sed
2351 5119 2455 5176 ego
2480 5102 2694 5173 recipio
2720 5100 2936 5157 laicum
2968 5100 3345 5172 pmnitentem
3397 5113 3499 5171 per
3530 5112 3750 5153 manus

2171 5249 2193 5281 ‘
2224 5247 2285 5301 In
2307 5245 2483 5301 veteri
2536 5244 2695 5301 edit:
2751 5244 2857 5313 Qui
2912 5245 2972 5298 in
3029 5242 3184 5298 domo
3236 5247 3382 5297 sunt.
3442 5240 3749 5295 Lucernam

2107 5322 2256 5375 enim
2287 5319 2383 5373 hoc
2411 5321 2507 5385 est,
2539 5318 2678 5371 Deus
2708 5317 2953 5371 scientia
2981 5331 3091 5369 suae
3120 5313 3447 5385 igniculum,
3479 5315 3590 5367 etc.

2172 5392 2192 5425 ³
2222 5383 2512 5444 Victorius
2535 5387 2764 5453 maluit,
2796 5387 2959 5442 iuxta
2977 5385 3276 5447 Brixianos
3295 5384 3545 5451 codices,
3578 5383 3753 5451 Quasi

2101 5462 2446 5517 idololatram
2471 5460 2829 5529 respuebatzs.

2170 5532 2366 5588 6Alias
2407 5535 2529 5587 erat
2556 5526 2615 5587 in
2649 5531 2979 5604 baptisteria,
3014 5530 3169 5601 quod
3192 5526 3522 5601 elegantius
3576 5526 3756 5584 altari

2099 5604 2432 5680 opponitur.
