3970 6458
367 421 487 491 ιιη

1606 426 1674 491 S.
1712 426 2021 493 EUSEBII
2062 422 2530 491 BIERONYMI.

3656 416 3776 482 ΠΩ

366 559 607 630 peccata
635 555 1032 614 dimittuntur.
1064 558 1180 614 Aut
1224 558 1273 613 si
1315 560 1673 617 contentiosa
1704 577 2013 634 argumen-
2041 562 2098 628 Α
2127 560 2353 616 ditionis
2395 560 2708 615 auctoritas.
2768 587 2837 597 ——
2895 556 2952 611 L.
2982 554 3089 619 Qui
3139 550 3493 610 dormientes
3541 549 3776 621 sitiunt,

370 645 538 712 taris,
592 644 721 701 ideo
771 646 1015 702 Joannis
1071 646 1367 719 baptisma
1413 648 1708 705 dimisisse
1758 654 2015 722 peccata,

376 732 519 805 quia
545 734 615 789 de
645 733 803 789 caelis
833 734 962 801 fuit,
1012 736 1186 791 edoce
1229 737 1368 807 quid
1408 737 1659 809 amplius
1705 737 1764 792 in
1804 738 2019 793 Christi

372 822 729 894 baptismate
776 840 1222 897 consequamur.
1273 826 1433 889 Quod
1482 831 1716 898 peccata
1754 827 2017 893 dimittit,

370 908 639 967 liberata
667 910 955 984 gehenna.
989 914 1150 978 Quod
1174 930 1208 968 a
1240 914 1472 986 gehnna
1521 913 1750 981 liberat,
1800 916 2020 987 perfec-

371 1003 501 1055 tum
532 1004 639 1055 est.
669 999 993 1057 Perfectum
1020 1007 1214 1058 autem
1261 1003 1575 1075 baptisma,
1620 1004 1730 1059 nisi
1776 1005 1927 1076 quod
1962 1004 2020 1059 in

373 1104 546 1144 cruce
567 1092 625 1143 et
669 1088 731 1144 in
780 1091 1202 1147 resurrectione
1252 1090 1464 1147 Christi
1515 1096 1622 1161 est,
1673 1110 1786 1148 non
1832 1096 2024 1165 potest

374 1174 511 1231 dici.
543 1176 629 1233 Ita
658 1181 721 1232 tu
749 1176 807 1233 in
851 1194 1182 1250 perversum
1230 1178 1592 1251 religiosus‘,
1626 1181 1852 1236 dicente
1894 1182 2022 1253 ipso

371 1263 620 1330 Joanne,
672 1266 837 1320 Illum
893 1270 1099 1337 oportet
1156 1284 1418 1333 crescere,
1469 1285 1556 1324 me
1614 1279 1795 1325 autem
1840 1270 2027 1324 minui

375 1354 529 1423 (Joan
562 1369 645 1421 III,
678 1354 768 1425 30)
786 1370 809 1416 ;
840 1353 981 1409 dum
1012 1355 1161 1410 servi
1192 1357 1483 1427 baptismo
1515 1356 1649 1428 plus
1700 1374 1877 1429 quam
1921 1356 2023 1411 ha-

371 1441 501 1497 buit
528 1443 759 1509 tribuis,
783 1443 1153 1499 Dominicum
1176 1445 1453 1513 destruis,
1481 1446 1574 1500 cui
1596 1445 1852 1518 amplius
1879 1445 2023 1500 nihil

369 1529 674 1602 relinquis.
709 1532 967 1596 Quorum
999 1532 1114 1588 ista
1153 1534 1341 1589 tendit
1385 1535 1631 1589 assertio
1652 1536 1680 1589 ‘t
1717 1534 2023 1600 Videlicet,

371 1622 439 1674 ut
458 1635 574 1674 non
616 1618 723 1674 tibi
772 1620 991 1675 mirum
1041 1621 1327 1688 videatur,
1382 1622 1430 1677 si
1478 1622 1538 1677 hi
1576 1623 1688 1694 qui
1740 1624 2025 1679 aJoanne

371 1707 606 1764 fuerant
631 1707 929 1779 baptizati,
962 1714 1167 1781 postea
1197 1727 1300 1781 per
1345 1711 1777 1783 impositionem
1812 1729 2023 1767 manus

373 1796 799 1869 apostolorum,
849 1797 968 1853 sint
1014 1798 1299 1867 Spiritum
1348 1804 1617 1856 sanctum
1687 1801 2021 1869 consecuti;

2128 650 2292 705 avide
2338 650 2534 705 fauces
2597 646 2942 703 fluminibus
2999 643 3381 717 ingurgitent.
3435 641 3506 696 Et
3555 642 3779 712 quanto

2127 738 2261 811 plus
2293 738 2617 805 hauserint,
2651 740 2812 792 tanto
2844 734 2977 807 plus
3026 734 3253 790 sitiunt.
3306 733 3390 786 Ita
3420 728 3568 785 mihi
3624 734 3682 785 et
3714 732 3779 783 tu

2126 826 2340 881 videris
2397 827 2676 881 adversus
2710 822 3194 896 quaestiunculam
3246 836 3420 892 quam
3476 816 3782 891 proposui,

2129 915 2267 969 hinc
2291 918 2463 985 atque
2494 913 2654 969 illinc
2684 916 3030 983 argumenta
3058 910 3359 983 quaesisse,
3392 911 3447 963 et
3477 904 3779 962 nihilomi-

2130 1021 2243 1058 nus
2285 1004 2344 1057 in
2392 1003 2595 1057 eadem
2656 1002 3047 1074 quaestionum
3100 999 3195 1054 siti
3244 1011 3631 1070 perseverare.
3689 997 3780 1050 An
3880 1040 3891 1047 κ

2132 1090 2320 1147 nescis
2368 1092 2544 1145 etiam
2597 1090 2987 1145 Ecclesiarum
3037 1089 3192 1143 hunc
3248 1102 3376 1142 esse
3418 1100 3666 1151 morem,
3712 1086 3783 1137 ut

2133 1178 2438 1251 baptizatis
2469 1184 2669 1250 postea
2699 1195 2910 1233 manus
2941 1178 3337 1247 imponantur,
3385 1178 3441 1229 et
3487 1172 3568 1228 ita
3611 1172 3782 1227 invo-

2134 1275 2295 1324 cetur
2320 1267 2571 1339 Spiritus
2619 1267 2896 1323 sanctus?
2942 1267 3134 1337 Exigis
3177 1263 3277 1320 ubi
3325 1262 3611 1334 scriptum
3661 1260 3787 1316 sit?

2135 1357 2196 1411 1n
2226 1357 2467 1412 Actibus
2496 1355 2914 1428 apostolorum.
2947 1356 3134 1410 Etiam
3166 1353 3213 1409 si
3234 1351 3545 1423 Scriptura:
3573 1353 3785 1405 aucto-

2134 1444 2275 1501 ritas
2318 1463 2431 1501 non
2476 1446 2760 1512 subesset,
2824 1444 3002 1500 totius
3062 1444 3219 1498 orbis
3276 1442 3336 1496 in
3368 1440 3519 1495 hanc
3550 1443 3781 1510 partem

2134 1550 2454 1590 consensus
2486 1534 2669 1589 instar
2700 1533 2969 1605 praecepti
3001 1531 3305 1588 obtineret.
3339 1533 3486 1584 Nam
3512 1533 3569 1583 et
3597 1526 3790 1582 multa

2134 1622 2248 1678 alia
2277 1639 2401 1693 quae
2435 1638 2536 1693 per
2582 1622 2953 1677 traditionem
3004 1621 3061 1675 in
3087 1617 3355 1674 Ecclesiis
3380 1618 3790 1681 osbervantur,

2135 1712 2539 1767 auctoritatem
2570 1711 2682 1767 sibi
2711 1710 2938 1782 scriptae
2967 1709 3114 1777 legis
3144 1710 3595 1773 usurpaverunt,
3632 1703 3795 1760 velut

2134 1801 2192 1855 in
2222 1800 2446 1855 lavacro
2477 1805 2565 1855 tcr
2621 1806 2797 1871 caput
2845 1799 3174 1870 mergitare,
3236 1796 3445 1852 deinde
3491 1810 3789 1866 egressos,

375 1901 512 1941 cum
540 1889 766 1941 constet
789 1901 889 1942 eos
932 1903 1004 1943 ne
1035 1892 1406 1959 peccatorum
1446 1889 1682 1960 quidem
1732 1889 1857 1945 sine
1885 1890 2023 1945 sub-
2055 1925 2103 1989 Β
2134 1889 2303 1944 lactis
2334 1894 2391 1944 et
2412 1889 2597 1944 mellis
2621 1894 2980 1961 praegustare
3008 1885 3376 1943 concordiam
3410 1883 3481 1939 ad
3522 1882 3790 1938 infantiae

374 1977 649 2054 secutura
679 1975 793 2030 ﬁde
812 1975 1217 2032 remissionem
1238 1982 1602 2034 consecutos.
1633 1979 1719 2034 Tu
1750 1996 1882 2034 vero
1924 1977 2025 2050 qui

378 2064 451 2119 ab
479 2062 709 2119 Arianis
742 2063 950 2136 recipis
980 2065 1359 2137 baptizatum,
1392 2071 1448 2122 et
1494 2068 1546 2122 ei
1595 2067 1804 2123 tribuis
1830 2066 2025 2138 bapti-

375 2168 527 2220 sma,
556 2152 711 2224 quod
742 2153 1062 2224 perfectum
1079 2159 1188 2221 est,
1212 2171 1327 2226 quo
1348 2154 1500 2211 facto
1523 2157 1692 2227 quasi
1724 2156 2024 2212 modicum

380 2241 523 2314 quid
554 2242 606 2297 ei
661 2242 930 2311 defuerit,
963 2247 1233 2299 sanctum
1273 2245 1520 2300 advocas
1551 2245 1858 2317 Spiritum,
1892 2261 2025 2300 cum

376 2329 672 2403 baptisma
722 2330 934 2387 Christi
965 2331 1090 2388 sine
1121 2332 1338 2404 Spiritu
1377 2338 1578 2390 sancto
1610 2335 1765 2390 180
1796 2333 2026 2390 nullum

377 2419 497 2476 sit?
542 2418 760 2476 Verum
800 2418 1033 2493 longius
1076 2422 1317 2491 excessi,
1366 2427 1424 2478 et
1452 2440 1585 2478 cum
1634 2440 1799 2495 aequa
1840 2423 2028 2479 fronte

377 2507 694 2565 adversarii
740 2509 1029 2581 potuerim
1072 2510 1357 2583 impetum
1406 2512 1771 2580 submovere,
1816 2511 2030 2568 leviora

376 2597 611 2653 eminus
668 2598 817 2667 [mss.
870 2598 1091 2670 minus]
1148 2598 1264 2655 tela
1308 2601 1511 2657 direxi.
1582 2601 1824 2657 Joannis
1871 2602 2029 2657 enim

375 2685 672 2757 baptisma
701 2685 998 2751 intantum
1043 2688 1450 2760 imperfectum
1512 2689 1642 2761 fuit,
1697 2695 1763 2744 ut
1804 2693 2032 2746 constet

378 2777 583 2848 postea
627 2774 842 2831 Christi
888 2776 1238 2848 baptismate
1284 2778 1627 2850 baptizatos,
1696 2778 1797 2850 qui
1845 2780 1917 2834 ab
1965 2795 2031 2835 eo

381 2863 612 2919 fuerant
667 2864 964 2937 baptizati.
1025 2864 1109 2942 Ita
1163 2867 1318 2922 enim
1377 2866 1628 2924 historia
1674 2868 1878 2924 refert:
1923 2870 2031 2924 Fa-

382 2960 530 3009 ctum
566 2956 646 3008 est
690 2961 891 3020 autem,
924 2971 1049 3009 cum
1101 2956 1289 3027 Apollo
1318 2966 1453 3013 esset
1515 2957 1778 3013 Corinthi
1821 2967 1872 3013 et
1910 2974 2035 3013 cum

384 3043 595 3099 Paulus
646 3046 1011 3116 pertransiret
1057 3048 1359 3117 superiores
1386 3051 1569 3117 partes
1625 3048 1788 3114 Λεία),
1822 3047 2036 3103 devenit

2134 1977 2645 2049 signiﬁcationem,
2697 1978 2789 2033 die
2838 1976 3159 2041 Dominico,
3192 1975 3213 2009 ²
3274 1978 3331 2030 ct
3376 1972 3537 2028 omni
3577 1971 3797 2026 Pente-

2135 2060 2457 2133 costeﬁnec
2487 2066 2557 2121 de
2604 2066 2890 2138 geniculis
2942 2066 3201 2130 adorare,
3248 2066 3306 2119 et
3331 2060 3621 2134 jejunium
3672 2059 3800 2116 sol-

2134 2171 2284 2224 vere,
2320 2154 2622 2227 multaque
2655 2155 2769 2210 alia
2812 2155 3031 2227 scripta
3076 2170 3190 2209 non
3242 2155 3401 2217 sunt,
3445 2167 3571 2222 quae
3604 2148 3797 2205 ratio-—

2137 2243 2349 2299 nabilis
2406 2244 2518 2299 sibi
2573 2245 2897 2301 observatio
2948 2241 3262 2299 vindicavit
3316 2240 3463 2295 ’181
3530 2239 3609 2293 Ex
3674 2254 3799 2309 quo

2138 2333 2558 2389 animadvertis
2592 2350 2698 2389 nos
2747 2332 3013 2388 Ecclesize
3064 2330 3553 2386 consuetudinem
3595 2325 3796 2398 sequi,

2136 2420 2275 2484 licet
2305 2431 2437 2482 ante
2478 2422 2913 2479 advocationem
2964 2419 3216 2493 Spiritus
3264 2422 3491 2474 constet
3531 2415 3798 2487 aliquem

2137 2520 2519 2591 baptizatum.

2208 2610 2262 2662 9.
2323 2607 2611 2676 Episcopus
2674 2602 2743 2657 ad
2801 2602 3203 2673 impositionem
3259 2612 3456 2654 manus
3522 2597 3794 2652 accurrit.

2145 2700 2491 2754 Arianorum
2549 2692 2917 2763 blasphemiae.
2968 2690 3242 2761 Impositio
3291 2702 3578 2753 manuum,
3617 2700 3798 2756 quare

2139 2788 2385 2859 episcopo
2415 2785 2731 2838 reservata?
2784 2782 2880 2837 lus
2940 2776 3259 2851 baptizandi
3307 2776 3374 2831 ab
3422 2775 3691 2846 episcOpo.
3723 2802 3806 2814 -ο

2143 2877 2203 2932 0.
2228 2875 2351 2930 Non
2383 2872 2617 2945 quidem
2650 2871 2843 2925 abnuo
2874 2868 3024 2923 hanc
3056 2883 3184 2922 esse
3229 2863 3619 2920 Ecclesiarum
3653 2878 3808 2918 con-

2143 2963 2538 3024 suetudinem.
2571 2964 2637 3015 ut
2666 2959 2736 3014 ad
2769 2974 2867 3014 eos
2898 2957 2999 3029 qui
3030 2955 3233 3026 lnnge3
3264 2970 3298 3009 a
3337 2951 3661 3024 majoribus
3694 2968 3807 3005 ur-

2143 3054 2318 3111 bibus
2350 3068 2449 3123 per
2488 3050 2855 3122 presbyteros
2902 3051 2960 3101 et
3004 3045 3278 3100 diaconos
3327 3038 3803 3112 baptizatisunt,

384 3131 678 3206 ΕΡῙιεειιῖη.
707 3139 761 3189 ϐε
789 3149 912 3188 cum
968 3134 1263 3190 invenisset
1292 3136 1551 3207 quosdam
1604 3136 1865 3192 discentes
1893 3138 2039 3193 dixit
2146 3142 2455 3215 episc0pus
2486 3139 2556 3194 ad
2589 3135 3013 3193 invocationem
3045 3131 3231 3188 sancti
3262 3129 3517 3202 Spiritus
3547 3144 3805 3184 manum

389 3223 462 3279 ad
487 3238 602 3279 eos:
665 3223 725 3277 Si
753 3223 1021 3295 Spiritum
1049 3229 1303 3279 sanctum
1347 3227 1646 3297 accepistis,
1693 3242 1818 3281 cum
1859 3227 2035 3282 credi-

2147 3230 2533 3303 impositurus
2563 3229 2847 3282 excurrat.
2890 3224 2999 3279 Sed
3034 3220 3203 3293 quale
3250 3223 3357 3286 est,
3409 3221 3476 3272 ut
3503 3216 3661 3289 leges
3695 3216 3815 3271 Ec-

397 3314 554 3371 distis
572 3316 598 3367 ?
623 3313 690 3367 At
720 3292 809 3367 illi
840 3312 1267 3383 responderunt:
1301 3314 1402 3369 Sed
1431 3292 1527 3370 nec
1555 3318 1605 3370 si
1638 3316 1880 3387 Spiritus
1909 3334 2021 3372 san-

2181 3292 2334 3377 lesize
2364 3319 2436 3376 ad
2468 3316 2735 3374 haeresim
2758 3313 3098 3376 transferas,
3129 3315 3186 3365 et
3213 3307 3453 3381 virginis
3502 3311 3615 3361 tuas
3645 3304 3815 3362 inte-

397 3408 517 3459 ctus
544 3404 635 3467 sit,
665 3401 973 3457 audivimus
1001 3403 1154 3457 Dixit
1185 3410 1364 3459 autem
1402 3404 1472 3459 ad
1514 3420 1599 3460 eos
1618 3422 1637 3459 :
1675 3406 1737 3459 In
1778 3421 1882 3475 quo
1910 3422 2035 3475 ergo

399 3490 671 3563 baptizati
697 3494 831 3546 estis
849 3490 878 3544 ?
904 3491 1315 3561 Responderunt
1342 3494 1402 3547 in
1428 3494 1657 3548 Joannis
1688 3495 2032 3563 baptismate.

394 3583 553 3638 Dixit
578 3584 763 3636 autem
788 3580 1037 3639 Paulus:
1084 3584 1324 3635 Joannes
1366 3582 1583 3653 quidem
1613 3582 1914 3654 baptizavit
1946 3583 2037 3638 ba-

387 3679 593 3744 ptismo
616 3671 949 3743 paenitentiae
993 3669 1201 3741 plebem
1241 3671 1424 3726 dicens
1471 3673 1533 3726 in
1569 3671 1891 3727 adveniente
1917 3680 2036 3743 post

389 3778 516 3818 eum
544 3765 607 3816 ut
634 3759 912 3817 crederent
948 3760 1047 3814 hoc
1089 3763 1167 3814 est
1211 3762 1270 3815 in
1300 3765 1507 3828 Jesum,
1556 3762 1615 3815 in
1657 3763 2035 3817 remissionem

383 3857 750 3923 peccatorum.
782 3850 876 3904 His
932 3848 1137 3904 auditis
1193 3850 1457 3921 baptizati
1507 3858 1634 3906 sunt
1689 3852 1748 3904 in
1811 3852 2033 3906 nomine

386 3940 610 3996 Domini
629 3940 806 3995 nostri
860 3940 991 3996 Jesu
1019 3939 1238 3995 Christi.
1272 3942 1337 3995 Et
1365 3956 1489 3994 cum
1544 3941 1889 4011 imposuisset
1917 3941 2033 3995 illis

384 4045 587 4084 manus
614 4030 845 4095 Pontus,
875 4031 1133 4086 continuo
1179 4029 1371 4085 cecidit
1408 4030 1648 4101 Spiritus
1688 4040 1909 4086 sanctus
1937 4047 2029 4085 su-

381 4132 484 4190 per
583 4134 671 4174 eos
735 4118 871 4190 (Act.
938 4119 1111 4187 x1x,l
1184 4119 1373 4191 seqq.).
1441 4120 1497 4174 Si
1562 4136 1697 4192 ergo
1755 4120 2029 4192 baptizati

384 4212 672 4266 suntvero
712 4210 770 4264 et
813 4206 1076 4281 legitimo
1114 4209 1379 4265 Ecclesia:
1428 4210 1800 4282 baptismate,
1851 4216 1907 4267 et
1951 4213 2030 4268 ita

385 4301 588 4370 postea
631 4296 915 4369 Spiritum
965 4302 1232 4353 sanctum
1286 4300 1578 4355 consecuti
1627 4304 1801 4357 sunt:
1860 4306 1917 4356 et
1962 4306 2026 4357 tu

381 4385 779 4459 apostolorum
809 4404 1051 4460 sequere
1079 4388 1505 4457 auctoritatem,
1550 4394 1607 4445 et
1664 4391 1891 4461 baptiza
1926 4408 2025 4448 eos

380 4476 482 4547 qui
508 4475 722 4531 Christi
751 4492 868 4532 non
899 4476 1117 4532 habent
1154 4476 1468 4550 baptisma,
1517 4482 1575 4533 et
1608 4478 1825 4550 poteris
1863 4479 2023 4536 invo-

375 4579 509 4627 care
537 4563 822 4638 Spiritum
853 4570 1144 4622 sanctum.

2147 3412 2416 3484 gritatem
2447 3425 2549 3480 per
2579 3403 2947 3461 meretricum
2978 3398 3284 3471 lupanaria
3314 3393 3631 3484 patiaris“?
3660 3394 3813 3465 Epi-

2144 3482 2356 3573 scopus
2388 3498 2435 3554 si
2470 3495 2718 3568 imponit
2745 3507 3007 3557 manum,
3040 3489 3133 3543 his
3164 3484 3410 3559 imponit
3432 3483 3531 3556 qui
3557 3482 3617 3538 in
3634 3486 3809 3573 recta

2141 3568 2263 3645 ﬁde
2286 3585 2563 3659 baptizati
2593 3586 2750 3649 sunt,
2784 3580 2883 3653 qui
2916 3579 2974 3634 in
3008 3578 3191 3643 Patre,
3215 3579 3273 3630 et
3302 3573 3465 3640 Filio,
3499 3575 3556 3627 et
3571 3568 3805 3643 Spiritu

2143 3682 2343 3735 sancto
2357 3684 2473 3731 tres
2495 3688 2794 3746 personas,
2812 3685 2989 3725 unam
3004 3664 3395 3722 substantiam
3414 3660 3807 3745 crediderunt

2140 3768 2389 3823 Arianus
2416 3780 2546 3819 vero
2578 3777 2711 3816 cum
2741 3758 2899 3815 aliud
2951 3754 3096 3811 nihil
3152 3750 3463 3808 crediderit
3491 3747 3800 3820 (claudite,

2141 3872 2358 3928 quazso,
2392 3869 2561 3909 aures
2591 3849 2691 3923 qui
2713 3846 2970 3904 audituri
2990 3845 3151 3910 estis,
3180 3858 3252 3897 ne
3274 3844 3447 3896 tanta:
3469 3836 3803 3928 impietatis

2139 3926 2377 4001 vocibus
2396 3938 2786 4015 polluamini),
2821 3936 2943 3991 nisi
2975 3934 3031 3988 in
3068 3933 3234 3988 Patre
3265 3928 3387 3985 solo
3410 3943 3542 3983 vero
3572 3926 3807 3995 Deo,et

2138 4035 2197 4090 in
2210 4036 2235 4090 J
2242 4052 2342 4090 esu
2356 4032 2583 4087 Christo
2595 4028 2887 4083 Salvatorc
2900 4027 3185 4086 creatura,
3199 4024 3258 4075 et
3274 4017 3561 4089 inSpiritu
3587 4019 3802 4072 sancto

2136 4124 2443 4195 utriusque
2483 4135 2669 4185 servo,
2722 4113 3014 4187 quomodo
3061 4109 3346 4182 Spiritum
3398 4107 3677 4161 sanctum
3717 4102 3801 4159 ab

2139 4212 2392 4269 Ecclesia
2420 4208 2678 4280 recipiet,
2711 4204 2811 4277 qui
2842 4202 3096 4258 necdum
3147 4196 3558 4255 remissionem
3586 4208 3797 4265 pecca-

2134 4308 2327 4358 torum
2380 4300 2728 4355 consecutus
2784 4289 2913 4347 est?
2971 4288 3225 4361 Spiritus
3275 4284 3491 4358 quippe
3521 4284 3792 4349 sanctus,

2135 4391 2246 4448 nisi
2280 4388 2561 4446 mundam
2593 4384 2789 4439 sedem
2839 4396 2954 4435 non
3001 4375 3283 4435 incolit“:
3334 4389 3439 4429 nec
3486 4369 3792 4427 habitator

2131 4481 2259 4552 ejus
2291 4476 2492 4548 templi
2530 4472 2803 4538 efficitur,
2836 4468 2991 4540 quod
3041 4464 3363 4521 antistitem
3416 4477 3534 4552 non
3583 4458 3785 4552 habet,

2127 4546 2323 4626 veram
2373 4546 2569 4621 fidem.
2619 4559 2781 4627 Quod
2837 4558 2887 4613 si
2942 4556 3051 4613 hoc
3108 4554 3233 4611 loco
3264 4550 3476 4625 quaaris
3508 4563 3688 4622 quare
3723 4546 3791 4603 in

356 4680 357 4683 η
444 4656 481 4712 8
528 4654 635 4711 Mos
672 4656 1039 4713 Ecclesiarum
1094 4658 1152 4712 in
1193 4673 1461 4713 manuum
1516 4660 1863 4730 impositione
1891 4659 2015 4715 Tra-
2045 4669 2093 4735 ι)
2122 4656 2380 4716 Ecclesia
2407 4651 2756 4726 baptizatus,
2791 4647 2903 4704 nisi
2935 4662 3037 4719 per
3068 4659 3280 4700 manus
3327 4638 3613 4712 episcopi,
3655 4652 3780 4694 non

439 4904 457 4940 ¹
488 4904 712 5032 lipasm.
748 4919 881 4964 cum
913 4906 1229 4980 antiquiori
1279 4906 1439 4977 edit.,
1480 4908 1698 4966 duceris
1742 4910 2018 4981 irreligio-

439 4995 480 5032 ς.
564 4978 752 5032 ictor..
783 4996 1030 5032 perverse
1066 4982 1375 5032 religiosus.
1429 4981 1811 5032 Hieronvmus
1842 4983 2010 5032 enist.

365 4994 480 5054 sus.
512 4978 752 5054 Victam,
777 4996 1030 5054 perverse
1060 4978 1375 5052 religiosus.
1429 4981 1811 5054 Hieronymus
1842 4978 2010 5054 epist.

362 5051 454 5124 44,
490 5072 521 5100 ‹‹
579 5051 737 5108 Licet
781 5051 841 5107 in
893 5068 1231 5124 perversum
1281 5069 1525 5109 munera
1567 5051 1762 5109 vestra
1805 5051 2013 5110 conve-

364 5121 557 5178 niunt.
585 5144 612 5173 )›

433 5193 854 5268 ’__Mart_iana3us
888 5194 1107 5267 legerat
1145 5195 1215 5250 ad
1245 5196 1518 5268 infantia:
1557 5197 2012 5268 signiﬁcationem

364 5263 580 5340 redire:
621 5263 1107 5340 Dominica,_etc.,
1148 5263 1335 5340 nullo
1369 5285 1569 5323 sensu.
1609 5263 2011 5340 'Reposuimus

362 5336 518 5410 quod
549 5335 608 5410 in
640 5336 771 5393 aliis
800 5335 1099 5394 obtinebat
1123 5338 1231 5393 die.
1268 5356 1369 5410 pro
1399 5340 1607 5394 redire.

430 5408 453 5441 ³
481 5406 561 5462 Ad
587 5425 694 5473 eos,
729 5412 825 5479 qui
855 5412 1033 5480 longe.
1086 5406 1439 5466 Sorbonicus
1488 5412 1666 5466 codex
1716 5428 1809 5480 qui
1855 5412 2009 5480 longe

359 5496 392 5533 a
422 5480 722 5550 majoribus
753 5483 996 5547 urbibus,
1030 5487 1119 5536 etc
1176 5482 1459 5537 Maa'rux.
1513 5514 1580 5521 ——
1628 5485 1769 5539 Cum
1804 5484 2007 5537 Gravio

365 5554 425 5625 et
472 5554 890 5607 vetustioribus
943 5554 1209 5622 impressi
1277 5554 1423 5625 lego.
1470 5557 1652 5609 Antea
1699 5560 1840 5618 erat,
1902 5555 2009 5621 Qui

359 5621 517 5693 longe
569 5640 603 5678 a
656 5625 959 5680 minoribus
1020 5621 1279 5689 urbibus,
1337 5621 1486 5679 serie
1544 5625 1673 5695 ipsa
1727 5626 2007 5680 orationis

356 5700 653 5769 renuente.
688 5696 901 5752 Adhznc
935 5695 1109 5749 urbes
1150 5697 1399 5769 tametsi
1429 5696 1685 5751 minores
1732 5697 2002 5769 episcopo

353 5782 469 5833 non
492 5767 751 5827 caruisse
797 5773 930 5830 ante
980 5770 1199 5841 etpost
1240 5766 1641 5827 Sardicensem
1690 5766 1995 5845 canonem,

2167 4915 2302 4967 uto:
2336 4912 2539 4964 contra
2566 4902 2735 4959 villas.
2769 4897 3026 4965 castella,
3060 4901 3117 4953 ct
3142 4894 3455 4951 remotiora
3486 4888 3559 4947 ab
3611 4888 3785 4945 urbi-

2167 4929 2302 4967 υιοι
2336 4929 2539 4964 contra
2568 4929 2735 4959 νιιιω.
2769 4929 3026 4965 casuum,
3060 4929 3117 4953 υι,
3144 4929 3200 4951 lc

2124 4929 2240 5038 lius
2269 4981 2413 5045 loca,
2446 4996 2569 5050 qua:
2589 4974 2831 5050 inferius
2853 4972 3149 5050 ipdiqantri
3162 4987 3205 5050 ς.

2195 5035 2567 5123 ἶιαραὲιᾶνιά
2593 5048 2827 5123 patiaris
2860 5044 3041 5123 Editis
3073 5041 3313 5123 addunt
3343 5035 3581 5092 verbum
3612 5049 3780 5123 spur-

2119 5128 2255 5189 cari,
2318 5111 2471 5195 quod
2525 5111 2640 5176 no‘n
2699 5118 2965 5195 retinent_
3004 5111 3375 5195 exemplaria,
3414 5111 3780 5195 mssqlilsa-

2116 5179 2269 5252 risu.
2294 5179 2361 5236 έ-
2385 5194 2535 5250 Olini
2566 5195 2690 5247 erat
2713 5189 2965 5260 spurcari
2990 5179 3244 5260 patiaris,
3279 5179 3403 5260 sed
3429 5179 3594 5260 prius
3642 5192 3778 5233 ver-

2119 5270 2255 5323 bum
2305 5267 2364 5321 in
2398 5282 2538 5320 mss.
2575 5280 2687 5318 non
2721 5252 2967 5315 inveniri
2990 5252 3183 5331 'tcstis
3229 5257 3318 5309 est
3350 5252 3771 5331 Martianazuss

2296 5320 2531 5393 unicum
2563 5334 2793 5406 patiaris
2827 5347 2940 5386 non
2992 5328 3223 5406 placet,_
3263 5341 3328 5379 ac
3355 5320 3776 5406 malimhequi-

2118 5391 2393 5480 legi
2425 5391 2686 5479 partiuris
2721 5408 2783 5458 ut
2817 5391 3334 5480 __queniarlrnod_urn
3373 5394 3531 5480 leges
3567 5391 3777 5480 Eccle-

2118 5484 2215 5537 sive
2247 5483 2315 5537 ad
2340 5468 2609 5535 haeresim
2646 5468 2963 5531 transferri.
2996 5473 3078 5524 sic
3106 5468 3347 5540 virginis
3371 5468 3775 5536 integritatem

2118 5572 2221 5626 per
2252 5552 2553 5623 lupanaria
2594 5547 2794 5626 parti-ri
2816 5544 3121 5626 improbet.

2188 5606 2460 5696 '5
2519 5606 2611 5677 ex;
2636 5620 2877 5696 antiqua
2904 5606 3181 5696 tellitionc
3206 5609 3540 5696 ‘sc‘dempro
3570 5606 3770 5696 ﬁdem:

2114 5714 2239 5769 qua:
2272 5684 2405 5751 item
2445 5711 2543 5769 pro
2577 5691 2716 5769 quod
2756 5684 3073 5769 antistitum,
3127 5684 3300 5739 habet
3345 5684 3500 5769 cujus
3529 5684 3766 5737 antistes

2110 5755 2169 5833 et
2200 5770 2406 5827 deinde
2434 5755 2740 5839 obloq'ueris
2768 5776 2873 5835 pro
2904 5759 3001 5816 hoc
3029 5759 3142 5815 loco
3174 5755 3402 5832 quieris.
