3970 6478
185 478 278 540 173

1139 468 1535 538 DIALOGUS
1579 460 1894 537 CONTRA
1943 468 2538 537 LUCIFERIANOS.

3424 449 3545 533 iis;

182 610 387 684 accipiat
413 607 689 683 Spiritum
720 612 1011 678 sanctum,
1037 624 1212 682 quem
1239 626 1346 666 nos
1368 607 1691 666 asserimus
1716 607 1775 663 in
1808 610 1860 676 Α
1892 607 2148 676 caedcris,
2183 610 2236 662 et
2265 608 2424 663 nuda
2472 625 2505 663 a
2561 606 2806 680 spiculis
2861 607 3035 664 dorsa
3091 623 3205 662 non
3256 604 3535 678 protegis,

181 719 287 760 vero
313 701 648 774 baptismate
675 700 876 771 tribui,
912 699 1072 757 disce
1110 699 1263 756 hanc
1311 698 1777 756 observationem

180 809 234 848 ex
256 806 314 847 ea
337 788 668 846 auctoritate
697 789 1069 855 descendere,
1103 789 1256 862 quod
1291 793 1423 858 post
1467 803 1777 844 ascensum

180 878 375 935 Domini
402 877 649 951 Spiritus
679 883 920 935 sanctus
949 879 1024 935 ad
1055 878 1350 951 apostolos
1381 877 1780 934 descendit.Et

178 966 350 1024 multis
376 967 429 1023 in
458 966 602 1023 locis
631 965 786 1025 idem
820 968 1153 1024 factitatum
1183 967 1533 1038 reperimus,
1568 966 1639 1020 ad
1668 965 1777 1020 ho-

178 1073 346 1113 norem
374 1057 557 1129 potius
588 1057 897 1113 sacerdotii
932 1058 946 1091 ¹
981 1073 1160 1129 quam
1183 1057 1255 1112 ad
1287 1055 1476 1128 legem
1520 1054 1778 1110 necessi-

179 1145 533 1219 tatis.Alioqui
560 1146 610 1202 si
642 1147 714 1202 ad
745 1145 1004 1220 episcopi
1033 1150 1262 1202 tantum
1295 1143 1774 1217 imprecationem

175 1236 386 1309 Spiritus
413 1240 650 1292 sanctus
681 1236 906 1303 deﬂuit,
939 1235 1171 1308 legendi
1204 1239 1343 1291 sunt
1375 1235 1474 1306 qui
1504 1235 1564 1289 in
1605 1233 1776 1289 villu-

177 1322 237 1380 lis
259 1326 294 1395 ’,
320 1327 410 1379 aut
436 1323 493 1379 in
523 1322 804 1391 castellis,
835 1328 937 1380 aut
964 1323 1023 1379 in
1056 1321 1471 1379 remotioribus
1502 1319 1645 1376 locis
1675 1337 1775 1393 per

174 1414 497 1486 presbyteros
526 1415 586 1469 et
614 1412 894 1468 diaconos
923 1411 1200 1484 baptizati
1229 1416 1365 1467 ante
1409 1410 1779 1466 dormierunt

175 1518 321 1573 quam
357 1503 425 1557 ab
469 1502 759 1575 episcopis
817 1502 1231 1558 inviserentur.
1292 1500 1446 1556 I82
1505 1499 1771 1554 Ecclesia:

176 1589 312 1647 salus
328 1590 384 1646 in
403 1591 620 1647 summi
647 1589 964 1647 sacerdotis
994 1590 1277 1663 dignitate
1307 1589 1521 1662 pendet
1549 1590 1571 1622 ³
1599 1588 1692 1643 cui
1726 1588 1775 1643 si

177 1695 269 1735 non
295 1696 480 1737 exsors
507 1682 529 1714 ⁴
558 1681 830 1752 quaedam
859 1682 919 1736 et
945 1679 1019 1735 ab
1059 1678 1340 1735 omnibus
1380 1678 1647 1734 eminens
1678 1678 1777 1734 de-

168 1772 250 1824 tur
270 1773 533 1841 potestas,
564 1773 652 1825 tot
688 1770 749 1825 in
782 1768 1055 1826 Ecclesiis
1083 1768 1412 1825 efficientur
1459 1766 1781 1823 schismata

169 1862 288 1930 quot
321 1860 664 1915 sacerdotes.
699 1859 839 1914 Inde
884 1857 1043 1915 venit
1088 1863 1155 1914 ut
1192 1859 1319 1914 sine
1368 1856 1676 1913 chrismate
1722 1860 1781 1912 et

1886 697 2024 753 Esto
2057 697 2274 770 quippe
2307 697 2461 768 apud
2486 697 2732 753 Arianos
2763 713 2835 753 ne
2865 696 3161 768 baptisma
3207 696 3363 751 183
3407 694 3536 767 qui-

1887 787 2019 842 dem
2052 803 2200 857 esse,
2235 792 2293 842 et
2313 786 2442 842 ideo
2485 786 2763 859 Spiritum
2818 789 3089 842 sanctum
3150 785 3222 842 ab
3280 785 3365 840 eis
3422 801 3537 840 non

1888 892 2059 948 posse
2091 875 2238 943 dari,
2273 875 2410 948 quia
2431 877 2685 932 necdum
2716 876 3536 947 remissionem'peccatorum

1886 966 2473 1037 acceperint;totum
2514 964 2624 1021 hoc
2672 965 2924 1022 victoria:
2978 982 3120 1021 more
3173 963 3423 1037 proﬁcit,
3482 966 3553 1018 ct‘

1890 1058 2373 1127 argumentorum
2439 1058 2676 1112 tuorum
2748 1054 3037 1128 palaestra,
3097 1054 3243 1109 mihi
3301 1051 3537 1127 palman

1884 1143 2138 1199 victoria:
2169 1144 2365 1199 sudat.
2402 1142 2659 1200 Arianus
2713 1144 3010 1216 baptisma
3054 1160 3169 1199 non
3225 1141 3403 1197 habet
3435 1158 3450 1208 ;
3482 1142 3540 1195 et

1886 1233 2182 1305 quomodo
2208 1233 2604 1289 sacerdotium
2638 1232 2860 1289 habet?
2892 1232 3093 1290 Laicus
3115 1232 3269 1306 apud
3301 1247 3400 1287 eos
3423 1246 3538 1286 non

1886 1326 1996 1389 est,
2032 1326 2089 1378 et
2120 1323 2415 1394 quomodo
2442 1322 2753 1395 episcopus
2785 1338 2913 1379 esse
2944 1322 3188 1394 potest?
3218 1320 3359 1376 Mihi
3396 1319 3539 1375 reci-

1887 1427 2022 1485 pere
2054 1411 2390 1467 mendicum
2423 1428 2537 1467 non
2588 1411 2743 1480 licet,
2776 1416 2840 1467 tu
2872 1411 3083 1484 recipis
3137 1426 3332 1483 regem
3364 1409 3393 1462 ?
3421 1407 3540 1463 Vos

1886 1500 2038 1557 hosti
2065 1504 2257 1556 castra
2286 1500 2551 1568 traditis;
2587 1504 2644 1555 et
2668 1518 2702 1556 a
2734 1501 2905 1556 nobis
2952 1500 3197 1572 perfuga
3246 1499 3353 1568 [ΑΙ.
3404 1512 3536 1568 pro-

1890 1590 2050 1662 fuga]
2084 1589 2440 1660 rejiciendus
2470 1594 2576 1646 est.

1962 1679 2046 1734 ll.
2083 1680 2142 1735 0.
2178 1679 2238 1734 Si
2279 1679 2541 1750 priorum
2597 1679 2991 1749 meminisses,
3018 1680 3145 1751 jam
3195 1676 3374 1734 scires
3430 1674 3537 1731 tibi

1888 1766 2071 1823 fuisse
2100 1784 2451 1840 responsum
2478 1784 2491 1822 :
2527 1769 2627 1824 sed
2661 1770 2803 1825 dum
2826 1784 3086 1825 amorem
3105 1764 3541 1823 contradicendi

1890 1856 2175 1929 sequeris,
2236 1874 2270 1913 a
2329 1856 2721 1930 quaestionum
2781 1857 2952 1913 lineis
3010 1856 3238 1913 ecidisti
3298 1874 3311 1913 :
3379 1869 3543 1910 more

164 1947 388 2021 episcopi
401 1948 692 2020 jussione,
725 1963 915 2021 neque
935 1948 1258 2021 presbyter,
1279 1963 1466 2019 neque
1497 1946 1781 2002 diaconus
1815 1988 1863 2053 B
1893 1947 2287 2018 quorumdam
2319 1944 2654 2018 loquacium
2686 1942 2882 2019 potius
2913 1963 3091 2018 quam
3125 1945 3536 2010 facundorum,

159 2034 245 2105 jus
270 2034 511 2092 habeant
544 2035 904 2110 baptizandi.
938 2035 1100 2099 Quod
1133 2035 1486 2106 frequenter,
1516 2033 1564 2089 si
1586 2037 1781 2088 tamen

161 2123 448 2182 necessitas
491 2124 671 2198 cogit,
722 2125 946 2181 scimus
1002 2123 1180 2180 etiam
1234 2123 1407 2180 licere
1466 2122 1652 2178 laicis.
1712 2121 1786 2178 Ut

161 2212 296 2269 enim
324 2214 533 2288 accipit
553 2214 712 2287 quis,
742 2213 825 2269 ita
877 2218 937 2269 et
982 2213 1121 2269 dare
1168 2216 1356 2285 potest
1399 2229 1413 2280 ;
1467 2212 1581 2267 nisi
1640 2211 1784 2267 forte

162 2302 438 2360 eunuchus
466 2320 502 2360 a
531 2302 803 2376 Philippo
833 2302 1077 2359 diacono
1107 2302 1461 2375 baptizatus,
1495 2302 1621 2357 sine
1659 2300 1784 2373 Spi-

161 2390 258 2446 ritu
286 2396 483 2448 sancto
506 2392 692 2448 fuisse
716 2392 1040 2447 credendus
1070 2394 1180 2459 est,
1228 2391 1299 2448 de
1329 2406 1444 2463 quo
1482 2390 1787 2462 Scriptura

164 2480 234 2536 ita
274 2481 569 2554 loquitur:
614 2483 679 2537 Et
726 2480 1117 2539 descenderunt
1164 2483 1412 2537 amboin
1459 2496 1659 2552 aquam
1686 2496 1708 2541 ;
1736 2488 1788 2535 et

163 2568 586 2641 baptimviteum
616 2569 915 2643 Philippus
969 2572 1108 2643 (Act.
1167 2587 1291 2637 VIII,
1354 2571 1465 2641 38).
1528 2571 1599 2625 Et
1650 2585 1784 2624 cum

160 2657 515 2717 abscederent
549 2661 832 2733 abaqua:
867 2659 1106 2733 Spiritus
1135 2664 1359 2716 sanctus
1388 2660 1536 2714 venit
1582 2660 1639 2713 in
1690 2674 1787 2713 eu-

158 2750 582 2822 nuchum(lbid.,
604 2751 718 2820 39).
749 2750 805 2806 Si
836 2755 1031 2807 autem
1056 2749 1203 2805 illud
1233 2748 1632 2820 objiciendum
1676 2765 1787 2820 pu-

157 2838 252 2906 tas,
282 2840 437 2911 quia,
471 2840 615 2896 Cum
648 2839 926 2896 audissent
953 2839 1186 2911 apostoli
1232 2840 1329 2910 qui
1368 2846 1528 2894 erant
1585 2840 1788 2894 Hiero-

155 2926 380 2998 solymis,
407 2930 550 3001 quia
582 2932 786 3002 recepit
816 2927 1072 2983 Samaria
1101 2926 1326 2983 verbum
1353 2927 1471 2998 Dei,
1519 2928 1789 2982 miserunt

156 3014 216 3070 ad
234 3031 313 3072 eos
350 3024 584 3075 Petrum
622 3026 677 3074 et
728 3018 1011 3086 Joannem,
1063 3018 1161 3089 qui
1214 3033 1340 3072 cum
1390 3018 1664 3075 venissent
1719 3015 1789 3071 ad

153 3119 247 3175 eos,
273 3111 578 3165 oraverunt
595 3122 699 3180 pro
743 3109 841 3177 eis,
879 3115 942 3163 ut
985 3108 1295 3179 acciperent
1338 3106 1608 3178 Spiritum
1651 3123 1786 3160 san-

155 3196 301 3265 ctum,
322 3197 574 3254 nondum
602 3199 750 3254 enim
787 3196 1055 3253 ceciderat
1105 3213 1272 3268 super
1324 3197 1505 3252 ullum
1562 3197 1791 3252 illorum

154 3283 293 3354 (Ibid.
316 3287 523 3360 1446).
561 3286 680 3343 Cur
717 3286 803 3343 ita
850 3286 1069 3343 factum
1117 3285 1222 3352 sit,
1274 3285 1789 3360 in_consequenti-

1895 2035 2159 2109 quicum
2197 2035 2497 2107 disputare
2546 2036 2831 2103 nesciant,
2885 2040 3085 2092 tamen
3137 2035 3367 2108 litigare
3426 2050 3541 2090 non

1895 2122 2190 2180 desinunt.
2228 2124 2345 2196 Ego
2378 2124 2534 2179 enim
2558 2142 2675 2180 non
2703 2129 2824 2180 tam
2857 2124 2915 2180 in
2971 2122 3245 2197 praesenti
3305 2122 3544 2179 Arianos

1893 2212 1982 2270 vel
2011 2213 2299 2287 improbo,
2332 2212 2421 2269 vel
2452 2213 2723 2284 defendo,
2756 2230 2932 2286 quam
2965 2212 3127 2270 illam
3174 2228 3384 2268 cursus
3430 2210 3548 2267 mei

1896 2307 2114 2358 metam
2145 2302 2671 2368 circumeo,eadem
2703 2303 2928 2359 ratione
2957 2321 2991 2359 a
3012 2303 3182 2359 nobis
3203 2301 3544 2373 episcopum

1896 2391 2096 2465 recipi,
2156 2408 2272 2464 qua
2317 2390 2503 2448 laicus
2556 2409 2590 2447 a
2644 2391 2810 2448 vobis
2866 2391 3163 2465 recipitur.
3220 2390 3276 2445 Si
3329 2382 3546 2446 erranti

1896 2481 2169 2538 concedis
2198 2481 2453 2547 veniam,
2476 2486 2533 2536 et
2560 2497 2666 2554 ego
2709 2481 2949 2553 ignosco
3008 2480 3333 2553 pocnitenti.
3367 2480 3427 2535 Si
3484 2479 3545 2534 in

1897 2570 2009 2628 fide
2040 2587 2148 2626 sua
2171 2570 2465 2643 baptizato
2497 2570 2603 2642 (Al.
2656 2570 3043 2643 baptizatum)
3090 2571 3398 2643 baptizaus
3441 2586 3548 2626 no-

1897 2677 2024 2717 cere
2054 2678 2171 2716 non
2204 2661 2414 2733 potuit,
2442 2664 2499 2716 et
2527 2660 2587 2715 in
2622 2660 2734 2716 ﬁde
2764 2678 2873 2717 sua
2919 2661 3279 2717 sacerdotem
3330 2661 3547 2717 consti-

1896 2755 2092 2807 tutum
2149 2749 2516 2807 constituens
2575 2766 2689 2806 non
2743 2750 3093 2822 inquinavit.
3152 2750 3395 2808 Subtilis
3460 2757 3551 2810 est

1897 2840 2158 2907 haeresis,
2187 2845 2243 2896 et
2265 2839 2392 2895 ideo
2417 2838 2716 2912 simplices
2738 2840 2946 2895 animae
2967 2839 3135 2896 facile
3155 2840 3549 2913 decipiuntur.

1899 2929 2145 3003 Decepio
2175 2935 2295 2985 tam
2330 2928 2466 2985 laici
2500 2946 2677 3002 quam
2728 2930 2987 3003 episcopi
3045 2931 3379 2987 communis
3438 2937 3549 2989 est.

1899 3023 1973 3074 At
2001 3019 2311 3090 episcopus
2340 3035 2533 3076 errare
2564 3036 2679 3075 non
2708 3019 2914 3091 potuit.
2949 3023 3165 3075 Revera
3193 3021 3263 3076 de
3292 3020 3551 3078 Platonis

1899 3112 1955 3164 et
1985 3108 2393 3181 Aristophanis
2445 3109 2578 3164 sinu
2637 3108 2697 3164 in
2754 3109 3158 3181 episcopatum
3216 3108 3553 3183 alleguntur

1900 3199 2010 3269 (Al.
2043 3198 2385 3271 eliguntur).
2421 3199 2645 3264 Quotus
2677 3198 2833 3253 enim
2867 3197 3117 3270 quisque
3152 3202 3260 3265 est,
3295 3198 3396 3271 qui
3431 3217 3549 3256 non

1900 3287 2166 3360 apprime
2198 3287 2255 3342 in
2288 3286 2382 3342 his
2412 3286 2678 3343 eruditus
2713 3287 2789 3343 sit
2818 3286 2846 3342 ?
2877 3288 3130 3360 Denique
3161 3304 3228 3344 ex
3278 3287 3551 3345 litteratis

156 3372 255 3429 bus
306 3355 491 3432 disce.
551 3377 683 3448 Ipse
734 3375 893 3431 enim
968 3375 1084 3431 ait:
1120 3374 1224 3432 Sed
1271 3355 1453 3431 solum
1527 3355 1794 3447 baptizati
1823 3361 1866 3428 C
1906 3355 2241 3449 quicunque
2272 3375 2443 3432 hodie
2474 3375 2842 3448 ordinantur,
2876 3376 2933 3432 id
2965 3355 3186 3434 habent
3237 3394 3411 3447 cura),
3445 3400 3560 3445 non

155 3472 296 3520 erant
324 3466 384 3520 in
406 3467 641 3522 nomine
663 3466 886 3522 Domini
911 3466 1056 3521 Iesu.
1119 3467 1262 3521 Tunc
1314 3465 1665 3537 imponebant
1718 3466 1789 3521 il-

162 3550 223 3605 lis
246 3569 461 3624 manus,
494 3559 550 3612 et
606 3554 950 3626 accipiebant
1000 3554 1272 3626 Spiritum
1325 3558 1575 3610 sanctum
1629 3553 1788 3626 (Ibid.

160 3641 237 3710 16,
266 3644 374 3713 17).
406 3644 531 3702 Hoc
553 3643 681 3700 loco
712 3642 763 3699 si
791 3647 849 3700 et
874 3648 938 3699 tu
988 3643 1264 3699 similiter
1308 3648 1365 3699 te
1398 3644 1585 3700 facere
1622 3643 1791 3712 dicis,

157 3730 279 3800 quia
304 3732 568 3791 haeretici
600 3749 715 3790 non
748 3733 1190 3806 baptizaverunt
1217 3733 1274 3788 in
1308 3733 1527 3806 Spiritu
1569 3738 1793 3802 sancto,

152 3818 291 3878 scias
319 3821 665 3897 Philippum
696 3822 770 3879 ab
800 3821 1083 3896 apostolis
1132 3838 1246 3879 non
1288 3822 1470 3879 fuisse
1517 3823 1795 3891 divisum,

152 3911 400 3968 eamdem
432 3912 722 3969 habuisse
762 3910 1101 3983 Ecclesiam,
1159 3912 1433 3969 eumdem
1480 3911 1797 3968 Dominum

148 3998 337 4058 Iesum
357 4001 668 4060 Christum
701 4001 1048 4075 praedicasse
1072 4019 1085 4058 :
1111 4002 1424 4059 diaconum
1446 4006 1601 4058 certe
1617 4001 1800 4059 fuisse

151 4103 361 4159 eorum,
395 4093 502 4165 qui
535 4095 744 4166 postea
787 4108 1000 4148 manus
1048 4092 1478 4165 imposuerunt.
1530 4092 1617 4148 Tu
1664 4107 1800 4147 vero

150 4194 275 4237 cum
304 4182 463 4256 apud
499 4181 753 4238 Arianos
784 4198 901 4238 non
932 4181 1249 4239 Ecclesiam
1286 4182 1450 4238 dicas
1496 4197 1645 4250 esse,
1698 4181 1801 4237 sed

152 4282 508 4347 synagogam
537 4290 552 4342 ;
587 4287 695 4329 nec
724 4270 968 4328 clericos
1004 4269 1123 4341 Dei,
1157 4271 1259 4327 sed
1292 4275 1573 4327 creaturae
1596 4276 1652 4326 et
1672 4271 1805 4327 ido-

150 4353 328 4416 lorum
360 4360 652 4431 cultores,
681 4361 976 4434 quomodo
1004 4360 1062 4415 in
1095 4360 1312 4433 dispari
1336 4376 1516 4417 causa
1536 4361 1802 4417 eamdem

154 4449 362 4506 asseris
394 4451 699 4508 rationem
731 4455 789 4507 te
814 4454 1031 4507 tenere.

213 4536 301 4593 40.
331 4541 395 4596 ι.
424 4538 715 4596 Valenter
765 4538 1000 4613 quidem
1030 4543 1090 4595 et
1144 4540 1256 4596 ﬁxo
1308 4540 1493 4613 gradu
1554 4555 1645 4597 me
1699 4538 1806 4595 tibi

151 4624 206 4681 in
234 4627 445 4689 faciem
491 4628 881 4687 dimicantem
934 4628 1200 4703 repellis;
1231 4631 1333 4686 sed
1393 4634 1526 4702 post
1576 4634 1804 4703 tergum

215 4824 373 4901 ‘_Jus
403 4826 806 4901 consignandi
844 4826 1198 4901 presbyteris
1247 4844 1363 4885 non
1419 4828 1666 4885 obscure
1720 4845 1813 4885 as-

157 4897 312 4973 serit,
340 4900 445 4973 qui
477 4897 664 4973 etiam
695 4897 872 4973 usum
904 4897 1222 4973 aliquando
1269 4901 1531 4973 permitti
1588 4902 1646 4956 in
1704 4901 1820 4973 epi-

157 4969 303 5026 stola
335 4969 411 5027 ad
448 4971 840 5045 Evangelium
870 4969 1150 5045 indicavit
1176 4987 1191 5028 :
1216 4994 1244 5023 ι(
1270 4969 1425 5037 Ouid
1464 4972 1624 5029 enim
1657 4969 1816 5041 fac-it,

158 5047 406 5118 excepta
455 5043 852 5118 ordinatione,
911 5044 1233 5118 episcopus
1297 5045 1454 5118 quod
1515 5045 1821 5118 presbyter

154 5127 262 5171 non
292 5113 481 5171 faciat
509 5114 544 5169 τ
576 5136 606 5165 ››
637 5115 709 5171 Et
734 5115 793 5172 in
821 5113 1270 5173 Commentariis
1299 5113 1593 5173 Ambrosii
1629 5113 1819 5173 nomi-

156 5200 222 5263 ne
251 5186 520 5263 vulgatis
556 5186 618 5263 in
649 5188 950 5263 Ephes.g1v
981 5205 995 5243 :
1023 5211 1052 5239 «
1096 5187 1267 5260 Apud
1328 5192 1641 5263 Egyptum
1692 5204 1819 5261 pre-

157 5256 796 5334 sbyteri"_co_nsigna'nt,
828 5261 877 5317 si
908 5256 1170 5334 praesens
1196 5275 1311 5334 non
1343 5256 1820 5334 sit'e'piscopus.»

158 5327 351 5387 Parias
384 5327 780 5388 habet'vetus
808 5327 1013 5389 auc-tor
1041 5332 1443 5397 Quaestionum
1476 5327 1545 5388 ex
1574 5327 1822 5397 utroque

157 5398 413 5477 Testem,
451 5402 694 5459 mixtim
726 5404 880 5477 inter
904 5403 1217 5477 Augustini
1249 5419 1425 5476 opera
1457 5420 1475 5477 :7
1505 5409 1681 5477 atque
1728 5398 1822 5461 hic

155 5487 294 5531 usus
319 5474 668 5533 etiamnum
712 5476 945 5549 dicitur
968 5474 1125 5549 apud
1166 5474 1394 5549 Graecos
1429 5474 1707 5549 obtinere.
1729 5477 1821 5532 In-

158 5549 469 5622 nocentius
503 5552 707 5622 tamen
740 5548 951 5622 celebri
983 5548 1065 5604 ita
1098 5548 1181 5622 ad
1231 5548 1565 5622 Decentium
1589 5549 1821 5622 episto-

160 5615 249 5675 la:
281 5643 309 5692 ιφ
343 5618 901 5692 Deconsignandis
937 5636 1072 5677 vero
1094 5619 1418 5692 infantibus
1440 5615 1821 5692 manil'éstum

159 5690 525 5766 estabalio,
562 5690 741 5763 quam
772 5693 1045 5766 episcopo
1094 5690 1453 5766 fieri_licere.
1497 5691 1641 5749 Nam
1692 5709 1823 5766 pre-

160 5761 377 5839 sbyteri
408 5761 836 5839 licet'secund'i
868 5761 1019 5839 sicut
1048 5762 1403 5832 sacerdotes,
1447 5761 1825 5839 pontificatus

156 5835 352 5927 tamen
383 5835 629 5921 apicem
654 5852 772 5900 non
796 5836 1033 5901 habent.
1066 5838 1186 5896 Hoc
1217 5839 1413 5897 autem
1448 5835 1824 5915 pontiﬁcium

1901 3466 2196 3538 quomodo
2273 3465 2707 3537 Scripturarum
2781 3466 3071 3524 medullas
3128 3469 3387 3542 obibant,
3442 3477 3546 3534 sed

1902 3556 2198 3628 quomodo
2257 3572 2428 3612 aures
2487 3556 2689 3629 populi
2746 3555 3206 3615 declamatorum
3284 3562 3549 3623 flosculis

1906 3644 2219 3701 mulceant.
2254 3634 2489 3702 Accedit
2520 3646 2591 3702 ad
2641 3645 2772 3717 hoc,
2831 3647 2985 3719 quod
3043 3649 3259 3707 Ariana
3312 3652 3552 3712 haeresis

1906 3734 2094 3809 magis
2125 3752 2258 3792 cum
2291 3736 2583 3808 sapientia
2610 3735 2809 3792 saeculi
2841 3736 2997 3807 facit,
3057 3743 3114 3794 et
3169 3749 3549 3815 argumenta-

1906 3826 2130 3881 tionum
2186 3824 2339 3881 rivos
2399 3825 2470 3881 de
2524 3823 2856 3881 Aristotelis
2903 3825 3165 3884 fontibus
3227 3837 3557 3901 mutuatur,

1910 3915 2095 3988 Igitur
2124 3912 2496 3987 parvulorum
2531 3914 2684 3970 inter
2713 3931 2774 3970 se
2803 3915 3153 3972 certantium
3186 3918 3324 3989 ritu,
3381 3921 3559 3994 quid-

1910 4004 2050 4077 quid
2084 4003 2322 4073 dixeris,
2356 4003 2579 4059 dicam:
2622 4003 2969 4072 afﬁrmabis,
3003 4006 3347 4065 affirmabo:
3383 4026 3561 4084 nega-

1909 4094 2001 4151 bis
2033 4094 2279 4166 negabo,
2311 4092 2564 4148 Arianus
2596 4092 2871 4165 baptizat,
2903 4109 3040 4167 ergo
3070 4096 3385 4171 episcopus
3432 4104 3558 4158 est:

1912 4201 2026 4241 non
2059 4182 2336 4254 baptizat,
2368 4185 2431 4237 tu
2464 4182 2653 4238 refuta
2683 4180 2921 4251 laicum,
2955 4189 3011 4240 et
3042 4202 3147 4258 ego
3197 4204 3312 4244 non
3345 4190 3562 4264 recipio

1913 4271 2295 4329 sacerdotem.
2325 4271 2551 4344 Sequar
2578 4275 2635 4327 te
2664 4288 3016 4346 quocunque
3046 4274 3204 4345 ieris,
3250 4282 3351 4334 aut
3401 4280 3562 4352 pari-

1912 4368 2002 4419 ter
2030 4362 2091 4418 in
2120 4360 2245 4417 luto
2286 4360 2716 4426 hazsitabimus,
2758 4365 2860 4417 aut
2904 4364 3124 4435 pariter
3165 4368 3560 4432 expediemur.

1992 4454 2073 4508 t2.
2103 4451 2373 4508 Solemnis
2403 4452 2757 4524 interrogatio
2797 4454 2857 4508 in
2889 4455 3176 4526 baptismo.
3228 4489 3296 4497 ——
3341 4461 3404 4515 L.
3451 4457 3565 4515 Sed

1914 4542 2064 4599 laico
2094 4540 2225 4596 ideo
2257 4539 2679 4613 ignoscendum
2721 4544 2830 4610 est,
2864 4542 3020 4600 184
3058 4544 3197 4617 quia
3244 4545 3566 4603 Ecclesium

1916 4632 2016 4690 Dei
2071 4628 2664 4704 putans,simpliciter
2738 4632 3003 4702 accessit,
3062 4638 3121 4689 et
3166 4635 3339 4706 juxta
3389 4635 3565 4693 fidem

1927 4826 2071 4903 solis
2091 4828 2290 4903 deberi
2309 4826 2631 4903 episcopis,
2666 4830 2730 4883 ut
2756 4826 2843 4882 vel
2879 4827 3242 4903 consignant,
3275 4828 3359 4886 vel
3402 4844 3604 4903 para--

1927 4899 2141 4973 oletum
2172 4899 2451 4973 Spiritum
2500 4899 2756 4966 tradant,
2803 4915 2918 4954 non
2969 4899 3161 4973 solum
3212 4899 3574 4958 consuetudo

1927 4972 2291 5029 ecclesiatiCa
2320 4972 2705 5038 demonstrat,
2736 4987 2939 5026 verum
2972 4977 3031 5028 et
3076 4972 3179 5027 illa
3236 4973 3405 5029 lectio
3460 4976 3573 5028 Ac-

1928 5049 2095 5100 tuum
2124 5043 2544 5118 apostolorum.
2577 5066 2604 5093 ››
2637 5049 2747 5118 θίῇ
2776 5043 2988 5118 Confer
3027 5044 3111 5118 S.__
3137 5044 3376 5118 Gregor.
3423 5044 3575 5118 Mag.

1929 5119 1970 5173 Ι.
2005 5132 2082 5185 iv,
2115 5114 2208 5188 ep.
2254 5117 2323 5171 ad
2381 5116 2622 5172 Januar.
2660 5114 2890 5171 :Tolet.
2923 5115 3134 5173 Concil.
3197 5114 3424 5184 I,'can.
3485 5114 3575 5185 ‘20,

1929 5187 2268 5244 Arausican.
2303 5187 2479 5243 ﬁdem
2512 5189 2565 5253 1,
2597 5204 2727 5243 can.
2762 5188 2847 5242 11.

2000 5261 2021 5294 ²
2053 5258 2221 5316 Falso
2282 5260 2674 5327 Martianaeus,
2706 5260 2767 5314 in
2803 5259 3019 5314 teclulis
3048 5276 3152 5333 pro
3188 5259 3429 5328 vitullis,
3480 5263 3581 5316 aut

1928 5333 2145 5388 viculis.

2004 5405 2026 5437 3
2056 5403 2333 5476 Impressi
2359 5402 2603 5475 aliquot,
2635 5403 2906 5474 dignitate
2934 5419 2999 5457 ac
3043 5407 3405 5463 veneratione
3448 5420 3583 5461 con-

1931 5478 2094 5532 sistit.

2007 5549 2035 5621 ’ζ
2061 5548 2161 5602 Cui
2213 5549 2265 5603 si
2313 5563 2424 5621 non
2482 5562 2660 5601 exors.
2722 5546 3148 5621 Mss._codices
3208 5548 3289 5605 ita
3344 5549 3582 5621 legunt:

1938 5643 1966 5671 ‹‹
2002 5618 2104 5675 Cui
2147 5621 2199 5674 si
2247 5635 2355 5673 non
2404 5620 2519 5674 haec
2571 5634 2688 5673 sors
2743 5618 2994 5690 quaedam
3045 5624 3096 5676 et
3150 5622 3219 5677 ab
3273 5618 3589 5677 hominibus

1938 5694 2183 5748 eminens
2210 5690 2370 5747 detur
2394 5693 2644 5763 potestas,
2680 5712 2709 5739 ››
2732 5695 2841 5763 etc.
2877 5692 2987 5747 Sed
3033 5693 3265 5750 videtur
3314 5695 3428 5749 haec
3472 5709 3591 5750 sors

1936 5763 2331 5901 &(;8;;txlglt.pr0
2362 5762 2541 5822 exors.
2578 5784 2605 5814 ››
2638 5762 2795 5837 quod
2840 5764 2983 5822 satis
3015 5780 3130 5823 non
3162 5765 3588 5841 intelligebant,

1995 5851 2222 5897 AM'IAN.
3588 5842 3593 5855 ‘
