3944 6428
348 422 465 484 1⁸75

1595 415 1660 473 8.
1706 413 2017 475 EUSEBII
2061 414 2505 477 HIERONYMI

3628 412 3753 474 176

348 569 515 612 suam
548 554 790 610 credens
819 550 1149 625 baptizatus
1181 552 1288 605 est.
1324 547 1385 605 0.
1427 548 1643 603 Novam
1672 560 1794 602 rem
1833 562 1991 602 asse-
2020 552 2075 618 Α
2106 565 2233 620 quae
2292 551 2562 605 contento
2638 563 2811 603 nervo
2876 546 3171 619 dirigitur,
3219 544 3457 600 difficile
3529 543 3752 601 vitatur

348 643 454 710 ris,
485 646 549 699 ut
576 641 943 699 Christianus
974 639 1292 713 quisquam
1324 638 1511 692 factus
1542 636 1617 691 sit
1645 635 1717 692 ab
1766 652 1855 702 eo,
1889 636 1991 707 qui

348 749 467 789 non
511 732 623 788 fuit
665 730 1058 788 Christianus.
1107 727 1401 784 Accedens
1447 726 1518 781 ad
1567 725 1812 780 Arianos
1860 726 1897 792 ¹,
1933 724 1992 779 in

348 836 466 894 qua
494 821 609 877 {ide
636 820 967 892 baptizatus
996 817 1136 874 est?
1166 816 1385 887 Nempe
1416 815 1475 869 in
1501 831 1568 869 ea
1599 829 1777 885 quam
1809 813 1993 869 habe-

348 908 491 966 bant
518 908 738 965 Ariani.
783 910 899 964 Aut
947 907 997 963 si
1045 906 1173 977 jam
1232 905 1356 976 ipse
1416 903 1561 958 bene
1617 903 1906 969 credebat,
1938 905 1994 957 et

348 997 541 1055 sciens
571 999 643 1053 ab
674 996 959 1053 haereticis
990 994 1320 1067 baptizatus
1368 996 1475 1058 est,
1516 990 1731 1047 erroris
1761 990 1990 1046 veniam

348 1103 466 1143 non
497 1090 773 1143 meretur.
802 1085 1021 1140 Verum
1052 1084 1159 1138 hoc
1190 1082 1425 1153 penitus
1456 1080 1778 1135 absurdum
1806 1081 1994 1147 est,ut

348 1174 678 1248 discipulus
716 1175 788 1230 ad
821 1172 1167 1247 magistrum
1216 1171 1436 1227 vadens
1486 1173 1619 1224 ante
1669 1168 1746 1223 sit
1787 1166 1994 1223 artifex

349 1280 530 1337 quam
559 1264 836 1321 doceatur
860 1280 874 1331 ;
909 1266 972 1317 ut
1001 1260 1174 1315 modo
1205 1260 1276 1316 ab
1308 1258 1600 1313 idolorum
1624 1256 1994 1312 veneratione

348 1368 685 1420 conversus,
716 1350 937 1407 noverit
967 1348 1265 1406 Christum
1296 1346 1509 1403 melius
1539 1362 1715 1418 quam
1747 1344 1846 1399 ille
1893 1345 1993 1417 qui

346 1441 569 1497 doceat.
594 1442 667 1496 At
696 1438 843 1495 dicis
873 1454 887 1492 :
918 1437 1273 1510 Simpliciter
1304 1437 1364 1491 in
1409 1435 1598 1500 Putre,
1638 1436 1695 1488 et
1741 1432 1904 1503 Filio,
1937 1436 1995 1489 et

343 1528 564 1601 Spiritu
596 1532 799 1585 sancto
831 1526 1076 1583 credidit
1104 1529 1162 1581 et
1210 1525 1340 1580 ideo
1390 1523 1686 1595 baptisma
1724 1538 1993 1578 consecu-

341 1622 440 1674 tus
470 1623 581 1674 est.
613 1619 747 1684 Quae
778 1620 869 1673 est
889 1616 1023 1683 ista,
1077 1630 1298 1685 quaeso,
1347 1610 1719 1684 simplicitas,
1771 1611 1992 1666 nescire

343 1707 500 1779 quod
531 1705 780 1762 credas?
807 1702 1164 1776 Simpliciter
1194 1700 1466 1757 credidit.
1507 1700 1655 1765 Quid
1695 1699 1937 1755 credidit
1966 1700 1993 1753 ‘I

344 1798 498 1852 certe
527 1797 631 1851 aut
655 1793 770 1849 tria
798 1791 1039 1848 nomina
1064 1791 1332 1858 audiens,
1376 1793 1495 1845 tres
1538 1789 1676 1843 deos
1724 1787 1989 1853 credidit,

344 1887 403 1940 et
430 1881 742 1939 idololatra
769 1882 1009 1938 effectus
1047 1884 1169 1948 est;
1212 1883 1311 1933 aut
1359 1878 1419 1933 in
1462 1877 1650 1932 tribus
1693 1876 1991 1933 vocabulis

344 1971 727 2028 trinominem
783 1970 1029 2026 credens
1089 1970 1294 2035 Deum,
1344 1967 1401 2021 in
1461 1965 1993 2021 Sabelliihzeresim

344 2060 733 2117 incurrit.Aut
762 2060 1004 2115 edoctus
1035 2058 1109 2113 ab
1145 2055 1392 2121 Arianis,
1413 2071 1597 2110 unum
1629 2072 1757 2110 esse
1787 2070 1990 2110 verum

250 2196 259 2201 _
343 2149 529 2206 Deum
560 2149 811 2215 Patrem,
846 2147 1079 2214 Filium,
1110 2150 1167 2201 et
1192 2145 1474 2217 Spiritum
1506 2148 1773 2200 sanctum
1807 2143 1990 2199 credi-

344 2237 433 2295 dit
461 2241 780 2295 creaturas.
812 2238 1101 2292 Autextra
1130 2235 1250 2290 hazc
1282 2234 1421 2305 quid
1453 2235 1686 2288 credere
1716 2232 1989 2304 potuerit,

345 2326 577 2383 nescio:
611 2325 727 2382 nisi
759 2325 905 2381 forte
935 2324 1110 2380 homo
1133 2324 1258 2394 jam
1291 2324 1538 2378 eductus
1588 2322 1643 2376 in
1683 2320 1987 2393 Capitolio,

341 2415 694 2472 homousion
725 2413 1009 2470 didicerat
1056 2412 1428 2468 Trinitatem.
1459 2411 1687 2466 Sciebat
1733 2411 1984 2478 Patrem,

342 2492 577 2571 Filium,
609 2508 669 2560 et
697 2501 977 2575 Spiritum
998 2505 1292 2568 sanctum,
1327 2518 1440 2556 non
1477 2504 1704 2568 natura,
1731 2500 1832 2555 sed
1867 2516 1989 2571 per-

340 2593 504 2650 sonis
533 2607 661 2649 esse
689 2592 926 2649 divisos.
957 2591 1185 2647 Sciebat
1213 2595 1270 2645 et
1294 2590 1422 2644 Filii
1455 2605 1667 2644 nomen
1709 2589 1767 2643 in
1816 2592 1986 2645 Patre

342 2685 402 2738 et
427 2680 619 2736 Patris
649 2696 863 2736 nomen
894 2680 954 2735 in
989 2678 1135 2735 Filio
1165 2680 1207 2734 ².
1248 2677 1516 2734 Ridicula
1537 2677 1771 2749 penitus
1792 2693 1985 2733 asser-

343 2769 445 2839 tio,
478 2774 611 2827 ante
640 2769 712 2825 de
744 2769 857 2825 fide
880 2768 1218 2841 quempiam
1266 2767 1587 2839 disputare,
1640 2783 1817 2838 quam
1863 2783 1987 2822 cre-

346 2858 516 2927 dere;
550 2860 684 2914 ante
714 2857 1059 2930 mysterium
1107 2857 1274 2922 scire,
1311 2872 1488 2927 quam
1546 2855 1813 2911 initiatus
1871 2857 1984 2924 sit;

339 2946 510 3003 aliter
540 2946 610 3002 de
640 2946 756 3003 Deo
787 2945 1003 3002 sentire
1034 2944 1446 3018 baptizantem,
1479 2949 1535 3000 et
1582 2943 1752 3001 aliter
1797 2944 1985 3016 bapti-

339 3039 558 3092 zatum.
629 3035 908 3091 Przeterea
971 3051 1105 3090 cum
1166 3033 1425 3090 solemne
1500 3036 1576 3090 sit
1640 3033 1700 3088 in
1757 3033 1984 3089 lavacro

339 3129 474 3199 post
520 3122 824 3180 Trinitatis
878 3123 1315 3178 confessionem.
1358 3123 1734 3194 interrogare.
1786 3122 1984 3177 Credis

339 3217 607 3270 sanctam
638 3212 957 3269 Ecclesiam
987 3214 1008 3247 ³
1033 3212 1061 3267 ?
1091 3211 1280 3268 credis
1320 3211 1726 3267 remissionem
1778 3228 1979 3283 pecca-

2099 638 2246 692 Ante
2275 637 2431 693 enim
2462 637 2535 692 ad
2566 653 2722 703 eum,
2755 638 2826 692 ad
2885 651 3058 707 quem
3103 635 3267 706 jacta
3320 638 3411 689 est
3463 633 3748 704 pervenit,

2099 742 2278 797 quam
2308 725 2471 781 obice
2500 724 2669 797 clipei
2702 725 3033 780 frustretur.
3064 724 3104 778 E
3147 722 3440 779 contrario
3479 727 3592 778 ture
3620 738 3755 794 pro-

2104 814 2443 886 positiones,
2490 814 2629 884 quia
2668 815 2793 869 sine
2823 814 2959 868 ferri
2990 813 3262 868 acumine
3295 810 3753 877 mittuntur,ho-

2100 908 2250 959 stem
2291 918 2405 959 non
2452 902 2645 957 valent
2694 902 3003 974 perforare.
3068 900 3228 957 Hanc
3288 900 3468 971 igitur
3516 899 3752 956 hastam
3796 940 3801 943 μ

2101 1007 2276 1062 quam
2307 990 2445 1046 totis
2473 990 2693 1045 viribus
2737 989 2972 1057 misisti,
3010 990 3079 1045 de
3128 1006 3243 1061 qua
3294 989 3465 1045 nobis
3513 988 3752 1045 minita—

2100 1079 2202 1146 ris,
2230 1096 2368 1145 uno,
2403 1083 2466 1134 ut
2491 1079 2676 1147 aiunt,
2704 1078 2952 1149 digitulo
3000 1078 3298 1150 repellam.
3334 1076 3531 1149 Neque
3579 1078 3743 1133 enim

2099 1168 2209 1223 hoc
2242 1169 2414 1223 modo
2446 1168 2749 1240 quaeritur,
2782 1185 2856 1223 an
2900 1168 3211 1240 cpiscopus
3268 1167 3556 1239 paenitens
3611 1181 3747 1223 esse

2101 1274 2217 1313 non
2242 1257 2446 1328 possit,
2478 1256 2735 1313 etlaicus
2757 1257 2941 1329 possit
2971 1258 2999 1312 ‘2
3051 1258 3151 1312 sed
3179 1273 3250 1312 an
3272 1255 3578 1312 haareticus
3601 1256 3749 1326 bap-

2100 1346 2278 1402 tisma
2306 1346 2573 1402 habeat?
2603 1346 2702 1418 qui
2751 1347 2824 1416 si,
2870 1350 2935 1402 ut
2983 1350 3231 1412 constat,
3280 1345 3576 1418 baptisma
3622 1359 3746 1401 non

2100 1434 2293 1501 habet,
2327 1435 2617 1505 quomodo
2659 1438 2850 1505 potest
2892 1451 3019 1491 esse
3066 1434 3377 1507 paenitens,
3428 1437 3750 1506 antequam

2099 1523 2517 1579 Christianus?
2561 1525 2746 1579 Proba
2801 1524 2948 1579 mihi
3004 1525 3077 1580 ab
3133 1524 3364 1579 Arianis
3415 1524 3752 1580 venientem

2100 1614 2313 1669 laicum
2338 1613 2549 1669 habere
2582 1614 2965 1685 baptismum,
2993 1618 3049 1669 et
3077 1617 3216 1669 tunc
3247 1613 3299 1668 ei
3331 1613 3749 1685 paenitentiam

2102 1719 2214 1758 non
2248 1702 2492 1773 negabo.
2526 1701 2586 1757 Si
2614 1719 2746 1757 vero
2785 1702 3153 1757 Christianus
3202 1718 3317 1757 non
3360 1706 3470 1771 est,
3518 1702 3570 1757 si
3629 1718 3751 1758 non

2101 1790 2370 1847 habuerit
2400 1792 2761 1847 sacerdotem
2793 1792 2895 1863 qui
2924 1807 3059 1846 eum
3080 1791 3294 1847 faceret
3314 1789 3745 1857 Christianum,

2024 1921 2070 1986 B
2102 1880 2396 1951 quomodo
2427 1886 2559 1952 aget
2619 1879 3020 1951 paenitentiam
3079 1879 3278 1945 homo,
3329 1879 3431 1950 qui
3489 1878 3747 1936 necdum

2101 1969 2283 2023 credit
2312 1968 2339 2022 ?

2172 2058 2259 2112 44.
2291 2058 2351 2112 L.
2386 2058 2495 2112 Oro
2529 2062 2583 2113 te
2616 2062 2699 2124 ut,
2725 2057 3210 2129 philosophorum
3237 2056 3746 2130 argumentatione

2099 2146 2382 2219 deposita,
2412 2146 2742 2202 Christiana
2772 2163 3001 2202 mecum
3045 2146 3420 2219 simplicitate
3461 2145 3751 2217 loquaris,

2099 2236 2147 2289 si
2171 2241 2366 2291 tamen
2398 2252 2514 2291 non
2567 2236 2901 2291 dialecticos
2954 2236 3219 2307 sequaris
3268 2236 3376 2306 (Al.
3432 2233 3749 2306 sequeris).

2097 2325 2199 2379 sed
2231 2324 2567 2395 piscatores.
2598 2325 2926 2394 quuumne
2956 2323 3061 2380 tibi
3087 2322 3333 2391 videtur,
3386 2327 3449 2378 ut
3492 2322 3751 2377 Arianus

2096 2412 2405 2484 cpiscOpus
2434 2413 2512 2469 sit
2537 2414 2562 2467 ‘2
2591 2414 2649 2469 0.
2683 2414 2774 2469 'l‘u
2800 2430 2933 2468 eum
2964 2414 3301 2484 episcopum
3333 2412 3567 2484 probas,
3603 2411 3752 2483 quia

2096 2502 2167 2557 ab
2190 2519 2255 2557 eo
2288 2502 2498 2573 recipis
2519 2503 2901 2573 baptizatum,
2930 2506 2986 2556 et
3043 2502 3101 2556 in
3162 2502 3270 2557 hoc
3317 2500 3751 2573 reprehenden-

2096 2591 2208 2647 dus
2239 2608 2321 2657 es,
2356 2607 2535 2662 quare
2567 2609 2600 2645 a
2632 2592 2801 2646 nobis
2832 2590 3153 2663 parietibus
3177 2590 3489 2662 separaris,
3521 2605 3659 2645 cum
3684 2588 3748 2645 in

2095 2679 2209 2734 ﬁde
2239 2684 2297 2733 et
2337 2679 2395 2733 in
2453 2680 2803 2735 Arianorum
2863 2679 3168 2735 nobiscum
3229 2678 3558 2750 receptione
3611 2693 3749 2733 con-

2096 2767 2362 2823 sentias?
2391 2769 2449 2823 L.
2481 2768 2611 2823 Jam
2636 2773 2691 2823 et
2721 2768 2993 2839 superius
3024 2768 3242 2839 rogavi,
3288 2772 3352 2822 ut
3383 2784 3499 2823 non
3550 2766 3744 2838 philo-

2098 2856 2358 2928 s0phice,
2389 2858 2489 2912 sed
2522 2856 2849 2912 Christiane
2881 2873 3113 2912 mecum
3145 2855 3750 2928 loquaris.0.Discere

2094 2946 2201 3013 vis,
2238 2963 2311 3000 an
2341 2946 2646 3001 contendis
2674 2945 2702 3001 ?
2730 2951 2791 3001 L.
2820 2946 3029 3017 Utique
3058 2947 3368 3013 contendo,
3421 2944 3559 3016 quia
3605 2944 3747 2999 facti

2094 3036 2178 3090 tui
2213 3052 2242 3089 a
2278 3040 2332 3090 te
2363 3052 2556 3106 quaero
2588 3034 2893 3091 rationem.
2928 3037 2987 3091 0.
3020 3036 3075 3090 Si
3108 3035 3432 3101 contendis,
3457 3035 3584 3105 jam
3633 3034 3747 3090 tibi

2095 3140 2443 3195 responsum
2476 3130 2583 3179 est.
2619 3125 2831 3180 Eadem
2862 3124 3018 3179 enim
3042 3125 3265 3180 ratione
3296 3124 3636 3195 episcopum
3668 3122 3745 3179 ab

2094 3213 2326 3268 Arianis
2349 3212 2710 3285 recipio,qua
2732 3218 2794 3268 tu
2817 3214 3026 3285 recipis
3050 3211 3495 3285 baptizatum.Si
3518 3212 3746 3269 discere

338 3306 533 3358 torum
561 3301 591 3357 ?
621 3304 804 3368 Quam
866 3299 1183 3357 Ecclesiam
1241 3300 1561 3357 credidisse
1616 3316 1752 3356 eum
1780 3300 1926 3356 dicis
1955 3301 1983 3355 ‘I
2013 3290 2055 3356 C
2094 3302 2281 3374 cupis,
2316 3302 2375 3357 in
2413 3319 2604 3357 meam
2648 3302 2830 3357 aciem
2888 3303 3312 3373 transgredere.
3358 3300 3745 3358 Adversarius

341 3389 691 3446 Arianorum
713 3390 742 3444 ?
770 3390 870 3445 sed
904 3406 1018 3445 non
1050 3390 1285 3446 habent.
1312 3390 1584 3445 Nostram
1617 3392 1645 3444 ?
1677 3390 1775 3444 sed
1824 3394 1987 3446 extra

339 3478 493 3534 hanc
518 3478 848 3551 baptizatus
891 3494 1005 3534 non
1062 3479 1253 3550 potuit
1306 3495 1435 3534 eam
1493 3479 1745 3546 credere,
1804 3495 1982 3550 quam

340 3567 606 3625 nescivit.
1160 3578 1167 3583 '

409 3656 860 3723 13.L.Quoniam
884 3657 954 3713 ad
990 3655 1186 3712 omnia
1214 3656 1736 3729 argumentaris,ct
1765 3657 1983 3747 emissa

334 3763 370 3802 a
406 3745 577 3802 nobis
606 3744 833 3818 spicula
861 3749 1027 3801 scuto
1059 3744 1338 3801 orationis
1382 3744 1592 3812 cludis,
1644 3762 1822 3801 unam
1875 3744 1977 3802 ha-

333 3839 487 3891 stam
518 3834 748 3907 iaciam,
781 3851 908 3906 quae
944 3834 1261 3890 umbonem
1291 3833 1568 3905 tegminis
1592 3833 1698 3901 tui,
1720 3839 1776 3889 et
1804 3834 1979 3890 verba

334 3923 700 3997 crepitantia,
752 3923 805 3978 vi
862 3941 973 3980 sua
1028 3928 1312 3996 penetret,
1348 3940 1453 3978 nec
1511 3922 1732 3978 diutius
1790 3922 1980 3994 patiar

334 4013 737 4069 fortitudinem
772 4017 891 4068 arte
923 4011 1206 4085 superari.
1241 4012 1392 4068 185
1428 4012 1635 4067 Laicus
1666 4010 1840 4067 etiam
1888 4028 1979 4067 ex-

333 4104 427 4156 tra
455 4100 769 4157 Ecclesiam
812 4101 926 4157 fide
955 4101 1285 4174 baptizatus
1308 4101 1644 4174 ‘,pmnitens
1667 4100 1970 4173 recipitur:

331 4188 641 4262 episcopus
670 4206 803 4245 vero
848 4194 951 4245 aut
998 4190 1400 4262 paenitentiam
1442 4207 1557 4245 non
1590 4190 1729 4262 agit,
1782 4195 1840 4245 et
1879 4206 1972 4246 sa-

332 4278 537 4335 cerdos
565 4282 672 4346 est,
706 4283 806 4334 aut
861 4279 911 4333 si
970 4278 1371 4351 paenitentiam
1407 4278 1610 4351 egerit,
1670 4296 1797 4333 esse
1852 4279 1971 4351 epi-

330 4383 545 4440 scopus
574 4368 808 4424 desinit.
842 4368 1229 4431 Quamobrem
1272 4373 1422 4423 recte
1481 4385 1585 4423 nos
1642 4367 1858 4423 laicum
1917 4373 1974 4424 et

328 4456 690 4530 suscipimus
718 4456 1134 4529 pcenitentem;
1168 4461 1225 4513 et
1262 4457 1623 4529 episcopum,
1670 4456 1719 4512 si
1754 4447 1824 4511 'in
1873 4476 1970 4514 sa-

328 4546 584 4603 cerdotio
618 4562 985 4619 perseverare
1013 4545 1155 4614 vult,
1188 4546 1589 4618 repudiamus.
1644 4544 1702 4601 0.
1749 4547 1971 4619 Sagitta

2096 3392 2251 3447 enim
2281 3391 2554 3459 vincitur,
2608 3390 2933 3464 discipulus
2991 3391 3251 3447 docetur.
3308 3390 3464 3446 186
3526 3391 3585 3444 L.
3611 3388 3742 3446 Non

2094 3497 2336 3552 possum
2383 3484 2517 3536 ante
2573 3497 2699 3536 esse
2757 3478 3104 3551 discipulus,
3159 3496 3337 3551 quam
3386 3477 3742 3550 magistrum

2092 3569 2329 3625 audiam
2375 3568 2805 3640 praedicantem.
2859 3570 2920 3625 0.
2972 3568 3259 3633 Quoniam
3306 3566 3741 3640 tergiversaris,

2091 3662 2146 3713 et
2175 3658 2259 3715 sic
2280 3659 2364 3713 vis
2397 3676 2430 3714 a
2468 3675 2560 3714 me
2615 3658 2832 3727 doceri,
2894 3663 2960 3713 ut
3014 3657 3413 3714 adversarium
3474 3656 3534 3711 in
3596 3656 3744 3712 inte-

2088 3763 2192 3819 gro
2222 3747 2441 3803 habeas
2461 3748 2481 3781 ⁵
2507 3752 2606 3803 tuo
2637 3748 2832 3803 animo
2853 3752 2910 3803 te
2945 3747 3185 3803 docebo.
3241 3744 3652 3801 Consentimus
3675 3744 3740 3800 in

2090 3837 2221 3902 ﬁde,
2252 3837 2653 3893 consentimus
2684 3837 2742 3892 in
2774 3836 3065 3892 hazreticis
3086 3834 3457 3906 recipiendis,
3490 3849 3739 3889 consen-

2087 3926 2307 3981 tiamus
2338 3926 2514 3981 etiam
2549 3926 2607 3980 in
2642 3930 2947 3982 conventu.
2982 3926 3038 3979 L.
3073 3925 3190 3980 Hoc
3223 3940 3338 3979 non
3379 3927 3469 3979 est
3507 3923 3740 3991 docere,

2086 4016 2186 4069 sed
2220 4014 2638 4087 argumentari.
2675 4015 2733 4069 0.
2789 4014 2935 4080 Quia
2988 4019 3052 4069 tu
3112 4029 3313 4086 pacem
3364 4029 3498 4068 cum
3559 4016 3737 4068 scuto

2085 4104 2255 4175 petis,
2288 4108 2344 4159 et
2372 4121 2478 4159 nos
2509 4103 2666 4160 oliva:
2697 4119 2927 4158 ramum
2946 4102 3141 4175 gladio
3185 4101 3522 4157 inserimus.
3555 4101 3617 4156 L.
3652 4101 3739 4158 En

2085 4192 2224 4248 tollo
2257 4210 2491 4260 manus,
2520 4194 2683 4257 cedo,
2704 4192 2915 4249 vicisti.
2948 4191 3161 4247 Verum
3222 4208 3356 4246 cum
3409 4206 3572 4246 arma
3633 4190 3742 4246 de:

2084 4298 2318 4348 ponam.
2352 4282 2724 4346 sacramenti,
2756 4282 2815 4335 in
2849 4282 3003 4353 quod
3037 4297 3131 4337 me
3166 4282 3367 4352 jurare
3423 4278 3735 4351 compellis

2082 4388 2275 4442 quaero
2306 4373 2609 4427 rationem.
2645 4372 2704 4427 0.
2735 4370 3009 4426 Gratulor
3038 4370 3273 4425 interim
3309 4368 3434 4437 tibi,
3466 4373 3524 4424 et
3563 4368 3737 4425 Chri-

2080 4466 2170 4515 sto
2207 4461 2317 4515 Deo
2349 4477 2477 4516 meo
2508 4460 2728 4531 gratias
2757 4476 2885 4532 ago,
2914 4459 3053 4531 quia
3096 4458 3293 4514 animo
3326 4458 3477 4514 bono
3533 4475 3568 4513 a
3623 4457 3736 4514 fal-

2079 4549 2251 4604 sitate
2281 4550 2600 4604 Sardorum
2630 4550 2651 4584 ⁶
2680 4549 2752 4604 ad
2785 4549 2965 4604 totius
2997 4548 3157 4603 orbis
3178 4553 3234 4604 te
3282 4562 3551 4619 saporem
3591 4563 3734 4603 con-

400 4692 416 4725 ¹
448 4688 744 4746 Contrario
775 4706 952 4746 sensu
982 4693 1148 4744 vetus
1205 4688 1379 4744 editio
1437 4689 1697 4745 Accedens
1732 4690 1972 4745 Arianus
2002 4665 2048 4729 ἶ)
2078 4705 2180 4758 gra
2222 4687 2510 4755 formula;
2575 4705 2706 4742 nam
2734 4688 2885 4743 infra
2942 4690 3050 4743 sub
3108 4687 3421 4743 Orthodoxi
3479 4704 3735 4759 persona

325 4761 383 4826 id
418 4767 508 4819 est
536 4762 608 4817 ab
637 4761 871 4817 Arianis
890 4762 1128 4818 veniens
1160 4762 1230 4816 ad
1252 4760 1547 4815 orthoxos.

397 4834 420 4868 ²
471 4833 634 4898 Quod
686 4832 966 4888 nimirum
1026 4833 1188 4888 Pater
1250 4832 1451 4903 nequit
1507 4830 1773 4903 cogitari,
1834 4833 1975 4903 quin

325 4904 452 4960 Filii
486 4905 762 4978 cogitatio
793 4902 1377 4978 occurrat._Hilarius,
1402 4902 1617 4978 ligb._vf1
1645 4904 1711 4957 de
1741 4902 1931 4959 Trim'l.
1961 4922 1973 4960 :

326 4998 354 5027 ‹‹
389 4978 530 5045 Quia
558 4974 609 5032 El
635 4993 828 5032 nomen
859 4978 1044 5031 Patras
1076 4975 1236 5030 habet
1260 4992 1318 5029 κη
1346 4991 1403 5029 se
1431 4974 1569 5029 Filii
1595 4991 1811 5029 nomen.
1850 4998 1877 5023 ››

395 5050 418 5082 ⁴
446 5048 637 5103 Credis
665 5058 935 5114 sanctam,
970 5052 1076 5102 etc.
1110 5048 1171 5101 In
1200 5045 1529 5117 praepositio
1562 5046 1653 5101 hic
1677 5047 1975 5117 superﬂua

327 5118 518 5174 deleta
546 5125 635 5175 est
666 5120 724 5174 in
755 5119 955 5174 codice
999 5118 1366 5172 Cluniacensi
1396 5136 1408 5184 ;
1444 5117 1798 5172 Sorbonicus
1842 5134 1969 5174 eam

324 5205 442 5247 non
474 5190 614 5261 legit
650 5191 707 5245 in
769 5190 1268 5263 consequentibus
1324 5194 1455 5263 post
1509 5190 1683 5243 credis
1720 5191 1799 5263 Διή
1841 5206 1969 5245 san.-

321 5265 465 5316 ctam
496 5259 807 5317 Ecclesiam.
837 5264 940 5317 Sed
970 5259 1095 5316 'sive
1129 5261 1372 5332 legatur,
1407 5259 1523 5313 sive
1558 5277 1669 5332 non
1720 5259 1966 5329 legatur,

319 5332 474 5389 idem
503 5339 593 5388 est
623 5351 850 5389 sensus.
886 5335 1170 5388 Manrmx.
1214 5363 1281 5371 ——
1341 5331 1533 5385 Monet
1560 5331 1851 5385 Victorius
1910 5335 1970 5386 in.

316 5404 582 5461 voculam
616 5405 833 5475 pluries
870 5405 962 5459 hic
996 5405 1295 5474 repetitam
1324 5409 1625 5473 propterea
1656 5404 1964 5470 amovisse,

318 5477 476 5547 quod
508 5474 906 5532 emendatiora
955 5474 1308 5547 exemplaria
1351 5491 1608 5547 eumnon
1662 5476 1962 5535 haberent,

318 5546 375 5603 et
408 5547 641 5613 rectius,
677 5555 740 5602 ut
770 5553 859 5602 est
891 5547 955 5599 in.
982 5546 1270 5617 Symbolo,
1307 5546 1407 5599 uni
1465 5552 1689 5600 tantum
1742 5552 1851 5601 Deo
1894 5547 1962 5601 ad

317 5619 755 5688 exprimendam
792 5619 1070 5687 majorem
1106 5619 1278 5672 [idem
1311 5623 1659 5687 apponatur.
1963 5634 1970 5640 '

387 5691 410 5725 ⁴
456 5694 640 5747 Vetus
698 5690 840 5747 edit.
899 5692 1057 5744 extra
1112 5690 1371 5744 Erclcsz’m
1427 5689 1591 5756 ﬁdem
1648 5690 1959 5758 baptizatus

314 5762 463 5823 Puta
491 5763 552 5819 in
583 5764 872 5836 impressa
897 5759 1143 5819 lectione
1172 5759 1285 5815 dici
1340 5758 1593 5833 ﬁdeliter,
1656 5760 1775 5817 sive
1808 5761 1956 5817 inte-

2088 4766 2354 4815 constare
2385 4760 3324 4842 dicitur,haereticos-“baptismum
3348 4776 3462 4814 non
3489 4760 3733 4842 habere,

2088 4848 2187 4886 eos
2220 4848 2427 4912 nempe
2457 4848 2523 4912 es
2544 4832 2779 4912 .Ariapis
2809 4834 2907 4904 qui
2944 4831 3066 4886 Filii
3117 4832 3480 4887 divinitatem
3526 4831 3586 4885 in
3637 4847 3733 4887 sa-

2087 4902 2371 4957 cramenti
2399 4902 2591 4957 verbis
2616 4902 3031 4959 inﬁciarentur.

2157 4975 2177 5007 ⁵
2208 4974 2442 5039 Eadem,
2468 4975 2850 5030 adversarium
2878 4979 2935 5030 in
2964 4986 3115 5043 (ergo
3141 4975 3391 5037 habeam,
3422 4977 3531 5029 etc.

2154 5046 2175 5079 ⁸
2200 5046 2237 5119 ᾼ
2270 5048 2514 5119 falsilan
2557 5047 2901 5119 Sardorum,
2939 5050 3260 5119 Corruptus
3320 5050 3408 5100 est
3466 5044 3729 5119 multum

2084 5116 2176 5171 hic
2211 5115 2371 5190 locus
2401 5118 2457 5171 in
2489 5122 2660 5190 antea
2689 5118 2861 5173 editis
2892 5118 3075 5184 libris,
3110 5115 3210 5190 qui
3241 5117 3442 5190 legunt
3471 5132 3506 5171 a
3532 5117 3727 5190 falsi-

2079 5191 2209 5242 tatis
2232 5189 2445 5254 ardore,
2480 5188 2567 5242 vel
2597 5206 2631 5243 α
2658 5191 2920 5258 falsitatis
2970 5186 3150 5258 odore,
3209 5186 3323 5245 etc:
3378 5186 3727 5244 Cluniacen-

2081 5259 2162 5313 sis
2194 5262 2368 5314 codex
2403 5278 2606 5330 puram
2642 5262 2849 5315 retinet
2873 5262 3197 5327 lectionem,
3232 5280 3265 5315 α
3292 5261 3542 5329 falsitate
3590 5262 3727 5315 Sar-

2078 5332 2313 5403 dorum;
2375 5332 2430 5385 in
2484 5350 2598 5401 qua
2665 5350 2870 5403 nempe
2931 5336 3238 5388 tenebatur
3302 5331 3724 5388 Lucil'erianus.

2078 5433 2145 5440 -—
2185 5402 2331 5456 Ulim
2386 5409 2509 5456 erat
2558 5422 2585 5456 (ι
2639 5402 2917 5474 malum
2958 5406 3173 5469 ardore,
3229 5403 3315 5458 vel
3372 5404 3551 5457 odore.
3613 5405 3725 5460 Sed

2077 5489 2264 5548 neque
2299 5476 2458 5548 istud
2500 5494 2531 5527 a
2574 5477 2818 5544 falsitalc
2863 5478 3181 5539 Sardorum,
3221 5476 3376 5548 quod
3425 5491 3455 5527 e
3487 5474 3724 5531 Clunia-

2076 5547 2231 5597 censi
2266 5563 2374 5599 ms.
2413 5547 2777 5600 .‘iiarlinnmns
2813 5550 3086 5617 reposuit,
3132 5549 3272 5601 satis
3322 5551 3461 5616 puto
3519 5558 3726 5603 cmen-

2073 5617 2316 5688 dntum;
2352 5634 2484 5671 nam
2520 5626 2583 5671 ut
2632 5620 2928 5673 Sardorum
2976 5636 3187 5673 nomen
3235 5619 3364 5675 Orbi
3410 5617 3726 5688 elegantis-

2072 5687 2221 5742 sime
2267 5694 2615 5763 opponalur,
2689 5694 2769 5745 ita
2822 5691 3067 5762 falsitati
3121 5691 3315 5763 inepte
3368 5687 3726 5763 respondeat

2069 5774 2248 5834 sapor.
2287 5759 2450 5818 Farte
2481 5762 2787 5820 z'nsultz'tatc
2818 5759 3116 5838 scripserit
3146 5759 3301 5823 Hier.
3336 5777 3438 5837 pro
3469 5759 3747 5843 7alsitate_
