3944 6466
216 411 317 483 11'!

1184 416 1576 493 DIALOGUS
1623 420 1937 491 CONTRA
1984 420 2585 495 LUCIFERIANOS.

3444 374 3596 490 'm

215 552 399 627 tulisti,
447 566 553 612 nec
596 552 745 614 dicis
794 573 956 617 more
1002 561 1396 634 quorumdam
1439 578 1452 617 :
1488 560 1711 618 Salvum
1748 578 1833 618 me
1862 561 1917 628 Α
1948 560 2261 619 manifesta
2290 567 2468 620 sunt:
2506 566 2570 620 ut
2615 561 2822 621 merito
2878 562 3025 622 ﬁdes
3080 558 3293 621 horum
3349 572 3483 636 quae
3531 559 3594 618 in

212 646 304 718 fac,
329 646 566 716 Domine,
598 650 859 719 quoniam
883 648 1079 722 defecit
1105 658 1326 709 sanctus
1369 653 1542 722 (Psal.
1597 670 1676 721 ιιι,
1724 652 1778 723 l)
1812 670 1825 707 :

215 752 433 809 quorum
475 753 583 792 vox
618 737 802 810 impia
863 757 1095 796 crucem
1145 741 1351 797 Christi
1422 747 1681 809 evacuat,
1728 742 1827 797 Dei

213 823 397 880 Filium
426 825 706 898 subjugat
735 826 986 897 diabolo,
1016 833 1073 885 et
1102 828 1262 885 illam
1285 830 1829 903 complorationem,

212 929 318 987 qua:
345 930 376 969 a
403 913 648 971 Domino
680 915 750 972 de
797 918 1201 989 peccatoribus
1230 916 1475 992 prolata
1516 924 1623 989 est,
1672 936 1828 976 nunc

210 1003 270 1060 de
310 1003 588 1060 universis
635 1005 974 1063 hominibus
1028 1008 1242 1064 dictam
1297 1008 1576 1082 intelligit
1627 1027 1640 1064 :
1694 1010 1830 1078 Quae

210 1094 394 1149 utilitas
441 1095 501 1148 in
544 1097 813 1166 sanguine
858 1112 997 1163 meo,
1043 1097 1175 1153 dum
1221 1098 1481 1155 descendo
1526 1102 1583 1154 in
1637 1115 1826 1155 corru-

203 1184 418 1255 ptionem
474 1183 646 1254 (Psal.
706 1203 859 1253 xxxx,
924 1186 1207 1259 10)?Sed
1269 1188 1442 1259 absit,
1487 1192 1551 1244 ut
1612 1189 1829 1245 frustra

205 1271 340 1329 Deus
369 1277 635 1330 mortuus
668 1275 764 1329 sit.
789 1274 1076 1349 Alligatus
1106 1282 1195 1333 est
1226 1278 1409 1346 fortis,
1442 1283 1499 1334 et
1528 1296 1667 1335 vasa
1700 1280 1828 1350 ejus

206 1361 408 1435 direpta
435 1368 578 1419 sunt
605 1364 792 1433 (Marc.
851 1366 960 1437 ιιι).
1011 1365 1296 1424 Allocutio
1354 1368 1539 1424 Patris
1586 1368 1829 1441 impleta

205 1455 309 1507 est:
337 1454 564 1509 Postulo
592 1470 627 1508 ιι
656 1470 760 1519 me,
793 1457 842 1510 et
862 1455 999 1512 dabo
1051 1457 1155 1512 tibi
1209 1461 1393 1528 gentes
1451 1457 1828 1515 [nereditatem

202 1545 353 1597 tuam.
384 1547 436 1598 et
454 1546 848 1616 possessionem
903 1553 1058 1602 tuam
1115 1549 1377 1603 terminos
1423 1550 1589 1605 terra:
1645 1548 1823 1618 (Psal.

203 1647 257 1701 ιι,
308 1631 377 1705 8),
427 1634 819 1706 Apparuerunt
871 1636 1049 1705 fontes
1103 1652 1399 1709 aquarum,
1465 1640 1517 1693 et
1578 1643 1825 1695 revelata

199 1724 313 1777 sunt
326 1722 689 1792 fundamenta
719 1724 864 1780 orbis
893 1732 1169 1781 terrarum
1199 1727 1381 1797 (Psal.
1415 1744 1550 1793 xvn,
1602 1727 1711 1799 46).
1763 1730 1826 1784 In

198 1811 296 1867 sole
316 1814 491 1885 posuit
521 1812 945 1869 tabernaculum
972 1830 1153 1881 suum,
1192 1832 1291 1872 nec
1341 1825 1422 1872 est
1479 1818 1577 1889 qui
1622 1833 1680 1872 se
1705 1817 1825 1872 abs-

195 1902 639 2009 condatacalore
685 1905 805 1975 ejus
861 1905 1029 1976 (Psal.
1090 1922 1251 1971 xvm,
1306 1907 1383 1978 6).
1446 1911 1556 1962 Deo
1614 1904 1823 1978 plenus
1859 1944 1906 2009 Β

196 1990 488 2048 Psalmista
534 1993 726 2048 canit:
760 1994 983 2049 Inimici
1016 1994 1338 2065 defecerunt
1378 1999 1607 2066 frameae
1652 1997 1710 2050 in
1759 1997 1824 2067 ﬁ-

195 2095 305 2136 nem
328 2090 379 2138 et
402 2083 649 2138 civitates
679 2098 868 2140 eorum
896 2082 1230 2140 dextruxistz
1262 2084 1441 2155 (Psal,
1476 2102 1553 2151 1x,
1582 2086 1660 2155 7).

258 2171 337 2225 15.
367 2170 437 2227 Et
466 2171 833 2243 ubi,qumso,
895 2171 990 2227 isti
1051 2177 1189 2228 sunt
1246 2172 1497 2229 nimium
1547 2172 1826 2245 religiosi,

194 2255 300 2314 imo
328 2258 577 2315 nimium
609 2260 858 2332 profani,
904 2261 1003 2333 qui
1050 2260 1248 2333 plures
1290 2278 1616 2335 synagogas
1660 2279 1825 2318 asse-

194 2352 318 2404 runt
344 2365 490 2418 esse,
536 2366 716 2421 quam
766 2350 1055 2407 Ecclesias
1103 2351 1455 2416 ?Quomodo
1516 2353 1827 2408 destructas

193 2441 317 2499 sunt
344 2437 562 2496 diaboli
589 2439 883 2507 civitates;
912 2444 970 2495 et
998 2440 1055 2495 in
1092 2441 1225 2508 ﬁne,
1269 2440 1379 2497 hoc
1410 2445 1499 2496 est
1545 2441 1603 2496 in
1646 2458 1826 2497 saecu-

189 2525 364 2583 lorum
396 2529 929 2596 consummatione,
975 2528 1126 2585 idola
1174 2535 1523 2587 corruerunt
1556 2536 1579 2586 Ρ
1616 2530 1677 2587 Si
1725 2532 1827 2586 Ec-

193 2613 414 2674 clesium
452 2619 466 2653 ¹
499 2634 619 2674 non
652 2618 830 2675 habet
858 2618 1147 2681 Christus.
1180 2623 1282 2675 aut
1336 2620 1384 2676 si
1444 2621 1501 2675 in
1560 2620 1832 2675 Sardinia

191 2711 405 2764 tantum
435 2707 639 2775 habet,
675 2707 921 2764 nimium
982 2726 1205 2781 pauper
1263 2710 1452 2766 factus
1510 2715 1619 2765 est.
1679 2712 1749 2766 Et
1781 2710 1829 2765 si

192 2795 533 2863 Britannias,
569 2797 809 2866 Gallias,
861 2798 1178 2867 Orientem,
1234 2799 1510 2855 Indorum
1564 2799 1830 2872 populos,

193 2885 463 2944 barbaras
485 2888 780 2955 nationes,
811 2892 870 2944 et
890 2892 1078 2944 totum
1110 2888 1291 2945 semel
1324 2890 1345 2923 ²
1375 2890 1671 2961 mundum,
1698 2907 1830 2962 pos-

192 2974 330 3033 sidet
384 2976 670 3032 Satanas:
706 2977 999 3049 quomodo
1063 2978 1135 3032 ad
1194 2977 1477 3050 angulum
1552 2979 1833 3034 universa:

191 3067 345 3121 texrze
400 3065 610 3122 Crucis
662 3068 809 3125 187
874 3071 1090 3140 tropaea
1161 3066 1373 3123 collata
1417 3068 1602 3124 sunt?
1649 3068 1833 3123 Nimi-

194 3169 314 3209 rum
343 3155 718 3212 adversarius
748 3158 955 3228 potens
984 3156 1273 3213 concessit
1301 3156 1532 3214 Christo
1560 3158 1782 3214 lberam
1815 3159 1836 3192 ³

192 3247 465 3303 excetram
492 3264 505 3300 :
544 3244 773 3302 luridus
797 3245 1088 3314 homines,
1123 3250 1179 3301 et
1211 3246 1444 3319 inopem
1477 3246 1832 3319 provinciam

1940 652 2217 724 mysterio
2258 658 2368 717 est,
2412 653 2791 711 laudaretur:
2825 655 2927 712 sed
2974 652 3326 728 simplicitas
3377 651 3593 711 mentis

1939 746 1997 795 et
2019 741 2225 797 devota
2254 742 2369 799 Deo
2411 760 2517 800 suo
2579 744 2779 800 anima
2835 746 3156 818 approbata
3211 748 3335 802 est:
3369 744 3593 801 Dicebat

1938 831 2086 884 enim
2117 831 2177 884 in
2206 830 2367 887 corde
2391 850 2510 900 suo,
2545 833 2607 889 Si
2630 836 2857 904 tetigero
2894 837 3277 891 vestimentum
3304 836 3422 907 ejus
3468 837 3590 889 tan-

1939 922 2075 986 tum,
2114 919 2275 976 salva
2326 923 2458 991 ﬁam
2509 923 2734 994 (Matth.
2796 943 2873 991 ιιι,
2932 925 3044 995 21).
3095 929 3227 981 Haec
3284 929 3373 981 est
3414 923 3589 991 ﬁdes,

1938 1025 2117 1080 quam
2169 1028 2298 1067 raro
2348 1011 2596 1068 inveniri
2648 1013 2804 1069 Deus
2851 1013 3275 1086 pronuntiavit.
3326 1013 3457 1070 Haec
3502 1015 3595 1070 est

1938 1099 2084 1154 ﬁdes
2111 1117 2236 1171 quae
2276 1101 2455 1157 etiam
2479 1102 2634 1173 apud
2658 1118 2757 1159 eos
2788 1104 2888 1176 qui
2920 1104 3070 1160 bene
3102 1105 3372 1172 credunt,
3431 1101 3588 1159 difﬁ-

1938 1186 2045 1243 cile
2088 1190 2346 1260 perfecta
2399 1190 2715 1259 invenitur,
2778 1195 2911 1248 Fiat
2979 1193 3100 1263 tibi,
3162 1193 3358 1267 inquit
3411 1194 3588 1261 Deus,

1933 1280 2233 1333 secundum
2285 1280 2446 1350 ﬁdem
2495 1290 2666 1337 tuam.
2731 1281 2892 1338 Hanc
2966 1298 3072 1355 ego
3127 1300 3327 1340 vocem
3387 1280 3592 1340 audire

1934 1364 2070 1421 nolo
2100 1370 2140 1421 δ.
2177 1366 2235 1421 Si
2269 1368 2425 1423 enim
2459 1370 2785 1425 secundum
2817 1370 2992 1427 ﬁdem
3025 1388 3219 1428 meam
3268 1373 3373 1428 ﬁat
3418 1369 3593 1439 mihi,

1935 1455 2157 1527 peribo.
2191 1460 2259 1511 Et
2288 1462 2441 1514 certe
2471 1460 2644 1515 credo
2684 1458 2746 1515 in
2779 1459 2966 1516 Deum
3010 1460 3264 1529 Patrem,
3308 1461 3480 1517 credo
3530 1459 3591 1517 in

1933 1549 2115 1601 Deum
2152 1545 2382 1613 Filium,
2415 1552 2471 1603 et
2492 1548 2662 1605 credo
2691 1548 2751 1604 in
2776 1554 2958 1606 Deum
2983 1550 3269 1623 Spiritum
3291 1554 3585 1608 sanctum.

1934 1634 2114 1691 Credo
2146 1634 2203 1693 in
2236 1653 2421 1692 unum
2454 1636 2659 1705 Deum,
2692 1642 2749 1693 et
2777 1642 2973 1695 tamen
3017 1640 3344 1696 secundum
3394 1655 3589 1697 meam

1936 1724 2113 1780 ﬁdem
2154 1724 2286 1781 nolo
2336 1726 2485 1782 mihi
2535 1727 2681 1783 ﬁeri.
2726 1728 2887 1801 Saepe
2931 1728 3149 1801 quippe
3195 1729 3356 1786 venit
3395 1727 3593 1785 inimi-

1935 1828 2040 1869 cus
2066 1813 2262 1882 homo,
2315 1819 2371 1870 et
2428 1815 2582 1872 inter
2642 1817 3004 1874 Dominicam
3054 1834 3309 1875 messem
3365 1817 3627 1897 zizania,

1935 1902 2252 1959 interserit.
2286 1904 2485 1976 Neque
2515 1904 2624 1961 hoc
2653 1906 2805 1976 dico,
2831 1909 2985 1980 quod
3038 1909 3236 1980 majus
3266 1907 3593 1981 quidquam

1937 1992 2036 2058 sit,
2066 2010 2246 2065 quam
2279 1995 2633 2052 sacramenti
2666 1996 2831 2065 ﬁdes,
2861 2012 3038 2068 quam
3076 1997 3300 2070 puritas
3339 1996 3589 2054 animai:

1936 2083 2039 2139 sed
2069 2081 2400 2138 indubitata
2428 2083 2499 2140 ad
2526 2089 2711 2140 Deum
2738 2085 3595 2160 ﬁdes,arduereperitur.Verbi

1936 2172 2124 2245 gratia
2146 2171 2369 2227 dictum
2394 2173 2563 2241 sit,ut
2583 2174 2735 2246 quod
2761 2174 3032 2231 volumus
3060 2176 3439 2250 perspicuum
3460 2176 3590 2245 ﬁat;

1938 2261 2009 2317 ad
2034 2262 2356 2317 orationem
2378 2262 2590 2318 assiste
2616 2280 2628 2330 ;
2664 2281 2778 2319 non
2803 2263 3113 2329 orarem,si
3132 2282 3247 2321 non
3270 2266 3592 2333 crederem,

1939 2352 2041 2406 sed
2089 2351 2137 2405 si
2186 2367 2318 2407 vere
2362 2353 2680 2420 crederem,
2733 2352 2876 2409 illud
2935 2370 3035 2409 cor
3078 2370 3193 2426 quo
3236 2359 3388 2412 Deus
3434 2354 3592 2412 vide-

1938 2444 2054 2507 tur,
2087 2441 2458 2507 mundarem,
2492 2440 2769 2497 manibus
2800 2443 3107 2498 tunderem
3151 2446 3378 2515 pectus,
3408 2460 3590 2518 genas

1940 2529 2217 2602 lacrymis
2243 2529 2765 2604 rigarem,corpore
2796 2530 3256 2588 inhorrescerem
3289 2533 3435 2600 7,0re
3465 2531 3593 2606 pal-

1939 2618 2144 2690 lerem,
2176 2621 2217 2675 1
2238 2620 2337 2676 88
2361 2620 2620 2691 jacerem
2656 2620 2728 2675 ad
2758 2620 2989 2676 Domini
3024 2621 3138 2677 mei
3159 2621 3359 2693 pedes,
3381 2637 3599 2694 eosque

1943 2710 2116 2766 [lectu
2149 2710 2583 2781 perfunderem,
2617 2709 2777 2765 crine
2802 2710 3403 2782 tergerem,hzererem
3434 2714 3591 2769 certe

1941 2802 2147 2854 trunco
2180 2798 2391 2867 crucis,
2426 2815 2532 2855 nec
2567 2798 2727 2870 prius
2758 2800 3109 2867 amitterem,
3151 2816 3330 2873 quam
3360 2800 3599 2858 miseri-

1943 2888 2200 2945 cordiam
2254 2888 2654 2961 impetrarem.
2709 2889 2876 2944 Nunc
2948 2906 3084 2945 vero
3133 2890 3486 2948 creberrime
3537 2890 3597 2946 in

1943 2978 2203 3034 oratione
2228 2995 2375 3043 mea,
2402 2982 2505 3034 aut
2533 2994 2636 3051 per
2678 2978 2937 3051 porticus
2987 2979 3322 3048 deambulo,
3381 2983 3485 3037 aut
3526 2980 3602 3037 de

1946 3068 2143 3124 tenore
2177 3073 2471 3140 computo,
2520 3072 2624 3123 aut
2664 3068 2955 3125 abductus
3015 3068 3173 3140 turpi
3226 3069 3599 3142 cogitatione,

1946 3156 2122 3212 etiam
2152 3173 2278 3227 quae
2314 3156 2472 3211 dictu
2506 3155 2911 3211 erubescenda
2956 3158 3115 3220 sunt,
3147 3171 3304 3228 gero.
3354 3154 3463 3211 Ubi
3510 3160 3601 3211 est

1947 3244 2141 3301 ﬁdes?
2175 3244 2389 3300 siccine
2446 3248 2726 3316 putamus
2783 3260 2985 3300 orasse
3040 3243 3301 3300 Jonam?
3342 3242 3423 3301 sic
3479 3247 3600 3302 tres

193 3332 536 3406 dedignatus
585 3338 674 3390 est
710 3335 1027 3407 possidere.
1061 3336 1222 3400 Quod
1257 3335 1305 3392 si
1347 3337 1417 3392 de
1446 3335 1547 3391 illa
1589 3353 1715 3408 quae
1772 3337 1832 3391 in
1865 3320 1908 3387 C
1945 3350 2158 3406 pueros
2184 3334 2211 3388 ?
2241 3333 2324 3390 sic
2347 3332 2644 3389 Danielem
2678 3333 2828 3388 inter
2850 3331 3048 3389 leones
3071 3332 3100 3388 ‘?
3124 3333 3209 3388 sic
3238 3336 3391 3390 certe
3422 3332 3601 3390 latro—

196 3420 490 3497 Evangelio
522 3423 746 3496 scripta
775 3430 885 3492 est,
915 3425 1027 3482 sibi
1068 3425 1360 3481 sententia
1409 3425 1831 3482 blandiunlur:

194 3510 421 3570 Putasne
447 3530 581 3569 cum
607 3516 816 3570 venerit
855 3516 1026 3570 Filius
1067 3515 1331 3585 hominis,
1372 3516 1613 3571 inveniet
1675 3516 1835 3584 [idem

186 3616 343 3674 super
366 3607 585 3661 terram
634 3605 786 3672 (Luc.
837 3621 1001 3671 xvm,
1051 3604 1165 3675 8)?
1212 3604 1402 3660 sciant
1453 3604 1616 3660 illam
1660 3605 1834 3661 ﬁdem

188 3691 467 3750 nominari
500 3695 524 3729 ⁴
558 3694 631 3749 de
661 3710 777 3766 qua
803 3692 929 3767 ipse
960 3692 1245 3750 Dominus
1273 3694 1503 3750 aiebat:
1538 3695 1692 3750 Fides
1740 3698 1835 3750 tua

190 3781 461 3838 tcsalvum
487 3785 624 3856 fecit
663 3782 848 3855 (Matii.
900 3801 977 3851 Ix,
1026 3784 1137 3856 22).
1198 3784 1267 3839 Et
1317 3783 1457 3840 alibi
1506 3784 1576 3840 de
1627 3784 1835 3840 Centu-

191 3869 372 3929 rione:
407 3874 533 3931 Non
556 3873 743 3929 inveni
793 3876 1005 3929 tantam
1049 3874 1212 3944 [idem
1268 3876 1327 3929 in
1372 3875 1542 3930 Israel
1582 3874 1833 3945 “(Mallia

190 3974 302 4026 vm,
352 3961 464 4033 16).
518 3963 595 4018 Et
649 3980 857 4018 rursus
914 3963 981 4018 ad
1051 3962 1345 4036 apostolos
1398 3979 1410 4017 :
1466 3963 1606 4032 Quid
1651 3964 1842 4020 timidi

192 4051 330 4117 estis,
358 4052 603 4109 modica
627 4052 758 4123 ﬁdei
785 4053 935 4125 (Luc.
963 4070 1066 4123 νιι,
1116 4054 1170 4124 9)
1196 4044 1231 4106 ⁶Ϊ
1269 4053 1504 4108 Necnon
1531 4057 1589 4109 et
1616 4052 1677 4107 in
1727 4053 1840 4108 alio

193 4134 309 4196 loco
353 4158 367 4196 :
415 4143 471 4198 si
532 4141 846 4198 habueritis
902 4141 1064 4212 [idem
1117 4144 1258 4197 sicut
1310 4159 1550 4213 granum
1604 4144 1838 4214 sinapis,

193 4226 385 4286 dicetis
433 4230 573 4287 huic
626 4237 818 4300 monti,
883 4233 1254 4300 Transmigra,
1322 4240 1373 4287 et
1428 4234 1843 4303 transmigrabit

193 4315 392 4385 (Matth.
421 4338 547 4390 xw,
582 4322 694 4393 31).
726 4322 927 4394 Neque
955 4321 1110 4377 enim
1139 4320 1401 4376 centurio
1434 4325 1536 4376 aut
1560 4320 1661 4377 illa
1709 4338 1842 4377 mu-

193 4404 448 4467 liercula.
485 4427 619 4483 quas
653 4428 757 4484 per
801 4411 1112 4467 duodecim
1155 4427 1342 4466 annos
1392 4410 1551 4465 fluxu
1602 4412 1840 4483 sangui-

196 4494 279 4552 nis
306 4499 671 4569 tabescebat,
724 4500 782 4557 in
832 4498 1132 4555 Trinitatis
1186 4504 1555 4556 sacramenta
1584 4500 1843 4556 credide-

194 4592 336 4658 rant,
369 4606 502 4663 quae
560 4594 695 4661 post
753 4588 1237 4647 resurrectionem
1296 4588 1509 4645 Christi
1563 4589 1845 4662 apostolis

194 4789 289 4843 aut
316 4786 367 4844 si
396 4787 612 4845 Latine
638 4786 951 4851 diceretur,
986 4786 1254 4842 salsitute.
1307 4783 1638 4841 Sardiniam
1689 4786 1852 4842 insu-

194 4855 306 4932 lam
336 4859 679 4932 pestilentis
710 4859 860 4932 aeris
883 4858 1028 4932 vitio
1060 4858 1325 4932 laborare
1358 4873 1580 4932 omnes
1610 4857 1851 4925 dicunt;

196 4931 289 4986 sed
337 4929 404 4989 et
458 4931 686 4987 Sardos
733 4930 1004 4987 homines
1056 4930 1370 4986 mendaces
1447 4929 1671 4999 audire,
1751 4948 1852 4987 no-

195 5007 335 5058 tum.
369 5004 672 5060 ΜΑιιτιΑΝ.

263 5076 275 5108 ³
323 5076 630 5133 Victorius
669 5091 734 5132 ex
781 5092 923 5131 mss.
960 5073 1263 5130 addiderat
1314 5089 1414 5146 per
1444 5078 1616 5129 totum.
1672 5074 1856 5129 orbem

196 5146 449 5219 diﬂusam
496 5167 511 5217 ;
565 5152 734 5204 vetus
791 5147 929 5203 edit.
986 5163 1084 5219 per
1126 5151 1299 5219 totum
1358 5147 1540 5202 orbem
1597 5152 1852 5210 tantum,

197 5217 460 5277 Martian.
496 5225 638 5292 post
668 5217 1300 5292 Erasmum‘expunxit.

260 5293 282 5327 ²
309 5293 474 5348 Idem
497 5289 895 5346 'Victorsimul
927 5289 1190 5363 reposiuit
1221 5305 1324 5362 pro
1353 5289 1538 5344 semel.

261 5364 535 5421 3lberam
555 5371 852 5419 excetram.
886 5361 1009 5419 Hoc
1046 5361 1174 5417 loco
1225 5361 1425 5417 autem
1485 5361 1665 5417 codex
1722 5362 1855 5416 Sor-

200 5433 439 5495 bonicus
472 5439 723 5505 praestat
751 5434 1138 5501 Cluniacensi,
1171 5438 1227 5489 et
1254 5450 1449 5489 veram
1493 5450 1858 5505 germanam-

200 5454 439 5495 ΠΟΠῙΟΠΒ
518 5454 723 5493 rmsmt
751 5454 1138 5501 UIUDIBCGDSI,
1171 5454 1227 5489 CI.
1254 5454 1449 5489 veram
1493 5454 1858 5505 germanam-

200 5523 304 5578 que
331 5454 581 5565 exhibet
612 5505 941 5572 lectionem,
987 5506 1260 5563 Hiberam
1301 5509 1596 5578 ercetram,
1648 5505 1858 5561 luritlos

201 5574 438 5661 ﬂamines
469 5583 540 5661 et
560 5581 779 5661 inopem
795 5580 1155 5661 provinciam,
1188 5583 1297 5661 etc.
1332 5574 1411 5632 De
1456 5577 1687 5659 Hibera,
1740 5579 1858 5661 sive

201 5647 354 5711 lbera
375 5656 626 5710 excetra
653 5647 913 5723 loquitur
932 5667 1046 5723 quo
1093 5667 1165 5706 ue
1186 5650 1577 5722 Hieronymus
1600 5648 1659 5704 in
1685 5650 1856 5722 epist.

203 5725 267 5778 ad
292 5724 620 5778 Julianum
659 5722 992 5778 diaconum.
1039 5668 1328 5778 Iahn-run.
1384 5720 1488 5777 Per
1526 5722 1856 5778 convicium

203 5725 267 5779 ad
292 5724 620 5783 Julianum
659 5720 992 5779 diaconum.
1039 5720 1328 5778 MARTIAN.
1384 5720 1488 5777 Per
1526 5720 1857 5779 convicium

201 5794 406 5857 lberam
435 5803 730 5857 στῦσαι-ατη
759 5793 921 5868 dicit,
953 5798 1285 5853 monstrum
1336 5809 1547 5867 nempe
1589 5792 1857 5852 omnium

1877 4698 1923 4763 D

1946 3440 2079 3480 nem
2112 3424 2171 3477 in
2200 3438 2337 3478 cuce
2370 3423 2397 3476 ‘t
2429 3423 2496 3477 Et
2521 3421 2641 3477 haec
2672 3438 2778 3495 ego
2811 3421 3063 3495 exempli
3084 3439 3265 3479 causa
3293 3423 3366 3479 ad
3390 3420 3604 3479 intelli-

1945 3512 2202 3586 gentiam
2219 3530 2430 3569 sensus
2446 3511 2662 3584 protuli
2673 3512 2914 3567 .Cazteru
2925 3529 2981 3568 ιιι
2995 3510 3304 3569 conveniat
3318 3512 3603 3586 unusqui-

1947 3620 2091 3674 sque
2113 3620 2211 3658 cor
2232 3606 2491 3668 suum,et
2512 3603 2571 3656 in
2596 3602 2757 3657 omni
2781 3601 3378 3675 vitainveniat,quam
3403 3618 3603 3658 rarum

1948 3693 2024 3750 sit
2048 3692 2277 3748 ﬁdelem
2322 3692 2584 3749 animam
2634 3691 2903 3761 inveniri,
2965 3696 3030 3748 ut
3077 3690 3222 3748 nihil
3281 3692 3353 3748 ob
3408 3691 3607 3765 glorise

1949 3782 2352 3855 cupiditatem,
2382 3780 2527 3835 nihil
2550 3781 2622 3837 ob
2652 3780 3030 3837 rumusculos
3060 3780 3371 3836 hominum
3406 3779 3602 3837 faciat.

1948 3874 2145 3945 Neque
2177 3873 2333 3927 enim
2366 3871 2563 3927 statim
2591 3871 2691 3943 qui
2714 3872 2968 3943 jejunat,
2996 3876 3109 3927 Deo
3128 3871 3491 3943 jejunat,au_t
3512 3886 3607 3927 ex-

1948 3963 2197 4020 tendens
2229 3960 2470 4033 pauperi
2505 3977 2770 4028 manum,
2808 3962 2920 4017 Deo
2953 3961 3194 4016 fenerat.
3226 3959 3435 4016 Vicina
3464 3962 3609 4017 sunt

1949 4053 2091 4107 vitia
2114 4051 2453 4106 virtutibus.
2484 4049 2725 4106 Difﬁcile
2756 4055 2845 4106 est
2878 4051 2989 4107 Deo
3011 4053 3239 4107 tantum
3248 4050 3450 4122 judice
3477 4064 3607 4108 esse

1953 4145 2311 4197 contentum.

2027 4232 2111 4286 15.
2150 4233 2208 4285 L.
2241 4228 2572 4286 Przevenisti
2605 4229 3122 4303 interrogationem
3184 4245 3376 4287 meam
3405 4247 3418 4286 :
3455 4229 3606 4287 hanc

1953 4320 2109 4377 enim
2142 4318 2503 4391 Scripturam
2537 4319 2682 4374 mihi
2714 4319 2775 4374 in
2827 4319 3037 4376 ultimo
3092 4319 3485 4377 reservabam.
3538 4318 3609 4375 Et

1954 4411 2073 4466 fere
2105 4426 2309 4464 omnes
2344 4408 2549 4475 nostri,
2579 4409 2699 4465 imo
2741 4410 2869 4481 jam
2922 4426 3038 4465 non
3089 4409 3225 4477 mei,
3278 4408 3389 4465 hoc
3437 4407 3609 4483 quasi

1955 4499 2132 4555 ariete
2157 4497 2217 4553 in
2233 4497 2757 4570 disceptationibus
2776 4503 3227 4570 utuntur,quem
3244 4497 3609 4554 confractum

1954 4606 2020 4645 ac
2053 4587 2484 4644 comminutum
2515 4587 2890 4646 vehementer
2934 4587 3181 4662 gaudeo.
3242 4587 3353 4644 Sed
3382 4642 3387 4647 Α
3412 4602 3612 4659 quisse

1963 4781 2498 4848 teterrimum,sive
2528 4781 2597 4838 de
2649 4781 2888 4838 homine
2946 4781 3056 4838 hoc
3107 4784 3372 4849 usurpet,
3428 4784 3497 4837 ut
3549 4780 3611 4849 in

1962 4858 2216 4938 CplSt.‘6,
2250 4856 2322 4938 ad
2352 4854 2595 4936 Julian..
2642 4854 2761 4910 sive
2798 4855 2882 4938 de
2928 4854 3184 4938 regione,
3216 4848 3445 4938 utine“
3474 4848 3611 4938 loci,

1964 4923 2083 4985 sive
2115 4929 2184 4982 de
2236 4926 2349 4981 alio
2398 4926 2675 4998 quopiam
2724 4923 3021 4998 subjecto:
3060 4926 3210 4998 Puta
3254 4924 3365 4998 diei
3410 4923 3611 4998 Sardi-

1965 5002 2122 5057 niam
2179 4995 2465 5054 malorum
2520 4995 2779 5071 quotidie
2831 4995 3289 5071 exarescentium
3337 4995 3607 5071 hydram.

1964 5073 2114 5129 Olim
2148 5076 2290 5135 erat,
2324 5069 2562 5126 theriam
2599 5072 2649 5126 et
2698 5071 3012 5139 Celtiberos,
3071 5069 3283 5125 luridas
3341 5070 3611 5136 homines,

1963 5145 2393 5214 z’Ifl/iibpamque
2422 5144 2784 5214 provinciam,
2818 5147 2928 5197 etc.

2036 5218 2057 5250 ‘
2088 5210 2600 5271 Monet'Victorius
2627 5213 2805 5287 Iidem
2856 5230 2958 5287 pro
3012 5212 3227 5268 ﬁducia
3263 5212 3359 5268 hic
3390 5210 3612 5287 _acc_ipi.

1967 5290 2086 5345 sive
2117 5287 2430 5342 ardentiori
2466 5286 2829 5349 credulitate,
2857 5282 2988 5357 qua:
3021 5301 3184 5357 spem
3242 5290 3298 5341 et
3357 5282 3613 5357 oberit—af

1965 5367 2083 5415 tem
2110 5359 2167 5414 in
2218 5376 2279 5413 se
2327 5358 2638 5427 contineat,
2692 5375 2724 5413 a
2781 5355 2898 5430 qua
2948 5355 3249 5413 hominem
3301 5355 3617 5427 justiﬁcari

1967 5431 2366 5488 manifestum.

2041 5504 2060 5537 ⁵
2088 5503 2274 5558 Fidem
2306 5505 2362 5556 in
2394 5502 2585 5557 Israel.
2618 5500 2797 5555 Addit
2829 5500 2982 5556 idem
3043 5501 3224 5557 codex
3259 5498 3615 5557 Sorbonieus

1967 5591 2168 5631 vocem
2198 5589 2389 5644 neque,
2425 5573 2480 5626 id
2515 5578 2623 5637 est,
2657 5589 2829 5643 neque
2858 5575 2919 5628 in
2948 5573 3140 5629 Israel.
3175 5574 3460 5644 MAMIAN.

2039 5649 2059 5680 δ
2086 5642 2287 5701 Vetus
2327 5644 2489 5713 edit.,
2554 5646 2701 5700 Hanc
2735 5642 2841 5715 ego
2900 5645 3063 5717 [idem
3126 5646 3321 5703 audire
3364 5642 3510 5703 volo.
3558 5643 3619 5699 Si

1967 5722 2136 5782 enim,
2170 5722 2279 5773 etc.

2040 5793 2059 5827 7
2091 5791 2307 5847 Eadem
2342 5788 2525 5858 addit,
2558 5788 2727 5846 Corde
2782 5789 3168 5848 motlescerem.
