3944 6448
365 349 491 422 179

1616 346 1679 415 S.
1724 341 2033 416 EUSEBII
2076 342 2518 419 HIERONYMI

3649 351 3771 423 180

365 488 510 550 teut
538 487 683 548 mihi
713 506 946 549 omnem
977 504 1215 548 causam
1260 504 1440 562 quare
1496 486 1567 543 ab
1624 484 1855 542 Arianis
1906 485 2241 551 ve-Aerat
2297 503 2448 544 curas
2505 487 2796 563 episcopis
2854 489 2926 547 de
2989 486 3293 559 vocabulo,
3350 505 3486 547 cum
3553 505 3768 548 sensus

369 581 598 638 nientes
630 580 920 637 Ecclessia
967 580 1228 652 recipiat,
1264 597 1377 635 non
1433 577 1599 650 quasi
1660 574 2011 644 adversario,

371 673 473 728 sed
531 672 697 744 quasi
776 669 1064 743 discipulo
1134 669 1404 742 explices.
1489 668 1633 722 Nam
1703 682 1834 721 cum
1907 664 2012 720 tibi

369 762 542 817 verbo
583 762 933 833 respondere
980 776 1096 815 non
1139 756 1586 832 possim,animo
1629 760 1827 811 tamen
1877 770 2010 809 nec-

371 850 513 905 dum
546 851 855 906 assentior.

448 941 531 992 l7.
561 940 625 997 0.
665 940 781 995 Sub
807 954 938 1011 rege
969 939 1305 993 Constantio
1340 938 1378 1003 ί,
1429 936 1677 991 Eusebio
1728 937 1784 989 et
1821 934 2010 1005 Hypa-

370 1027 450 1083 tio
481 1027 843 1095 consulibus,
895 1027 1128 1081 nomine
1176 1025 1415 1079 unitatis
1465 1022 1597 1076 ﬁdei
1644 1019 1960 1076 infidelitas
1990 1020 2011 1051 ²

371 1117 591 1187 scripta
619 1122 733 1184 est,
762 1122 827 1172 ut
856 1133 1009 1171 nunc
1043 1114 1549 1187 agnoscitur.Nam
1582 1110 1684 1166 illo
1727 1114 2009 1180 tempore.

371 1205 519 1259 nihil
554 1210 673 1260 tam
717 1206 902 1277 pium,
937 1204 1081 1259 nihil
1113 1208 1232 1257 tam
1263 1200 1615 1257 conveniens
1648 1214 1811 1254 servo
1867 1196 1961 1252 Dei
1992 1198 2013 1229 ³

369 1293 692 1363 videbatur,
726 1310 901 1365 quam
935 1293 1216 1347 unitatem
1250 1291 1503 1362 sequi,et
1531 1306 1565 1345 a
1594 1288 1777 1344 totius
1806 1285 2014 1342 mundi

369 1382 781 1438 communione
830 1398 945 1437 non
994 1380 1204 1437 scindi.
1250 1379 1582 1435 Praesertim
1632 1392 1766 1432 cum
1811 1391 2012 1447 super-

365 1470 527 1527 ficies
559 1470 937 1543 expositionis
970 1469 1114 1525 nihil
1137 1471 1265 1541 jam
1299 1467 1648 1539 sacrilegum
1683 1465 2011 1537 praeferret:

364 1557 646 1615 Credimus
691 1559 945 1627 aiebant,
1007 1561 1067 1614 in
1125 1574 1301 1613 unum
1362 1573 1547 1612 verum
1600 1557 1769 1610 Deum
1812 1556 1853 1621 ‘,
1914 1554 1992 1607 Pa

362 1653 502 1705 trem
568 1651 1007 1720 omnipotentem.
1059 1646 1175 1702 Hoc
1232 1646 1409 1702 etiam
1469 1661 1576 1699 nos
1635 1644 2013 1699 conﬁtemur.

364 1737 647 1794 Credimus
673 1739 732 1791 in
769 1738 1121 1807 Uniqenitum
1156 1738 1251 1791 Dei
1308 1737 1539 1801 Filium,
1593 1737 1691 1806 qui
1735 1739 1863 1790 ante
1908 1750 2018 1792 0m-

2122 581 2277 630 esset
2334 576 2392 632 in
2452 582 2595 634 tuto.
2676 579 2932 653 Denique
2987 580 3115 654 ipso
3160 579 3221 635 in
3277 583 3561 653 tempore,
3630 596 3768 637 cum

2123 663 2386 721 fraudem
2421 667 2601 724 fuisse
2627 669 2685 724 in
2712 670 3069 742 expositione
3108 686 3312 726 rumor
3349 671 3550 743 populi
3580 670 3766 726 venti-

2122 752 2288 820 laret,
2323 755 2553 825 Valens,
2588 758 2912 815 Mursensis
2943 760 3276 832 episcopus,
3309 758 3413 832 qui
3454 775 3586 814 eam
3627 776 3767 816 oon-

2122 842 2456 914 scripseral,
2490 852 2771 916 praesente
2811 848 3003 903 Tauro
3057 848 3309 920 praetorii
3343 848 3631 921 praefecto,
3665 848 3767 921 qui

2121 931 2376 1002 exjussu
2426 934 2581 1005 regis
2638 937 2860 1008 synodo
2918 938 3148 1003 aderat,
3201 939 3503 1011 professus
3559 942 3648 993 est
3706 955 3771 995 se

2122 1020 2296 1074 Arian
2309 1038 2405 1076 um
2430 1039 2544 1078 non
2566 1031 2777 1092 esse,et
2792 1026 3028 1097 penitus
3057 1026 3130 1080 ab
3154 1043 3357 1082 eorum
3385 1026 3771 1099 blasphemiis

2121 1107 2433 1165 abhorrere
2462 1112 2503 1165 ⁸.
2548 1116 2663 1168 ﬂes
2719 1118 2938 1169 secrete
2990 1119 3158 1187 gesta
3215 1115 3552 1187 opinionem
3609 1115 3771 1189 vulgi

2124 1214 2237 1252 non
2270 1200 2640 1257 exstinxerat.
2676 1203 2876 1275 Itaque
2907 1204 3022 1260 alia
3050 1204 3145 1260 die
3200 1205 3261 1259 in
3305 1204 3583 1272 Ecclesia,
3638 1221 3770 1277 quas

2123 1291 2214 1341 est
2239 1290 2392 1360 apud
2422 1290 2775 1357 Ariminum,
2805 1297 2861 1347 et
2888 1293 3294 1365 episcoporum
3347 1292 3525 1349 simul
3555 1298 3614 1350 et
3660 1293 3771 1350 lai-

2125 1392 2323 1432 corum
2350 1379 2537 1435 turbis
2569 1381 3073 1450 concurrentibus,
3107 1383 3435 1450 Muzonius,
3456 1384 3773 1457 episcopus

2125 1466 2433 1538 provinciae
2467 1469 2763 1541 Byzacenaa
2800 1472 2841 1539 ο,
2874 1472 2967 1526 cui
3010 1476 3245 1544 propter
3292 1477 3516 1529 aetatem
3567 1473 3771 1545 prima:

2125 1554 2198 1610 ab
2231 1557 2508 1613 omnibus
2538 1558 2965 1627 deferebantur,
3001 1560 3081 1616 ita
3105 1560 3337 1617 locutus
3365 1566 3455 1617 est
3482 1580 3495 1618 ε
3531 1563 3609 1617 Ea
3644 1578 3775 1635 qua:

2124 1647 2248 1698 sunt
2265 1646 2472 1716 jactata
2498 1648 2555 1701 in
2584 1648 2864 1719 publicum
2895 1650 3014 1715 ‘°,et
3052 1649 3122 1705 ad
3160 1666 3260 1706 nos
3307 1666 3475 1721 usque
3523 1650 3769 1723 perlata,

2124 1733 2364 1804 aliquem
2392 1752 2420 1790 e
2440 1736 2594 1792 nobis
2623 1739 2905 1792 sanctitati
2940 1742 3131 1793 vestrae
3187 1740 3361 1810 legere
3386 1742 3771 1812 praecipimus,

360 1828 461 1882 nia
485 1825 715 1893 arcula,
748 1830 799 1883 et
820 1828 947 1881 ante
974 1841 1134 1881 omne
1163 1826 1499 1896 principium
1538 1833 1706 1879 natus
1747 1826 1825 1879 est
1860 1823 2011 1879 189
2040 1852 2089 1918 B
2124 1830 2185 1877 ut
2205 1838 2331 1894 qua:
2349 1834 2473 1880 sunt
2500 1826 2669 1891 mala,
2700 1830 2754 1881 et
2807 1828 2876 1881 ab
2919 1828 3150 1883 auribus
3204 1833 3255 1883 et
3302 1845 3337 1883 a
3393 1830 3553 1883 corde
3578 1834 3773 1885 nostra

361 1931 432 1971 ea:
459 1915 588 1983 Deo.
650 1916 853 1970 Natum
900 1921 1082 1970 antem
1141 1914 1492 1984 Unigenitum
1545 1916 1725 1969 solum
1769 1927 1839 1967 ea:
1890 1911 2008 1967 soto

362 2006 549 2072 Patre,
581 2005 751 2059 Deum
805 2020 875 2058 ea:
932 2010 1062 2067 Deo,
1107 2002 1355 2058 similem
1411 2004 1647 2073 genitori
1699 2017 1798 2056 suo
1854 2003 2012 2056 Patri

330 2110 335 2115 ‘
362 2092 661 2149 secundum
687 2092 1003 2163 Scripturas
1028 2109 1040 2159 ;
1068 2092 1223 2162 cujus
1254 2092 1595 2146 natit-itatem
1621 2090 1810 2144 nullus
1838 2091 2007 2157 novit,

340 2172 476 2238 nisi
502 2184 599 2254 qui
624 2183 772 2237 solus
801 2197 927 2236 eum
956 2182 1145 2249 genuit
1180 2181 1365 2235 Pater.
1414 2178 1712 2251 Numquid
1762 2178 1855 2233 hic
1915 2178 2011 2233 in-

362 2274 586 2327 sertum
617 2275 707 2326 est
732 2286 744 2324 :
782 2274 914 2325 Erat
940 2277 1170 2340 tempus;
1200 2268 1414 2340 quando
1445 2284 1555 2323 non
1594 2270 1761 2322 erat?
1788 2266 1897 2331 vel,
1946 2266 2011 2322 de

358 2358 538 2416 nullis
566 2361 929 2422 exstantibus,
988 2362 1246 2413 creatura
1299 2360 1376 2413 est
1433 2358 1609 2412 Filius
1672 2357 1852 2412 Dei“?
1885 2357 2010 2412 Per-

358 2450 508 2507 fecta
537 2449 680 2505 fides
711 2454 819 2514 est,
852 2448 1037 2503 Deum
1069 2448 1140 2502 de
1190 2447 1305 2501 Deo
1364 2447 1619 2501 credere.
1679 2446 1747 2500 Et
1804 2450 2007 2501 natum

357 2538 594 2595 aiebant
622 2537 1002 2610 Unigenitum
1048 2536 1263 2601 solum,
1318 2553 1386 2591 ex
1444 2534 1567 2591 solo
1620 2536 1803 2590 Patre.
1860 2535 2007 2600 Quid

360 2631 451 2683 est
477 2623 672 2682 natum
699 2626 725 2680 ?
749 2630 911 2682 Certe
940 2642 1055 2681 non
1100 2626 1343 2679 factum.
1392 2623 1678 2679 Nativitas
1723 2623 2010 2695 suspicio-

361 2732 497 2772 nem
527 2697 829 2771 auferebat
859 2719 1159 2770 creaturis.
1193 2713 1500 2768 Addebant
1554 2716 1870 2784 prieterea:
1906 2714 2011 2781 Qui

330 2805 431 2861 'de
462 2806 596 2860 cwlo
654 2805 958 2873 descendit,
985 2806 1267 2874 conceptus
1308 2806 1386 2857 est
1431 2802 1498 2857 de
1539 2804 1757 2872 Spiritu
1800 2807 2008 2867 sancto,

362 2902 529 2949 natus
557 2910 626 2949 ea:
655 2892 828 2948 Maria
864 2894 1101 2964 Virgine,
1147 2892 1441 2961 cruciﬁxus
1489 2908 1526 2946 a
1573 2892 1768 2946 Pontio
1809 2892 2007 2958 Pilato,

328 2976 527 3039 ἰονιιά
583 2982 673 3038 die
731 2983 1031 3037 resurrexit
1086 2999 1119 3035 a
1176 2982 1429 3046 mortuis,
1490 2980 1734 3035 ascendit
1791 2982 1851 3034 in
1906 2996 2013 3034 cm-

364 3074 479 3127 tum
509 3073 550 3139 5,
584 3072 731 3127 sedet
759 3071 829 3125 ad
856 3071 1136 3126 dexteram
1166 3071 1263 3125 Dei
1281 3070 1486 3135 Patris,
1546 3073 1808 3146 venturus
1854 3069 2008 3141 judi-

363 3179 488 3219 care
518 3177 660 3217 vivos
681 3166 734 3217 et
760 3169 1018 3217 mortuos.
1051 3160 1347 3214 Sonabant
1398 3159 1570 3214 verba
1611 3158 1906 3231 pietatem,
1956 3163 2012 3214 et

2118 1911 2413 1969 abhorrere
2434 1915 2589 1971 190
2616 1915 2828 1983 debent,
2862 1918 3113 1972 omnium
3132 1933 3247 1973 una
3274 1932 3400 1973 voce
3415 1917 3773 1974 damnentur.

2119 2001 2482 2074 Responsum
2513 2008 2602 2059 est
2629 2005 2701 2059 ab
2736 2004 3023 2062 universis
3061 2005 3372 2079 episcopis,
3406 2005 3619 2062 Placet.
3654 2008 3775 2063 Ita-

2120 2107 2232 2162 que
2262 2107 2394 2146 cum
2426 2091 2722 2159 claudius,
2756 2094 3065 2167 episcopus
3096 2094 3403 2168 provincia":
3456 2095 3672 2164 Piceni,
3702 2113 3780 2153 ex

2121 2185 2406 2252 praecepto
2437 2182 3152 2256 omnium,blasphemias,
3174 2201 3302 2257 quae
3333 2184 3595 2241 Valentis
3621 2186 3777 2243 fere-

2118 2270 2351 2335 bantur,
2385 2269 2573 2342 legere
2602 2272 2892 2344 coepisset,
2920 2273 3154 2330 Valens.
3188 2290 3348 2341 suas,
3369 2290 3497 2330 esse
3522 2291 3775 2347 negans,

2117 2357 2459 2414 exclamavit
2488 2364 2543 2414 et
2570 2360 2717 2415 dixit
2744 2362 2783 2395 “
2837 2379 2849 2417 :
2882 2362 2946 2416 Si
2973 2364 3095 2433 quis
3118 2367 3277 2434 negat
3318 2362 3603 2418 Christum
3651 2368 3767 2419 Do-

2117 2450 2352 2514 minum,
2385 2449 2482 2503 Dei
2505 2449 2707 2515 Flium,
2738 2454 2867 2505 ante
2904 2451 3107 2505 sazcula
3161 2468 3235 2506 ea:
3278 2457 3447 2507 Patre
3495 2454 3776 2523 genitum,

2117 2538 2408 2592 anathema
2436 2540 2526 2592 sit.
2558 2539 2643 2593 Ab
2675 2539 2960 2595 universis
2991 2538 3424 2595 conclamatum
3458 2545 3567 2608 est,
3627 2543 3777 2598 Ana-

2117 2625 2301 2680 thema
2328 2628 2421 2681 sit.
2455 2656 2521 2667 —
2550 2629 2617 2682 Si
2647 2629 2767 2698 quis
2786 2636 2947 2698 negat
2976 2627 3191 2683 Filium
3213 2629 3454 2684 similem
3501 2630 3662 2684 Patri
3696 2646 3787 2686 se-

2117 2714 2355 2769 cundum
2396 2715 2724 2787 Scripturas,
2784 2716 3079 2773 anathema
3133 2720 3225 2772 sit.
3271 2717 3488 2773 Omnes
3538 2733 3785 2790 respon-

2119 2804 2350 2859 derunt.
2383 2805 2685 2859 Anathema
2699 2804 2949 2861 sit.—-—Si
2973 2808 3093 2878 quis
3114 2804 3327 2862 Filium
3341 2808 3444 2863 Dei
3470 2823 3582 2863 non
3606 2808 3780 2866 dixe-

2118 2893 2193 2947 rit
2220 2897 2486 2949 seternum
2517 2909 2641 2949 cum
2666 2895 2848 2963 Patre,
2864 2895 3164 2950 anathema
3200 2897 3295 2951 sit.
3345 2896 3430 2951 Ab
3478 2896 3779 2955 universis

2119 2980 2550 3037 conclamatum
2584 2986 2693 3050 est,
2715 2983 3016 3039 Anathema
3043 2986 3133 3041 sit.
3186 3016 3252 3025 —
3284 2984 3344 3039 Si
3393 2987 3515 3057 quis
3560 2985 3785 3043 dixerit

2118 3073 2427 3125 creaturam
2474 3072 2679 3126 Filium
2733 3073 2851 3139 Dei,
2911 3080 2972 3128 ut
3025 3081 3156 3129 sunt
3204 3076 3413 3130 cetera
3468 3079 3776 3133 creaturae.

2118 3161 2411 3215 anathema
2438 3162 2531 3216 sit.
2574 3159 2855 3216 Similiter
2886 3161 3107 3217 dictum
3139 3167 3252 3229 est,
3274 3163 3578 3218 Anathema
3600 3166 3779 3220 sit.—

360 3251 513 3308 inter
541 3251 687 3307 tanti
719 3250 893 3306 mella
924 3249 1216 3323 praeconii,
1259 3264 1432 3304 nemo
1482 3264 1797 3319 venenum,
1820 3248 2004 3305 inser-
2039 3218 2084 3287 δ
2122 3248 2182 3304 Si
2211 3250 2333 3320 quis
2360 3248 2565 3305 dixerit
2592 3250 2857 3306 denullis
2885 3253 3229 3307 exstantibus
3274 3252 3501 3319 Filium,
3552 3260 3605 3308 et
3654 3269 3778 3310 non

362 3346 491 3396 tum
526 3340 786 3411 putabat.

435 3431 521 3485 18.
559 3430 694 3487 Usize
730 3444 929 3484 nomen
973 3444 1146 3499 quare
1190 3429 1455 3483 ablatum.
1514 3428 1706 3483 Valens
1769 3427 2006 3482 Mursen-

359 3521 434 3574 sis
489 3520 793 3589 episcopus.
851 3517 1069 3572 Scrinia
1135 3517 1359 3588 publica
1434 3518 1817 3572 Ecclesiarum.
1872 3519 2004 3572 Acta

357 3608 722 3663 Ariminensis
751 3606 968 3677 synodi.
1001 3637 1070 3645 —
1105 3608 1179 3660 De
1209 3605 1359 3661 Usiae
1388 3622 1522 3661 vero
1570 3604 1805 3661 nomine
1854 3604 2001 3675 abji-

356 3697 581 3763 ciendo,
623 3694 958 3752 verisimilis
1026 3694 1171 3750 ratio
1232 3695 1594 3767 praebebatur
1649 3696 1690 3750 “¹.
1747 3696 1889 3763 Quia
1942 3697 2001 3751 in

354 3786 676 3858 Scripturis,
710 3784 943 3840 aiebant
968 3799 1080 3839 non
1110 3785 1408 3851 invenitur,
1447 3793 1498 3839 et
1537 3786 1737 3840 multos
1782 3786 1998 3855 simpli-

349 3878 519 3932 ciores
548 3877 787 3931 novitate
815 3891 917 3929 sua
941 3872 1309 3941 scandalizat,
1338 3874 1551 3945 placuit
1592 3876 1828 3945 auferri.
1872 3874 1997 3930 Non

426 3999 439 4032 ι
471 3998 580 4053 Sub
613 4013 738 4067 rege
773 3998 1103 4064 Constantio,
1157 3996 1412 4064 Eusebio,
1448 4002 1556 4052 etc.
1608 3997 1894 4053 Eusebius
1941 4001 1998 4054 et

351 4069 637 4150 llypatius
668 4072 874 4150 fratres
906 4070 1139 4150 (uerunt
1176 4069 1707 4150 ‘lfaustintehuxpris
1753 4068 1992 4150 Juliani.

350 4138 496 4195 Vide
546 4145 676 4195 Am.
725 4139 1127 4195 Marcellinum
1174 4138 1275 4195 lib.
1326 4140 1748 4196 xxr.Consules
1796 4147 1991 4196 autem

351 4228 505 4267 anno
535 4212 749 4266 Christi
778 4214 905 4281 5.37,
938 4211 994 4266 id
1041 4215 1130 4266 est
1186 4210 1509 4266 Constantii
1571 4214 1655 4267 12.
1710 4216 1988 4268 Manum.

422 4285 443 4317 ²
471 4284 633 4348 Quod
674 4283 809 4338 hinc
836 4282 1099 4355 sequitur
1120 4283 1191 4337 de
1222 4284 1444 4355 synodo
1490 4283 1845 4355 Ariminensi
1879 4285 1991 4339 fra-

348 4360 653 4424 gmentum
693 4372 826 4411 cum
876 4354 1050 4410 veteri
1101 4370 1211 4408 ms.
1234 4356 1291 4424 S.
1324 4354 1595 4409 Germani
1622 4355 1988 4421 Parisiensis,

348 4425 597 4508 aliisque
628 4425 1078 4508 exemplaribus.
1101 4423 1349 4508 contulit
1385 4442 1439 4508 v_.
1461 4424 1547 4508 .cl.
1583 4425 1991 4508 Baluzinushet

344 4495 727 4554 Conciliorum
765 4495 1007 4554 editioni
1062 4495 1333 4568 inseruit.
1391 4496 1473 4552 Ibi
1533 4512 1636 4568 pro
1694 4498 1989 4567 inﬁdelitas

344 4576 435 4624 est
484 4569 851 4627 incredulitas
883 4577 972 4634 :et
1013 4583 1139 4639 qm
1201 4567 1422 4639 quidem
1468 4567 1617 4623 nunc
1682 4569 1989 4641 inﬁdelitas

343 4642 611 4697 noscitur.

412 4713 433 4746 ³
468 4715 527 4767 In
561 4731 671 4769 ms.
732 4729 936 4785 penesA
963 4710 1233 4766 eumdem
1262 4708 1593 4785 ‘Balusium
1644 4712 1813 4767 servis
1868 4714 1988 4781 Dei,

316 4786 465 4856 'tum
495 4788 545 4840 et
574 4782 749 4844 totius“
767 4782 962 4838 mundi
990 4782 1374 4839 communione
1409 4782 1631 4852 absque
1687 4799 1719 4837 a
1764 4799 1984 4856 praepo-

340 4855 571 4911 sitione.

412 4928 433 4959 ‘
468 4929 646 4993 Idem,
678 4929 740 4983 In
786 4940 962 4979 unum
1011 4924 1191 4977 solum
1248 4939 1435 4979 verum
1492 4924 1680 4990 Deum,
1737 4930 1845 4982 etc.
1884 4945 1896 4995 ;
1930 4934 1985 4985 et

341 4998 516 5069 paulo
546 5000 701 5054 intra
730 4997 981 5051 Similem
1020 4996 1255 5065 genitori
1282 5011 1377 5050 suo
1406 4997 1609 5050 Filium
1639 5000 1819 5054 Patri.

407 5070 428 5103 δ
460 5071 684 5125 Rursus
716 5068 867 5121 idem
899 5067 1019 5121 Nisi
1047 5066 1193 5119 solus
1222 5069 1318 5125 qui
1345 5083 1471 5122 eum
1498 5070 1687 5125 (lenuit
1734 5074 1789 5125 et

512 5087 684 5126 UI‘SUS
716 5081 867 5121 ldPln
899 5081 1019 5121 [VtSt
1047 5081 1193 5119 ,ςοιυδ
1222 5082 1315 5136 qui
1345 5083 1471 5122 eum
1497 5081 1687 5137 genuit
1734 5081 1789 5125 Bt
1851 5088 1980 5127 mox

334 5141 552 5197 rectius
593 5147 673 5197 De
716 5139 889 5193 nullis
936 5138 1255 5193 extantibus
1301 5141 1569 5195 creaturis
1614 5156 1727 5195 esse
1776 5143 1979 5198 Filium

330 5214 448 5268 Dei.

401 5285 422 5318 ⁶
456 5282 656 5338 Isthmo
686 5300 720 5337 a
747 5283 972 5345 mortui,
1004 5279 1247 5335 ascendit
1277 5282 1335 5336 in
1380 5283 1576 5335 caelum
1633 5299 1700 5337 ex
1732 5284 1973 5341 Victorii

330 5355 629 5409 codicibus
658 5358 715 5408 et
755 5353 1061 5409 Baluziano
1088 5352 1401 5425 exemplari
1434 5354 1794 5425 sutl‘ecimus.
1820 5358 1968 5412 Tum

330 5442 396 5498 ex
414 5426 617 5498 eodem
650 5430 705 5480 et
754 5425 928 5479 veteri
960 5424 1211 5498 editione
1262 5424 1414 5480 tanti
1456 5424 1637 5480 mella
1708 5431 1973 5498 praeconii

327 5495 582 5618 chigrlrtius
616 5514 717 5567 pro
765 5501 919 5551 tanta
978 5497 1074 5550 illa.
1114 5498 1411 5568 prsimonia,
1468 5502 1531 5552 ut
1588 5495 1760 5554 antea
1816 5502 1968 5556 obti-

328 5572 523 5621 nebat

397 5638 588 5711 "’Rem
620 5644 818 5695 narrat
849 5637 1137 5711 Sulpitius
1167 5636 1271 5692 lib.
1307 5656 1367 5706 ιι,
1422 5656 1548 5711 cap.
1602 5642 1704 5697 43:
1746 5666 1773 5693 ‹‹
1814 5643 1963 5699 Usiae

320 5710 563 5768 verbum
594 5718 873 5785 tanquam
905 5709 1249 5784 ambiguum
1282 5715 1339 5766 et
1365 5709 1583 5769 temere
1616 5731 1649 5769 a
1694 5715 1962 5773 Patribus

2115 3337 2180 3394 de
2203 3339 2307 3394 Deo
2337 3342 2523 3404 Patre,
2547 3339 2841 3394 anathema
2868 3341 2942 3395 sit
2972 3339 3187 3395 Omnes
3228 3340 3775 3413 conclamaverunt,

2113 3428 2418 3483 Anathema
2455 3429 2543 3483 sit.
2577 3459 2645 3467 -—
2674 3428 2734 3483 Si
2764 3430 2885 3500 quis
2909 3428 3136 3496 dixerit,
3158 3429 3291 3485 Erat
3311 3433 3523 3503 tempus
3544 3430 3775 3501 quando

2111 3532 2222 3573 non
2241 3525 2363 3572 erat
2382 3517 2877 3583 Filius,anathema
2893 3519 2966 3572 sit
2994 3519 3053 3572 ".
3070 3523 3130 3573 In
3152 3517 3260 3574 hoc
3278 3534 3409 3573 vero
3432 3519 3624 3574 cuncti
3649 3520 3777 3592 epi-

2113 3604 2294 3676 scopi,
2327 3608 2383 3660 et
2410 3610 2533 3659 tota
2562 3605 2739 3660 simul
2762 3606 3023 3661 Ecclesia
3050 3606 3263 3680 plausu
3299 3607 3556 3680 quodam
3578 3611 3638 3663 et
3656 3608 3772 3664 tri-

2112 3694 2289 3765 pudio
2318 3692 2579 3749 Valentis
2610 3711 2804 3750 vocem
2835 3700 3206 3767 exceperunt.
3237 3696 3398 3760 Quod
3462 3695 3511 3752 si
3562 3696 3695 3768 quis
3730 3715 3774 3755 a

2110 3782 2281 3839 nobis
2309 3784 2507 3839 ﬁctum
2541 3788 2724 3855 putat,
2758 3784 2975 3839 scrinia
3003 3784 3237 3857 publica
3282 3789 3596 3842 scrutetur.
3630 3785 3769 3845 Ple-

2109 3889 2195 3927 me
2226 3878 2365 3928 sunt
2395 3877 2546 3928 certe
2572 3871 2959 3931 Ecclesiarum
2993 3890 3146 3931 arca:
3178 3875 3304 3941 ‘3,et
3332 3891 3533 3933 recens
3564 3873 3767 3933 adhuc

2107 4000 2479 4071 usurpatum,
2535 4013 2724 4071 neque
2774 3997 3250 4071 ex_auctoritate
3316 4000 3764 4071 Scripturarum

2148 4069 2453 4136 rofectum,
2484 4069 2596 4124 sub
2628 4068 2819 4141 specie
2854 4068 3015 4125 falsa:
3046 4070 3288 4126 rationis
3316 4068 3515 4126 Ariani
3562 4071 3766 4128 abole-

2106 4086 2266 4195 ἔδοι.
2294 4156 2365 4195 ne
2389 4141 2564 4195 unius
2595 4157 2729 4195 cum
2764 4141 2926 4195 Patre
2959 4142 3300 4195 substantiae
3331 4142 3513 4195 Filius
3553 4143 3760 4195 crede-

2147 4144 2266 4207 ant,
2294 4156 2365 4195 ne
2389 4141 2564 4196 unius
2595 4157 2729 4196 cum
2764 4141 2926 4196 Patre
2959 4142 3300 4197 substantias
3331 4142 3513 4199 Filius
3553 4143 3760 4200 crede-

2104 4216 2283 4276 retur,
2301 4212 2511 4267 Eadem
2545 4212 2690 4267 ﬁdes
2722 4211 2974 4267 similem
3010 4212 3161 4269 Patri
3196 4212 3404 4269 Filium
3437 4214 3756 4272 fatebatur.

2103 4283 2213 4338 Sed
2248 4283 2495 4408 ipterius
2528 4284 2729 4340 aderat
2759 4284 2919 4339 fraus
2943 4287 3007 4340 ut
3033 4289 3188 4341 esset
3207 4284 3562 4352 similis,non
3593 4292 3761 4344 esset

2103 4371 2367 4408 83008.18.
2407 4378 2427 4404 ι

2102 4371 2367 4409 ωαυωιε.
2407 4378 2427 4404 Ι

2153 4371 2583 4492 ἳυθὲῐῗέοοᾶη
2617 4428 2689 4481 Et
2718 4426 2785 4482 ab
2812 4441 2998 4483 errore
3023 4443 3079 4483 se
3128 4428 3429 4484 recessisse.
3492 4426 3594 4483 Sed
3650 4429 3757 4485 hoc

2100 4499 2421 4572 opinionem
2464 4497 2615 4572 vulgi
2642 4513 2755 4553 non
2811 4500 3158 4555 exstinxerat
3186 4516 3207 4562 ;
3236 4498 3414 4571 paulo
3471 4505 3627 4572 post,
3684 4503 3755 4557 Et

2099 4569 2366 4625 taicorum
2395 4571 2557 4624 turba
2585 4585 2933 4625 concurrens.

2099 4603 2256 4625 ιαιυυι
2275 4603 2366 4624 αυι
2395 4603 2472 4624 ιιυ
2490 4603 2557 4624 υι.
2585 4603 2774 4624 tunc...
2789 4603 2804 4624 1
2819 4603 2933 4625 σιω.

2018 4603 2068 4672 D
2170 4640 2399 4725 °Tprpi
2432 4639 2872 4725 erroreﬁle‘ctum
2927 4644 3017 4697 est
3070 4641 3360 4725 hactenus
3416 4643 3753 4725 Byzantina:

2098 4728 2215 4786 pro
2245 4711 2562 4786 Byzlacenzf.
2615 4711 2887 4769 Balurius
2945 4717 3190 4785 pratera
3246 4711 3628 4786 reponi'vult
3680 4733 3755 4773 ex

2098 4784 2341 4855 antiquo
2375 4801 2485 4858 ms.
2517 4785 2796 4858 Primutus
2825 4785 2894 4858 ab
2945 4784 3198 4858 omnibus
3255 4784 3612 4858 deferebatur
3639 4802 3751 4858 pro

2090 4871 2295 4939 prima:
2324 4856 2815 4939 etde/erebantur.
2868 4856 3131 4939 Denique
3177 4856 3343 4913 vetus
3383 4857 3521 4914 edit.
3576 4856 3752 4917 voces

2087 4931 2308 4998 propter
2328 4931 2541 5010 aetatem
2569 4945 2681 4982 non
2716 4931 3001 5011 agnoscit.

2165 5000 2207 5033 ³ο
2232 5000 2411 5070 Antea
2432 5002 2647 5070 jactata
2687 5016 2785 5067 per
2826 5000 3130 5070 publicum.
3184 5001 3332 5055 Tum
3390 5004 3556 5056 vetus
3607 5002 3744 5059 cod.

2090 5086 2267 5140 penes
2299 5069 2601 5143 Baluzium
2632 5069 2928 5142 aliqueme
2958 5072 3109 5127 vobis
3141 5088 3245 5143 pro
3276 5072 3523 5136 nobis,et
3551 5071 3620 5128 ab
3635 5090 3743 5130 au-

2089 5142 2242 5197 ribus
2268 5142 2515 5197 coritium
2544 5147 2856 5214 nostrorum
2888 5151 2989 5214 p‘ro
3015 5148 3067 5198 et
3086 5160 3117 5197 a
3146 5142 3307 5199 corde
3335 5147 3550 5211 nostro,
3578 5151 3681 5200 etc.

2160 5214 2197 5247 “
2223 5214 2306 5269 Ita
2335 5229 2367 5269 e
2397 5231 2506 5269 ms.
2540 5213 3135 5271 Baluzius.Editiones
3166 5214 3290 5270 alia:
3322 5215 3518 5271 ferunt
3548 5215 3742 5272 Chris-

2084 5291 2203 5362 tum
2230 5288 2419 5341 Deum.
2455 5287 2585 5341 Mox
2630 5301 2698 5341 ex
2755 5286 2957 5341 eodem
3003 5287 3154 5353 cod.,
3215 5295 3268 5343 et
3322 5286 3537 5343 addidit
3595 5304 3743 5362 sup-

2083 5357 2379 5483 planiiigin
2413 5443 2481 5481 ex
2513 5426 2611 5483 illo
2656 5427 2833 5501 veteri
2880 5427 3191 5501 exemplari
3250 5428 3503 5486 suﬁicit:
3540 5429 3745 5488 Omnes

2078 5500 2469 5570 responderunt
2495 5516 2514 5552 :
2554 5499 2862 5555 .mathema
2877 5501 2972 5555 sit.

2152 5572 2191 5605 ⁸³
2222 5571 2495 5626 Mendose
2518 5576 2641 5625 erat
2670 5576 2855 5629 certae.
2889 5572 3028 5628 Cod.
3066 5570 3262 5627 Baluz.
3314 5571 3746 5644 Scripturarum

2074 5644 2559 5698 ecclesiasticorum
2589 5658 2754 5717 arcae.
2781 5644 2956 5699 Infra.
2989 5646 3155 5700 vetus
3185 5643 3351 5713 edit.,
3381 5643 3449 5700 Et
3475 5647 3573 5717 qui
3590 5648 3743 5703 veri-

2071 5718 2237 5771 tatem
2260 5717 2498 5785 ﬁrmcnt,
2530 5716 2644 5785 qui,
2678 5718 2788 5771 etc.
