3944 6392
196 324 299 402 481

1200 342 1588 412 DIALOGUS
1630 340 1945 411 CONTRA
1989 342 2588 415 LUCIFEﬂIANOS.

3460 324 3584 413 te!

200 472 275 531 rei
299 472 571 532 memoria
603 478 713 534 est.
745 476 1076 550 Supersunt
1126 477 1398 537 homines
1447 481 1548 553 qui
1592 480 1678 537 illi
1728 498 1821 555 sy-
1846 485 1902 553 Α
1931 498 2065 539 rum
2093 482 2353 541 Ecclesia
2374 484 2675 558 complexa
2703 488 2793 543 est
2819 500 2835 555 ;
2866 485 3010 542 tunc
3039 480 3112 545 ad
3153 480 3406 542 reditum
3461 484 3584 543 Eu-v'

201 564 742 622 nodointerfuerunt
770 584 783 635 ;
814 572 872 623 et
901 568 1057 628 quod
1104 569 1407 626 veritatem
1455 571 1670 640 ﬁrmet,
1706 570 1819 644 ipsi

198 654 383 711 Ariani
412 654 529 711 haec
561 655 662 724 ita,
696 659 761 711 ut
808 656 1086 725 diximus,
1128 663 1293 731 gesta
1341 676 1457 715 non
1506 661 1815 733 denegant.

200 744 326 801 Cum
354 759 485 817 ergo
539 745 735 800 cuncti
793 745 1092 803 Valentem
1150 749 1222 804 ad
1275 747 1485 804 ccslum
1544 749 1819 806 laudibus

197 834 460 898 tollerent,
493 838 551 890 et
581 851 748 891 suam
779 835 839 891 in
869 853 1003 892 eum
1037 837 1430 910 suspicionem
1463 855 1596 894 cum
1630 839 1818 911 ι)ωυί-

197 925 365 980 tentia
391 924 776 991 damnarent;
804 924 959 981 idem
991 925 1271 983 Claudius
1302 928 1403 1000 qui
1425 944 1606 998 supra
1629 928 1818 1001 legere

196 1019 422 1087 cmperat
470 1015 589 1070 ait:
627 1014 815 1070 Adhuc
859 1024 987 1071 sunt
1031 1015 1249 1088 aliqua,
1299 1034 1419 1089 quae
1464 1018 1816 1088 subterfuge-

194 1111 309 1159 rant
335 1104 615 1160 dominum
640 1113 691 1160 et
735 1107 970 1177 fratrem
1023 1123 1204 1162 meum
1256 1108 1544 1171 Valentem,
1595 1122 1740 1178 qua),
1771 1108 1820 1161 si

197 1194 324 1250 vobis
350 1195 578 1261 videtur,
609 1210 680 1250 ne
707 1196 829 1266 quis
874 1196 1165 1266 scrupulus
1213 1200 1512 1263 remaneat,
1566 1199 1624 1251 in
1674 1212 1816 1252 com-

192 1299 340 1340 mune
363 1281 702 1340 damnemus.
729 1283 792 1341 Si
809 1287 931 1357 quis
958 1285 1163 1342 dixerit
1188 1286 1394 1343 Fitiu‘n
1422 1289 1520 1342 Dei
1547 1303 1663 1343 esse
1689 1288 1819 1359 qui-

194 1374 296 1430 dem
323 1381 443 1429 ante
472 1376 662 1430 omnia
687 1377 894 1431 saecula
912 1393 933 1437 ,·
964 1376 1055 1431 sed
1078 1393 1195 1431 non
1225 1384 1351 1432 ante
1378 1392 1536 1433 omne
1575 1378 1817 1433 omnimo

194 1473 401 1537 tempus,
430 1472 493 1519 ut
523 1466 576 1519 ei
603 1465 818 1536 aliquid
837 1468 1131 1537 anteferat,
1165 1467 1459 1522 anathema
1504 1468 1593 1521 sit.
1645 1465 1812 1521 Dixe-

192 1558 312 1609 runt
355 1553 569 1620 cuncti,
620 1553 924 1609 Anathema
970 1556 1041 1610 sit
1087 1556 1124 1610 ί.
1175 1555 1474 1629 Multaque
1524 1555 1637 1612 alia
1686 1572 1813 1627 quae

191 1641 496 1714 suspiciosa
526 1642 894 1711 videbantur,
948 1644 1017 1699 ad
1071 1646 1219 1701 191
1273 1644 1811 1716 pronuntiationem

189 1731 413 1799 Claudii,
452 1731 666 1788 Valens
695 1733 1123 1789 condemnavit.
1157 1732 1291 1797 Quae
1323 1732 1372 1790 si
1403 1734 1536 1806 quis
1580 1733 1811 1806 plenius

189 1821 391 1877 discere
421 1821 671 1894 cupit,in
702 1821 1089 1879 Ariminensis
1120 1818 1326 1896 synodi
1357 1824 1502 1880 actis
1542 1824 1808 1896 reperiet,

188 1910 327 1966 unde
355 1915 411 1966 et
436 1926 548 1966 nos
578 1911 689 1967 ista
716 1910 1049 1968 libavimus.

250 2000 329 2056 19.
363 2000 552 2057 Valens
578 2005 631 2057 et
673 2002 946 2058 Ursacius.
1000 2001 1204 2075 Corpus
1260 2003 1481 2059 Domini
1534 2007 1593 2058 in
1634 2003 1813 2058 Eccle-

185 2090 276 2145 sia.
306 2092 527 2146 Nicasna
556 2091 796 2163 synodus
820 2094 1045 2164 propter
1072 2092 1205 2163 quid
1234 2101 1579 2164 congregata.
1609 2123 1681 2135 —
1713 2093 1814 2148 His

184 2178 259 2235 ita
289 2182 464 2254 gestis
496 2182 539 2247 ²,
598 2180 910 2237 concilium
960 2181 1222 2238 solvitur.
1286 2183 1417 2239 Laeti
1476 2199 1681 2239 omnes
1739 2184 1811 2238 ad

184 2269 493 2340 provincias
525 2274 916 2327 revertuntur.
952 2272 1108 2328 Idem
1158 2272 1315 2327 enim
1363 2272 1482 2344 regi
1534 2278 1591 2327 et
1640 2272 1812 2328 bonis

185 2359 440 2415 omnibus
486 2376 639 2415 cura:
688 2360 895 2428 fuerat,
950 2364 1015 2415 ut
1061 2360 1265 2416 Oriens
1307 2364 1483 2433 atque
1530 2361 1812 2417 Occidens

183 2448 596 2505 communionis
655 2448 767 2505 sibi
825 2449 1057 2505 vinculo
1102 2455 1493 2505 necterentur.
1551 2450 1661 2505 Sen
1710 2467 1809 2506 DIU

182 2553 410 2594 SCELERA
441 2556 560 2595 non
593 2537 795 2606 latent,
823 2544 879 2595 et
917 2538 1156 2596 cicatrix
1202 2538 1351 2595 male
1391 2540 1663 2604 obducta,
1716 2539 1811 2594 in-

182 2635 326 2684 cocto
356 2645 526 2702 pure,
572 2628 947 2701 dirumpitur.
1000 2630 1310 2701 Cmperunt
1357 2633 1559 2701 postea
1596 2628 1810 2686 Valens

179 2722 231 2772 et
248 2717 539 2788 Ursacius,
564 2718 871 2791 caaterique
893 2719 1165 2791 nequitia;
1187 2735 1389 2775 eorum
1409 2718 1573 2788 socii,
1596 2719 1811 2791 egregii

179 2806 426 2864 videlicet
457 2807 680 2864 Christi
712 2809 1042 2865 sacerdotes
1074 2807 1304 2881 palmas
1337 2825 1474 2864 suas
1516 2808 1808 2877 jactitare,

180 2895 417 2954 dicentes
448 2914 515 2953 se
572 2896 783 2953 Filium
846 2915 960 2953 non
1017 2901 1344 2953 creaturam
1399 2914 1665 2970 negasse,
1709 2898 1809 2952 sed

180 2984 411 3042 similem
443 2986 673 3043 caeteris
704 2987 1006 3043 creaturis.
1040 2987 1203 3042 Tunc
1234 2989 1376 3045 usite
1414 3004 1628 3043 nomen
1668 2986 1810 3043 abo-

180 3072 332 3131 litum
364 3080 490 3132 est:
528 3079 670 3133 tunc
690 3076 933 3132 Niceenae
975 3076 1108 3133 fidei
1132 3076 1430 3132 damnatio
1448 3076 1812 3133 conclamata

179 3168 272 3220 est.
312 3165 607 3239 Ingemuit
631 3170 788 3221 totus
834 3166 1014 3233 orbis,
1060 3170 1119 3223 et
1147 3166 1426 3222 Arianum
1457 3184 1520 3222 se
1550 3182 1677 3222 esse
1700 3166 1809 3222 mi-

1930 572 2078 629 sebii
2131 574 2273 646 [sciL
2336 574 2740 647 Vercellensis]
2815 579 3009 633 vestes
3072 574 3354 649 lugubres
3412 573 3581 633 Italia

1930 664 2176 719 mutavit
2221 664 2654 722 Concurrebant
2681 665 2959 739 episcopi,
2983 665 3081 738 qui
3105 664 3579 739 Ariminensibus

1930 751 2080 807 dolis
2112 753 2339 824 irretiti,
2373 755 2501 810 sine
2522 755 2885 812 conscientia
2913 754 3168 811 haeretici
3217 754 3577 826 ferebantur,

1928 845 2356 898 constestantes
2387 843 2608 916 Corpus
2630 844 2879 911 Domini,
2903 848 2960 900 et
2980 844 3266 917 quidquid
3288 844 3347 900 in
3379 844 3576 903 Eccle-

1929 929 2018 985 sia
2065 935 2334 988 sanctum
2366 938 2455 990 est
2485 950 2547 990 se
2578 934 2722 990 nihil
2773 933 2915 990 mali
2966 934 3023 989 in
3086 935 3239 991 I92
3295 952 3405 991 sua
3458 936 3576 992 fide

1928 1020 2277 1092 suspicatos.
2299 1021 2664 1088 Putavimus,
2695 1022 2948 1092 aiebant,
2982 1039 3221 1079 sensum
3254 1040 3576 1097 congruere

1927 1124 2061 1164 cum
2093 1110 2284 1166 verbis
2310 1128 2322 1178 ;
2358 1128 2464 1166 nec
2494 1112 2552 1166 in
2579 1111 2839 1168 Ecclesia
2867 1112 2990 1175 Dei.
3048 1112 3147 1189 ubi
3199 1112 3573 1185 simplicitas,

1930 1198 2029 1254 ubi
2076 1216 2225 1271 pura
2272 1201 2560 1257 confessio
2610 1205 2716 1268 est,
2770 1201 2929 1257 aliud
2977 1202 3036 1257 in
3086 1203 3259 1258 corde
3306 1201 3575 1259 clausum

1928 1303 2077 1354 esse,
2109 1288 2269 1344 aliud
2295 1289 2543 1346 iulabiis
2573 1290 2816 1362 proferri
2849 1290 3182 1347 timuimus.
3211 1291 3576 1362 Decepitnos

1926 1376 2081 1433 bona
2112 1378 2181 1433 de
2230 1378 2404 1434 malis
2452 1378 2824 1436 existimatio.
2874 1380 2999 1435 Non
3051 1396 3261 1436 sumus
3308 1380 3577 1437 arbitrati

1927 1467 2256 1523 sacerdotes
2319 1467 2533 1524 Christi
2601 1468 2882 1525 adversus
2942 1467 3244 1525 Christum
3291 1485 3577 1542 pugnare.

1927 1554 2231 1629 Multaque
2289 1556 2422 1626 alia,
2489 1575 2616 1629 quae
2674 1558 2976 1615 brevitatis
3032 1558 3226 1614 studio
3275 1561 3575 1631 praetereo,

1929 1649 2133 1701 ﬂentes
2165 1648 2545 1703 asserebant:
2570 1646 2759 1718 parati
2810 1651 2867 1703 et
2912 1646 3408 1719 subscriptionem
3455 1645 3579 1720 pri-

1922 1735 2162 1802 stinam,
2197 1740 2254 1793 et
2273 1753 2476 1792 omnes
2499 1736 2852 1793 Arianorum
2880 1735 3283 1809 blasphemiae
3307 1737 3581 1794 condem-

1926 1839 2086 1881 nare.
2122 1825 2239 1881 Hoc
2262 1825 2389 1881 loco
2419 1825 2716 1898 interrogo
2750 1826 2895 1882 istos
2944 1824 3197 1881 nimium
3246 1824 3580 1898 religiosos,

1927 1913 2068 1985 quid
2100 1914 2171 1971 de
2203 1915 2638 1971 confcssoribus
2655 1916 2949 1989 agendum
2975 1915 3374 1989 putaverunt?
3398 1916 3584 1989 Depoa

1924 2002 2076 2071 sitis,
2109 2003 2399 2077 inquient,
2432 2005 2726 2061 veteribus
2755 2004 3069 2078 episcopis,
3104 2022 3285 2062 novos
3314 2004 3579 2062 ordinas-

1927 2096 2060 2149 sent
2099 2093 2202 2163 [AL
2261 2094 2575 2166 ordinare].
2626 2095 2942 2151 Tentatum
3001 2106 3110 2150 est.
3163 2094 3274 2152 Sed
3329 2098 3579 2167 quotus-

1925 2182 2175 2255 quisque
2220 2183 2365 2239 bene
2423 2184 2535 2239 sibi
2591 2185 2864 2241 conscius
2920 2185 3143 2257 patitur
3198 2201 3261 2241 se
3313 2183 3577 2257 deponi?

1923 2272 2249 2328 Praesertim
2312 2290 2446 2329 cum
2504 2289 2709 2331 omnes
2766 2273 2986 2346 populi,
3047 2273 3377 2330 sacerdotes
3435 2289 3575 2330 suos

1923 2361 2254 2435 diligentes,
2286 2379 2430 2435 pene
2460 2363 2531 2419 ad
2574 2362 2796 2436 lapides
2843 2368 2901 2421 et
2944 2363 3013 2418 ad
3062 2363 3575 2435 interemptionem

1921 2449 2343 2521 deponentium
2376 2468 2474 2507 eos
2493 2450 2924 2508 convolaverint
2944 2451 2973 2505 ‘P
3003 2449 3573 2519 Mansissent,aiunt,

1922 2539 2077 2595 intra
2105 2556 2276 2595 suam
2308 2540 2804 2597 communionem.
2840 2540 2955 2596 Hoc
2985 2545 3074 2595 est
3112 2539 3323 2608 dicere,
3349 2537 3577 2597 irratio-

1924 2628 2105 2684 nabili
2129 2628 2473 2686 crudelitate
2494 2630 2696 2686 orbem
2726 2633 2914 2685 totum
2964 2628 3197 2685 diabolo
3246 2629 3576 2685 condonas-

1922 2723 2053 2775 sent
2084 2719 2190 2789 [AL
2226 2720 2763 2791 condemnassent].
2798 2719 2914 2775 Cur
2943 2718 3327 2775 damnassent
3350 2733 3450 2776 eos
3472 2717 3573 2791 qui

1920 2807 2121 2863 Ariani
2173 2825 2289 2864 non
2344 2809 2557 2865 erant?
2588 2808 2704 2864 Cur
2751 2802 3085 2864 Ecclesiam‘
3129 2808 3466 2864 scinderent
3512 2806 3573 2863 in

1922 2898 2233 2953 concordia
2264 2897 2396 2954 fidei
2444 2902 2883 2971 permanentem
2916 2897 2945 2953 ?
2976 2898 3092 2954 Cur
3138 2896 3393 2971 denique
3442 2913 3574 2954 ore-

1921 2987 2124 3043 dentes
2157 2988 2325 3056 bene,
2378 2988 2773 3044 obstinatione
2821 3004 2930 3043 sua
2979 2987 3232 3044 facerent
3279 2985 3575 3043 Arianos?

1920 3077 2064 3132 Nam
2100 3094 2234 3133 cum
2266 3077 2325 3132 in
2358 3078 2577 3151 synodo
2621 3076 3007 3149 Nicmna,quaa
3033 3080 3271 3149 propter
3290 3075 3569 3132 Arianam

1919 3167 2225 3237 perﬁdiam
2259 3171 2613 3240 congregata
2642 3170 2753 3234 est,
2794 3170 2923 3221 octo
2971 3164 3278 3237 episcopos
3321 3163 3569 3221 Arianos

179 3258 325 3311 ratus
354 3260 442 3311 est
469 3257 515 3311 ³.
549 3255 735 3329 Igitur
763 3255 861 3311 alii
902 3256 1055 3311 intra
1106 3273 1274 3311 suam
1332 3255 1809 3311 communionem
1840 3240 1882 3307 C
1917 3260 2223 3327 susceptos
2256 3256 2552 3322 sciamus;
2586 3259 2643 3311 et
2688 3254 3000 3327 episcopus
3051 3254 3177 3326 jam
3228 3253 3290 3308 in
3344 3252 3568 3308 mundo

180 3358 479 3415 remanere,
518 3344 616 3401 alii
647 3346 718 3401 ad
750 3361 849 3401 eos
880 3346 1244 3403 confessores
1276 3346 1375 3418 qui
1415 3346 1525 3401 sub
1575 3345 1813 3401 nomine

178 3433 463 3491 Athanasii
516 3434 881 3501 exsulabant,
931 3440 1234 3509 coeperunt
1282 3435 1503 3491 litteras
1544 3434 1815 3501 mittere;

179 3523 422 3580 nonnulli
453 3525 667 3580 initam
704 3524 1040 3581 societatem
1067 3524 1366 3582 meliorem
1414 3525 1820 3597 desperatione

181 3612 536 3684 planxerunt.
569 3613 744 3670 Pauci
793 3631 927 3671 vero
977 3617 1064 3686 (ut
1121 3632 1183 3671 se
1241 3619 1452 3671 natura
1508 3614 1817 3671 hominum

182 3699 364 3775 habet)
393 3720 654 3761 errorem
687 3721 790 3776 pro
838 3704 1083 3761 consilio
1133 3705 1529 3761 defensavere.
1584 3702 1819 3761 Pericli-

180 3792 398 3849 tabatur
453 3792 727 3850 navicula
804 3796 1229 3866 apostolorum,
1301 3795 1593 3867 urgebant
1638 3791 1819 3863 venti,

180 3880 435 3939 ﬂuctibus
468 3884 656 3939 latera
684 3883 1122 3939 tundebantur:
1158 3882 1306 3938 nihil
1345 3884 1473 3954 jam
1520 3886 1826 3956 supererat

183 3971 328 4043 spei:
360 3971 651 4029 Dominus
683 3972 988 4039 excitatur,
1022 3972 1275 4045 imperat
1317 3972 1672 4043 tempestati,
1725 3973 1824 4028 be-

186 4060 288 4117 stia
314 4062 453 4133 (scil.
486 4061 887 4133 Constantius)
920 4061 1188 4126 moritur,
1213 4060 1614 4133 tranquillitas
1632 4060 1822 4116 rediit.

187 4148 543 4208 Manifestius
573 4151 784 4207 dicam.
812 4150 1028 4207 Omnes
1049 4150 1328 4223 episcopi,
1357 4150 1456 4222 qui
1480 4150 1553 4207 de
1576 4150 1827 4223 propriis

186 4240 406 4313 sedibus
425 4242 659 4299 fuerant
679 4240 1074 4304 exterminati,
1092 4256 1195 4313 per
1215 4238 1641 4313 indulgentiam
1691 4239 1821 4295 novi

184 4312 453 4405 p'rincipis
484 4330 632 4404 (scit.
664 4330 905 4404 Juliani)
953 4331 1024 4386 ad
1040 4312 1326 4387 Ecclesiae
1365 4330 1632 4387 redeunt.
1664 4330 1829 4385 Tunc

185 4419 666 4494 triumphatorem
700 4436 876 4476 suum
905 4419 1299 4475 Athanasium
1348 4419 1630 4492 zEgyptus
1668 4434 1830 4474 exce-

188 4508 299 4580 pit;
330 4514 471 4567 tunc
500 4508 787 4566 Hilarium
819 4508 890 4565 de
915 4508 1115 4583 praelio
1164 4512 1573 4577 revertentem,
1620 4506 1826 4564 Gallia-

252 4707 267 4742 ¹
300 4710 359 4764 In
389 4725 510 4765 uno
557 4724 669 4764 ms.
712 4710 1009 4763 Dixerunt
1032 4709 1233 4774 cuncti,
1283 4710 1333 4762 et
1364 4708 1482 4779 ipse
1518 4707 1755 4769 Valens;
1777 4710 1833 4763 et

187 4783 356 4854 cuncti
381 4780 774 4854 responderunt
805 4796 819 4834 :
852 4780 1155 4854 Anathema
1211 4780 1303 4854 sit.
1338 4779 1470 4834 Mox
1527 4796 1630 4851 pro
1696 4795 1824 4833 con-

188 4848 479 4919 demnavit,
509 4852 807 4921 scribitur,
839 4852 993 4907 clara
1038 4868 1163 4907 voce
1192 4850 1493 4906 damnavit.

252 4924 272 4957 ²
299 4924 668 4980 Martianaaus
700 4928 832 4996 post
866 4924 1088 4996 Erasm.
1123 4923 1217 4996 His
1252 4924 1436 4994 itaque
1456 4924 1645 4993 gestis.

252 4996 273 5028 ³
300 4996 498 5069 Neque
530 4995 786 5069 enim’ex
819 4995 1016 5051 animo
1058 4995 1311 5069 Arianus
1368 5000 1514 5069 erat,
1572 4996 1692 5069 imo
1731 5009 1831 5069 re-

191 5070 272 5122 cte
301 5065 583 5137 sentiens,
631 5068 732 5123 sed
782 5084 847 5123 eo
888 5083 1009 5138 quo
1069 5066 1322 5133 nolebat,
1377 5067 1552 5122 modo
1605 5065 1832 5121 intelle-

193 5142 331 5206 ctus,
355 5140 636 5197 Arianum
666 5156 728 5195 se
758 5137 1045 5211 publicari
1080 5143 1136 5211 et
1167 5137 1369 5211 audire
1399 5138 1723 5211 obstupuit.

256 5212 285 5285 ξ
300 5213 446 5269 Sunt
474 5212 577 5285 qui
614 5209 909 5285 memorias
939 5210 1079 5285 vitio
1120 5209 1217 5285 hic
1247 5209 1363 5265 labi
1416 5210 1833 5285 Hieronymum

194 5282 377 5351 velint,
409 5280 545 5340 cum
570 5283 774 5340 Arium
804 5282 1002 5355 ipsum
1036 5282 1095 5336 in
1123 5280 1355 5355 Niceeno
1374 5282 1621 5355 concilio
1638 5280 1837 5336 susce-

195 5359 347 5424 ptum
378 5356 578 5411 tradit.
610 5354 844 5411 Nicaeae
872 5356 1029 5411 enim
1080 5354 1363 5426 synodica
1409 5354 1659 5426 epistola
1704 5357 1837 5423 post

198 5428 500 5484 anathema
536 5427 762 5483 Arianae
791 5427 1093 5483 sententiae
1120 5425 1297 5479 sociis
1328 5425 1637 5491 inmotum,
1699 5441 1835 5479 con-

199 5498 337 5555 sulto
370 5498 603 5555 reticeri
635 5498 797 5568 dicit,
830 5515 1004 5569 quem
1038 5497 1255 5553 exitum
1282 5497 1455 5552 Arius
1478 5496 1720 5569 sortitus
1740 5495 1837 5562 sit,

198 5583 262 5625 ne
288 5570 547 5628 hominis
587 5568 902 5627 calamitati
944 5569 1214 5626 videatur
1266 5569 1585 5637 insultare;
1622 5568 1838 5638 quibus

194 5643 374 5715 verbis
403 5641 596 5700 ex'silii
629 5659 859 5715 poenam
889 5640 976 5697 illi
1002 5643 1100 5715 ab;
1130 5640 1484 5715 imperatore
1520 5639 1837 5715 irrogatam

200 5711 431 5773 indicari
462 5711 673 5788 liquet.
707 5718 925 5773 Verum
956 5711 1246 5772 discimus
1294 5729 1327 5769 a
1368 5711 1686 5771 Sozomeno
1734 5711 1835 5767 lib.

1928 3345 2129 3402 nullus
2160 3346 2256 3413 sit,
2290 3344 2403 3401 nisi
2445 3362 2594 3417 quos
2616 3342 3029 3418 synodusilla
3074 3341 3401 3400 ordinavit:
3436 3358 3584 3415 quo-

1928 3435 2102 3491 modo
2133 3439 2451 3507 potuerunt
2480 3435 2792 3491 adversum
2843 3451 2973 3490 eam
3018 3434 3206 3491 facere
3248 3434 3289 3503 ‘,
3344 3436 3584 3507 propter

1928 3542 2108 3598 quam
2138 3524 2414 3581 exsilium
2444 3525 2906 3581 sustinuerunt?

2000 3616 2087 3669 20.
2120 3615 2374 3672 Auctores
2414 3615 2678 3672 haereseos
2724 3616 2976 3672 Arianae.
3017 3614 3355 3684 Supererant
3401 3612 3586 3670 homi-

1930 3722 2022 3761 nes
2056 3707 2152 3776 qui
2179 3706 2392 3777 synodo
2422 3706 2662 3763 Nicaeum
2694 3712 3081 3777 interfuerant.
3131 3703 3274 3773 Quid
3319 3704 3586 3759 constitu-

1935 3799 2054 3851 tum
2085 3796 2146 3850 in
2170 3796 2375 3868 synodo
2406 3795 2802 3851 Alexandrina.
2836 3796 3060 3865 Lucifer
3087 3792 3220 3865 quid
3262 3792 3470 3863 fecerit.
3516 3822 3589 3834 —-

1922 3886 1992 3940 ‘L.
2028 3885 2113 3938 An
2147 3884 2383 3939 tandem
2415 3888 2472 3939 et
2499 3888 2641 3939 tunc
2663 3883 2879 3955 recepti
2900 3886 3040 3939 sunt
3058 3880 3299 3937 Ariani?
3319 3879 3587 3954 quinam,

1934 3988 2132 4045 quaeso
2180 3971 2208 4027 ?
2258 3973 2316 4028 0.
2371 3971 2658 4027 Eusebius
2719 3971 3032 4043 episcopus
3095 3967 3586 4037 Nieomediensis,

1935 4061 2269 4134 Theognius
2318 4061 2422 4133 (At.
2477 4060 2872 4134 Theogonius)
2927 4060 3238 4133 episcopus
3295 4059 3588 4117 Nicaenus.

1935 4152 2103 4207 Saras
2144 4155 2283 4205 tunc
2332 4151 2636 4223 presbyter
2682 4149 2895 4223 Libyae.
2941 4148 3230 4206 Eusebius
3278 4147 3592 4221 episcopus

1937 4244 2193 4296 Casareae
2248 4238 2580 4308 Palestinae,
2630 4244 2687 4296 et
2746 4238 2979 4312 reliqui,
3041 4254 3192 4311 quos
3247 4252 3594 4296 enumerare

1939 4330 2181 4402 longum
2207 4334 2318 4386 est.
2352 4328 2481 4401 Ipse
2513 4345 2747 4402 quoque
2802 4333 2977 4402 caput
3031 4328 3245 4385 horum
3298 4332 3358 4384 et
3408 4342 3591 4385 causa

1942 4417 2437 4484 malorum,Arius
2468 4418 2857 4491 presbyter,et
2884 4417 3137 4475 Euzoius
3167 4418 3472 4486 diaconus,
3493 4414 3596 4489 qui

1943 4512 2077 4583 post
2131 4507 2460 4564 Eudoxium
2519 4509 2540 4542 ⁵
2595 4508 2998 4566 Antiochenus
3070 4509 3226 4566 I98
3286 4507 3597 4580 episcopus

1943 4722 2003 4767 ιι,
2059 4720 2186 4775 cap.
2267 4702 2359 4773 46,
2437 4701 2643 4758 Arium
2711 4701 2790 4750 ἐπὶ
2852 4705 2945 4762 τὴν
3003 4700 3199 4775 λέξοριαν
3232 4698 3595 4775 βπαγόῳνφ,

1941 4777 2059 4852 sive
2090 4769 2149 4831 eo
2180 4777 2296 4844 ipso
2342 4769 2612 4852 tempore
2641 4790 2763 4852 quo_
2791 4776 2853 4829 in
2889 4773 3154 4852 exsilium
3195 4769 3602 4852 departa‘bat'ur

1939 4842 2475 4921 fuissereroratnml
2508 4842 2661 4910 Quin
2691 4845 2867 4921 etiam
2894 4846 3158 4900 Socrates
3186 4842 3358 4921 illum
3386 4842 3598 4921 statim

1942 4913 2013 4975 ab
2048 4918 2218 4975 exilio
2246 4924 2578 4973 revocatum
2612 4918 2811 4980 tradit,
2843 4926 3157 4989 antequam
3186 4913 3479 4989 Eusebius
3501 4928 3599 4989 _a_c

1943 4992 2279 5071 Theognius
2313 4989 2573 5071 libellum
2606 4989 2959 5071 paenitentiae
2994 4983 3467 5071 mitterent.'.lam
3498 4983 3603 5057 igi-

1944 5068 2043 5119 tur
2069 5058 2234 5118 vides
2255 5079 2382 5144 quo
2416 5068 2584 5135 pacto
2607 5058 2868 5133 intelligi
2900 5066 2959 5117 et
2989 5059 3286 5115 conciliari
3321 5058 3603 5131 Hierony-

2252 5140 2316 5188 it.

2009 5152 2079 5189 us
2151 5152 2181 5189 ο
2220 5152 2316 5189 su.

1946 5153 2036 5241 ωδ
2070 5152 2402 5262 Ιιὲοῗίοηθῐη
2426 5204 2665 5259 Victorii
2718 5220 2943 5269 revoco,
2990 5202 3161 5274 cujus
3211 5196 3600 5274 locogltlartia-

1946 5296 2108 5334 naeus
2139 5295 2271 5333 cum
2306 5283 2546 5332 Erasmo
2588 5276 2781 5349 habet,
2832 5276 2928 5349 qui
2954 5270 3149 5349 postea
3185 5274 3285 5329 sub
3305 5270 3602 5349 Theodosio

1945 5351 2349 5415 Antiochemus,
2377 5355 2511 5414 etc.,
2540 5353 2595 5403 et
2624 5348 2778 5420 quod
2821 5345 3066 5420 minime
3127 5345 3430 5420 ferendum
3489 5345 3600 5407 est,

1946 5422 2565 5498 Victor_i_i_in_dustriam
2584 5418 2754 5492 plane
2785 5418 3381 5498 dissimulatCertum
3403 5420 3603 5498 tamen

1948 5500 2038 5550 est
2081 5493 2202 5548 falli
2248 5489 2600 5569 Erasmum;
2626 5507 2816 5563 neque
2864 5508 2991 5547 eam
3035 5490 3216 5569 fuisse
3262 5489 3602 5569 Hieronymi

1950 5572 2228 5629 mentem,
2261 5571 2293 5618 Ἰ
2309 5563 2655 5618 heodosium
2703 5561 3246 5629 commemorandi;
3280 5575 3469 5632 neque
3506 5561 3603 5632 ita

1949 5636 2278 5714 scripsisse.
2311 5636 2373 5714 In
2403 5634 2566 5714 hanc
2581 5652 2711 5714 rem
2731 5636 3017 5714 Socrates,
3065 5633 3168 5690 lib.
3205 5651 3268 5701 ιι,
3327 5629 3458 5714 cap.
3491 5629 3596 5714 44.:

1955 5734 1976 5763 ι
2006 5704 2370 5777 Antiocheni,
2404 5706 2618 5781 inquit,
2641 5723 2775 5765 cum
2798 5706 3128 5765 Eudoxium
3150 5704 3598 5778 comperissent,
