3944 6402
298 306 428 413 ιεη

1544 312 1609 384 s.
1653 310 1966 383 ausam
2005 311 2455 403 nicaoural

3579 302 3705 393 i9!

304 454 449 535 fuit;
483 456 539 514 et
566 452 823 513 Achillas
850 452 1048 514 lector.
1077 454 1146 513 Hi
1177 453 1523 529 quippetres
1544 453 1937 510 Alexandrina
1969 452 2025 523 Α
2056 452 2215 513 rabie
2249 452 2544 525 luporum,
2570 448 2889 525 segregatis
2918 446 3122 527 paucis
3139 444 3366 525 ovibus,
3398 441 3699 535 reliquum

303 544 568 602 Ecclesia
601 544 816 612 clerici,
852 550 1117 601 auctores
1158 544 1338 616 hujus
1378 544 1661 599 hareseos
1710 540 1945 597 exstite-

303 637 460 690 runt.
494 635 552 688 L.
585 633 640 687 Si
681 634 973 705 quispiam
1023 650 1121 688 eos
1171 639 1338 704 neget
1389 632 1567 686 fuisse
1616 633 1945 701 susceptos,

302 723 595 795 quomodo
627 723 950 778 revincetur
971 722 999 776 ?
1031 721 1091 777 0.
1124 724 1448 793 Supersunt
1466 720 1656 774 adhuc
1680 717 1949 772 homines

302 811 401 887 qui
432 810 513 865 illi
550 812 771 883 synodo
801 810 1214 866 interfuerunt.
1244 811 1310 863 Et
1341 809 1387 863 si
1421 809 1530 863 hoc
1580 823 1785 880 parum
1835 810 1947 870 est,

303 900 441 974 quia
471 906 707 972 propter
739 900 1022 970 temporis
1055 898 1459 970 antiquitatem
1494 897 1605 951 rari
1631 895 1948 952 admodum

302 993 460 1056 sunt,
494 994 550 1044 et
582 990 637 1043 in
670 990 829 1044 omni
860 988 985 1044 loco
1040 993 1218 1044 testes
1267 988 1472 1042 adesse
1515 1001 1632 1041 non
1678 989 1945 1056 possunt,

301 1076 570 1150 legamus
602 1082 733 1133 acta
755 1081 812 1132 et
841 1076 1080 1132 nomina
1108 1076 1512 1147 episcoporum
1546 1072 1751 1145 synodi
1774 1070 1948 1127 Nica-

303 1184 429 1234 na;
462 1171 519 1222 et
551 1166 658 1222 hos
688 1183 833 1238 quos
866 1183 1046 1238 supra
1086 1164 1339 1219 diximus
1389 1164 1571 1219 fuisse
1617 1166 1944 1234 susceptos,

301 1256 721 1329 subscripsisse
750 1257 1051 1318 homusion,
1085 1253 1235 1309 inter
1264 1256 1503 1309 cateros
1557 1251 1941 1323 reperiemus.

301 1345 361 1400 L.
395 1345 453 1399 Si
484 1349 670 1415 potes,
703 1344 941 1399 ostende
974 1349 1104 1416 post
1135 1343 1427 1415 synodum
1472 1340 1759 1396 Nicanam
1813 1338 1945 1393 illos

300 1433 359 1489 in
383 1433 687 1505 perﬁdiam
720 1431 1065 1487 declinasse.
1104 1432 1163 1488 0.
1200 1432 1373 1487 Recte
1418 1427 1801 1502 proposuisti,
1852 1444 1941 1483 so-

298 1522 416 1578 lent
446 1522 601 1577 enim
629 1521 811 1578 oculis
840 1520 1060 1577 clausis
1090 1521 1397 1591 denegare,
1432 1519 1530 1591 qui
1558 1534 1673 1574 non
1698 1517 1945 1574 credunt

298 1611 512 1667 factum
547 1627 677 1666 esse
707 1610 860 1683 quod
898 1609 1125 1665 nolunt.
1158 1610 1263 1664 Sed
1298 1608 1593 1679 quomodo
1612 1612 1942 1679 posteanon

296 1700 687 1767 declinarunt,
719 1702 955 1772 propter
986 1715 1134 1769 quos
1167 1698 1423 1769 synodus
1445 1700 1797 1770 congregata
1826 1695 1943 1751 est?

297 1806 549 1862 quorum
594 1786 853 1861 epistola
904 1792 961 1843 et
1018 1787 1149 1841 libri
1206 1786 1523 1859 impietatis
1580 1789 1714 1841 ante
1771 1802 1940 1857 syno-

296 1878 441 1933 dum
474 1876 827 1949 editi,usque
846 1877 912 1932 ad
932 1880 1277 1948 praesentem
1300 1875 1453 1930 diem
1481 1875 1695 1930 durant
1714 1873 1741 1928 ?
1760 1874 1944 1946 Igitur

298 1983 428 2023 cum
462 1965 560 2022 illo
594 1970 853 2039 tempore
883 1965 1119 2021 trecenti
1152 1970 1206 2020 et
1235 1981 1301 2020 eo
1355 1963 1610 2036 amplius
1660 1962 1937 2037 episcopi,

297 2072 516 2129 paucos
538 2054 826 2120 homines,
851 2071 997 2126 quos
1048 2053 1173 2109 sine
1218 2054 1430 2109 damno
1475 2052 1741 2109 Ecclesia
1795 2051 1939 2122 abji-

298 2160 425 2200 cere
484 2147 766 2215 poterant,
828 2142 1240 2213 susceperint:
1278 2140 1458 2196 miror
1527 2141 1835 2213 quosdam,
1886 2144 1942 2195 et

296 2236 449 2288 certe
478 2233 718 2287 Nicana
760 2232 890 2287 fidei
938 2236 1274 2297 sectatores,
1307 2235 1479 2286 tanta
1513 2230 1739 2285 duritia
1791 2229 1938 2283 exsi-

296 2325 469 2388 stere,
502 2328 563 2377 ut
597 2325 713 2376 tres
759 2322 1117 2376 cenfessores
1151 2321 1166 2354 ί
1198 2322 1266 2375 de
1315 2318 1516 2375 exsilio
1566 2321 1937 2385 revertentes,

293 2427 407 2466 non
438 2414 667 2483 putent,
702 2410 757 2464 id
801 2410 874 2465 ob
901 2408 1081 2465 totius
1113 2409 1269 2464 orbis
1303 2407 1555 2463 salutem
1594 2406 1941 2462 necessitate

291 2499 478 2555 facere
506 2498 797 2565 debuisse,
833 2498 986 2569 quod
1022 2502 1107 2552 tot
1136 2501 1192 2553 et
1222 2496 1368 2552 tales
1401 2495 1506 2551 viri
1540 2493 1835 2550 voluntate
1858 2496 1937 2549 fe-

291 2592 515 2644 cerunt.
549 2588 683 2652 Sed,
725 2594 788 2643 ut
842 2587 1034 2641 dicere
1080 2603 1460 2656 coeperamus,
1512 2589 1644 2658 post
1686 2583 1937 2638 reditum

299 2676 725 2741 confessorum,
758 2674 815 2729 in
846 2674 1237 2730 Alexandrina
1263 2673 1688 2746 posteasynodo
1722 2672 1939 2727 consti-

292 2768 487 2819 tutum
520 2767 722 2829 estut,
753 2764 1009 2836 exceptis
1049 2763 1387 2818 auctoribus
1434 2762 1742 2827 haereseos,
1792 2778 1941 2833 quos

294 2869 453 2909 error
495 2869 773 2908 excusare
820 2869 935 2907 non
985 2857 1228 2924 poterat,
1280 2850 1627 2924 panitentes
1674 2849 1939 2905 Ecclesia

188 2946 195 2955 '
295 2940 696 2998 sociarentur:
732 2958 848 2996 non
892 2940 1044 3013 quod
1091 2936 1349 3013 episcopi
1396 2940 1623 3012 possint
1668 2956 1796 2995 esse
1839 2938 1940 3011 qui

294 3029 549 3085 haretici
586 3030 853 3096 fuerant;
885 3030 984 3085 sed
1019 3030 1175 3102 quod
1208 3034 1498 3085 constaret
1542 3045 1639 3083 eos
1663 3028 1763 3100 qui
1802 3029 1943 3083 reci-

297 3125 594 3191 perentur,
628 3119 929 3174 haereticos
961 3136 1073 3175 non
1109 3119 1311 3173 fuisse.
1343 3120 1635 3173 Assensus
1676 3122 1765 3172 est
1805 3117 1941 3173 huic

2057 558 2294 615 gregem
2328 541 2603 598 deseruit.
2639 546 2833 598 Bonus
2874 539 3112 615 quidem
3152 538 3279 613 ipse
3321 539 3541 613 pastor,
3590 533 3699 591 sed

2058 631 2309 685 multum
2342 631 2595 702 pradam
2626 630 2831 687 bestiis
2862 630 3217 702 relinquens.
3268 627 3550 683 Pratereo
3575 622 3698 700 illa,

2057 736 2184 791 qua
2206 719 2448 790 quidam
2479 736 2547 773 ex
2576 718 2899 782 maledicis,
2931 718 3101 790 quasi
3132 716 3277 773 satis
3304 715 3474 771 ﬁrma
3503 712 3701 773 defen:

2057 808 2242 874 dunt;
2274 807 2382 863 hoc
2417 806 2582 863 illum
2615 824 2812 863 arnore
2842 808 3037 880 gloria
3068 808 3111 875 ³,
3143 810 3199 862 et
3231 802 3488 862 nominis
3508 801 3570 858 in
3600 818 3701 879 po-

2058 900 2242 952 steros
2271 895 2706 951 transmittendi
2737 897 2978 952 fecisse:
3006 912 3231 950 necnon
3263 897 3321 949 et
3350 908 3454 966 pro
3485 888 3695 951 simul-

2056 989 2193 1052 tate,
2244 1001 2420 1056 quam
2470 985 2750 1041 adversus
2807 984 3127 1040 Eusebium
3172 984 3313 1053 (scil.
3365 978 3696 1037 Vercellen-

2056 1074 2201 1145 sem)
2234 1078 2467 1146 prepter
2496 1073 2918 1130 Antiochenam
2949 1075 2971 1107 ‘
3017 1072 3447 1129 dissensionem
3496 1084 3696 1127 susce~

2057 1168 2236 1235 perat.
2270 1162 2425 1218 Nihil
2456 1162 2702 1220 istorum
2730 1162 2801 1220 de
2838 1161 2941 1218 tali
2991 1162 3111 1219 viro
3134 1161 3303 1218 credo
3329 1175 3562 1229 ;.unum
3607 1160 3700 1215 est

2056 1251 2209 1324 quod
2241 1251 2417 1308 etiam
2445 1253 2501 1308 in
2533 1251 2804 1327 prasenti
2834 1254 3170 1317 constanter
3199 1252 3219 1284 ⁵
3242 1248 3470 1323 loquar,
3499 1246 3701 1317 verbis

2053 1358 2189 1398 eum
2220 1358 2255 1398 a
2283 1340 2451 1397 nobis
2482 1340 2810 1407 dissentire,
2846 1358 2960 1398 non
2993 1341 3205 1396 rebus:
3240 1339 3288 1395 si
3321 1338 3560 1413 quidem
3604 1350 3697 1393 re-

2054 1428 2251 1502 cipiat,
2276 1429 2377 1501 qui
2407 1430 2479 1486 ab
2508 1430 2739 1486 Arianis
2766 1429 3061 1502 baptisma
3087 1426 3387 1485 consecuti
3417 1430 3574 1483 sunt.

2121 1521 2210 1575 21.
2247 1520 2491 1576 Hilarius
2540 1520 2794 1575 Romana
2828 1520 3080 1576 Ecclesia
3124 1518 3406 1575 diaconus.
3455 1515 3700 1573 Ecclesia

2054 1624 2162 1664 non
2194 1613 2271 1664 est
2301 1626 2419 1680 qua
2448 1625 2558 1663 non
2580 1608 2741 1663 habet
2760 1608 3114 1665 sacerdotem.
3146 1638 3214 1648 ——
3234 1608 3296 1663 L.
3317 1607 3503 1673 Quam
3525 1604 3700 1679 longe

2052 1696 2186 1766 alia,
2220 1702 2276 1753 et
2307 1702 2373 1753 ut
2403 1714 2557 1753 nunc
2588 1696 2870 1769 intelligo,
2903 1696 3084 1753 errori
3125 1696 3314 1768 magis
3344 1710 3523 1769 quam
3570 1692 3701 1766 spei

2052 1786 2432 1858 proﬁcientia,
2466 1786 2611 1842 mihi
2634 1791 2806 1841 antea
2837 1784 3266 1841 atlerebanturl
3296 1783 3513 1840 Verum
3560 1798 3699 1855 gra-

2049 1875 2161 1931 tias
2191 1891 2297 1946 ago
2329 1874 2556 1931 Christo
2585 1873 2829 1947 Deo,qui
2862 1874 2923 1930 in
2953 1878 3156 1947 pectus
3186 1890 3384 1930 meum
3430 1871 3697 1929 veritatis

2048 1964 2247 2021 lumen
2276 1963 2529 2031 infudit;
2563 1980 2634 2018 ne
2665 1962 2857 2019 adhuc
2899 1980 2996 2020 ore
3051 1961 3356 2035 sacrilego,
3405 1960 3698 2035 virginem

2048 2054 2176 2125 ejus
2207 2058 2463 2109 scortum
2485 2051 2698 2108 diaboli
2731 2051 3287 2109 clamarem.Restat
3312 2050 3695 2123 unum,quod

2050 2160 2246 2215 quaso
2279 2148 2334 2198 te
2366 2146 2429 2196 ut
2476 2142 2789 2213 cdisseras,
2840 2141 2983 2213 quid
3038 2141 3348 2197 adversum
3400 2137 3697 2194 Hilarium

2050 2230 2361 2286 dicendum
2394 2229 2492 2298 sit,
2520 2230 2619 2302 qui
2650 2247 2721 2286 ne
2750 2229 3069 2302 baptizatos
3098 2228 3334 2302 quidem
3360 2225 3697 2300 recipiatab

2049 2318 2297 2374 Arianis.
2334 2319 2392 2376 0.
2420 2318 2673 2375 Hilarius
2702 2335 2837 2375 cum
2868 2318 3152 2374 diaconus
3184 2318 3255 2374 de
3302 2316 3563 2375 Ecclesia
3603 2331 3697 2372 re-

2048 2408 2309 2476 cesserit,
2343 2407 2641 2480 solusque,
2676 2414 2741 2463 ut
2770 2409 3140 2481 putat,turba
3170 2408 3247 2463 sit
3268 2406 3699 2479 mundi,neque

2048 2497 2465 2555 eucharistiam
2488 2499 2772 2553 coniicere
2804 2502 3014 2569 potest,
3048 2496 3354 2570 episcopos
3384 2500 3440 2552 et
3460 2496 3699 2569 presby-

2048 2591 2201 2644 teros
2223 2603 2339 2642 non
2366 2586 2589 2643 habens
2614 2604 2627 2643 :
2660 2604 2847 2658 neque
2870 2587 3162 2658 baptisma
3192 2585 3318 2643 sine
3338 2584 3700 2642 eucharistia

2047 2676 2295 2731 tradere.
2329 2676 2399 2731 Et
2428 2692 2561 2730 cum
2586 2676 2712 2746 jam
2743 2675 2918 2731 homo
2951 2679 3219 2731 mortuus
3262 2674 3358 2743 sit,
3408 2690 3543 2730 cum
3587 2673 3701 2730 ho-

2049 2764 2206 2821 mine
2238 2764 2457 2837 pariter
2484 2763 2707 2820 interiit
2738 2768 2795 2821 ct
2826 2769 3004 2829 secta,
3038 2763 3138 2837 qui
3173 2768 3305 2836 post
3351 2780 3414 2820 se
3459 2761 3697 2820 nullum

2049 2851 2325 2910 clericum
2356 2854 2637 2911 diaconus
2669 2854 2858 2926 potuit
2884 2853 3173 2909 ordinare.
3207 2851 3464 2909 Ecclesia
3493 2856 3698 2909 autem

2049 2959 2165 2998 non
2196 2946 2305 3009 est,
2332 2959 2458 3014 qua
2505 2960 2618 2998 non
2668 2941 2846 2998 habet
2895 2942 3249 2999 sacerdotes.
3299 2942 3410 2998 Sed
3455 2940 3699 2998 omissis

2049 3030 2251 3103 paucis
2274 3030 2674 3099 'homunculis,
2708 3030 2808 3102 qui
2865 3030 2977 3103 ipsi
3009 3037 3066 3087 et
3111 3029 3245 3086 laici
3294 3033 3436 3087 sunt
3471 3032 3529 3087 et
3569 3029 3696 3102 epi-

2049 3119 2233 3191 scopi,
2257 3118 2522 3175 ausculta
2553 3118 2692 3191 quid
2725 3119 2797 3175 de
2844 3120 3005 3175 omni
3035 3117 3289 3175 Ecclesia
3319 3117 3697 3177 sentiendum

297 3208 600 3265 sententia
631 3207 949 3264 Occidens:
985 3214 1040 3263 et
1063 3225 1164 3281 per
1212 3212 1331 3262 tam
1360 3207 1753 3263 necessarium
1802 3224 1941 3263 con-
1970 3194 2013 3261 C
2052 3208 2149 3264 sit.
2181 3209 2242 3264 L.
2273 3208 2506 3277 Tribus,
2542 3213 2606 3263 ut
2636 3207 2821 3274 aiunt,
2849 3206 3038 3265 verbis
3060 3212 3180 3269 tam
3211 3207 3493 3279 grandem
3536 3224 3697 3280 qua-

296 3296 498 3352 cilium
532 3298 683 3368 (fort.
718 3297 1071 3369 consilium),
1110 3300 1335 3352 Satana
1371 3296 1638 3351 faucibus
1679 3297 1939 3351 mundus

297 3388 534 3455 ereptus
563 3388 670 3439 est.
710 3384 956 3439 Ventum
986 3389 1075 3439 est
1106 3385 1177 3439 ad
1211 3384 1581 3456 asperrinum
1614 3384 1833 3451 locum,
1879 3384 1937 3441 in

298 3487 414 3542 quo
444 3472 751 3527 adversum
800 3473 1160 3529 voluntatem
1209 3478 1265 3528 et
1304 3475 1667 3545 propositum
1718 3490 1936 3541 meum,

296 3576 473 3633 cogor
502 3560 583 3616 De
602 3561 767 3617 beato
802 3561 1061 3617 Lucifero
1092 3564 1134 3632 ³,
1182 3579 1351 3617 secus
1390 3561 1711 3634 quidquam
1763 3579 1937 3635 quam

290 3652 347 3705 et
376 3648 538 3705 illius
570 3649 867 3718 meritum,
901 3655 959 3705 et
999 3668 1127 3706 mea
1178 3650 1517 3706 humanitas
1571 3651 1777 3723 poscit,
1827 3652 1939 3706 exi-

290 3738 548 3794 stimare.
586 3739 694 3795 Sed
742 3740 883 3811 quid
933 3740 1142 3795 faciam
1172 3739 1200 3794 ?
1228 3739 1437 3796 veritas
1486 3757 1551 3795 os
1595 3745 1832 3809 reserat,
1882 3745 1940 3796 et

288 3827 534 3883 invitam
568 3827 831 3901 linguam
876 3831 1030 3885 194
1070 3829 1371 3885 conscium
1420 3829 1491 3885 ad
1542 3828 1935 3901 eloquendum

288 3919 495 3988 pectus
524 3916 795 3989 impellit.
829 3917 890 3973 In
920 3917 1021 3973 tali
1065 3918 1311 3974 articulo
1344 3918 1630 3986 Ecclesia,
1665 3917 1723 3973 in
1772 3922 1937 3974 tanta

286 4079 486 4149 spreta
528 4075 791 4149 ipsorum
833 4077 1106 4143 Ecclesia,
1159 4079 1229 4134 ad
1280 4077 1933 4149 Constantinopolitanae

285 4146 447 4202 sedis
468 4146 827 4218 opulentiam
851 4150 1206 4205 transiliisse
1235 4175 1249 4216 ;
1276 4150 1569 4206 Meletium
1594 4146 1773 4206 Berea
1789 4151 1935 4204 acci-

287 4224 416 4274 tum
450 4220 509 4274 in
541 4221 677 4275 sede
703 4220 1063 4278 Antiochena
1092 4221 1397 4278 collocant.
1430 4220 1625 4277 Hie....
1683 4222 1931 4278 consub-

287 4289 576 4364 stantialis
608 4293 934 4348 doctrinam
967 4310 1227 4349 asserere
1256 4292 1445 4364 capit.
1488 4293 1626 4364 Qua
1668 4308 1803 4348 cum
1832 4310 1934 4356 ac-

287 4361 536 4436 cepisset
564 4362 901 4435 imperator,
951 4382 1085 4419 eum
1133 4361 1368 4436 quidem
1422 4362 1661 4436 relegari
1706 4364 1928 4433 jussit;

288 4433 569 4507 Euzoium
600 4432 753 4496 vero,
788 4432 893 4507 qui
920 4453 1038 4490 una
1068 4432 1199 4489 cum
1250 4437 1389 4507 Ario
1438 4432 1578 4507 olim
1629 4432 1930 4507 depositus

284 4506 495 4571 fuerat,
527 4506 937 4563 Antiochensis
974 4507 1242 4562 Ecclesia
1274 4506 1594 4562 antistitem
1629 4506 1763 4561 feeit
1797 4523 1928 4571 pro-

284 4577 560 4648 moveri.»
593 4578 965 4634 Iiac'scilicet
994 4580 1066 4633 de
1097 4594 1274 4633 causa
1298 4586 1422 4648 post
1450 4577 1761 4632 Eudoxium

282 4647 690 4773 gieronymus.
714 4651 819 4706 Sed
869 4650 1065 4721 ipsum
1098 4647 1652 4721 placetW’ictorium
1707 4650 1925 4705 descri-

323 4736 443 4773 ere.

323 4736 443 4773 6P8.

350 4790 626 4846 Euzoium
657 4792 916 4847 Eudoxio
947 4791 1005 4845 in
1034 4789 1392 4846 Antiocheno
1424 4790 1760 4862 episcopatu
1791 4809 1922 4847 suc-

277 4864 548 4934 cessisse,
603 4869 833 4918 constat
888 4878 955 4917 ex
1008 4862 1262 4934 Historia
1325 4863 1640 4934 tripartita,
1693 4865 1925 4920 Socrate

278 4933 521 5000 scilicet,
550 4934 652 4989 lib.
692 4952 751 4999 ιι,
784 4952 831 4989 c.
867 4934 955 4999 33,
1008 4933 1071 4987 lii
1130 4938 1189 4987 et
1234 4933 1570 5001 Sozomeno,
1612 4935 1709 4989 lib.
1762 4953 1835 5002 IV,
1871 4953 1921 4991 ο.

282 5005 506 5076 12.0ua
538 5005 928 5061 omnialatius
961 5003 1209 5076 explicat
1242 5006 1599 5076 Nicephorus
1622 5006 1920 5075 Callistus,

276 5074 377 5148 lib.
414 5094 488 5142 1x,
523 5094 570 5132 c.
600 5079 687 5131 48.
723 5074 1131 5148 Hieronymus,
1184 5077 1282 5148 qui
1327 5074 1627 5134 haereticos
1676 5079 1922 5133 Arianos

277 5146 371 5201 hic
394 5154 684 5220 recenset,
738 5146 957 5202 omittit
1006 5146 1322 5220 Meletium,
1370 5150 1469 5220 qui
1520 5148 1683 5205 illam
1724 5152 1923 5205 sedem

277 5218 506 5274 medius
542 5220 691 5291 inter
740 5219 1333 5291 utrumquertenuit:
1379 5218 1708 5276 catholicus
1764 5221 1921 5278 enim

276 5295 478 5364 eratet
500 5291 571 5345 ab
602 5290 1222 5364 imperatore’Valente
1256 5291 1388 5347 inde
1419 5294 1661 5364 ejectus,
1714 5294 1775 5348 in
1826 5310 1921 5348 ex-

276 5360 474 5415 silium
510 5365 809 5435 actusiest.
845 5363 1190 5418 Fuitautem
1225 5360 1469 5435 uterque
1502 5364 1708 5419 horum
1757 5365 1921 5419 Aria-

276 5448 408 5497 nus,
443 5433 543 5487 sed
587 5434 882 5489 Eudoxius
929 5435 1185 5489 Aetiana
1234 5433 1409 5491 etiam
1469 5437 1761 5492 factionis.
1816 5437 1921 5492 llic

276 5500 440 5579 locus
488 5508 659 5579 antea
717 5506 787 5559 ab
838 5507 1077 5561 Erasmo
1126 5513 1435 5579 corruptus
1485 5508 1611 5563 fuit.
1676 5509 1923 5579 Legebat

273 5573 426 5650 enim
454 5580 568 5650 :_Et
598 5578 841 5632 Euzoius
880 5579 1161 5643 diaconus,
1227 5573 1322 5649 qui
1364 5583 1551 5650 postea
1598 5579 1698 5635 sub
1753 5573 1922 5635 Theo-

269 5644 416 5702 dosz'o
447 5647 809 5706 Jnliochenus
840 5651 1119 5721 cpiscopus
1149 5644 1456 5723 fuil,qu'asi
1488 5651 1609 5706 Arii
1636 5657 1921 5723 tempore,

1824 4578 1929 4633 ixit
1957 4564 2003 4631 D

2052 3298 2304 3355 stionem
2336 3296 2676 3365 dissolvisti,
2701 3302 2759 3355 et
2787 3296 3024 3371 quidem
3047 3296 3188 3352 dum
3212 3294 3702 3368 loqueris,videor

2050 3386 2196 3453 mihi
2227 3391 2417 3443 tecum
2445 3388 2648 3442 facere.
2674 3386 2730 3443 Si
2760 3403 2894 3443 vero
2924 3384 3261 3451 obticueris,
3297 3385 3494 3442 nescio
3542 3384 3692 3457 quid

2049 3493 2285 3532 rursum
2318 3475 2580 3550 scrupuli
2612 3475 2907 3532 nascitur:
2944 3490 3125 3548 quare
3152 3474 3224 3530 ab
3259 3472 3549 3531 hareticis
3597 3474 3699 3531 ba-

2048 3565 2245 3635 ptizati
2278 3565 2700 3636 suscipiuntur.
2737 3566 2797 3622 0.
2831 3568 2950 3619 Hoc
2980 3568 3069 3620 est
3098 3562 3254 3634 quod
3293 3566 3352 3618 et
3398 3579 3504 3637 ego
3549 3561 3695 3629 dixi,

2046 3653 2312 3709 ausculta
2341 3654 2482 3724 quid
2513 3654 2583 3709 de
2614 3652 2774 3709 omni
2805 3652 3059 3709 Ecclesia
3079 3651 3451 3707 sentiendum
3473 3650 3698 3709 sit.Iste

2045 3742 2224 3810 enim,
2258 3747 2325 3797 ut
2355 3742 2462 3806 ais,
2522 3743 2839 3815 scrupulus
2882 3741 3033 3798 195
3091 3740 3310 3798 multos
3370 3738 3587 3796 titillat.
3623 3742 3697 3797 Et

2044 3829 2255 3904 longus
2288 3831 2532 3886 fortasse
2565 3848 2661 3888 ero
2684 3830 2742 3887 in
2776 3830 3140 3887 enarranda:
3174 3846 3373 3886 verum
3403 3828 3551 3887 tanti
3599 3834 3697 3886 est

2044 3918 2274 3976 lucrum
2302 3919 2566 3976 veritatis
2596 3921 2638 3976 ⁸.

2043 4081 2215 4157 cujus
2231 4077 2548 4157 familiaris
2579 4080 2689 4136 fuit
2708 4077 3347 4157 Euzoius,Theodosiu_s
3372 4079 3696 4157 imperator

2040 4150 2263 4206 viaerit.
2299 4152 2533 4223 Deccpit
2561 4169 2696 4207 eum
2724 4150 2871 4207 alter
2902 4151 3061 4208 illius
3084 4151 3386 4223 temporis;
3413 4150 3691 4223 Euzoius,

2041 4224 2113 4279 de
2144 4240 2258 4295 quo
2288 4222 2348 4279 in
2380 4221 2650 4295 Ca'talogo
2685 4224 2752 4278 ﬁt
2777 4224 3028 4279 mentio:
3062 4223 3165 4295 qui
3197 4221 3523 4279 catholicus
3551 4221 3689 4295 fuit,

2040 4299 2097 4351 et
2125 4294 2523 4350 Nazianzenus
2557 4294 2628 4351 ad
2663 4311 2796 4350 eum
2824 4295 3047 4350 scribit.
3080 4294 3692 4363 Nos,sutfragantibus

2040 4383 2175 4448 cum
2202 4364 2619 4448 historiis,tum
2652 4364 3192 4448 exemplaribus,ita
3219 4364 3687 4448 emendavimus.

2041 4438 2313 4493 Libenter
2341 4439 2499 4510 enim
2530 4436 2976 4510 solemus,‘cum
3009 4437 3246 4510 quidem
3277 4436 3691 4510 licetpauctori-

2037 4514 2217 4565 tatem
2252 4509 2628 4580 antiquorum
2674 4508 2960 4565 librorum
3016 4507 3351 4565 testimonio
3408 4507 3687 4566 historia-

2037 4597 2168 4634 rum
2200 4582 2566 4634 confirmare.

2036 4597 2168 4636 rum
2200 4597 2566 4637 connrmare.

2136 4653 2152 4686 ¹
2184 4653 2424 4733 Sanctae
2457 4649 2863 4718 Athanasium,
2893 4650 3198 4719 Hilarium,
3248 4655 3306 4707 et
3351 4650 3690 4719 Vercellae-

2035 4740 2161 4780 sem
2193 4724 2532 4779 Eusebium.

2105 4796 2127 4829 ²
2155 4795 2333 4850 Addit
2352 4799 2519 4851 vetus
2549 4794 2710 4861 edit.,
2746 4795 2860 4864 Quo
2905 4793 3063 4850 corde
3108 4794 3243 4851 bona
3288 4810 3423 4865 erga
3467 4796 3689 4868 Lucife-

2033 4884 2159 4921 rum
2184 4883 2326 4923 sum.

2102 4939 2124 4971 ³
2154 4939 2367 4992 Eadem
2403 4942 2515 4995 Hoc
2545 4938 2707 4994 illum
2738 4955 2851 4992 non
2881 4936 3137 4997 Ecclesiae
3157 4936 3461 5003 ωπον-ωειί
3478 4938 3683 5009 gloria,

2033 5014 2146 5063 etc.
2179 5010 2475 5092 Martha...
2526 5010 2629 5092 (ioc
2677 5010 2838 5092 illuni
2894 5026 3003 5092 non
3060 5025 3244 5092 amore
3285 5009 3516 5092 gloriae,
3581 5011 3684 5092 sed

2033 5080 2666 5162 negandiﬁparticulam
2697 5081 3074 5154 postmodum
3109 5079 3352 5137 sustulit
3377 5079 3438 5137 in
3457 5086 3682 5139 errato-

2034 5151 2165 5207 rum
2198 5151 2477 5207 indiculo.
2698 5151 2715 5154 ⁷

2103 5225 2125 5258 ι
2156 5227 2368 5279 Notum
2400 5222 2713 5297 dissidium
2756 5241 2824 5280 ex
2871 5223 3097 5297 Paulini
3152 5222 3469 5297 electione,
3501 5240 3683 5297 quam

2033 5300 2262 5369 contra
2282 5294 2639 5369 condictum,
2691 5297 2925 5369 tametsi
2972 5296 3125 5353 bono
3173 5295 3397 5369 animo,
3432 5294 3686 5354 'Lucifer

2033 5366 2199 5439 fecit._
2223 5366 2510 5439 Eusebius
2542 5366 2913 5439 improbavit.

2065 5438 2123 5563 to“
2153 5437 2333 5493 Vetus
2363 5437 2705 5506 edit.,umim
2733 5440 2875 5512 quod
2901 5442 3069 5496 etiam
3094 5440 3155 5495 in
3183 5438 3444 5513 praesenti
3470 5443 3685 5496 constat

2116 5525 2275 5563 auar.

2032 5524 2368 5637 elaqiifdem
2400 5581 2581 5648 addit,
2615 5587 2672 5638 ut
2701 5599 2812 5639 non
2839 5582 3051 5638 sileam.
