3944 6450
1157 376 1552 446 DIALOGUS
1594 375 1911 445 CONTRA
1952 376 2554 447 LUCIFERIANOS.

3441 354 3589 443 ise-

247 516 329 574 22.
380 513 511 573 Area
537 513 646 573 Hoc
696 519 857 589 typus
905 515 1182 581 Ecclesia.
1243 516 1469 573 Octavus
1536 532 1797 573 numerus
1825 518 1879 587 Α
1908 518 2199 573 minantur
2225 516 2415 575 avenae
2444 516 2537 590 (ex
2565 514 2720 591 Virg.
2754 516 2993 590 IGeorg.
3037 515 3182 586 154).
3206 513 3356 581 Quid
3386 514 3562 574 faciat

193 608 247 663 is
276 606 493 663 Psalmis
520 609 571 663 et
597 605 660 661 in
684 606 1013 676 Evangelia.
1067 605 1277 662 Gradus
1309 607 1578 662 Ecclesiae.
1636 607 1800 663 Nemo

190 699 340 769 potest
363 704 484 752 ante
500 694 708 767 judicii
757 692 901 752 diem
932 696 1000 752 de
1054 697 1372 752 hominibus
1422 697 1688 762 iudicare.
1730 727 1799 737 —

189 791 318 841 Arce
342 784 452 840 Noe
480 784 746 841 Ecclesia:
776 788 949 858 typus
995 784 1124 850 fuit,
1183 786 1411 841 dicente
1466 784 1633 842 Petro
1658 801 1798 857 apo.

191 873 320 931 stole
348 890 361 928 :
391 875 449 930 In
476 890 607 930 arca
635 875 743 930 Noe
766 876 954 947 pauci,
986 874 1045 931 id
1073 883 1151 931 est
1198 884 1332 942 octo,
1365 876 1575 932 animas
1627 875 1801 930 salvae

188 964 326 1035 facta
349 970 470 1019 sunt
492 979 593 1035 per
618 979 842 1035 aquam,
875 964 1021 1035 quod
1049 971 1099 1019 et
1124 980 1222 1019 nos
1271 981 1423 1020 nunc
1449 964 1652 1019 similis
1682 961 1795 1034 [AL

186 1053 433 1124 similiter]
460 1054 661 1123 formae
690 1054 965 1122 baptisma
1014 1054 1193 1109 salvos
1244 1055 1383 1125 facit
1439 1052 1549 1125 [AL
1601 1052 1798 1124 faciat]

189 1142 229 1212 (l
247 1142 376 1199 Petr.
407 1159 488 1208 ιιι,
517 1142 631 1213 20).
665 1142 735 1198 Ut
764 1142 823 1196 in
846 1141 956 1198 illa
1000 1142 1267 1198 omnium
1320 1140 1668 1198 animalium
1699 1156 1798 1214 ge-

190 1230 448 1288 nerazita
472 1235 526 1286 et
584 1231 643 1287 in
700 1230 810 1287 hac
864 1231 1274 1288 universarum
1333 1235 1391 1287 et
1446 1231 1712 1304 gentium
1743 1233 1801 1286 et

188 1322 388 1377 morum
417 1320 684 1376 homines
712 1323 872 1376 sunt.
890 1319 964 1376 Ut
982 1320 1062 1376 ibi
1093 1320 1313 1393 pardus
1339 1323 1397 1375 et
1426 1319 1597 1383 haedi,
1620 1318 1805 1392 lupus

186 1408 378 1481 stagni
409 1424 423 1464 :
453 1408 536 1466 ita
565 1414 624 1465 et
648 1409 744 1465 hic
772 1414 831 1465 et
864 1409 1015 1481 justi
1044 1414 1102 1466 et
1159 1414 1510 1481 peccatores,
1571 1409 1630 1464 id
1689 1410 1797 1474 est,

184 1514 303 1561 vasa
325 1514 496 1555 aurea
521 1502 580 1556 et
624 1503 920 1572 argentea,
979 1495 1118 1554 cuni
1172 1498 1383 1572 ligneis
1433 1502 1492 1554 et
1522 1497 1800 1554 ﬁctilibus

182 1590 609 1645 commorantur.
640 1587 858 1644 Habuit
885 1603 1021 1644 arca
1048 1587 1220 1644 nidos
1269 1604 1409 1644 suos
1434 1603 1447 1643 :
1476 1586 1652 1643 habet
1694 1587 1799 1642 Ec-

181 1674 336 1735 clesia
361 1675 645 1750 plurimas
674 1676 1031 1741 mansiones.
1061 1676 1203 1733 Octo
1232 1677 1441 1733 animae
1488 1675 1799 1733 hominum

180 1765 233 1822 in
258 1782 381 1823 arca
407 1770 528 1823 Noe
556 1771 799 1824 servata:
856 1770 1018 1823 sunt.
1068 1766 1139 1822 Et
1192 1766 1364 1823 nobis
1421 1764 1800 1823 Ecclesiastes

320 1856 396 1929 ιιι)
416 1857 590 1929 jubet
617 1857 757 1914 dare
780 1861 974 1929 partes
992 1862 1243 1928 septem,
1269 1856 1409 1933 dare
1430 1860 1798 1956 partespcto,
1830 1899 1877 1965 Β

177 1943 228 2002 id
254 1949 352 2002 est.
382 1946 617 2002 credere
646 1947 882 2019 utrique
910 1946 1304 2002 Testamento.
1368 1946 1499 2002 Ideo
1555 1945 1796 2018 quidam

174 2033 364 2107 psalmi
384 2052 485 2108 pro
516 2039 706 2092 octava
735 2035 1161 2105 inscribuntur,
1186 2040 1242 2090 et
1269 2052 1372 2108 per
1402 2038 1644 2092 octonos
1671 2051 1799 2092 ver-

174 2125 382 2196 ωε,ρυὶ
412 2123 666 2198 singulis
696 2124 911 2182 litteris
940 2124 1189 2197 subjecti
1222 2124 1446 2193 sunt,in
1479 2124 1798 2182 centesimo

174 2213 379 2271 decimo
397 2219 598 2271 octavo
620 2213 847 2287 psalmo
857 2216 1060 2287 justus
1082 2214 1370 2271 eruditur.
1398 2213 1801 2270 Beatitudines

172 2319 385 2375 quoque
413 2320 564 2376 quas
593 2302 877 2361 Dominus
907 2303 1214 2377 discipulis
1239 2304 1298 2359 in
1322 2308 1519 2359 monte
1540 2319 1799 2376 pronun-

1908 605 2162 679 agricola
2182 607 2210 661 ?
2236 606 2457 663 Evellat
2484 605 2687 663 lolium
2709 605 2737 661 ‘?
2784 607 2895 663 Sed
2950 609 3073 663 tota
3102 604 3320 679 pariter
3347 605 3560 664 messis

1908 697 2202 754 evertitur.
2238 697 2504 762 Quotidie
2546 696 2838 754 industria
2868 697 3168 752 rusticana
3196 713 3331 752 aves
3363 697 3561 752 sonitu

1910 786 2113 859 abigit,
2146 785 2505 859 imaginibus
2535 790 2781 842 exterret
2818 804 2830 842 :
2863 785 3001 841 hinc
3031 783 3260 858 ﬂagello
3291 785 3556 858 crepitat,

1909 873 2046 930 hinc
2065 875 2406 931 formidines
2420 875 2626 931 tendit.
2648 882 2921 931 Attamen
2947 879 3048 930 aut
3066 874 3560 948 veluces,capreee,

1908 968 2011 1019 aut
2040 963 2294 1021 lascivus
2324 981 2542 1037 onager
2568 965 2846 1021 incurrit:
2874 964 3008 1020 hinc
3030 964 3089 1018 in
3117 963 3330 1020 effossa
3353 963 3562 1020 horrea

1910 1069 2108 1109 mures
2124 1054 2419 1109 frumenta
2438 1058 2825 1127 comportant,
2848 1053 2986 1109 hinc
3008 1052 3250 1108 ferventi
3275 1051 3512 1126 agmine
3533 1052 3556 1086 ⁸

1910 1146 2165 1214 segetem
2199 1142 2441 1199 formica
2469 1143 2805 1216 papulatur.
2834 1144 2919 1199 Ita
2942 1159 3035 1198 res
3067 1158 3129 1198 se
3159 1141 3354 1198 habet.
3379 1142 3562 1198 Nemo

1910 1248 2152 1288 securus
2181 1248 2388 1305 agrum
2422 1232 2699 1305 possidet.
2731 1232 3067 1288 Dormiente
3116 1230 3560 1304 patrefamilias,

1910 1320 2188 1377 inimicus
2221 1321 2393 1376 homo
2423 1316 2700 1377 zizaniam
2735 1320 3246 1393 superseminavit,
3281 1321 3353 1377 ad
3384 1337 3562 1393 quam

1910 1411 2325 1468 eradicandani
2360 1428 2492 1467 cum
2524 1411 2674 1468 servi
2704 1411 2788 1467 ire
2814 1414 3224 1484 proponerent,
3286 1409 3564 1467 dominus

1911 1500 2231 1575 prohibuit,
2264 1500 2378 1557 sibi
2408 1517 2648 1558 servans
2677 1500 2978 1573 palearum
3024 1504 3081 1556 et
3132 1499 3414 1556 frumenti
3445 1499 3565 1556 dis-

1909 1590 2224 1647 cretionem
2257 1590 2464 1662 (Matth.
2497 1591 2619 1662 x11),
2657 1591 2787 1646 Haec
2845 1584 2995 1645 sunt
3031 1607 3174 1645 vasa
3220 1589 3319 1645 irae
3349 1593 3407 1645 et
3449 1588 3566 1644 mi-

1909 1679 2259 1749 sericordiae,
2293 1696 2420 1752 quae
2451 1680 2510 1735 in
2542 1680 2717 1735 domo
2747 1678 2847 1734 Dei
2905 1679 2977 1734 ab
3035 1676 3311 1751 Apostolo
3344 1677 3563 1750 praedi-

1911 1774 2119 1825 cantur
2174 1770 2347 1842 (Rom.
2408 1786 2465 1824 1x
2521 1770 2574 1825 ΙΙ
2630 1770 2766 1825 Tim.
2827 1768 2912 1838 ιι).
2976 1765 3184 1823 Veniet
3240 1782 3378 1840 ergo
3432 1766 3557 1823 dies

1910 1859 2170 1931 quando,
2203 1858 2478 1914 thesauro
2526 1856 2797 1913 Ecclesia:
2859 1860 3082 1929 aperto,
3140 1855 3393 1929 proferet
3452 1860 3565 1911 Do-

1909 1946 2107 2002 minus
2165 1964 2305 2003 vasa
2361 1947 2480 2013 iraa,
2543 1947 2760 2019 quibus
2815 1945 3165 2002 exeuntibus
3234 1944 3422 2002 sancti
3480 1945 3569 2002 di-

1909 2038 2041 2092 cent
2074 2054 2087 2092 :
2123 2039 2206 2092 Ex
2233 2037 2391 2093 nobis
2420 2039 2697 2103 exierunt,
2728 2035 2821 2092 sed
2850 2052 2961 2091 non
2990 2040 3151 2092 erant
3177 2051 3249 2092 ea:
3291 2036 3469 2092 nobis.
3502 2037 3572 2092 Si

1907 2129 2058 2182 enim
2083 2128 2323 2198 fuissent
2351 2143 2421 2181 ex
2449 2127 2621 2194 nobis,
2654 2126 2984 2181 mansissent
3045 2127 3234 2197 utique
3285 2125 3570 2182 nobiscum

1911 2217 1962 2289 (Ι
1989 2218 2146 2273 Joan.
2184 2234 2243 2284 ιι,
2277 2217 2364 2287 19)
2424 2216 2605 2272 Nemo
2638 2218 2830 2289 potest
2886 2214 3099 2270 Christi
3155 2212 3416 2287 palmam
3447 2213 3563 2269 sibi

1910 2322 2233 2373 assumere,
2266 2322 2440 2362 nemo
2471 2308 2607 2362 ante
2638 2304 2793 2359 diem
2841 2303 3049 2376 judicii
3105 2304 3177 2359 de
3227 2303 3569 2360 hominibus

171 2391 332 2461 tiens,
359 2392 680 2451 Ecclesium
710 2393 1041 2463 delineavit,
1072 2398 1201 2450 octo
1233 2398 1391 2449 sunt.
1428 2393 1493 2448 Et
1541 2390 1799 2448 Ezechiel
1901 2395 2189 2467 judicare.
2224 2395 2283 2450 Si
2308 2395 2436 2467 jam
2476 2394 2762 2450 mundata
2809 2397 2899 2448 est
2947 2391 3219 2463 Ecclesia,
3274 2391 3415 2464 quid
3447 2392 3562 2447 Do-

170 2478 222 2536 in
245 2482 684 2540 mdiﬁcationem
712 2481 941 2555 templi,
971 2482 1337 2540 octonarium
1360 2498 1675 2539 numerum
1706 2498 1798 2537 as-

171 2570 351 2628 sumit.
379 2571 688 2644 Multaque
709 2571 822 2635 alia
852 2572 912 2627 in
938 2572 1096 2628 hunc
1137 2573 1380 2629 modum
1414 2588 1517 2645 per
1543 2572 1801 2644 Scriptu-

170 2674 253 2715 res
279 2659 614 2733 signiﬁcata
639 2661 913 2733 reperies.
971 2661 1274 2717 Emittitur
1305 2661 1504 2733 itaque
1542 2661 1615 2716 de
1667 2675 1803 2715 arca

170 2763 379 2820 corvus,
408 2756 467 2807 et
495 2766 617 2806 non
647 2750 840 2819 redit‘,
873 2755 929 2807 et
985 2755 1190 2823 postea
1248 2767 1451 2823 pacem
1507 2754 1673 2807 terrae
1704 2765 1799 2804 co-

169 2834 352 2895 lumba
382 2838 642 2896 nuntiat.
674 2840 761 2896 Ita
789 2845 847 2897 et
876 2839 933 2895 in
987 2839 1341 2914 baptismate
1392 2839 1678 2909 Ecclesiae,
1710 2842 1802 2894 te-

169 2925 390 2983 terrimo
419 2927 565 2985 alite
596 2927 859 3001 expulso,
892 2928 949 2984 id
980 2933 1071 2985 est
1116 2928 1367 2995 diabolo,
1402 2945 1603 3002 pacem
1635 2935 1801 2985 terra:

170 3019 361 3071 nostra:
381 3016 660 3073 columba
678 3017 931 3089 Spiritus
954 3016 1144 3073 sancti
1174 3018 1425 3074 nuntiat.
1444 3021 1490 3074 A
1518 3018 1805 3093 tringinta

169 3104 363 3162 cubitis
390 3104 704 3179 incipiens,
736 3110 792 3163 et
826 3122 1014 3179 usque
1042 3106 1114 3162 ad
1146 3122 1333 3162 unum
1358 3108 1625 3164 cubitum
1658 3126 1802 3181 pau-

168 3190 314 3257 latim
346 3195 715 3262 decrescens,
773 3212 908 3252 arca
964 3196 1346 3254 construitur.
1405 3196 1693 3254 Similiter
1748 3203 1806 3255 et

1911 2485 2071 2541 mino
2102 2500 2471 2540 reservamus
2491 2483 2519 2538 ?
2548 2485 2640 2539 Est
2658 2484 2869 2538 via’ria
2889 2497 3014 2554 quae
3041 2481 3258 2537 videtur
3275 2497 3391 2537 esse
3419 2480 3568 2553 apud

1910 2575 2153 2630 homines
2182 2580 2348 2642 recta,
2380 2574 2682 2628 novissima
2712 2576 2899 2627 autem
2927 2572 3047 2643 ejus
3076 2572 3299 2626 veniunt
3345 2571 3404 2625 in
3437 2586 3565 2639 pro-

1908 2663 2147 2736 fundum
2178 2664 2388 2735 inferni
2418 2663 2600 2733 (Prov.
2632 2679 2750 2730 x1v,
2791 2661 2897 2731 12).
2931 2662 2993 2716 IN
3024 2676 3133 2716 HOC
3187 2676 3416 2716 annona
3460 2660 3568 2731 ju-

1911 2752 2068 2820 dicii,
2104 2769 2232 2824 quae
2258 2756 2453 2824 potest
2481 2768 2610 2808 esse
2640 2755 2798 2806 certa
2826 2750 3115 2806 sententia
3135 2750 3163 2805 ?

1980 2844 2068 2900 23.
2145 2841 2382 2898 Traditio
2466 2838 2880 2897 Ecclesiastica.
2931 2838 3188 2895 Haeretici
3262 2837 3569 2911 primitiuae

1910 2932 2186 2988 Ecclesiae.
2246 2930 2500 2986 Hmretici
2569 2928 2905 2986 Iudaeorum.
2961 2928 3221 2985 eretzri
3272 2929 3334 2983 in
3388 2927 3567 2983 Evan-

1912 3022 2076 3092 gelia.
2108 3052 2178 3062 ——
2205 3022 2461 3077 Conatus
2493 3022 2583 3075 est
2638 3018 2845 3073 beatus
2901 3016 3230 3089 Cyprianus
3286 3015 3569 3073 contritos

1913 3110 2075 3166 lacus
2107 3109 2326 3182 fugere,
2352 3124 2454 3164 nec
2483 3106 2683 3163 bibere
2715 3107 2786 3161 de
2818 3122 2973 3178 aqua
2994 3104 3187 3161 aliena
3218 3121 3231 3159 :
3268 3108 3326 3161 et
3353 3104 3569 3160 idcirco

1915 3197 2322 3255 haereticorum
2347 3196 2641 3269 baptisma
2672 3195 3012 3267 reprehens,
3072 3195 3145 3250 ad
3202 3192 3570 3267 Stephanum

168 3281 409 3347 Ecclesia
438 3284 650 3351 multis
678 3286 962 3360 gradibus
981 3287 1336 3358 consistens,
1366 3287 1439 3343 ad
1476 3292 1804 3347 extremum
1837 3272 1880 3341 (ἶ
1916 3292 2058 3344 tunc
2087 3289 2359 3344 Romana:
2391 3285 2556 3342 urbis
2585 3284 2951 3358 episcopum,
2980 3282 3081 3357 qui
3113 3300 3147 3339 a
3202 3282 3371 3339 beato
3404 3282 3569 3339 Petro

168 3370 433 3443 diaconis,
467 3376 853 3449 presbyteris,
909 3375 1320 3450 episcopisque
1369 3376 1592 3433 ﬁnitur.
1653 3379 1808 3436 Peri-

167 3457 348 3535 clitata
368 3469 461 3522 est
491 3480 631 3521 arca
654 3463 716 3520 in
748 3463 985 3534 diluvio,
1045 3465 1413 3538 periclitatur
1459 3465 1715 3523 Ecclesia
1743 3467 1804 3523 in

167 3552 390 3619 mundo.
422 3554 716 3629 Egressus
746 3554 866 3612 Noe
894 3554 1124 3613 vineam
1179 3554 1482 3628 plantavit,
1513 3560 1569 3612 et
1599 3556 1806 3613 bibens

165 3639 229 3696 de
248 3657 335 3713 ea,
366 3642 699 3701 inebriatus
729 3648 820 3701 est
850 3662 863 3700 :
898 3648 1072 3703 natus
1101 3661 1337 3718 quoque
1357 3644 1416 3700 in
1443 3662 1618 3702 carne
1647 3646 1805 3702 Chri-

164 3732 298 3799 stus,
329 3731 655 3791 Ecclesium
687 3732 989 3804 plantavit,
1020 3737 1077 3789 et
1106 3750 1321 3809 passus
1350 3737 1456 3790 est.
1505 3735 1803 3792 Nudatum

164 3825 373 3901 patrem
401 3821 598 3879 irrisit
626 3823 818 3894 major
845 3822 1024 3893 filius,
1051 3828 1109 3879 et
1129 3823 1325 3879 minor
1346 3824 1509 3893 texit,
1532 3829 1589 3881 et
1622 3827 1803 3882 Deum

164 3910 496 3970 cruciﬁxum
527 3910 868 3969 illluserunt
885 3913 1095 3981 Judaei,
1118 3918 1175 3970 et
1204 3914 1635 3971 honoraverunt
1662 3919 1807 3972 Gen-

160 3997 298 4056 tiles.
329 4001 469 4059 Dies
491 4018 593 4059 me
621 4002 872 4071 deﬁciet,
902 4002 953 4059 si
1003 4003 1203 4060 omnia
1231 4019 1381 4059 arca:
1437 4010 1807 4063 sacramenta

161 4102 284 4145 cum
314 4091 580 4149 Ecclesia
605 4107 982 4167 componens,
1032 4091 1374 4148 edisseram.
1426 4093 1536 4159 Qui
1565 4093 1684 4150 sint
1713 4095 1803 4150 in-

158 4179 238 4233 ter
264 4196 370 4237 nos
399 4180 641 4255 aquilas,
673 4180 774 4254 qui
805 4179 1088 4237 columbis
1121 4181 1220 4255 qui
1245 4180 1464 4252 leones,
1513 4183 1670 4240 196
1701 4184 1802 4257 qui

158 4268 297 4333 cervi
326 4271 371 4339 ³,
401 4272 509 4346 qui
538 4270 869 4341 vermiculi,
903 4270 1005 4343 qui
1029 4283 1349 4344 serpentes,
1378 4273 1533 4345 quod
1563 4273 1637 4329 ad
1662 4291 1803 4348 prae-

158 4372 283 4423 sens
301 4360 612 4434 negotium
642 4359 1174 4433 pertinet,breviter
1191 4362 1519 4432 expediam.
1552 4362 1677 4419 Non
1708 4350 1801 4420 so-

158 4442 269 4503 lum
289 4449 347 4505 in
370 4449 640 4507 Ecclesia
668 4453 970 4506 morantur
995 4466 1151 4519 oves,
1179 4467 1285 4507 nec
1308 4452 1543 4507 munda:
1568 4456 1800 4508 tantum

155 4551 278 4594 aves
304 4538 594 4606 volitant;
626 4539 730 4597 sed
760 4539 1121 4597 frumentum
1156 4540 1216 4596 in
1247 4557 1362 4614 quo
1388 4540 1622 4610 seritur,
1655 4543 1804 4598 inter

1913 3377 2229 3434 vicesimus
2261 3374 2556 3431 secundus
2585 3374 2607 3408 ‘
2636 3374 2767 3441 fuit,
2793 3390 2973 3446 super
2996 3372 3104 3429 hac
3135 3390 3197 3428 re
3228 3371 3566 3429 Africanam

1914 3467 2205 3541 synodum
2239 3463 2467 3531 direxit,
2514 3464 2616 3520 sed
2675 3468 2918 3520 conatus
2973 3464 3104 3534 ejus
3163 3462 3379 3519 frustra
3435 3461 3566 3518 fuit.

1920 3556 2175 3629 Denique
2206 3553 2289 3610 illi
2328 3554 2437 3627 ipsi
2469 3552 2750 3626 episcopi,
2784 3553 2884 3626 qui
2916 3552 3362 3626 rebaptizandos
3387 3550 3568 3610 hare-

1916 3646 2061 3703 ticos
2089 3662 2221 3701 cum
2255 3660 2321 3701 eo
2351 3642 2703 3711 statuerant,
2734 3643 2807 3699 ad
2833 3642 3143 3715 antiquam
3195 3641 3570 3698 consuetudi-

1915 3752 2050 3793 nem
2099 3734 2369 3802 revoluti,
2417 3748 2631 3789 novum
2690 3732 2937 3788 emisere
2986 3732 3285 3788 decretum
3307 3731 3349 3784 ⁵.
3420 3730 3570 3796 Quid

1916 3826 2167 3882 facimus
2188 3824 2298 3899 [ΑΙ.
2362 3822 2672 3894 faciamus]
2701 3823 2729 3877 ‘l
2756 3822 2837 3877 ita
2867 3825 2925 3877 et
2956 3820 3125 3878 nobis
3176 3821 3432 3892 majores
3465 3835 3568 3876 no-

1914 3915 2042 3981 stri,
2076 3918 2132 3971 et
2166 3914 2284 3969 illis
2332 3913 2424 3969 sui
2478 3911 2771 3968 tradidere
2828 3912 3101 3983 majores.
3148 3909 3260 3965 Sed
3312 3906 3453 3981 quid
3497 3908 3570 3987 de

1913 4003 2339 4078 posterioribus
2360 4002 2609 4074 loquar?
2635 4000 2932 4072 Apostolis
2961 4001 3111 4056 197
3165 3998 3356 4054 adhuc
3406 3997 3565 4070 apud

1912 4095 2177 4151 Judseam
2206 4092 2419 4149 Christi
2451 4090 2737 4164 sanguine
2761 4089 3003 4159 recenti,
3036 4088 3392 4162 phantasma
3446 4087 3565 4144 Do-

1904 4184 2055 4243 mini
2091 4199 2304 4255 corpus
2339 4181 2743 4249 asserebatur;
2807 4178 3043 4237 Galatas
3081 4178 3155 4235 ad
3212 4177 3568 4237 observatio-

1913 4290 2047 4331 nem
2080 4272 2226 4346 legis
2251 4272 2576 4338 traductos,
2634 4268 2951 4343 Apostolus
3012 4269 3223 4325 iterum
3264 4268 3518 4341 parturit
3550 4286 3565 4337 ;

1914 4363 2251 4421 Corinthios
2283 4361 2773 4417 resurrectionem
2802 4358 2999 4415 carnis
3060 4375 3176 4414 non
3235 4358 3569 4429 credentes,

1912 4453 2182 4527 pluribus
2221 4450 2587 4524 argumentis
2618 4450 2690 4505 ad
2718 4465 2921 4505 verum
2970 4449 3081 4504 iter
3124 4447 3356 4504 trahere
3388 4463 3570 4503 cona—

1911 4548 2026 4599 tur.
2052 4543 2217 4599 Tunc
2247 4542 2449 4597 Simon
2479 4540 2710 4613 Magus,
2756 4542 2814 4594 et
2867 4537 3186 4597 Menander
3240 4534 3569 4609 discipulus

156 4640 248 4695 aue
272 4630 524 4688 nitentia
551 4630 703 4686 culta
750 4628 1033 4702 lappaeque
1060 4633 1113 4687 et
1142 4630 1356 4699 tribuli,
1388 4638 1441 4687 et
1469 4631 1680 4687 steriles
1707 4631 1801 4689 ἀο-
1832 4652 1879 4718 D
1909 4633 2060 4707 ejus.
2098 4631 2200 4689 Dei
2231 4646 2293 4689 se
2342 4645 2649 4687 asseruere
2703 4628 2984 4685 virtutes:
3037 4632 3179 4684 tunc
3235 4624 3519 4683 Basilides
3546 4625 3569 4660 ⁸

215 4826 344 4964 ἔξει
389 4826 787 4905 Septuaginta
842 4827 1230 4904 interpretum
1288 4845 1489 4900 sensu,
1547 4840 1638 4886 οὺκ
1692 4838 1806 4887 ἀνέ-

329 4914 374 4949 ν.

154 4912 374 4949 ποιων.

215 4970 419 5044 ἳΕι-ιιῑ.
457 4970 1095 5044 Fortetypothetarum
1127 4971 1362 5040 mendo,
1396 4973 1561 5028 servi.

215 5042 237 5074 ³
265 5042 326 5102 In
358 5043 545 5099 veteri
578 5042 952 5116 editioneest
971 5046 1251 5116 frequenti
1278 5047 1515 5116 agmine.

213 5116 235 5149 ‘
296 5116 610 5190 ficesimus
660 5115 947 5190 secundus.
1008 5115 1083 5172 ln’
1131 5115 1439 5190 posteriori
1500 5115 1806 5190 Chronico-

155 5200 274 5270 rum
303 5184 458 5270 iibrq
494 5185 754 5270 legimus
787 5205 801 5243 :
835 5184 1441 5270 Rom'ansa'Ecclesise
1500 5188 1805 5270 episcOpa-

153 5257 268 5316 tum
303 5260 470 5316 tenet
527 5257 848 5333 vicesimus
904 5260 1133 5333 primus
1188 5260 1404 5333 Lucius
1466 5257 1719 5317 menses'
1747 5263 1803 5328 8,

153 5333 271 5454 post
317 5346 502 5405 quem
534 5329 848 5389 vicesimus
904 5329 1201 5389 secundus
1231 5332 1564 5404 Stephanus
1618 5348 1803 5389 annos

186 5402 209 5454 1
238 5421 251 5454 :
279 5407 489 5454 extant
518 5402 593 5454 ad
624 5407 943 5454 utrumaue
987 5403 1257 5454 Cvnriani
1321 5404 1602 5454 enistnlaa.
1634 5404 1800 5454 Vice-

186 5402 209 5478 _1
238 5421 251 5471 ;
279 5402 489 5461 citant
518 5402 593 5478 ad
624 5407 943 5478 utrumque
987 5403 1257 5478 Cypriani
1321 5402 1602 5478 epistolae.
1634 5404 1800 5460 Vice-

152 5471 359 5533 simum
390 5473 644 5549 tertium
675 5474 778 5549 alii
806 5471 1394 5549 faciuntI'ManmN'.
1425 5507 1494 5517 —-
1523 5476 1802 5549 Comper-

154 5549 267 5601 tum
296 5546 551 5603 omnino
571 5551 670 5621 Aest
699 5546 847 5621 inita
875 5548 1119 5621 ratione
1158 5546 1525 5621 Stephanum
1582 5546 1802 5621 vigesi-

157 5632 304 5697 ῳᾳω
356 5618 699 5697 secupdum
754 5617 965 5697 locum
1004 5617 1279 5697 obtinere
1327 5624 1461 5692 post
1515 5617 1799 5697 Petrum;

154 5689 320 5773 quare
349 5691 458 5771 qui
484 5689 799 5773 :hactenus
844 5691 1124 5773 obtinuit,
1156 5689 1436 5773 errorem,
1495 5689 1801 5773 quovigeé

156 5762 328 5843 simus
364 5762 582 5844 sextus
634 5762 955 5841 dicebatur,
988 5764 1306 5842 emendare
1356 5780 1474 5823 non
1507 5762 1800 5823 dubita’vi-

1266 5890 1283 5919 \

1915 4848 2070 4887 mus.
2096 4830 2265 4887 Forte
2298 4826 2579 4884 Romanis
2611 4825 2765 4881 notis
2796 4824 3081 4896 scriptum
3113 4822 3254 4879 olim
3286 4822 3398 4896 fuit
3424 4837 3566 4896 χιιιι,

1915 4903 2071 4976 quod
2099 4900 2395 4976 scribendi
2453 4904 2573 4976 aut,
2602 4893 3249 4976 legendi__fest_ina_tione
3290 4893 3567 4975 librarius

1914 4969 2139 5045 accepit
2167 4989 2272 5046 pro
2301 4989 2492 5029 xxxv1.
2525 4975 2651 5027 Mox
2665 4969 2776 5043 pro
2806 4969 3019 5025 direxit
3066 4969 3315 5025 fortasse
3370 4969 3566 5021 verius

1914 5047 2116 5110 editio,
2134 5046 2364 5101 indixit.
2569 5052 2574 5057 '

1986 5120 2006 5153 ⁵
2035 5107 2195 5192 istud
2228 5118 2300 5172 ab
2330 5133 2447 5172 uno
2482 5114 2831 5192 Hieronymo
2852 5110 3177 5192 discimus;
3216 5108 3358 5192 alibi
3410 5107 3568 5192 enim

1914 5190 2046 5246 novi
2079 5189 2327 5261 hujusce
2356 5188 2591 5261 Decreti‘
2611 5181 2967 5261 mentionem
2990 5181 3384 5261 fﬁeri_nullam
3411 5181 3567 5261 inve:

1916 5252 2247 5333 nias;quin
2282 5265 2338 5316 et
2365 5261 2494 5333 ipsa
2537 5257 3072 5333 disp_utatio__inter
3118 5252 3587 5333 Donatistasnet’

1913 5334 1971 5390 S.
2006 5324 2350 5407 Dionysium
2392 5324 2509 5407 tale
2556 5324 2702 5407 nihil
2760 5327 2996 5407 penitus
3043 5328 3225 5407 novit:
3273 5324 3570 5407 Pamclius

1913 5408 1973 5464 Β.
2002 5397 2346 5478 Dionysium
2376 5397 2833 5478 alexandrinum
2865 5403 3075 5478 iestcm
3126 5399 3305 5471 hujus
3351 5397 3432 5454 rei
3465 5397 3567 5454 ad-

1912 5478 2075 5534 ducit
2100 5494 2113 5545 ;
2146 5471 2204 5532 at
2231 5492 2365 5532 cum
2390 5473 2637 5531 Baronio
2667 5471 3087 5545 hallucinatur,

1982 5551 2003 5585 ⁸
2042 5541 2299 5606 Joannes
2345 5545 2798 5604 Damascenusl
2847 5542 3119 5600 Parallel.
3168 5543 3279 5598 1‘2:
3338 5564 3367 5591 ‹‹
3417 5541 3569 5598 Cum

1913 5621 2154 5693 impius,
2176 5620 2395 5693 inquit,
2456 5613 3219 5693 Basilides__evangelistam
3276 5613 3569 5693 Jpanncm

1911 5684 2229 5762 aliquando
2259 5684 2592 5756 salutasset,
2626 5705 2691 5746 ac
2734 5684 2982 5749 dixisset
3013 5705 3025 5743 :
3064 5684 3353 5762 Agnoscis
3379 5702 3564 5762 _nos_;

1910 5754 2075 5824 nulla
2114 5764 2461 5839 interposita
2517 5754 2728 5821 mora:
2788 5762 3058 5837 Agnosco
3106 5754 3185 5830 te,
3229 5754 3427 5835 inquit
3478 5756 3567 5817 vir
