  <div class='ocr_page' id='page_1' title='image "/cluster/home/n/w/nwhite01/storage/ocr_20150623/23/umn.31951d034773078/104.png"; bbox 0 0 3944 6404; ppageno 0'>
   <div class='ocr_carea' id='block_1_1' title="bbox 219 336 322 403">
    <p class='ocr_par' dir='ltr' id='par_1_1' title="bbox 219 336 322 403">
     <span class='ocr_line' id='line_1_1' title="bbox 219 336 322 403; baseline 0 0"><span class='ocrx_word' id='word_1_1' title='bbox 219 336 322 403; x_wconf 71' lang='grc'>189</span> 
     </span>
    </p>
   </div>
   <div class='ocr_carea' id='block_1_2' title="bbox 1203 339 2594 410">
    <p class='ocr_par' dir='ltr' id='par_1_2' title="bbox 1203 339 2594 410">
     <span class='ocr_line' id='line_1_2' title="bbox 1203 339 2594 410; baseline -0.001 -4"><span class='ocrx_word' id='word_1_2' title='bbox 1203 341 1589 410; x_wconf 85' lang='lat' dir='ltr'>DIALOGUS</span> <span class='ocrx_word' id='word_1_3' title='bbox 1636 339 1952 407; x_wconf 78' lang='lat' dir='ltr'>CONTRA</span> <span class='ocrx_word' id='word_1_4' title='bbox 1993 340 2594 409; x_wconf 79' lang='lat' dir='ltr'>LUCIFERIANOS.</span> 
     </span>
    </p>
   </div>
   <div class='ocr_carea' id='block_1_3' title="bbox 3485 345 3605 410">
    <p class='ocr_par' dir='ltr' id='par_1_3' title="bbox 3485 345 3605 410">
     <span class='ocr_line' id='line_1_3' title="bbox 3485 345 3605 410; baseline 0.017 -2"><span class='ocrx_word' id='word_1_5' title='bbox 3485 345 3605 410; x_wconf 81' lang='grc'>190</span> 
     </span>
    </p>
   </div>
   <div class='ocr_carea' id='block_1_4' title="bbox 219 475 3601 554">
    <p class='ocr_par' dir='ltr' id='par_1_4' title="bbox 219 475 3601 554">
     <span class='ocr_line' id='line_1_4' title="bbox 219 475 3601 554; baseline 0.001 -21"><span class='ocrx_word' id='word_1_6' title='bbox 219 475 520 533; x_wconf 84' lang='lat' dir='ltr'>Romanum</span> <span class='ocrx_word' id='word_1_7' title='bbox 544 475 880 550; x_wconf 82' lang='lat' dir='ltr'>pontificem</span> <span class='ocrx_word' id='word_1_8' title='bbox 909 476 1133 546; x_wconf 80' lang='lat' dir='ltr'>habuit,</span> <span class='ocrx_word' id='word_1_9' title='bbox 1165 479 1268 536; x_wconf 91' lang='lat' dir='ltr'>tali</span> <span class='ocrx_word' id='word_1_10' title='bbox 1305 479 1420 535; x_wconf 82' lang='lat' dir='ltr'>fine</span> <span class='ocrx_word' id='word_1_11' title='bbox 1475 478 1829 551; x_wconf 81' lang='lat' dir='ltr'>complevit:</span> <span class='ocrx_word' id='word_1_12' title='bbox 1863 479 1919 546; x_wconf 82' lang='grc' dir='ltr'><strong>Α</strong></span> <span class='ocrx_word' id='word_1_13' title='bbox 1948 478 2040 534; x_wconf 89' lang='lat' dir='ltr'>lus</span> <span class='ocrx_word' id='word_1_14' title='bbox 2074 478 2471 551; x_wconf 85' lang='lat' dir='ltr'>rebaptizavit,</span> <span class='ocrx_word' id='word_1_15' title='bbox 2531 496 2646 536; x_wconf 91' lang='lat' dir='ltr'>non</span> <span class='ocrx_word' id='word_1_16' title='bbox 2693 477 2949 554; x_wconf 79' lang='lat' dir='ltr'>infringo</span> <span class='ocrx_word' id='word_1_17' title='bbox 2995 478 3152 553; x_wconf 91' lang='lat' dir='ltr'>quod</span> <span class='ocrx_word' id='word_1_18' title='bbox 3204 479 3489 553; x_wconf 87' lang='lat' dir='ltr'>sequeris.</span> <span class='ocrx_word' id='word_1_19' title='bbox 3542 479 3601 536; x_wconf 87' lang='lat' dir='ltr'>Si</span> 
     </span>
    </p>
   </div>
   <div class='ocr_carea' id='block_1_5' title="bbox 219 565 1836 637">
    <p class='ocr_par' dir='ltr' id='par_1_5' title="bbox 219 565 1836 637">
     <span class='ocr_line' id='line_1_5' title="bbox 219 565 1836 637; baseline 0.004 -20"><span class='ocrx_word' id='word_1_20' title='bbox 219 589 242 617; x_wconf 83' lang='lat'>«</span> <span class='ocrx_word' id='word_1_21' title='bbox 272 566 387 622; x_wconf 65' lang='lat' dir='ltr'>Haec</span> <span class='ocrx_word' id='word_1_22' title='bbox 426 565 498 621; x_wconf 89' lang='lat' dir='ltr'>ad</span> <span class='ocrx_word' id='word_1_23' title='bbox 547 567 962 624; x_wconf 81' lang='lat' dir='ltr'>conscientiam</span> <span class='ocrx_word' id='word_1_24' title='bbox 1013 573 1198 637; x_wconf 85' lang='lat' dir='ltr'>tuam,</span> <span class='ocrx_word' id='word_1_25' title='bbox 1249 571 1428 625; x_wconf 78' lang='lat' dir='ltr'>frater</span> <span class='ocrx_word' id='word_1_26' title='bbox 1471 569 1836 634; x_wconf 83' lang='lat' dir='ltr'>charissima,</span> 
     </span>
    </p>
   </div>
   <div class='ocr_carea' id='block_1_6' title="bbox 220 655 1839 732">
    <p class='ocr_par' dir='ltr' id='par_1_6' title="bbox 220 655 1839 732">
     <span class='ocr_line' id='line_1_6' title="bbox 220 655 1839 732; baseline 0 -19"><span class='ocrx_word' id='word_1_27' title='bbox 220 661 268 713; x_wconf 84' lang='lat' dir='ltr'>et</span> <span class='ocrx_word' id='word_1_28' title='bbox 305 672 398 728; x_wconf 90' lang='lat' dir='ltr'>pro</span> <span class='ocrx_word' id='word_1_29' title='bbox 451 655 672 712; x_wconf 84' lang='lat' dir='ltr'>honore</span> <span class='ocrx_word' id='word_1_30' title='bbox 719 658 1038 722; x_wconf 89' lang='lat' dir='ltr'>communi,</span> <span class='ocrx_word' id='word_1_31' title='bbox 1085 664 1142 714; x_wconf 90' lang='lat' dir='ltr'>et</span> <span class='ocrx_word' id='word_1_32' title='bbox 1200 659 1452 732; x_wconf 84' lang='lat' dir='ltr'>simplici</span> <span class='ocrx_word' id='word_1_33' title='bbox 1531 657 1839 716; x_wconf 83' lang='lat' dir='ltr'>dilectione</span> 
     </span>
    </p>
   </div>
   <div class='ocr_carea' id='block_1_7' title="bbox 220 743 1838 823">
    <p class='ocr_par' dir='ltr' id='par_1_7' title="bbox 220 743 1838 823">
     <span class='ocr_line' id='line_1_7' title="bbox 220 743 1838 823; baseline 0.002 -23"><span class='ocrx_word' id='word_1_34' title='bbox 220 743 565 818; x_wconf 84' lang='lat' dir='ltr'>protulimus,</span> <span class='ocrx_word' id='word_1_35' title='bbox 601 747 905 804; x_wconf 86' lang='lat' dir='ltr'>credentes</span> <span class='ocrx_word' id='word_1_36' title='bbox 933 748 1106 803; x_wconf 89' lang='lat' dir='ltr'>etiam</span> <span class='ocrx_word' id='word_1_37' title='bbox 1132 748 1235 804; x_wconf 90' lang='lat' dir='ltr'>tibi</span> <span class='ocrx_word' id='word_1_38' title='bbox 1259 765 1362 822; x_wconf 91' lang='lat' dir='ltr'>pro</span> <span class='ocrx_word' id='word_1_39' title='bbox 1384 748 1684 823; x_wconf 86' lang='lat' dir='ltr'>religionis</span> <span class='ocrx_word' id='word_1_40' title='bbox 1725 754 1838 804; x_wconf 73' lang='lat' dir='ltr'>tua:</span> 
     </span>
    </p>
   </div>
   <div class='ocr_carea' id='block_1_8' title="bbox 220 833 1842 911">
    <p class='ocr_par' dir='ltr' id='par_1_8' title="bbox 220 833 1842 911">
     <span class='ocr_line' id='line_1_8' title="bbox 220 833 1842 911; baseline 0.001 -21"><span class='ocrx_word' id='word_1_41' title='bbox 220 839 267 890; x_wconf 89' lang='lat' dir='ltr'>et</span> <span class='ocrx_word' id='word_1_42' title='bbox 287 833 403 890; x_wconf 83' lang='lat' dir='ltr'>ﬁdei</span> <span class='ocrx_word' id='word_1_43' title='bbox 434 834 675 890; x_wconf 81' lang='lat' dir='ltr'>veritate</span> <span class='ocrx_word' id='word_1_44' title='bbox 703 835 948 906; x_wconf 89' lang='lat' dir='ltr'>placere,</span> <span class='ocrx_word' id='word_1_45' title='bbox 995 853 1119 908; x_wconf 74' lang='lat' dir='ltr'>qua:</span> <span class='ocrx_word' id='word_1_46' title='bbox 1179 843 1235 892; x_wconf 91' lang='lat' dir='ltr'>et</span> <span class='ocrx_word' id='word_1_47' title='bbox 1292 837 1565 911; x_wconf 85' lang='lat' dir='ltr'>religiosa</span> <span class='ocrx_word' id='word_1_48' title='bbox 1624 839 1842 911; x_wconf 89' lang='lat' dir='ltr'>pariter</span> 
     </span>
    </p>
   </div>
   <div class='ocr_carea' id='block_1_9' title="bbox 218 924 1838 1000">
    <p class='ocr_par' dir='ltr' id='par_1_9' title="bbox 218 924 1838 1000">
     <span class='ocr_line' id='line_1_9' title="bbox 218 924 1838 1000; baseline 0.001 -20"><span class='ocrx_word' id='word_1_49' title='bbox 218 931 267 980; x_wconf 87' lang='lat' dir='ltr'>et</span> <span class='ocrx_word' id='word_1_50' title='bbox 290 940 413 978; x_wconf 85' lang='lat' dir='ltr'>vera</span> <span class='ocrx_word' id='word_1_51' title='bbox 443 928 599 979; x_wconf 89' lang='lat' dir='ltr'>sunt.</span> <span class='ocrx_word' id='word_1_52' title='bbox 633 924 914 980; x_wconf 75' lang='lat' dir='ltr'>Caeterum</span> <span class='ocrx_word' id='word_1_53' title='bbox 947 926 1168 982; x_wconf 89' lang='lat' dir='ltr'>scimus</span> <span class='ocrx_word' id='word_1_54' title='bbox 1199 928 1510 999; x_wconf 89' lang='lat' dir='ltr'>quosdam,</span> <span class='ocrx_word' id='word_1_55' title='bbox 1545 928 1702 1000; x_wconf 87' lang='lat' dir='ltr'>quod</span> <span class='ocrx_word' id='word_1_56' title='bbox 1749 943 1838 982; x_wconf 91' lang='lat' dir='ltr'>se-</span> 
     </span>
    </p>
   </div>
   <div class='ocr_carea' id='block_1_10' title="bbox 220 1011 1838 1089">
    <p class='ocr_par' dir='ltr' id='par_1_10' title="bbox 220 1011 1838 1089">
     <span class='ocr_line' id='line_1_10' title="bbox 220 1011 1838 1089; baseline 0.001 -21"><span class='ocrx_word' id='word_1_57' title='bbox 220 1013 318 1068; x_wconf 87' lang='lat' dir='ltr'>mel</span> <span class='ocrx_word' id='word_1_58' title='bbox 346 1011 719 1081; x_wconf 90' lang='lat' dir='ltr'>imbiberunt,</span> <span class='ocrx_word' id='word_1_59' title='bbox 747 1013 898 1069; x_wconf 85' lang='lat' dir='ltr'>nolle</span> <span class='ocrx_word' id='word_1_60' title='bbox 950 1015 1259 1087; x_wconf 85' lang='lat' dir='ltr'>deponere,</span> <span class='ocrx_word' id='word_1_61' title='bbox 1314 1031 1418 1071; x_wconf 90' lang='lat' dir='ltr'>nec</span> <span class='ocrx_word' id='word_1_62' title='bbox 1472 1017 1838 1089; x_wconf 88' lang='lat' dir='ltr'>propositum</span> 
     </span>
    </p>
   </div>
   <div class='ocr_carea' id='block_1_11' title="bbox 220 1101 1840 1179">
    <p class='ocr_par' dir='ltr' id='par_1_11' title="bbox 220 1101 1840 1179">
     <span class='ocr_line' id='line_1_11' title="bbox 220 1101 1840 1179; baseline 0.003 -22"><span class='ocrx_word' id='word_1_63' title='bbox 220 1118 372 1157; x_wconf 90' lang='lat' dir='ltr'>suum</span> <span class='ocrx_word' id='word_1_64' title='bbox 404 1101 567 1157; x_wconf 81' lang='lat' dir='ltr'>facile</span> <span class='ocrx_word' id='word_1_65' title='bbox 599 1107 826 1158; x_wconf 90' lang='lat' dir='ltr'>mutare</span> <span class='ocrx_word' id='word_1_66' title='bbox 853 1122 865 1170; x_wconf 85' lang='lat'><strong>;</strong></span> <span class='ocrx_word' id='word_1_67' title='bbox 900 1104 1000 1159; x_wconf 90' lang='lat' dir='ltr'>sed</span> <span class='ocrx_word' id='word_1_68' title='bbox 1024 1104 1182 1160; x_wconf 89' lang='lat' dir='ltr'>salvo</span> <span class='ocrx_word' id='word_1_69' title='bbox 1215 1105 1366 1161; x_wconf 91' lang='lat' dir='ltr'>inter</span> <span class='ocrx_word' id='word_1_70' title='bbox 1395 1106 1648 1179; x_wconf 84' lang='lat' dir='ltr'>collegas</span> <span class='ocrx_word' id='word_1_71' title='bbox 1679 1107 1840 1178; x_wconf 84' lang='lat' dir='ltr'>pacis</span> 
     </span>
    </p>
   </div>
   <div class='ocr_carea' id='block_1_12' title="bbox 220 1191 1839 1268">
    <p class='ocr_par' dir='ltr' id='par_1_12' title="bbox 220 1191 1839 1268">
     <span class='ocr_line' id='line_1_12' title="bbox 220 1191 1839 1268; baseline 0.002 -22"><span class='ocrx_word' id='word_1_72' title='bbox 220 1195 268 1246; x_wconf 87' lang='lat' dir='ltr'>et</span> <span class='ocrx_word' id='word_1_73' title='bbox 285 1191 592 1247; x_wconf 73' lang='lat' dir='ltr'>concordiae</span> <span class='ocrx_word' id='word_1_74' title='bbox 625 1191 879 1259; x_wconf 91' lang='lat' dir='ltr'>vinculo,</span> <span class='ocrx_word' id='word_1_75' title='bbox 915 1194 1178 1264; x_wconf 67' lang='lat' dir='ltr'>quaedam</span> <span class='ocrx_word' id='word_1_76' title='bbox 1213 1195 1466 1266; x_wconf 90' lang='lat' dir='ltr'>propria,</span> <span class='ocrx_word' id='word_1_77' title='bbox 1499 1213 1627 1268; x_wconf 63' lang='lat' dir='ltr'>qua:</span> <span class='ocrx_word' id='word_1_78' title='bbox 1685 1198 1839 1268; x_wconf 89' lang='lat' dir='ltr'>apud</span> 
     </span>
    </p>
   </div>
   <div class='ocr_carea' id='block_1_13' title="bbox 221 1279 1839 1354">
    <p class='ocr_par' dir='ltr' id='par_1_13' title="bbox 221 1279 1839 1354">
     <span class='ocr_line' id='line_1_13' title="bbox 221 1279 1839 1354; baseline 0.003 -19"><span class='ocrx_word' id='word_1_79' title='bbox 221 1279 455 1336; x_wconf 88' lang='lat' dir='ltr'>sesemel</span> <span class='ocrx_word' id='word_1_80' title='bbox 478 1280 599 1336; x_wconf 90' lang='lat' dir='ltr'>sint</span> <span class='ocrx_word' id='word_1_81' title='bbox 632 1287 932 1354; x_wconf 85' lang='lat' dir='ltr'>usurpata,</span> <span class='ocrx_word' id='word_1_82' title='bbox 995 1283 1264 1340; x_wconf 86' lang='lat' dir='ltr'>retinere.</span> <span class='ocrx_word' id='word_1_83' title='bbox 1321 1285 1446 1349; x_wconf 87' lang='lat' dir='ltr'>Qua</span> <span class='ocrx_word' id='word_1_84' title='bbox 1493 1285 1552 1340; x_wconf 91' lang='lat' dir='ltr'>in</span> <span class='ocrx_word' id='word_1_85' title='bbox 1614 1303 1673 1340; x_wconf 90' lang='lat' dir='ltr'>re</span> <span class='ocrx_word' id='word_1_86' title='bbox 1723 1303 1839 1341; x_wconf 90' lang='lat' dir='ltr'>non</span> 
     </span>
    </p>
   </div>
   <div class='ocr_carea' id='block_1_14' title="bbox 216 1368 1839 1446">
    <p class='ocr_par' dir='ltr' id='par_1_14' title="bbox 216 1368 1839 1446">
     <span class='ocr_line' id='line_1_14' title="bbox 216 1368 1839 1446; baseline 0.004 -23"><span class='ocrx_word' id='word_1_87' title='bbox 216 1368 317 1424; x_wconf 88' lang='lat' dir='ltr'>vim</span> <span class='ocrx_word' id='word_1_88' title='bbox 342 1369 612 1442; x_wconf 90' lang='lat' dir='ltr'>cuiquam</span> <span class='ocrx_word' id='word_1_89' title='bbox 645 1369 914 1436; x_wconf 83' lang='lat' dir='ltr'>facimus,</span> <span class='ocrx_word' id='word_1_90' title='bbox 939 1375 1041 1426; x_wconf 88' lang='lat' dir='ltr'>aut</span> <span class='ocrx_word' id='word_1_91' title='bbox 1071 1371 1258 1445; x_wconf 86' lang='lat' dir='ltr'>legem</span> <span class='ocrx_word' id='word_1_92' title='bbox 1289 1374 1520 1439; x_wconf 83' lang='lat' dir='ltr'>damus,</span> <span class='ocrx_word' id='word_1_93' title='bbox 1554 1375 1696 1446; x_wconf 90' lang='lat' dir='ltr'>quin</span> <span class='ocrx_word' id='word_1_94' title='bbox 1737 1375 1839 1430; x_wconf 86' lang='lat' dir='ltr'>ha-</span> 
     </span>
    </p>
   </div>
   <div class='ocr_carea' id='block_1_15' title="bbox 218 1457 1841 1521">
    <p class='ocr_par' dir='ltr' id='par_1_15' title="bbox 218 1457 1841 1521">
     <span class='ocr_line' id='line_1_15' title="bbox 218 1457 1841 1521; baseline 0.004 -8"><span class='ocrx_word' id='word_1_95' title='bbox 218 1457 333 1514; x_wconf 87' lang='lat' dir='ltr'>beat</span> <span class='ocrx_word' id='word_1_96' title='bbox 359 1458 413 1512; x_wconf 88' lang='lat' dir='ltr'>in</span> <span class='ocrx_word' id='word_1_97' title='bbox 468 1459 737 1515; x_wconf 66' lang='lat' dir='ltr'>Ecclesiae</span> <span class='ocrx_word' id='word_1_98' title='bbox 789 1461 1296 1519; x_wconf 81' lang='lat' dir='ltr'>administratione</span> <span class='ocrx_word' id='word_1_99' title='bbox 1347 1462 1665 1521; x_wconf 84' lang='lat' dir='ltr'>voluntatis</span> <span class='ocrx_word' id='word_1_100' title='bbox 1723 1482 1841 1520; x_wconf 65' lang='lat' dir='ltr'>suae</span> 
     </span>
    </p>
   </div>
   <div class='ocr_carea' id='block_1_16' title="bbox 216 1547 1840 1626">
    <p class='ocr_par' dir='ltr' id='par_1_16' title="bbox 216 1547 1840 1626">
     <span class='ocr_line' id='line_1_16' title="bbox 216 1547 1840 1626; baseline 0.004 -24"><span class='ocrx_word' id='word_1_101' title='bbox 216 1548 503 1603; x_wconf 84' lang='lat' dir='ltr'>arbitrium</span> <span class='ocrx_word' id='word_1_102' title='bbox 534 1547 817 1606; x_wconf 90' lang='lat' dir='ltr'>liberum:</span> <span class='ocrx_word' id='word_1_103' title='bbox 879 1550 1290 1624; x_wconf 80' lang='lat' dir='ltr'>unusquisque</span> <span class='ocrx_word' id='word_1_104' title='bbox 1336 1552 1412 1610; x_wconf 90' lang='lat' dir='ltr'>sit</span> <span class='ocrx_word' id='word_1_105' title='bbox 1471 1554 1840 1626; x_wconf 59' lang='lat' dir='ltr'>prepositus,</span> 
     </span>
    </p>
   </div>
   <div class='ocr_carea' id='block_1_17' title="bbox 216 1637 1842 1707">
    <p class='ocr_par' dir='ltr' id='par_1_17' title="bbox 216 1637 1842 1707">
     <span class='ocr_line' id='line_1_17' title="bbox 216 1637 1842 1707; baseline 0.006 -17"><span class='ocrx_word' id='word_1_106' title='bbox 216 1637 479 1692; x_wconf 88' lang='lat' dir='ltr'>rationem</span> <span class='ocrx_word' id='word_1_107' title='bbox 512 1643 679 1694; x_wconf 88' lang='lat' dir='ltr'>actus</span> <span class='ocrx_word' id='word_1_108' title='bbox 710 1640 801 1696; x_wconf 89' lang='lat' dir='ltr'>sui</span> <span class='ocrx_word' id='word_1_109' title='bbox 832 1640 1078 1696; x_wconf 90' lang='lat' dir='ltr'>Domino</span> <span class='ocrx_word' id='word_1_110' title='bbox 1104 1641 1472 1707; x_wconf 70' lang='lat' dir='ltr'>fredditurus.</span> <span class='ocrx_word' id='word_1_111' title='bbox 1507 1666 1535 1692; x_wconf 84' lang='lat'><strong>»</strong></span> <span class='ocrx_word' id='word_1_112' title='bbox 1593 1644 1677 1699; x_wconf 87' lang='lat' dir='ltr'>Ad</span> <span class='ocrx_word' id='word_1_113' title='bbox 1737 1644 1842 1699; x_wconf 89' lang='lat' dir='ltr'>Ju-</span> 
     </span>
    </p>
   </div>
   <div class='ocr_carea' id='block_1_18' title="bbox 213 1725 1842 1804">
    <p class='ocr_par' dir='ltr' id='par_1_18' title="bbox 213 1725 1842 1804">
     <span class='ocr_line' id='line_1_18' title="bbox 213 1725 1842 1804; baseline 0.005 -24"><span class='ocrx_word' id='word_1_114' title='bbox 213 1725 473 1782; x_wconf 80' lang='lat' dir='ltr'>baianum</span> <span class='ocrx_word' id='word_1_115' title='bbox 507 1745 742 1800; x_wconf 89' lang='lat' dir='ltr'>quoque</span> <span class='ocrx_word' id='word_1_116' title='bbox 762 1730 832 1785; x_wconf 91' lang='lat' dir='ltr'>de</span> <span class='ocrx_word' id='word_1_117' title='bbox 853 1729 1142 1786; x_wconf 64' lang='lat' dir='ltr'>hwreticis</span> <span class='ocrx_word' id='word_1_118' title='bbox 1191 1732 1623 1804; x_wconf 87' lang='lat' dir='ltr'>rebaptizandis</span> <span class='ocrx_word' id='word_1_119' title='bbox 1692 1733 1842 1788; x_wconf 84' lang='lat' dir='ltr'>scri-</span> 
     </span>
    </p>
   </div>
   <div class='ocr_carea' id='block_1_19' title="bbox 211 1814 1845 1881">
    <p class='ocr_par' dir='ltr' id='par_1_19' title="bbox 211 1814 1845 1881">
     <span class='ocr_line' id='line_1_19' title="bbox 211 1814 1845 1881; baseline 0.004 -11"><span class='ocrx_word' id='word_1_120' title='bbox 211 1814 449 1881; x_wconf 85' lang='lat' dir='ltr'>bens,in</span> <span class='ocrx_word' id='word_1_121' title='bbox 500 1818 614 1873; x_wconf 83' lang='lat' dir='ltr'>ﬁne</span> <span class='ocrx_word' id='word_1_122' title='bbox 673 1818 852 1875; x_wconf 91' lang='lat' dir='ltr'>libelli</span> <span class='ocrx_word' id='word_1_123' title='bbox 907 1820 958 1875; x_wconf 89' lang='lat' dir='ltr'>si</span> <span class='ocrx_word' id='word_1_124' title='bbox 1016 1819 1245 1876; x_wconf 91' lang='lat' dir='ltr'>locutus</span> <span class='ocrx_word' id='word_1_125' title='bbox 1295 1826 1420 1878; x_wconf 89' lang='lat' dir='ltr'>est:</span> <span class='ocrx_word' id='word_1_126' title='bbox 1459 1845 1486 1872; x_wconf 89' lang='grc'>‹‹</span> <span class='ocrx_word' id='word_1_127' title='bbox 1546 1823 1678 1878; x_wconf 67' lang='lat' dir='ltr'>Haec</span> <span class='ocrx_word' id='word_1_128' title='bbox 1736 1822 1845 1878; x_wconf 88' lang='lat' dir='ltr'>tibi</span> 
     </span>
    </p>
   </div>
   <div class='ocr_carea' id='block_1_20' title="bbox 211 1904 1850 1983">
    <p class='ocr_par' dir='ltr' id='par_1_20' title="bbox 211 1904 1850 1983">
     <span class='ocr_line' id='line_1_20' title="bbox 211 1904 1850 1983; baseline 0.005 -24"><span class='ocrx_word' id='word_1_129' title='bbox 211 1904 440 1961; x_wconf 81' lang='lat' dir='ltr'>breviter</span> <span class='ocrx_word' id='word_1_130' title='bbox 460 1923 566 1978; x_wconf 87' lang='lat' dir='ltr'>pro</span> <span class='ocrx_word' id='word_1_131' title='bbox 598 1913 798 1964; x_wconf 90' lang='lat' dir='ltr'>nostra</span> <span class='ocrx_word' id='word_1_132' title='bbox 829 1909 1228 1966; x_wconf 86' lang='lat' dir='ltr'>mediocritate</span> <span class='ocrx_word' id='word_1_133' title='bbox 1254 1910 1629 1983; x_wconf 88' lang='lat' dir='ltr'>scripsimus,</span> <span class='ocrx_word' id='word_1_134' title='bbox 1668 1913 1850 1967; x_wconf 83' lang='lat' dir='ltr'>frater</span> 
     </span>
    </p>
   </div>
   <div class='ocr_carea' id='block_1_21' title="bbox 211 1992 1847 2072">
    <p class='ocr_par' dir='ltr' id='par_1_21' title="bbox 211 1992 1847 2072">
     <span class='ocr_line' id='line_1_21' title="bbox 211 1992 1847 2072; baseline 0.005 -24"><span class='ocrx_word' id='word_1_135' title='bbox 211 1992 559 2064; x_wconf 80' lang='lat' dir='ltr'>charissima,</span> <span class='ocrx_word' id='word_1_136' title='bbox 589 1998 810 2054; x_wconf 89' lang='lat' dir='ltr'>nemini</span> <span class='ocrx_word' id='word_1_137' title='bbox 882 2000 1350 2070; x_wconf 74' lang='lat' dir='ltr'>praescribentes,</span> <span class='ocrx_word' id='word_1_138' title='bbox 1410 2006 1511 2056; x_wconf 91' lang='lat' dir='ltr'>aut</span> <span class='ocrx_word' id='word_1_139' title='bbox 1568 1993 1847 2072; x_wconf 73' lang='lat' dir='ltr'>praajudi-</span> 
     </span>
    </p>
   </div>
   <div class='ocr_carea' id='block_1_22' title="bbox 210 2085 1848 2163">
    <p class='ocr_par' dir='ltr' id='par_1_22' title="bbox 210 2085 1848 2163">
     <span class='ocr_line' id='line_1_22' title="bbox 210 2085 1848 2163; baseline 0.006 -25"><span class='ocrx_word' id='word_1_140' title='bbox 210 2087 412 2152; x_wconf 85' lang='lat' dir='ltr'>cantes,</span> <span class='ocrx_word' id='word_1_141' title='bbox 447 2085 766 2158; x_wconf 87' lang='lat' dir='ltr'>quominus</span> <span class='ocrx_word' id='word_1_142' title='bbox 798 2089 1206 2159; x_wconf 88' lang='lat' dir='ltr'>unusquisque</span> <span class='ocrx_word' id='word_1_143' title='bbox 1229 2090 1637 2162; x_wconf 90' lang='lat' dir='ltr'>episcoporum</span> <span class='ocrx_word' id='word_1_144' title='bbox 1692 2092 1848 2163; x_wconf 91' lang='lat' dir='ltr'>quod</span> 
     </span>
    </p>
   </div>
   <div class='ocr_carea' id='block_1_23' title="bbox 210 2175 1846 2252">
    <p class='ocr_par' dir='ltr' id='par_1_23' title="bbox 210 2175 1846 2252">
     <span class='ocr_line' id='line_1_23' title="bbox 210 2175 1846 2252; baseline 0.006 -24"><span class='ocrx_word' id='word_1_145' title='bbox 210 2176 380 2243; x_wconf 84' lang='lat' dir='ltr'>putat,</span> <span class='ocrx_word' id='word_1_146' title='bbox 411 2175 610 2244; x_wconf 79' lang='lat' dir='ltr'>faciat,</span> <span class='ocrx_word' id='word_1_147' title='bbox 642 2176 865 2232; x_wconf 88' lang='lat' dir='ltr'>habens</span> <span class='ocrx_word' id='word_1_148' title='bbox 905 2177 1129 2232; x_wconf 84' lang='lat' dir='ltr'>arbitrii</span> <span class='ocrx_word' id='word_1_149' title='bbox 1182 2180 1272 2234; x_wconf 93' lang='lat' dir='ltr'>sui</span> <span class='ocrx_word' id='word_1_150' title='bbox 1307 2179 1549 2235; x_wconf 81' lang='lat' dir='ltr'>liberam</span> <span class='ocrx_word' id='word_1_151' title='bbox 1592 2186 1846 2252; x_wconf 90' lang='lat' dir='ltr'>potesta-</span> 
     </span>
    </p>
   </div>
   <div class='ocr_carea' id='block_1_24' title="bbox 209 2267 1848 2341">
    <p class='ocr_par' dir='ltr' id='par_1_24' title="bbox 209 2267 1848 2341">
     <span class='ocr_line' id='line_1_24' title="bbox 209 2267 1848 2341; baseline 0.005 -24"><span class='ocrx_word' id='word_1_152' title='bbox 209 2276 334 2328; x_wconf 61' lang='lat' dir='ltr'>tem.</span> <span class='ocrx_word' id='word_1_153' title='bbox 367 2270 506 2334; x_wconf 88' lang='lat' dir='ltr'>Nos,</span> <span class='ocrx_word' id='word_1_154' title='bbox 539 2271 830 2340; x_wconf 89' lang='lat' dir='ltr'>quantum</span> <span class='ocrx_word' id='word_1_155' title='bbox 859 2267 915 2322; x_wconf 90' lang='lat' dir='ltr'>in</span> <span class='ocrx_word' id='word_1_156' title='bbox 944 2267 1112 2323; x_wconf 92' lang='lat' dir='ltr'>nobis</span> <span class='ocrx_word' id='word_1_157' title='bbox 1143 2273 1248 2335; x_wconf 89' lang='lat' dir='ltr'>est,</span> <span class='ocrx_word' id='word_1_158' title='bbox 1276 2273 1514 2341; x_wconf 87' lang='lat' dir='ltr'>propter</span> <span class='ocrx_word' id='word_1_159' title='bbox 1548 2269 1848 2327; x_wconf 73' lang='lat' dir='ltr'>haereticos</span> 
     </span>
    </p>
   </div>
   <div class='ocr_carea' id='block_1_25' title="bbox 209 2355 1846 2430">
    <p class='ocr_par' dir='ltr' id='par_1_25' title="bbox 209 2355 1846 2430">
     <span class='ocr_line' id='line_1_25' title="bbox 209 2355 1846 2430; baseline 0.001 -16"><span class='ocrx_word' id='word_1_160' title='bbox 209 2375 332 2414; x_wconf 87' lang='lat' dir='ltr'>cum</span> <span class='ocrx_word' id='word_1_161' title='bbox 353 2357 592 2430; x_wconf 82' lang='lat' dir='ltr'>collegis</span> <span class='ocrx_word' id='word_1_162' title='bbox 607 2361 664 2413; x_wconf 89' lang='lat' dir='ltr'>et</span> <span class='ocrx_word' id='word_1_163' title='bbox 677 2355 1036 2429; x_wconf 89' lang='lat' dir='ltr'>coepiscopis</span> <span class='ocrx_word' id='word_1_164' title='bbox 1053 2358 1271 2414; x_wconf 89' lang='lat' dir='ltr'>nostris</span> <span class='ocrx_word' id='word_1_165' title='bbox 1288 2375 1401 2414; x_wconf 91' lang='lat' dir='ltr'>non</span> <span class='ocrx_word' id='word_1_166' title='bbox 1434 2361 1846 2416; x_wconf 88' lang='lat' dir='ltr'>contendimus</span> 
     </span>
    </p>
   </div>
   <div class='ocr_carea' id='block_1_26' title="bbox 209 2446 1846 2521">
    <p class='ocr_par' dir='ltr' id='par_1_26' title="bbox 209 2446 1846 2521">
     <span class='ocr_line' id='line_1_26' title="bbox 209 2446 1846 2521; baseline 0.001 -18"><span class='ocrx_word' id='word_1_167' title='bbox 209 2464 332 2504; x_wconf 85' lang='lat' dir='ltr'>cum</span> <span class='ocrx_word' id='word_1_168' title='bbox 361 2448 582 2520; x_wconf 86' lang='lat' dir='ltr'>quibus</span> <span class='ocrx_word' id='word_1_169' title='bbox 611 2446 867 2502; x_wconf 89' lang='lat' dir='ltr'>divinam</span> <span class='ocrx_word' id='word_1_170' title='bbox 891 2447 1259 2502; x_wconf 82' lang='lat' dir='ltr'>concordiam</span> <span class='ocrx_word' id='word_1_171' title='bbox 1278 2452 1337 2503; x_wconf 91' lang='lat' dir='ltr'>et</span> <span class='ocrx_word' id='word_1_172' title='bbox 1358 2448 1721 2505; x_wconf 89' lang='lat' dir='ltr'>Dominicam</span> <span class='ocrx_word' id='word_1_173' title='bbox 1750 2467 1846 2521; x_wconf 89' lang='lat' dir='ltr'>pa-</span> 
     </span>
    </p>
   </div>
   <div class='ocr_carea' id='block_1_27' title="bbox 209 2535 1846 2611">
    <p class='ocr_par' dir='ltr' id='par_1_27' title="bbox 209 2535 1846 2611">
     <span class='ocr_line' id='line_1_27' title="bbox 209 2535 1846 2611; baseline 0.001 -19"><span class='ocrx_word' id='word_1_174' title='bbox 209 2553 322 2593; x_wconf 89' lang='lat' dir='ltr'>cem</span> <span class='ocrx_word' id='word_1_175' title='bbox 343 2535 894 2601; x_wconf 83' lang='lat' dir='ltr'>tenemus,maxime</span> <span class='ocrx_word' id='word_1_176' title='bbox 911 2552 1044 2590; x_wconf 90' lang='lat' dir='ltr'>cum</span> <span class='ocrx_word' id='word_1_177' title='bbox 1068 2536 1385 2608; x_wconf 86' lang='lat' dir='ltr'>Apostolus</span> <span class='ocrx_word' id='word_1_178' title='bbox 1415 2537 1572 2594; x_wconf 83' lang='lat' dir='ltr'>dicat</span> <span class='ocrx_word' id='word_1_179' title='bbox 1594 2556 1604 2593; x_wconf 94' lang='lat'>:</span> <span class='ocrx_word' id='word_1_180' title='bbox 1624 2539 1684 2594; x_wconf 89' lang='lat' dir='ltr'>Si</span> <span class='ocrx_word' id='word_1_181' title='bbox 1723 2542 1846 2611; x_wconf 87' lang='lat' dir='ltr'>quis</span> 
     </span>
    </p>
   </div>
   <div class='ocr_carea' id='block_1_28' title="bbox 207 2627 1844 2699">
    <p class='ocr_par' dir='ltr' id='par_1_28' title="bbox 207 2627 1844 2699">
     <span class='ocr_line' id='line_1_28' title="bbox 207 2627 1844 2699; baseline 0.002 -18"><span class='ocrx_word' id='word_1_182' title='bbox 207 2632 376 2683; x_wconf 83' lang='lat' dir='ltr'>autem</span> <span class='ocrx_word' id='word_1_183' title='bbox 401 2627 681 2699; x_wconf 81' lang='lat' dir='ltr'>putaverit</span> <span class='ocrx_word' id='word_1_184' title='bbox 703 2642 760 2681; x_wconf 87' lang='lat' dir='ltr'>se</span> <span class='ocrx_word' id='word_1_185' title='bbox 801 2628 1199 2681; x_wconf 84' lang='lat' dir='ltr'>contensiosum</span> <span class='ocrx_word' id='word_1_186' title='bbox 1214 2643 1344 2695; x_wconf 87' lang='lat' dir='ltr'>esse,</span> <span class='ocrx_word' id='word_1_187' title='bbox 1371 2643 1469 2684; x_wconf 89' lang='lat' dir='ltr'>nos</span> <span class='ocrx_word' id='word_1_188' title='bbox 1501 2630 1665 2684; x_wconf 80' lang='lat' dir='ltr'>talem</span> <span class='ocrx_word' id='word_1_189' title='bbox 1715 2646 1844 2685; x_wconf 86' lang='lat' dir='ltr'>con-</span> 
     </span>
    </p>
   </div>
   <div class='ocr_carea' id='block_1_29' title="bbox 205 2715 1845 2781">
    <p class='ocr_par' dir='ltr' id='par_1_29' title="bbox 205 2715 1845 2781">
     <span class='ocr_line' id='line_1_29' title="bbox 205 2715 1845 2781; baseline 0.002 -11"><span class='ocrx_word' id='word_1_190' title='bbox 205 2716 539 2772; x_wconf 70' lang='lat' dir='ltr'>suetudinem</span> <span class='ocrx_word' id='word_1_191' title='bbox 564 2731 676 2771; x_wconf 84' lang='lat' dir='ltr'>non</span> <span class='ocrx_word' id='word_1_192' title='bbox 704 2715 984 2781; x_wconf 74' lang='lat' dir='ltr'>habemus,</span> <span class='ocrx_word' id='word_1_193' title='bbox 1017 2732 1117 2770; x_wconf 84' lang='lat' dir='ltr'>nec</span> <span class='ocrx_word' id='word_1_194' title='bbox 1147 2717 1387 2771; x_wconf 75' lang='lat' dir='ltr'>Ecclesia</span> <span class='ocrx_word' id='word_1_195' title='bbox 1416 2719 1532 2774; x_wconf 88' lang='lat' dir='ltr'>Dei.</span> <span class='ocrx_word' id='word_1_196' title='bbox 1566 2721 1845 2775; x_wconf 89' lang='lat' dir='ltr'>Servatur</span> 
     </span>
    </p>
   </div>
   <div class='ocr_carea' id='block_1_30' title="bbox 204 2805 1841 2881">
    <p class='ocr_par' dir='ltr' id='par_1_30' title="bbox 204 2805 1841 2881">
     <span class='ocr_line' id='line_1_30' title="bbox 204 2805 1841 2881; baseline 0.001 -19"><span class='ocrx_word' id='word_1_197' title='bbox 204 2822 235 2862; x_wconf 92' lang='lat' dir='ltr'>a</span> <span class='ocrx_word' id='word_1_198' title='bbox 263 2806 423 2863; x_wconf 92' lang='lat' dir='ltr'>nobis</span> <span class='ocrx_word' id='word_1_199' title='bbox 454 2805 748 2878; x_wconf 88' lang='lat' dir='ltr'>patienter</span> <span class='ocrx_word' id='word_1_200' title='bbox 773 2809 828 2861; x_wconf 90' lang='lat' dir='ltr'>et</span> <span class='ocrx_word' id='word_1_201' title='bbox 858 2805 1066 2860; x_wconf 88' lang='lat' dir='ltr'>leniter</span> <span class='ocrx_word' id='word_1_202' title='bbox 1087 2805 1343 2862; x_wconf 89' lang='lat' dir='ltr'>eharitas</span> <span class='ocrx_word' id='word_1_203' title='bbox 1376 2806 1577 2873; x_wconf 88' lang='lat' dir='ltr'>animi,</span> <span class='ocrx_word' id='word_1_204' title='bbox 1613 2808 1841 2881; x_wconf 82' lang='lat' dir='ltr'>collegii</span> 
     </span>
    </p>
   </div>
   <div class='ocr_carea' id='block_1_31' title="bbox 202 2894 1669 2965">
    <p class='ocr_par' dir='ltr' id='par_1_31' title="bbox 202 2894 1669 2965">
     <span class='ocr_line' id='line_1_31' title="bbox 202 2894 1669 2965; baseline -0.004 -13"><span class='ocrx_word' id='word_1_205' title='bbox 202 2895 394 2965; x_wconf 89' lang='lat' dir='ltr'>honor,</span> <span class='ocrx_word' id='word_1_206' title='bbox 430 2894 731 2951; x_wconf 90' lang='lat' dir='ltr'>vinculum</span> <span class='ocrx_word' id='word_1_207' title='bbox 761 2895 917 2963; x_wconf 86' lang='lat' dir='ltr'>ﬁdei,</span> <span class='ocrx_word' id='word_1_208' title='bbox 944 2895 1255 2951; x_wconf 88' lang='lat' dir='ltr'>concordia</span> <span class='ocrx_word' id='word_1_209' title='bbox 1276 2897 1604 2953; x_wconf 90' lang='lat' dir='ltr'>sacerdotii.</span> <span class='ocrx_word' id='word_1_210' title='bbox 1648 2920 1669 2946; x_wconf 71' lang='grc' dir='ltr'>ι»</span> 
     </span>
    </p>
   </div>
   <div class='ocr_carea' id='block_1_32' title="bbox 264 2985 1844 3044">
    <p class='ocr_par' dir='ltr' id='par_1_32' title="bbox 264 2985 1844 3044">
     <span class='ocr_line' id='line_1_32' title="bbox 264 2985 1844 3044; baseline 0.002 -3"><span class='ocrx_word' id='word_1_211' title='bbox 264 2986 347 3041; x_wconf 84' lang='lat'>26.</span> <span class='ocrx_word' id='word_1_212' title='bbox 382 2985 588 3042; x_wconf 81' lang='lat' dir='ltr'>Contra</span> <span class='ocrx_word' id='word_1_213' title='bbox 649 2985 926 3040; x_wconf 78' lang='lat' dir='ltr'>Hilarium</span> <span class='ocrx_word' id='word_1_214' title='bbox 984 2990 1046 3041; x_wconf 87' lang='lat' dir='ltr'>E.</span> <span class='ocrx_word' id='word_1_215' title='bbox 1107 2987 1166 3040; x_wconf 83' lang='lat' dir='ltr'>R.</span> <span class='ocrx_word' id='word_1_216' title='bbox 1221 2986 1531 3042; x_wconf 84' lang='lat' dir='ltr'>diaconum.</span> <span class='ocrx_word' id='word_1_217' title='bbox 1590 3017 1662 3030; x_wconf 90' lang='lat'><strong><em>—</em></strong></span> <span class='ocrx_word' id='word_1_218' title='bbox 1743 2989 1844 3044; x_wconf 89' lang='lat' dir='ltr'>Est</span> 
     </span>
    </p>
   </div>
   <div class='ocr_carea' id='block_1_33' title="bbox 203 3073 1842 3149">
    <p class='ocr_par' dir='ltr' id='par_1_33' title="bbox 203 3073 1842 3149">
     <span class='ocr_line' id='line_1_33' title="bbox 203 3073 1842 3149; baseline 0.002 -20"><span class='ocrx_word' id='word_1_219' title='bbox 203 3084 466 3146; x_wconf 86' lang='lat' dir='ltr'>praeterea</span> <span class='ocrx_word' id='word_1_220' title='bbox 497 3073 660 3130; x_wconf 87' lang='lat' dir='ltr'>aliud</span> <span class='ocrx_word' id='word_1_221' title='bbox 692 3076 846 3146; x_wconf 91' lang='lat' dir='ltr'>quod</span> <span class='ocrx_word' id='word_1_222' title='bbox 870 3074 1210 3145; x_wconf 86' lang='lat' dir='ltr'>inferemus,</span> <span class='ocrx_word' id='word_1_223' title='bbox 1240 3077 1550 3132; x_wconf 90' lang='lat' dir='ltr'>adversum</span> <span class='ocrx_word' id='word_1_224' title='bbox 1573 3079 1728 3149; x_wconf 91' lang='lat' dir='ltr'>quod</span> <span class='ocrx_word' id='word_1_225' title='bbox 1770 3095 1842 3132; x_wconf 91' lang='lat' dir='ltr'>ne</span> 
     </span>
    </p>
   </div>
   <div class='ocr_carea' id='block_1_34' title="bbox 201 3164 1836 3238">
    <p class='ocr_par' dir='ltr' id='par_1_34' title="bbox 201 3164 1836 3238">
     <span class='ocr_line' id='line_1_34' title="bbox 201 3164 1836 3238; baseline 0.002 -19"><span class='ocrx_word' id='word_1_226' title='bbox 201 3165 399 3222; x_wconf 89' lang='lat' dir='ltr'>mutire</span> <span class='ocrx_word' id='word_1_227' title='bbox 438 3164 683 3238; x_wconf 87' lang='lat' dir='ltr'>quidem</span> <span class='ocrx_word' id='word_1_228' title='bbox 707 3165 921 3219; x_wconf 87' lang='lat' dir='ltr'>audeat</span> <span class='ocrx_word' id='word_1_229' title='bbox 941 3164 1217 3232; x_wconf 88' lang='lat' dir='ltr'>Hilarius,</span> <span class='ocrx_word' id='word_1_230' title='bbox 1280 3165 1594 3231; x_wconf 87' lang='lat' dir='ltr'>Deucalion</span> <span class='ocrx_word' id='word_1_231' title='bbox 1657 3167 1836 3223; x_wconf 85' lang='lat' dir='ltr'>orbis.</span> 
     </span>
    </p>
   </div>
   <div class='ocr_carea' id='block_1_35' title="bbox 1945 567 3598 636">
    <p class='ocr_par' dir='ltr' id='par_1_35' title="bbox 1945 567 3598 636">
     <span class='ocr_line' id='line_1_35' title="bbox 1945 567 3598 636; baseline 0.004 -14"><span class='ocrx_word' id='word_1_232' title='bbox 1945 584 2078 624; x_wconf 90' lang='lat' dir='ltr'>vero</span> <span class='ocrx_word' id='word_1_233' title='bbox 2111 567 2168 622; x_wconf 90' lang='lat' dir='ltr'>in</span> <span class='ocrx_word' id='word_1_234' title='bbox 2201 569 2333 624; x_wconf 88' lang='lat' dir='ltr'>sinu</span> <span class='ocrx_word' id='word_1_235' title='bbox 2367 586 2496 625; x_wconf 89' lang='lat' dir='ltr'>meo</span> <span class='ocrx_word' id='word_1_236' title='bbox 2531 575 2723 636; x_wconf 88' lang='lat' dir='ltr'>natus,</span> <span class='ocrx_word' id='word_1_237' title='bbox 2749 570 2799 627; x_wconf 92' lang='lat' dir='ltr'>si</span> <span class='ocrx_word' id='word_1_238' title='bbox 2831 570 3079 626; x_wconf 89' lang='lat' dir='ltr'>uberum</span> <span class='ocrx_word' id='word_1_239' title='bbox 3125 586 3390 627; x_wconf 86' lang='lat' dir='ltr'>meorum</span> <span class='ocrx_word' id='word_1_240' title='bbox 3449 571 3598 628; x_wconf 91' lang='lat' dir='ltr'>lacte</span> 
     </span>
    </p>
   </div>
   <div class='ocr_carea' id='block_1_36' title="bbox 1947 657 3595 733">
    <p class='ocr_par' dir='ltr' id='par_1_36' title="bbox 1947 657 3595 733">
     <span class='ocr_line' id='line_1_36' title="bbox 1947 657 3595 733; baseline 0.002 -21"><span class='ocrx_word' id='word_1_241' title='bbox 1947 657 2228 726; x_wconf 86' lang='lat' dir='ltr'>nutritus,</span> <span class='ocrx_word' id='word_1_242' title='bbox 2259 659 2566 714; x_wconf 87' lang='lat' dir='ltr'>adversum</span> <span class='ocrx_word' id='word_1_243' title='bbox 2600 677 2692 714; x_wconf 88' lang='lat' dir='ltr'>me</span> <span class='ocrx_word' id='word_1_244' title='bbox 2721 659 2983 731; x_wconf 85' lang='lat' dir='ltr'>gladium</span> <span class='ocrx_word' id='word_1_245' title='bbox 3021 659 3199 729; x_wconf 88' lang='lat' dir='ltr'>levas,</span> <span class='ocrx_word' id='word_1_246' title='bbox 3235 661 3409 717; x_wconf 91' lang='lat' dir='ltr'>redde</span> <span class='ocrx_word' id='word_1_247' title='bbox 3441 662 3595 733; x_wconf 92' lang='lat' dir='ltr'>quod</span> 
     </span>
    </p>
   </div>
   <div class='ocr_carea' id='block_1_37' title="bbox 1948 747 3604 820">
    <p class='ocr_par' dir='ltr' id='par_1_37' title="bbox 1948 747 3604 820">
     <span class='ocr_line' id='line_1_37' title="bbox 1948 747 3604 820; baseline 0.001 -17"><span class='ocrx_word' id='word_1_248' title='bbox 1948 748 2103 813; x_wconf 85' lang='lat' dir='ltr'>dedi,</span> <span class='ocrx_word' id='word_1_249' title='bbox 2136 751 2193 803; x_wconf 91' lang='lat' dir='ltr'>et</span> <span class='ocrx_word' id='word_1_250' title='bbox 2222 753 2366 816; x_wconf 85' lang='lat' dir='ltr'>esto,</span> <span class='ocrx_word' id='word_1_251' title='bbox 2402 747 2449 803; x_wconf 88' lang='lat' dir='ltr'>si</span> <span class='ocrx_word' id='word_1_252' title='bbox 2484 752 2668 820; x_wconf 88' lang='lat' dir='ltr'>potes,</span> <span class='ocrx_word' id='word_1_253' title='bbox 2704 747 2874 806; x_wconf 88' lang='lat' dir='ltr'>aliter</span> <span class='ocrx_word' id='word_1_254' title='bbox 2903 749 3291 806; x_wconf 87' lang='lat' dir='ltr'>Christianus.</span> <span class='ocrx_word' id='word_1_255' title='bbox 3327 750 3604 806; x_wconf 84' lang='lat' dir='ltr'>Meretrix</span> 
     </span>
    </p>
   </div>
   <div class='ocr_carea' id='block_1_38' title="bbox 1950 837 3604 902">
    <p class='ocr_par' dir='ltr' id='par_1_38' title="bbox 1950 837 3604 902">
     <span class='ocr_line' id='line_1_38' title="bbox 1950 837 3604 902; baseline 0.002 -12"><span class='ocrx_word' id='word_1_256' title='bbox 1950 852 2104 902; x_wconf 83' lang='lat' dir='ltr'>sum,</span> <span class='ocrx_word' id='word_1_257' title='bbox 2140 837 2239 891; x_wconf 89' lang='lat' dir='ltr'>sed</span> <span class='ocrx_word' id='word_1_258' title='bbox 2268 841 2461 892; x_wconf 88' lang='lat' dir='ltr'>tamen</span> <span class='ocrx_word' id='word_1_259' title='bbox 2490 843 2679 892; x_wconf 88' lang='lat' dir='ltr'>mater</span> <span class='ocrx_word' id='word_1_260' title='bbox 2710 842 2810 892; x_wconf 89' lang='lat' dir='ltr'>tua</span> <span class='ocrx_word' id='word_1_261' title='bbox 2842 855 2994 892; x_wconf 90' lang='lat' dir='ltr'>sum.</span> <span class='ocrx_word' id='word_1_262' title='bbox 3030 838 3154 893; x_wconf 82' lang='lat' dir='ltr'>Non</span> <span class='ocrx_word' id='word_1_263' title='bbox 3206 854 3371 893; x_wconf 91' lang='lat' dir='ltr'>servo</span> <span class='ocrx_word' id='word_1_264' title='bbox 3425 839 3604 894; x_wconf 89' lang='lat' dir='ltr'>unius</span> 
     </span>
    </p>
   </div>
   <div class='ocr_carea' id='block_1_39' title="bbox 1949 924 3600 999">
    <p class='ocr_par' dir='ltr' id='par_1_39' title="bbox 1949 924 3600 999">
     <span class='ocr_line' id='line_1_39' title="bbox 1949 924 3600 999; baseline 0.001 -20"><span class='ocrx_word' id='word_1_265' title='bbox 1949 924 2059 980; x_wconf 89' lang='lat' dir='ltr'>tori</span> <span class='ocrx_word' id='word_1_266' title='bbox 2091 925 2444 990; x_wconf 84' lang='lat' dir='ltr'>castitatem,</span> <span class='ocrx_word' id='word_1_267' title='bbox 2479 925 2610 982; x_wconf 81' lang='lat' dir='ltr'>talis</span> <span class='ocrx_word' id='word_1_268' title='bbox 2639 943 2798 981; x_wconf 86' lang='lat' dir='ltr'>eram</span> <span class='ocrx_word' id='word_1_269' title='bbox 2862 928 3096 999; x_wconf 77' lang='lat' dir='ltr'>quando</span> <span class='ocrx_word' id='word_1_270' title='bbox 3156 931 3475 998; x_wconf 89' lang='lat' dir='ltr'>conceptus</span> <span class='ocrx_word' id='word_1_271' title='bbox 3498 944 3561 983; x_wconf 91' lang='lat' dir='ltr'>es</span> <span class='ocrx_word' id='word_1_272' title='bbox 3589 944 3600 980; x_wconf 89' lang='lat'>:</span> 
     </span>
    </p>
   </div>
   <div class='ocr_carea' id='block_1_40' title="bbox 1951 1014 3599 1083">
    <p class='ocr_par' dir='ltr' id='par_1_40' title="bbox 1951 1014 3599 1083">
     <span class='ocr_line' id='line_1_40' title="bbox 1951 1014 3599 1083; baseline 0.002 -14"><span class='ocrx_word' id='word_1_273' title='bbox 1951 1031 2086 1069; x_wconf 91' lang='lat' dir='ltr'>cum</span> <span class='ocrx_word' id='word_1_274' title='bbox 2118 1015 2252 1070; x_wconf 86' lang='lat' dir='ltr'>Ario</span> <span class='ocrx_word' id='word_1_275' title='bbox 2286 1014 2572 1070; x_wconf 88' lang='lat' dir='ltr'>adulteria</span> <span class='ocrx_word' id='word_1_276' title='bbox 2601 1016 2928 1083; x_wconf 87' lang='lat' dir='ltr'>committo,</span> <span class='ocrx_word' id='word_1_277' title='bbox 2964 1016 3069 1071; x_wconf 89' lang='lat' dir='ltr'>feci</span> <span class='ocrx_word' id='word_1_278' title='bbox 3121 1022 3177 1072; x_wconf 90' lang='lat' dir='ltr'>et</span> <span class='ocrx_word' id='word_1_279' title='bbox 3236 1021 3409 1071; x_wconf 88' lang='lat' dir='ltr'>antea</span> <span class='ocrx_word' id='word_1_280' title='bbox 3465 1032 3599 1072; x_wconf 88' lang='lat' dir='ltr'>cum</span> 
     </span>
    </p>
   </div>
   <div class='ocr_carea' id='block_1_41' title="bbox 1953 1105 3604 1176">
    <p class='ocr_par' dir='ltr' id='par_1_41' title="bbox 1953 1105 3604 1176">
     <span class='ocr_line' id='line_1_41' title="bbox 1953 1105 3604 1176; baseline 0.002 -17"><span class='ocrx_word' id='word_1_281' title='bbox 1953 1109 2172 1159; x_wconf 85' lang='lat' dir='ltr'>Praxea</span> <span class='ocrx_word' id='word_1_282' title='bbox 2203 1122 2335 1159; x_wconf 90' lang='lat' dir='ltr'>cum</span> <span class='ocrx_word' id='word_1_283' title='bbox 2369 1105 2604 1170; x_wconf 88' lang='lat' dir='ltr'>Ebione,</span> <span class='ocrx_word' id='word_1_284' title='bbox 2641 1122 2775 1160; x_wconf 93' lang='lat' dir='ltr'>cum</span> <span class='ocrx_word' id='word_1_285' title='bbox 2829 1106 3126 1176; x_wconf 87' lang='lat' dir='ltr'>Cerintho,</span> <span class='ocrx_word' id='word_1_286' title='bbox 3178 1107 3430 1162; x_wconf 86' lang='lat' dir='ltr'>Novato:</span> <span class='ocrx_word' id='word_1_287' title='bbox 3494 1106 3604 1162; x_wconf 81' lang='lat' dir='ltr'>hos</span> 
     </span>
    </p>
   </div>
   <div class='ocr_carea' id='block_1_42' title="bbox 1953 1193 3607 1268">
    <p class='ocr_par' dir='ltr' id='par_1_42' title="bbox 1953 1193 3607 1268">
     <span class='ocr_line' id='line_1_42' title="bbox 1953 1193 3607 1268; baseline 0 -18"><span class='ocrx_word' id='word_1_288' title='bbox 1953 1193 2327 1266; x_wconf 78' lang='lat' dir='ltr'>amplexeris,</span> <span class='ocrx_word' id='word_1_289' title='bbox 2353 1194 2532 1249; x_wconf 91' lang='lat' dir='ltr'>hosin</span> <span class='ocrx_word' id='word_1_290' title='bbox 2566 1194 2775 1250; x_wconf 88' lang='lat' dir='ltr'>matris</span> <span class='ocrx_word' id='word_1_291' title='bbox 2809 1198 2919 1250; x_wconf 67' lang='lat' dir='ltr'>tua:</span> <span class='ocrx_word' id='word_1_292' title='bbox 2965 1196 3208 1252; x_wconf 87' lang='lat' dir='ltr'>domum</span> <span class='ocrx_word' id='word_1_293' title='bbox 3257 1197 3384 1268; x_wconf 89' lang='lat' dir='ltr'>jam</span> <span class='ocrx_word' id='word_1_294' title='bbox 3443 1195 3607 1251; x_wconf 90' lang='lat' dir='ltr'>adul-</span> 
     </span>
    </p>
   </div>
   <div class='ocr_carea' id='block_1_43' title="bbox 1953 1283 3607 1356">
    <p class='ocr_par' dir='ltr' id='par_1_43' title="bbox 1953 1283 3607 1356">
     <span class='ocr_line' id='line_1_43' title="bbox 1953 1283 3607 1356; baseline 0 -17"><span class='ocrx_word' id='word_1_295' title='bbox 1953 1289 2108 1339; x_wconf 90' lang='lat' dir='ltr'>teros</span> <span class='ocrx_word' id='word_1_296' title='bbox 2141 1283 2594 1356; x_wconf 74' lang='lat' dir='ltr'>recipis.i\&#39;escio</span> <span class='ocrx_word' id='word_1_297' title='bbox 2619 1284 2759 1356; x_wconf 91' lang='lat' dir='ltr'>quid</span> <span class='ocrx_word' id='word_1_298' title='bbox 2793 1289 2848 1339; x_wconf 87' lang='lat' dir='ltr'>te</span> <span class='ocrx_word' id='word_1_299' title='bbox 2877 1302 3031 1339; x_wconf 91' lang='lat' dir='ltr'>unus</span> <span class='ocrx_word' id='word_1_300' title='bbox 3075 1284 3306 1340; x_wconf 89' lang='lat' dir='ltr'>adulter</span> <span class='ocrx_word' id='word_1_301' title='bbox 3329 1286 3607 1342; x_wconf 73' lang='lat' dir='ltr'>offendat.</span> 
     </span>
    </p>
   </div>
   <div class='ocr_carea' id='block_1_44' title="bbox 2023 1374 3609 1444">
    <p class='ocr_par' dir='ltr' id='par_1_44' title="bbox 2023 1374 3609 1444">
     <span class='ocr_line' id='line_1_44' title="bbox 2023 1374 3609 1444; baseline 0 -16"><span class='ocrx_word' id='word_1_302' title='bbox 2023 1376 2112 1428; x_wconf 85' lang='lat'>27.</span> <span class='ocrx_word' id='word_1_303' title='bbox 2147 1375 2435 1430; x_wconf 66' lang='lat' dir='ltr'>Ila‘reticos</span> <span class='ocrx_word' id='word_1_304' title='bbox 2465 1389 2677 1444; x_wconf 86' lang='lat' dir='ltr'>semper</span> <span class='ocrx_word' id='word_1_305' title='bbox 2713 1377 3000 1444; x_wconf 79' lang='lat' dir='ltr'>susceptos.</span> <span class='ocrx_word' id='word_1_306' title='bbox 3060 1405 3130 1414; x_wconf 91' lang='lat'>-—</span> <span class='ocrx_word' id='word_1_307' title='bbox 3190 1374 3354 1439; x_wconf 90' lang='lat' dir='ltr'>Quod</span> <span class='ocrx_word' id='word_1_308' title='bbox 3403 1375 3453 1430; x_wconf 87' lang='lat' dir='ltr'>si</span> <span class='ocrx_word' id='word_1_309' title='bbox 3512 1390 3609 1429; x_wconf 90' lang='lat' dir='ltr'>ne-</span> 
     </span>
    </p>
   </div>
   <div class='ocr_carea' id='block_1_45' title="bbox 1953 1462 3612 1535">
    <p class='ocr_par' dir='ltr' id='par_1_45' title="bbox 1953 1462 3612 1535">
     <span class='ocr_line' id='line_1_45' title="bbox 1953 1462 3612 1535; baseline 0 -17"><span class='ocrx_word' id='word_1_310' title='bbox 1953 1464 2213 1535; x_wconf 86' lang='lat' dir='ltr'>gandum</span> <span class='ocrx_word' id='word_1_311' title='bbox 2247 1463 2539 1535; x_wconf 88' lang='lat' dir='ltr'>quispiam</span> <span class='ocrx_word' id='word_1_312' title='bbox 2571 1462 3188 1535; x_wconf 77' lang='lat' dir='ltr'>putaverit,ha2reticos</span> <span class='ocrx_word' id='word_1_313' title='bbox 3221 1480 3255 1518; x_wconf 92' lang='lat' dir='ltr'>a</span> <span class='ocrx_word' id='word_1_314' title='bbox 3286 1463 3612 1534; x_wconf 87' lang='lat' dir='ltr'>majoribus</span> 
     </span>
    </p>
   </div>
   <div class='ocr_carea' id='block_1_46' title="bbox 1957 1552 3612 1625">
    <p class='ocr_par' dir='ltr' id='par_1_46' title="bbox 1957 1552 3612 1625">
     <span class='ocr_line' id='line_1_46' title="bbox 1957 1552 3612 1625; baseline -0.001 -17"><span class='ocrx_word' id='word_1_315' title='bbox 1957 1553 2174 1609; x_wconf 83' lang='lat' dir='ltr'>nostris</span> <span class='ocrx_word' id='word_1_316' title='bbox 2205 1569 2435 1624; x_wconf 90' lang='lat' dir='ltr'>semper</span> <span class='ocrx_word' id='word_1_317' title='bbox 2468 1552 2648 1608; x_wconf 81' lang='lat' dir='ltr'>fuisse</span> <span class='ocrx_word' id='word_1_318' title='bbox 2708 1558 3034 1624; x_wconf 87' lang='lat' dir='ltr'>susceptos,</span> <span class='ocrx_word' id='word_1_319' title='bbox 3095 1552 3252 1624; x_wconf 86' lang='lat' dir='ltr'>legat</span> <span class='ocrx_word' id='word_1_320' title='bbox 3296 1553 3447 1608; x_wconf 84' lang='lat' dir='ltr'>beati</span> <span class='ocrx_word' id='word_1_321' title='bbox 3505 1552 3612 1625; x_wconf 80' lang='lat' dir='ltr'>Cy—</span> 
     </span>
    </p>
   </div>
   <div class='ocr_carea' id='block_1_47' title="bbox 1956 1641 3612 1715">
    <p class='ocr_par' dir='ltr' id='par_1_47' title="bbox 1956 1641 3612 1715">
     <span class='ocr_line' id='line_1_47' title="bbox 1956 1641 3612 1715; baseline 0 -17"><span class='ocrx_word' id='word_1_322' title='bbox 1956 1643 2145 1715; x_wconf 87' lang='lat' dir='ltr'>priani</span> <span class='ocrx_word' id='word_1_323' title='bbox 2197 1642 2496 1714; x_wconf 86' lang='lat' dir='ltr'>epistolas,</span> <span class='ocrx_word' id='word_1_324' title='bbox 2549 1642 2607 1696; x_wconf 91' lang='lat' dir='ltr'>in</span> <span class='ocrx_word' id='word_1_325' title='bbox 2658 1642 2874 1713; x_wconf 88' lang='lat' dir='ltr'>quibus</span> <span class='ocrx_word' id='word_1_326' title='bbox 2917 1641 3279 1712; x_wconf 84' lang='lat' dir='ltr'>Stephanum</span> <span class='ocrx_word' id='word_1_327' title='bbox 3338 1643 3612 1698; x_wconf 71' lang='lat' dir='ltr'>Romana:</span> 
     </span>
    </p>
   </div>
   <div class='ocr_carea' id='block_1_48' title="bbox 1959 1730 3614 1803">
    <p class='ocr_par' dir='ltr' id='par_1_48' title="bbox 1959 1730 3614 1803">
     <span class='ocr_line' id='line_1_48' title="bbox 1959 1730 3614 1803; baseline -0.001 -16"><span class='ocrx_word' id='word_1_328' title='bbox 1959 1733 2121 1787; x_wconf 92' lang='lat' dir='ltr'>urbis</span> <span class='ocrx_word' id='word_1_329' title='bbox 2151 1732 2516 1803; x_wconf 89' lang='lat' dir='ltr'>episcopum,</span> <span class='ocrx_word' id='word_1_330' title='bbox 2551 1737 2607 1788; x_wconf 90' lang='lat' dir='ltr'>et</span> <span class='ocrx_word' id='word_1_331' title='bbox 2655 1732 2986 1788; x_wconf 66' lang='lat' dir='ltr'>inveteratae</span> <span class='ocrx_word' id='word_1_332' title='bbox 3047 1730 3490 1788; x_wconf 89' lang='lat' dir='ltr'>consuetudinis</span> <span class='ocrx_word' id='word_1_333' title='bbox 3535 1731 3614 1786; x_wconf 85' lang='lat' dir='ltr'>1a-</span> 
     </span>
    </p>
   </div>
   <div class='ocr_carea' id='block_1_49' title="bbox 1958 1819 3612 1894">
    <p class='ocr_par' dir='ltr' id='par_1_49' title="bbox 1958 1819 3612 1894">
     <span class='ocr_line' id='line_1_49' title="bbox 1958 1819 3612 1894; baseline -0.001 -17"><span class='ocrx_word' id='word_1_334' title='bbox 1958 1828 2117 1877; x_wconf 85' lang='lat' dir='ltr'>cerat</span> <span class='ocrx_word' id='word_1_335' title='bbox 2145 1837 2402 1877; x_wconf 86' lang='lat' dir='ltr'>errorem</span> <span class='ocrx_word' id='word_1_336' title='bbox 2423 1823 2462 1876; x_wconf 61' lang='lat'>9.</span> <span class='ocrx_word' id='word_1_337' title='bbox 2520 1822 2699 1894; x_wconf 84' lang='lat' dir='ltr'>Legat</span> <span class='ocrx_word' id='word_1_338' title='bbox 2753 1825 2810 1876; x_wconf 90' lang='lat' dir='ltr'>et</span> <span class='ocrx_word' id='word_1_339' title='bbox 2868 1821 3056 1893; x_wconf 89' lang='lat' dir='ltr'>ipsius</span> <span class='ocrx_word' id='word_1_340' title='bbox 3109 1820 3307 1877; x_wconf 82' lang='lat' dir='ltr'>Hilarii</span> <span class='ocrx_word' id='word_1_341' title='bbox 3360 1819 3612 1888; x_wconf 88' lang='lat' dir='ltr'>libellos,</span> 
     </span>
    </p>
   </div>
   <div class='ocr_carea' id='block_1_50' title="bbox 1960 1909 3616 1982">
    <p class='ocr_par' dir='ltr' id='par_1_50' title="bbox 1960 1909 3616 1982">
     <span class='ocr_line' id='line_1_50' title="bbox 1960 1909 3616 1982; baseline -0.002 -17"><span class='ocrx_word' id='word_1_342' title='bbox 1960 1927 2108 1982; x_wconf 93' lang='lat' dir='ltr'>quos</span> <span class='ocrx_word' id='word_1_343' title='bbox 2139 1911 2421 1966; x_wconf 87' lang='lat' dir='ltr'>adversus</span> <span class='ocrx_word' id='word_1_344' title='bbox 2443 1927 2550 1965; x_wconf 91' lang='lat' dir='ltr'>nos</span> <span class='ocrx_word' id='word_1_345' title='bbox 2581 1911 2650 1966; x_wconf 90' lang='lat' dir='ltr'>de</span> <span class='ocrx_word' id='word_1_346' title='bbox 2681 1909 2966 1966; x_wconf 66' lang='lat' dir='ltr'>haereticis</span> <span class='ocrx_word' id='word_1_347' title='bbox 3013 1909 3443 1982; x_wconf 87' lang='lat' dir='ltr'>rebaptizandis</span> <span class='ocrx_word' id='word_1_348' title='bbox 3499 1909 3616 1964; x_wconf 90' lang='lat' dir='ltr'>edi-</span> 
     </span>
    </p>
   </div>
   <div class='ocr_carea' id='block_1_51' title="bbox 1961 1998 3618 2072">
    <p class='ocr_par' dir='ltr' id='par_1_51' title="bbox 1961 1998 3618 2072">
     <span class='ocr_line' id='line_1_51' title="bbox 1961 1998 3618 2072; baseline -0.001 -17"><span class='ocrx_word' id='word_1_349' title='bbox 1961 1999 2066 2067; x_wconf 91' lang='lat' dir='ltr'>dit,</span> <span class='ocrx_word' id='word_1_350' title='bbox 2106 2004 2164 2056; x_wconf 88' lang='lat' dir='ltr'>et</span> <span class='ocrx_word' id='word_1_351' title='bbox 2219 1999 2299 2055; x_wconf 91' lang='lat' dir='ltr'>ibi</span> <span class='ocrx_word' id='word_1_352' title='bbox 2379 1999 2628 2072; x_wconf 89' lang='lat' dir='ltr'>reperiet</span> <span class='ocrx_word' id='word_1_353' title='bbox 2681 1999 2878 2071; x_wconf 91' lang='lat' dir='ltr'>ipsum</span> <span class='ocrx_word' id='word_1_354' title='bbox 2912 1999 3199 2055; x_wconf 89' lang='lat' dir='ltr'>Hilarium</span> <span class='ocrx_word' id='word_1_355' title='bbox 3245 1998 3530 2070; x_wconf 83' lang='lat' dir='ltr'>confiteri,</span> <span class='ocrx_word' id='word_1_356' title='bbox 3584 2016 3618 2054; x_wconf 91' lang='lat' dir='ltr'>a</span> 
     </span>
    </p>
   </div>
   <div class='ocr_carea' id='block_1_52' title="bbox 1957 2087 3618 2162">
    <p class='ocr_par' dir='ltr' id='par_1_52' title="bbox 1957 2087 3618 2162">
     <span class='ocr_line' id='line_1_52' title="bbox 1957 2087 3618 2162; baseline -0.002 -17"><span class='ocrx_word' id='word_1_357' title='bbox 1957 2088 2129 2155; x_wconf 86' lang='lat' dir='ltr'>Julio,</span> <span class='ocrx_word' id='word_1_358' title='bbox 2163 2093 2373 2156; x_wconf 88' lang='lat' dir='ltr'>Marco,</span> <span class='ocrx_word' id='word_1_359' title='bbox 2396 2088 2706 2162; x_wconf 84' lang='lat' dir='ltr'>Sylvestro,</span> <span class='ocrx_word' id='word_1_360' title='bbox 2766 2095 2822 2146; x_wconf 90' lang='lat' dir='ltr'>et</span> <span class='ocrx_word' id='word_1_361' title='bbox 2870 2088 3092 2145; x_wconf 82' lang='lat' dir='ltr'>caeteris</span> <span class='ocrx_word' id='word_1_362' title='bbox 3139 2088 3434 2146; x_wconf 83' lang='lat' dir='ltr'>veteribus</span> <span class='ocrx_word' id='word_1_363' title='bbox 3493 2087 3618 2160; x_wconf 93' lang='lat' dir='ltr'>epi-</span> 
     </span>
    </p>
   </div>
   <div class='ocr_carea' id='block_1_53' title="bbox 1959 2177 3616 2251">
    <p class='ocr_par' dir='ltr' id='par_1_53' title="bbox 1959 2177 3616 2251">
     <span class='ocr_line' id='line_1_53' title="bbox 1959 2177 3616 2251; baseline -0.001 -17"><span class='ocrx_word' id='word_1_364' title='bbox 1959 2179 2151 2251; x_wconf 87' lang='lat' dir='ltr'>scopis</span> <span class='ocrx_word' id='word_1_365' title='bbox 2183 2179 2452 2235; x_wconf 89' lang='lat' dir='ltr'>similiter</span> <span class='ocrx_word' id='word_1_366' title='bbox 2482 2178 2540 2234; x_wconf 92' lang='lat' dir='ltr'>in</span> <span class='ocrx_word' id='word_1_367' title='bbox 2597 2178 2997 2251; x_wconf 81' lang='lat' dir='ltr'>paenitentiam</span> <span class='ocrx_word' id='word_1_368' title='bbox 3057 2194 3261 2234; x_wconf 91' lang='lat' dir='ltr'>omnes</span> <span class='ocrx_word' id='word_1_369' title='bbox 3312 2177 3616 2234; x_wconf 77' lang='lat' dir='ltr'>haereticos</span> 
     </span>
    </p>
   </div>
   <div class='ocr_carea' id='block_1_54' title="bbox 1959 2267 3613 2340">
    <p class='ocr_par' dir='ltr' id='par_1_54' title="bbox 1959 2267 3613 2340">
     <span class='ocr_line' id='line_1_54' title="bbox 1959 2267 3613 2340; baseline -0.002 -16"><span class='ocrx_word' id='word_1_370' title='bbox 1959 2273 2262 2340; x_wconf 81' lang='lat' dir='ltr'>susceptos</span> <span class='ocrx_word' id='word_1_371' title='bbox 2299 2285 2435 2325; x_wconf 89' lang='lat' dir='ltr'>:nec</span> <span class='ocrx_word' id='word_1_372' title='bbox 2466 2273 2664 2324; x_wconf 89' lang='lat' dir='ltr'>tamen</span> <span class='ocrx_word' id='word_1_373' title='bbox 2698 2268 2937 2323; x_wconf 91' lang='lat' dir='ltr'>sibimet</span> <span class='ocrx_word' id='word_1_374' title='bbox 2977 2267 3239 2323; x_wconf 89' lang='lat' dir='ltr'>veritatis</span> <span class='ocrx_word' id='word_1_375' title='bbox 3300 2270 3613 2323; x_wconf 89' lang='lat' dir='ltr'>consuetu-</span> 
     </span>
    </p>
   </div>
   <div class='ocr_carea' id='block_1_55' title="bbox 1957 2355 3615 2431">
    <p class='ocr_par' dir='ltr' id='par_1_55' title="bbox 1957 2355 3615 2431">
     <span class='ocr_line' id='line_1_55' title="bbox 1957 2355 3615 2431; baseline -0.002 -18"><span class='ocrx_word' id='word_1_376' title='bbox 1957 2358 2554 2431; x_wconf 67' lang='lat' dir='ltr'>dinemprrejudicare</span> <span class='ocrx_word' id='word_1_377' title='bbox 2603 2358 2836 2424; x_wconf 90' lang='lat' dir='ltr'>debere,</span> <span class='ocrx_word' id='word_1_378' title='bbox 2898 2357 3168 2429; x_wconf 81' lang='lat' dir='ltr'>Synodus</span> <span class='ocrx_word' id='word_1_379' title='bbox 3226 2372 3459 2428; x_wconf 90' lang='lat' dir='ltr'>quoque</span> <span class='ocrx_word' id='word_1_380' title='bbox 3518 2355 3615 2411; x_wconf 89' lang='lat' dir='ltr'>Ni-</span> 
     </span>
    </p>
   </div>
   <div class='ocr_carea' id='block_1_56' title="bbox 1958 2446 3616 2520">
    <p class='ocr_par' dir='ltr' id='par_1_56' title="bbox 1958 2446 3616 2520">
     <span class='ocr_line' id='line_1_56' title="bbox 1958 2446 3616 2520; baseline -0.003 -16"><span class='ocrx_word' id='word_1_381' title='bbox 1958 2465 2137 2514; x_wconf 73' lang='lat' dir='ltr'>caena,</span> <span class='ocrx_word' id='word_1_382' title='bbox 2169 2449 2340 2518; x_wconf 84' lang='lat' dir='ltr'>cujus</span> <span class='ocrx_word' id='word_1_383' title='bbox 2372 2447 2549 2520; x_wconf 89' lang='lat' dir='ltr'>paulo</span> <span class='ocrx_word' id='word_1_384' title='bbox 2584 2451 2718 2502; x_wconf 92' lang='lat' dir='ltr'>ante</span> <span class='ocrx_word' id='word_1_385' title='bbox 2751 2446 2997 2501; x_wconf 86' lang='lat' dir='ltr'>fecimus</span> <span class='ocrx_word' id='word_1_386' title='bbox 3046 2447 3428 2508; x_wconf 89' lang='lat' dir='ltr'>mentionem,</span> <span class='ocrx_word' id='word_1_387' title='bbox 3484 2461 3616 2500; x_wconf 88' lang='lat' dir='ltr'>om-</span> 
     </span>
    </p>
   </div>
   <div class='ocr_carea' id='block_1_57' title="bbox 1958 2534 3611 2608">
    <p class='ocr_par' dir='ltr' id='par_1_57' title="bbox 1958 2534 3611 2608">
     <span class='ocr_line' id='line_1_57' title="bbox 1958 2534 3611 2608; baseline -0.002 -15"><span class='ocrx_word' id='word_1_388' title='bbox 1958 2555 2062 2593; x_wconf 88' lang='lat' dir='ltr'>nes</span> <span class='ocrx_word' id='word_1_389' title='bbox 2092 2537 2394 2594; x_wconf 77' lang='lat' dir='ltr'>haereticos</span> <span class='ocrx_word' id='word_1_390' title='bbox 2424 2537 2702 2608; x_wconf 89' lang='lat' dir='ltr'>suscepit,</span> <span class='ocrx_word' id='word_1_391' title='bbox 2735 2536 2992 2608; x_wconf 85' lang='lat' dir='ltr'>exceptis</span> <span class='ocrx_word' id='word_1_392' title='bbox 3025 2535 3187 2591; x_wconf 89' lang='lat' dir='ltr'>Pauli</span> <span class='ocrx_word' id='word_1_393' title='bbox 3243 2534 3611 2591; x_wconf 86' lang='lat' dir='ltr'>Samosateni</span> 
     </span>
    </p>
   </div>
   <div class='ocr_carea' id='block_1_58' title="bbox 1956 2624 3614 2698">
    <p class='ocr_par' dir='ltr' id='par_1_58' title="bbox 1956 2624 3614 2698">
     <span class='ocr_line' id='line_1_58' title="bbox 1956 2624 3614 2698; baseline -0.002 -16"><span class='ocrx_word' id='word_1_394' title='bbox 1956 2627 2283 2698; x_wconf 90' lang='lat' dir='ltr'>discipulis.</span> <span class='ocrx_word' id='word_1_395' title='bbox 2317 2628 2386 2681; x_wconf 91' lang='lat' dir='ltr'>Et</span> <span class='ocrx_word' id='word_1_396' title='bbox 2405 2627 2559 2698; x_wconf 92' lang='lat' dir='ltr'>quod</span> <span class='ocrx_word' id='word_1_397' title='bbox 2591 2625 2685 2681; x_wconf 91' lang='lat' dir='ltr'>his</span> <span class='ocrx_word' id='word_1_398' title='bbox 2715 2627 2916 2698; x_wconf 85' lang='lat' dir='ltr'>majus</span> <span class='ocrx_word' id='word_1_399' title='bbox 2952 2630 3061 2692; x_wconf 89' lang='lat' dir='ltr'>est,</span> <span class='ocrx_word' id='word_1_400' title='bbox 3095 2625 3367 2696; x_wconf 88' lang='lat' dir='ltr'>episcopo</span> <span class='ocrx_word' id='word_1_401' title='bbox 3424 2624 3614 2680; x_wconf 88' lang='lat' dir='ltr'>Nova-</span> 
     </span>
    </p>
   </div>
   <div class='ocr_carea' id='block_1_59' title="bbox 1953 2713 3612 2787">
    <p class='ocr_par' dir='ltr' id='par_1_59' title="bbox 1953 2713 3612 2787">
     <span class='ocr_line' id='line_1_59' title="bbox 1953 2713 3612 2787; baseline 0 -16"><span class='ocrx_word' id='word_1_402' title='bbox 1953 2715 2339 2784; x_wconf 88' lang='lat' dir='ltr'>tianorum,si</span> <span class='ocrx_word' id='word_1_403' title='bbox 2373 2733 2694 2772; x_wconf 88' lang='lat' dir='ltr'>conversus</span> <span class='ocrx_word' id='word_1_404' title='bbox 2728 2715 2926 2782; x_wconf 86' lang='lat' dir='ltr'>fuerit,</span> <span class='ocrx_word' id='word_1_405' title='bbox 2965 2713 3310 2787; x_wconf 83' lang='lat' dir='ltr'>presbyterii</span> <span class='ocrx_word' id='word_1_406' title='bbox 3366 2714 3612 2784; x_wconf 81' lang='lat' dir='ltr'>gradum</span> 
     </span>
    </p>
   </div>
   <div class='ocr_carea' id='block_1_60' title="bbox 1955 2802 3617 2876">
    <p class='ocr_par' dir='ltr' id='par_1_60' title="bbox 1955 2802 3617 2876">
     <span class='ocr_line' id='line_1_60' title="bbox 1955 2802 3617 2876; baseline -0.002 -15"><span class='ocrx_word' id='word_1_407' title='bbox 1955 2810 2168 2862; x_wconf 88' lang='lat' dir='ltr'>servat.</span> <span class='ocrx_word' id='word_1_408' title='bbox 2200 2808 2332 2872; x_wconf 83' lang='lat' dir='ltr'>Quae</span> <span class='ocrx_word' id='word_1_409' title='bbox 2365 2806 2656 2861; x_wconf 89' lang='lat' dir='ltr'>sententia</span> <span class='ocrx_word' id='word_1_410' title='bbox 2687 2809 2745 2860; x_wconf 91' lang='lat' dir='ltr'>et</span> <span class='ocrx_word' id='word_1_411' title='bbox 2777 2804 3113 2859; x_wconf 86' lang='lat' dir='ltr'>Luciferum</span> <span class='ocrx_word' id='word_1_412' title='bbox 3165 2802 3501 2876; x_wconf 88' lang='lat' dir='ltr'>impugnat,</span> <span class='ocrx_word' id='word_1_413' title='bbox 3560 2806 3617 2858; x_wconf 91' lang='lat' dir='ltr'>et</span> 
     </span>
    </p>
   </div>
   <div class='ocr_carea' id='block_1_61' title="bbox 1953 2892 3610 2963">
    <p class='ocr_par' dir='ltr' id='par_1_61' title="bbox 1953 2892 3610 2963">
     <span class='ocr_line' id='line_1_61' title="bbox 1953 2892 3610 2963; baseline -0.002 -13"><span class='ocrx_word' id='word_1_414' title='bbox 1953 2894 2234 2950; x_wconf 86' lang='lat' dir='ltr'>Hilarium</span> <span class='ocrx_word' id='word_1_415' title='bbox 2263 2913 2276 2950; x_wconf 91' lang='lat'>:</span> <span class='ocrx_word' id='word_1_416' title='bbox 2305 2896 2448 2950; x_wconf 89' lang='lat' dir='ltr'>dum</span> <span class='ocrx_word' id='word_1_417' title='bbox 2479 2895 2633 2950; x_wconf 90' lang='lat' dir='ltr'>idem</span> <span class='ocrx_word' id='word_1_418' title='bbox 2666 2899 2722 2950; x_wconf 89' lang='lat' dir='ltr'>et</span> <span class='ocrx_word' id='word_1_419' title='bbox 2742 2893 2988 2950; x_wconf 91' lang='lat' dir='ltr'>clericus</span> <span class='ocrx_word' id='word_1_420' title='bbox 3020 2898 3127 2962; x_wconf 90' lang='lat' dir='ltr'>est,</span> <span class='ocrx_word' id='word_1_421' title='bbox 3156 2896 3213 2948; x_wconf 91' lang='lat' dir='ltr'>et</span> <span class='ocrx_word' id='word_1_422' title='bbox 3253 2892 3610 2963; x_wconf 88' lang='lat' dir='ltr'>baptizatus.</span> 
     </span>
    </p>
   </div>
   <div class='ocr_carea' id='block_1_62' title="bbox 2025 2982 3612 3058">
    <p class='ocr_par' dir='ltr' id='par_1_62' title="bbox 2025 2982 3612 3058">
     <span class='ocr_line' id='line_1_62' title="bbox 2025 2982 3612 3058; baseline -0.003 -17"><span class='ocrx_word' id='word_1_423' title='bbox 2025 2986 2171 3041; x_wconf 72' lang='lat'>201</span> <span class='ocrx_word' id='word_1_424' title='bbox 2197 2987 2287 3040; x_wconf 85' lang='lat'>28.</span> <span class='ocrx_word' id='word_1_425' title='bbox 2320 2988 2379 3040; x_wconf 90' lang='lat' dir='ltr'>In</span> <span class='ocrx_word' id='word_1_426' title='bbox 2409 3002 2518 3058; x_wconf 89' lang='lat' dir='ltr'>qua</span> <span class='ocrx_word' id='word_1_427' title='bbox 2558 2986 2798 3040; x_wconf 77' lang='lat' dir='ltr'>Ecclesia</span> <span class='ocrx_word' id='word_1_428' title='bbox 2848 2983 3304 3054; x_wconf 83' lang='lat' dir='ltr'>permanendum.</span> <span class='ocrx_word' id='word_1_429' title='bbox 3372 2982 3612 3038; x_wconf 88' lang='lat' dir='ltr'>Conclu-</span> 
     </span>
    </p>
   </div>
   <div class='ocr_carea' id='block_1_63' title="bbox 1949 3070 3611 3147">
    <p class='ocr_par' dir='ltr' id='par_1_63' title="bbox 1949 3070 3611 3147">
     <span class='ocr_line' id='line_1_63' title="bbox 1949 3070 3611 3147; baseline -0.003 -17"><span class='ocrx_word' id='word_1_430' title='bbox 1949 3077 2033 3130; x_wconf 87' lang='lat' dir='ltr'>sio</span> <span class='ocrx_word' id='word_1_431' title='bbox 2100 3077 2500 3147; x_wconf 83' lang='lat' dir='ltr'>Disputationis</span> <span class='ocrx_word' id='word_1_432' title='bbox 2555 3077 2606 3130; x_wconf 85' lang='lat' dir='ltr'>et</span> <span class='ocrx_word' id='word_1_433' title='bbox 2670 3077 2906 3145; x_wconf 80' lang='lat' dir='ltr'>fructus.</span> <span class='ocrx_word' id='word_1_434' title='bbox 2955 3102 3024 3112; x_wconf 83' lang='lat'>—-</span> <span class='ocrx_word' id='word_1_435' title='bbox 3108 3072 3372 3128; x_wconf 86' lang='lat' dir='ltr'>Poteram</span> <span class='ocrx_word' id='word_1_436' title='bbox 3457 3070 3611 3126; x_wconf 89' lang='lat' dir='ltr'>diem</span> 
     </span>
    </p>
   </div>
   <div class='ocr_carea' id='block_1_64' title="bbox 1949 3159 3596 3235">
    <p class='ocr_par' dir='ltr' id='par_1_64' title="bbox 1949 3159 3596 3235">
     <span class='ocr_line' id='line_1_64' title="bbox 1949 3159 3596 3235; baseline -0.002 -17"><span class='ocrx_word' id='word_1_437' title='bbox 1949 3164 2286 3220; x_wconf 88' lang='lat' dir='ltr'>istiusmodi</span> <span class='ocrx_word' id='word_1_438' title='bbox 2305 3164 2536 3235; x_wconf 89' lang='lat' dir='ltr'>eloquio</span> <span class='ocrx_word' id='word_1_439' title='bbox 2557 3164 2790 3228; x_wconf 87' lang='lat' dir='ltr'>ducere,</span> <span class='ocrx_word' id='word_1_440' title='bbox 2811 3165 2868 3217; x_wconf 89' lang='lat' dir='ltr'>et</span> <span class='ocrx_word' id='word_1_441' title='bbox 2894 3177 3100 3216; x_wconf 87' lang='lat' dir='ltr'>omnes</span> <span class='ocrx_word' id='word_1_442' title='bbox 3129 3159 3596 3232; x_wconf 89' lang='lat' dir='ltr'>propositionum</span> 
     </span>
    </p>
   </div>
   <div class='ocr_carea' id='block_1_65' title="bbox 201 3240 3600 3326">
    <p class='ocr_par' dir='ltr' id='par_1_65' title="bbox 201 3240 3600 3326">
     <span class='ocr_line' id='line_1_65' title="bbox 201 3240 3600 3326; baseline -0.001 -18"><span class='ocrx_word' id='word_1_443' title='bbox 201 3254 252 3308; x_wconf 91' lang='lat' dir='ltr'>Si</span> <span class='ocrx_word' id='word_1_444' title='bbox 275 3254 425 3311; x_wconf 90' lang='lat' dir='ltr'>enim</span> <span class='ocrx_word' id='word_1_445' title='bbox 459 3255 718 3310; x_wconf 80' lang='lat' dir='ltr'>haeretici</span> <span class='ocrx_word' id='word_1_446' title='bbox 751 3254 1091 3326; x_wconf 88' lang='lat' dir='ltr'>batiptisma</span> <span class='ocrx_word' id='word_1_447' title='bbox 1140 3273 1253 3310; x_wconf 91' lang='lat' dir='ltr'>non</span> <span class='ocrx_word' id='word_1_448' title='bbox 1315 3255 1552 3324; x_wconf 87' lang='lat' dir='ltr'>habent,</span> <span class='ocrx_word' id='word_1_449' title='bbox 1607 3261 1664 3313; x_wconf 88' lang='lat' dir='ltr'>et</span> <span class='ocrx_word' id='word_1_450' title='bbox 1709 3258 1838 3313; x_wconf 90' lang='lat' dir='ltr'>ideo</span> <span class='ocrx_word' id='word_1_451' title='bbox 1872 3240 1914 3306; x_wconf 87' lang='lat' dir='ltr'>C</span> <span class='ocrx_word' id='word_1_452' title='bbox 1953 3254 2174 3310; x_wconf 87' lang='lat' dir='ltr'>rivulos</span> <span class='ocrx_word' id='word_1_453' title='bbox 2221 3270 2337 3309; x_wconf 92' lang='lat' dir='ltr'>uno</span> <span class='ocrx_word' id='word_1_454' title='bbox 2368 3252 2634 3308; x_wconf 57' lang='lat' dir='ltr'>Ecclesia</span> <span class='ocrx_word' id='word_1_455' title='bbox 2653 3251 2773 3307; x_wconf 90' lang='lat' dir='ltr'>sole</span> <span class='ocrx_word' id='word_1_456' title='bbox 2804 3250 3265 3306; x_wconf 89' lang='lat' dir='ltr'>siccare.Verum</span> <span class='ocrx_word' id='word_1_457' title='bbox 3297 3249 3438 3321; x_wconf 89' lang='lat' dir='ltr'>quia</span> <span class='ocrx_word' id='word_1_458' title='bbox 3472 3249 3600 3320; x_wconf 85' lang='lat' dir='ltr'>jam</span> 
     </span>
    </p>
   </div>
   <div class='ocr_carea' id='block_1_66' title="bbox 203 3344 1841 3417">
    <p class='ocr_par' dir='ltr' id='par_1_66' title="bbox 203 3344 1841 3417">
     <span class='ocr_line' id='line_1_66' title="bbox 203 3344 1841 3417; baseline 0.003 -19"><span class='ocrx_word' id='word_1_459' title='bbox 203 3344 594 3417; x_wconf 86' lang='lat' dir='ltr'>rebaptizandi</span> <span class='ocrx_word' id='word_1_460' title='bbox 625 3344 698 3400; x_wconf 89' lang='lat' dir='ltr'>ab</span> <span class='ocrx_word' id='word_1_461' title='bbox 731 3344 988 3400; x_wconf 89' lang='lat' dir='ltr'>Ecclesia</span> <span class='ocrx_word' id='word_1_462' title='bbox 1005 3345 1318 3417; x_wconf 86' lang='lat' dir='ltr'>sunt,quia</span> <span class='ocrx_word' id='word_1_463' title='bbox 1348 3345 1405 3400; x_wconf 92' lang='lat' dir='ltr'>in</span> <span class='ocrx_word' id='word_1_464' title='bbox 1439 3346 1698 3403; x_wconf 87' lang='lat' dir='ltr'>Ecclesia</span> <span class='ocrx_word' id='word_1_465' title='bbox 1727 3366 1841 3404; x_wconf 90' lang='lat' dir='ltr'>non</span> 
     </span>
    </p>
   </div>
   <div class='ocr_carea' id='block_1_67' title="bbox 201 3431 1839 3506">
    <p class='ocr_par' dir='ltr' id='par_1_67' title="bbox 201 3431 1839 3506">
     <span class='ocr_line' id='line_1_67' title="bbox 201 3431 1839 3506; baseline 0.004 -21"><span class='ocrx_word' id='word_1_466' title='bbox 201 3431 444 3502; x_wconf 83' lang='lat' dir='ltr'>fuerunt,</span> <span class='ocrx_word' id='word_1_467' title='bbox 474 3435 606 3506; x_wconf 89' lang='lat' dir='ltr'>ipse</span> <span class='ocrx_word' id='word_1_468' title='bbox 644 3449 877 3505; x_wconf 89' lang='lat' dir='ltr'>quoque</span> <span class='ocrx_word' id='word_1_469' title='bbox 908 3433 1163 3490; x_wconf 90' lang='lat' dir='ltr'>Hilarius</span> <span class='ocrx_word' id='word_1_470' title='bbox 1196 3451 1308 3490; x_wconf 88' lang='lat' dir='ltr'>non</span> <span class='ocrx_word' id='word_1_471' title='bbox 1332 3441 1422 3491; x_wconf 87' lang='lat' dir='ltr'>est</span> <span class='ocrx_word' id='word_1_472' title='bbox 1451 3435 1839 3492; x_wconf 88' lang='lat' dir='ltr'>Christianus.</span> 
     </span>
    </p>
   </div>
   <div class='ocr_carea' id='block_1_68' title="bbox 200 3523 1843 3598">
    <p class='ocr_par' dir='ltr' id='par_1_68' title="bbox 200 3523 1843 3598">
     <span class='ocr_line' id='line_1_68' title="bbox 200 3523 1843 3598; baseline 0.004 -22"><span class='ocrx_word' id='word_1_473' title='bbox 200 3524 258 3577; x_wconf 83' lang='lat' dir='ltr'>In</span> <span class='ocrx_word' id='word_1_474' title='bbox 288 3539 352 3578; x_wconf 90' lang='lat' dir='ltr'>ea</span> <span class='ocrx_word' id='word_1_475' title='bbox 380 3525 604 3596; x_wconf 86' lang='lat' dir='ltr'>quippe</span> <span class='ocrx_word' id='word_1_476' title='bbox 647 3525 801 3580; x_wconf 73' lang='lat'>200</span> <span class='ocrx_word' id='word_1_477' title='bbox 848 3523 1106 3580; x_wconf 90' lang='lat' dir='ltr'>Ecclesia</span> <span class='ocrx_word' id='word_1_478' title='bbox 1160 3525 1493 3596; x_wconf 87' lang='lat' dir='ltr'>baptizatus</span> <span class='ocrx_word' id='word_1_479' title='bbox 1547 3530 1655 3595; x_wconf 90' lang='lat' dir='ltr'>est,</span> <span class='ocrx_word' id='word_1_480' title='bbox 1718 3543 1843 3598; x_wconf 80' lang='lat' dir='ltr'>quae</span> 
     </span>
    </p>
   </div>
   <div class='ocr_carea' id='block_1_69' title="bbox 197 3612 1843 3688">
    <p class='ocr_par' dir='ltr' id='par_1_69' title="bbox 197 3612 1843 3688">
     <span class='ocr_line' id='line_1_69' title="bbox 197 3612 1843 3688; baseline 0.004 -23"><span class='ocrx_word' id='word_1_481' title='bbox 197 3627 414 3684; x_wconf 84' lang='lat' dir='ltr'>semper</span> <span class='ocrx_word' id='word_1_482' title='bbox 463 3613 541 3668; x_wconf 92' lang='lat' dir='ltr'>ab</span> <span class='ocrx_word' id='word_1_483' title='bbox 587 3612 875 3667; x_wconf 65' lang='lat' dir='ltr'>haereticis</span> <span class='ocrx_word' id='word_1_484' title='bbox 932 3613 1296 3686; x_wconf 88' lang='lat' dir='ltr'>baptismum</span> <span class='ocrx_word' id='word_1_485' title='bbox 1352 3615 1588 3688; x_wconf 88' lang='lat' dir='ltr'>recepit.</span> <span class='ocrx_word' id='word_1_486' title='bbox 1673 3620 1843 3673; x_wconf 85' lang='lat' dir='ltr'>Ante-</span> 
     </span>
    </p>
   </div>
   <div class='ocr_carea' id='block_1_70' title="bbox 196 3701 1845 3778">
    <p class='ocr_par' dir='ltr' id='par_1_70' title="bbox 196 3701 1845 3778">
     <span class='ocr_line' id='line_1_70' title="bbox 196 3701 1845 3778; baseline 0.005 -23"><span class='ocrx_word' id='word_1_487' title='bbox 196 3715 360 3772; x_wconf 86' lang='lat' dir='ltr'>quam</span> <span class='ocrx_word' id='word_1_488' title='bbox 389 3701 783 3758; x_wconf 81' lang='lat' dir='ltr'>Ariminensis</span> <span class='ocrx_word' id='word_1_489' title='bbox 817 3703 1076 3776; x_wconf 80' lang='lat' dir='ltr'>synodus</span> <span class='ocrx_word' id='word_1_490' title='bbox 1137 3704 1314 3772; x_wconf 81' lang='lat' dir='ltr'>fieret,</span> <span class='ocrx_word' id='word_1_491' title='bbox 1365 3711 1680 3778; x_wconf 89' lang='lat' dir='ltr'>antequam</span> <span class='ocrx_word' id='word_1_492' title='bbox 1736 3708 1845 3762; x_wconf 89' lang='lat' dir='ltr'>Lu-</span> 
     </span>
    </p>
   </div>
   <div class='ocr_carea' id='block_1_71' title="bbox 193 3788 1839 3859">
    <p class='ocr_par' dir='ltr' id='par_1_71' title="bbox 193 3788 1839 3859">
     <span class='ocr_line' id='line_1_71' title="bbox 193 3788 1839 3859; baseline 0.005 -16"><span class='ocrx_word' id='word_1_493' title='bbox 193 3788 323 3845; x_wconf 88' lang='lat' dir='ltr'>cifer</span> <span class='ocrx_word' id='word_1_494' title='bbox 371 3789 697 3859; x_wconf 82' lang='lat' dir='ltr'>exsularet,</span> <span class='ocrx_word' id='word_1_495' title='bbox 750 3790 1009 3847; x_wconf 85' lang='lat' dir='ltr'>Hilarius</span> <span class='ocrx_word' id='word_1_496' title='bbox 1054 3793 1328 3848; x_wconf 82' lang='lat' dir='ltr'>Romanae</span> <span class='ocrx_word' id='word_1_497' title='bbox 1379 3794 1644 3851; x_wconf 72' lang='lat' dir='ltr'>Ecclesiae</span> <span class='ocrx_word' id='word_1_498' title='bbox 1716 3797 1839 3852; x_wconf 89' lang='lat' dir='ltr'>dia-</span> 
     </span>
    </p>
   </div>
   <div class='ocr_carea' id='block_1_72' title="bbox 193 3879 1841 3956">
    <p class='ocr_par' dir='ltr' id='par_1_72' title="bbox 193 3879 1841 3956">
     <span class='ocr_line' id='line_1_72' title="bbox 193 3879 1841 3956; baseline 0.005 -24"><span class='ocrx_word' id='word_1_499' title='bbox 193 3893 365 3935; x_wconf 89' lang='lat' dir='ltr'>conus</span> <span class='ocrx_word' id='word_1_500' title='bbox 394 3881 467 3936; x_wconf 90' lang='lat' dir='ltr'>ab</span> <span class='ocrx_word' id='word_1_501' title='bbox 511 3879 804 3936; x_wconf 70' lang='lat' dir='ltr'>haereticis</span> <span class='ocrx_word' id='word_1_502' title='bbox 855 3880 1176 3948; x_wconf 85' lang='lat' dir='ltr'>venientes,</span> <span class='ocrx_word' id='word_1_503' title='bbox 1230 3882 1290 3937; x_wconf 92' lang='lat' dir='ltr'>in</span> <span class='ocrx_word' id='word_1_504' title='bbox 1350 3899 1415 3938; x_wconf 91' lang='lat' dir='ltr'>eo</span> <span class='ocrx_word' id='word_1_505' title='bbox 1470 3885 1625 3955; x_wconf 90' lang='lat' dir='ltr'>quod</span> <span class='ocrx_word' id='word_1_506' title='bbox 1675 3884 1841 3956; x_wconf 91' lang='lat' dir='ltr'>prius</span> 
     </span>
    </p>
   </div>
   <div class='ocr_carea' id='block_1_73' title="bbox 191 3969 1838 4042">
    <p class='ocr_par' dir='ltr' id='par_1_73' title="bbox 191 3969 1838 4042">
     <span class='ocr_line' id='line_1_73' title="bbox 191 3969 1838 4042; baseline 0.004 -20"><span class='ocrx_word' id='word_1_507' title='bbox 191 3973 529 4041; x_wconf 86' lang='lat' dir='ltr'>acceperant</span> <span class='ocrx_word' id='word_1_508' title='bbox 559 3969 912 4040; x_wconf 89' lang='lat' dir='ltr'>baptismate</span> <span class='ocrx_word' id='word_1_509' title='bbox 943 3970 1318 4042; x_wconf 90' lang='lat' dir='ltr'>suscipiebat.</span> <span class='ocrx_word' id='word_1_510' title='bbox 1351 3971 1474 4027; x_wconf 91' lang='lat' dir='ltr'>Nisi</span> <span class='ocrx_word' id='word_1_511' title='bbox 1512 3973 1657 4028; x_wconf 88' lang='lat' dir='ltr'>forte</span> <span class='ocrx_word' id='word_1_512' title='bbox 1711 3981 1838 4028; x_wconf 90' lang='lat' dir='ltr'>tan-</span> 
     </span>
    </p>
   </div>
   <div class='ocr_carea' id='block_1_74' title="bbox 190 4057 1835 4134">
    <p class='ocr_par' dir='ltr' id='par_1_74' title="bbox 190 4057 1835 4134">
     <span class='ocr_line' id='line_1_74' title="bbox 190 4057 1835 4134; baseline 0.004 -23"><span class='ocrx_word' id='word_1_513' title='bbox 190 4060 304 4112; x_wconf 88' lang='lat' dir='ltr'>tum</span> <span class='ocrx_word' id='word_1_514' title='bbox 336 4058 543 4114; x_wconf 84' lang='lat' dir='ltr'>Ariani</span> <span class='ocrx_word' id='word_1_515' title='bbox 577 4057 831 4114; x_wconf 77' lang='lat' dir='ltr'>haeretici</span> <span class='ocrx_word' id='word_1_516' title='bbox 863 4065 1021 4126; x_wconf 89' lang='lat' dir='ltr'>sunt,</span> <span class='ocrx_word' id='word_1_517' title='bbox 1051 4065 1108 4114; x_wconf 91' lang='lat' dir='ltr'>et</span> <span class='ocrx_word' id='word_1_518' title='bbox 1136 4061 1209 4115; x_wconf 88' lang='lat' dir='ltr'>ab</span> <span class='ocrx_word' id='word_1_519' title='bbox 1243 4061 1330 4116; x_wconf 91' lang='lat' dir='ltr'>his</span> <span class='ocrx_word' id='word_1_520' title='bbox 1371 4061 1512 4118; x_wconf 90' lang='lat' dir='ltr'>solis</span> <span class='ocrx_word' id='word_1_521' title='bbox 1573 4062 1835 4134; x_wconf 89' lang='lat' dir='ltr'>baptiza-</span> 
     </span>
    </p>
   </div>
   <div class='ocr_carea' id='block_1_75' title="bbox 187 4147 1835 4220">
    <p class='ocr_par' dir='ltr' id='par_1_75' title="bbox 187 4147 1835 4220">
     <span class='ocr_line' id='line_1_75' title="bbox 187 4147 1835 4220; baseline 0.005 -21"><span class='ocrx_word' id='word_1_522' title='bbox 187 4150 304 4202; x_wconf 89' lang='lat' dir='ltr'>tum</span> <span class='ocrx_word' id='word_1_523' title='bbox 334 4148 596 4220; x_wconf 88' lang='lat' dir='ltr'>recipere</span> <span class='ocrx_word' id='word_1_524' title='bbox 629 4164 742 4203; x_wconf 93' lang='lat' dir='ltr'>non</span> <span class='ocrx_word' id='word_1_525' title='bbox 787 4147 938 4204; x_wconf 89' lang='lat' dir='ltr'>licet.</span> <span class='ocrx_word' id='word_1_526' title='bbox 996 4148 1287 4205; x_wconf 88' lang='lat' dir='ltr'>Diaconus</span> <span class='ocrx_word' id='word_1_527' title='bbox 1336 4166 1485 4216; x_wconf 90' lang='lat' dir='ltr'>eras,</span> <span class='ocrx_word' id='word_1_528' title='bbox 1539 4168 1571 4206; x_wconf 91' lang='grc' dir='ltr'>ο</span> <span class='ocrx_word' id='word_1_529' title='bbox 1631 4151 1835 4220; x_wconf 88' lang='lat' dir='ltr'>Hilari,</span> 
     </span>
    </p>
   </div>
   <div class='ocr_carea' id='block_1_76' title="bbox 189 4236 1835 4312">
    <p class='ocr_par' dir='ltr' id='par_1_76' title="bbox 189 4236 1835 4312">
     <span class='ocr_line' id='line_1_76' title="bbox 189 4236 1835 4312; baseline 0.005 -24"><span class='ocrx_word' id='word_1_530' title='bbox 189 4239 242 4290; x_wconf 88' lang='lat' dir='ltr'>et</span> <span class='ocrx_word' id='word_1_531' title='bbox 273 4253 306 4292; x_wconf 87' lang='lat' dir='ltr'>a</span> <span class='ocrx_word' id='word_1_532' title='bbox 347 4236 687 4293; x_wconf 69' lang='lat' dir='ltr'>Manichaais</span> <span class='ocrx_word' id='word_1_533' title='bbox 723 4237 1052 4310; x_wconf 85' lang='lat' dir='ltr'>baptizatos</span> <span class='ocrx_word' id='word_1_534' title='bbox 1100 4238 1484 4312; x_wconf 68' lang='lat' dir='ltr'>recipiebas‘.</span> <span class='ocrx_word' id='word_1_535' title='bbox 1542 4239 1835 4297; x_wconf 88' lang='lat' dir='ltr'>Diaconus</span> 
     </span>
    </p>
   </div>
   <div class='ocr_carea' id='block_1_77' title="bbox 186 4325 1834 4402">
    <p class='ocr_par' dir='ltr' id='par_1_77' title="bbox 186 4325 1834 4402">
     <span class='ocr_line' id='line_1_77' title="bbox 186 4325 1834 4402; baseline 0.005 -24"><span class='ocrx_word' id='word_1_536' title='bbox 186 4340 327 4391; x_wconf 88' lang='lat' dir='ltr'>eras,</span> <span class='ocrx_word' id='word_1_537' title='bbox 360 4331 417 4382; x_wconf 89' lang='lat' dir='ltr'>et</span> <span class='ocrx_word' id='word_1_538' title='bbox 446 4325 692 4382; x_wconf 90' lang='lat' dir='ltr'>Ebionis</span> <span class='ocrx_word' id='word_1_539' title='bbox 723 4327 1020 4399; x_wconf 88' lang='lat' dir='ltr'>baptisma</span> <span class='ocrx_word' id='word_1_540' title='bbox 1072 4329 1520 4400; x_wconf 89' lang='lat' dir='ltr'>comprobabas.</span> <span class='ocrx_word' id='word_1_541' title='bbox 1580 4334 1834 4402; x_wconf 83' lang='lat' dir='ltr'>Repente</span> 
     </span>
    </p>
   </div>
   <div class='ocr_carea' id='block_1_78' title="bbox 188 4417 1835 4491">
    <p class='ocr_par' dir='ltr' id='par_1_78' title="bbox 188 4417 1835 4491">
     <span class='ocr_line' id='line_1_78' title="bbox 188 4417 1835 4491; baseline 0.005 -23"><span class='ocrx_word' id='word_1_542' title='bbox 188 4419 492 4488; x_wconf 88' lang='lat' dir='ltr'>postquam</span> <span class='ocrx_word' id='word_1_543' title='bbox 517 4419 754 4472; x_wconf 81' lang='lat' dir='ltr'>exortus</span> <span class='ocrx_word' id='word_1_544' title='bbox 785 4422 875 4472; x_wconf 90' lang='lat' dir='ltr'>est</span> <span class='ocrx_word' id='word_1_545' title='bbox 931 4417 1124 4487; x_wconf 90' lang='lat' dir='ltr'>Arius,</span> <span class='ocrx_word' id='word_1_546' title='bbox 1175 4422 1333 4473; x_wconf 91' lang='lat' dir='ltr'>totus</span> <span class='ocrx_word' id='word_1_547' title='bbox 1371 4419 1475 4474; x_wconf 90' lang='lat' dir='ltr'>tibi</span> <span class='ocrx_word' id='word_1_548' title='bbox 1528 4419 1835 4491; x_wconf 89' lang='lat' dir='ltr'>displicere</span> 
     </span>
    </p>
   </div>
   <div class='ocr_carea' id='block_1_79' title="bbox 185 4504 1831 4578">
    <p class='ocr_par' dir='ltr' id='par_1_79' title="bbox 185 4504 1831 4578">
     <span class='ocr_line' id='line_1_79' title="bbox 185 4504 1831 4578; baseline 0.003 -19"><span class='ocrx_word' id='word_1_549' title='bbox 185 4504 418 4576; x_wconf 68' lang='lat' dir='ltr'>coepisti.</span> <span class='ocrx_word' id='word_1_550' title='bbox 452 4505 740 4578; x_wconf 85' lang='lat' dir='ltr'>Segregas</span> <span class='ocrx_word' id='word_1_551' title='bbox 761 4510 815 4562; x_wconf 90' lang='lat' dir='ltr'>te</span> <span class='ocrx_word' id='word_1_552' title='bbox 843 4523 978 4562; x_wconf 88' lang='lat' dir='ltr'>cum</span> <span class='ocrx_word' id='word_1_553' title='bbox 1009 4507 1127 4562; x_wconf 89' lang='lat' dir='ltr'>tuis</span> <span class='ocrx_word' id='word_1_554' title='bbox 1167 4507 1446 4575; x_wconf 89' lang='lat' dir='ltr'>vernulis,</span> <span class='ocrx_word' id='word_1_555' title='bbox 1511 4513 1567 4564; x_wconf 89' lang='lat' dir='ltr'>et</span> <span class='ocrx_word' id='word_1_556' title='bbox 1618 4526 1831 4565; x_wconf 91' lang='lat' dir='ltr'>novum</span> 
     </span>
    </p>
   </div>
   <div class='ocr_carea' id='block_1_80' title="bbox 1955 3338 3602 3412">
    <p class='ocr_par' dir='ltr' id='par_1_80' title="bbox 1955 3338 3602 3412">
     <span class='ocr_line' id='line_1_80' title="bbox 1955 3338 3602 3412; baseline -0.004 -13"><span class='ocrx_word' id='word_1_557' title='bbox 1955 3343 2207 3399; x_wconf 90' lang='lat' dir='ltr'>multum</span> <span class='ocrx_word' id='word_1_558' title='bbox 2240 3341 2615 3400; x_wconf 89' lang='lat' dir='ltr'>sermocinati</span> <span class='ocrx_word' id='word_1_559' title='bbox 2647 3358 2877 3406; x_wconf 89' lang='lat' dir='ltr'>sumus,</span> <span class='ocrx_word' id='word_1_560' title='bbox 2908 3344 2966 3395; x_wconf 91' lang='lat' dir='ltr'>et</span> <span class='ocrx_word' id='word_1_561' title='bbox 3006 3338 3308 3412; x_wconf 81' lang='lat' dir='ltr'>prolixitas</span> <span class='ocrx_word' id='word_1_562' title='bbox 3367 3355 3602 3394; x_wconf 86' lang='lat' dir='ltr'>concer-</span> 
     </span>
    </p>
   </div>
   <div class='ocr_carea' id='block_1_81' title="bbox 1954 3426 3606 3496">
    <p class='ocr_par' dir='ltr' id='par_1_81' title="bbox 1954 3426 3606 3496">
     <span class='ocr_line' id='line_1_81' title="bbox 1954 3426 3606 3496; baseline -0.005 -6"><span class='ocrx_word' id='word_1_563' title='bbox 1954 3434 2190 3490; x_wconf 87' lang='lat' dir='ltr'>tationis</span> <span class='ocrx_word' id='word_1_564' title='bbox 2221 3432 2584 3488; x_wconf 89' lang='lat' dir='ltr'>audientium</span> <span class='ocrx_word' id='word_1_565' title='bbox 2645 3431 2842 3487; x_wconf 90' lang='lat' dir='ltr'>studia</span> <span class='ocrx_word' id='word_1_566' title='bbox 2895 3429 3156 3496; x_wconf 87' lang='lat' dir='ltr'>lassavit,</span> <span class='ocrx_word' id='word_1_567' title='bbox 3218 3429 3452 3485; x_wconf 88' lang='lat' dir='ltr'>brevem</span> <span class='ocrx_word' id='word_1_568' title='bbox 3499 3426 3606 3483; x_wconf 92' lang='lat' dir='ltr'>tibi</span> 
     </span>
    </p>
   </div>
   <div class='ocr_carea' id='block_1_82' title="bbox 1953 3517 3602 3596">
    <p class='ocr_par' dir='ltr' id='par_1_82' title="bbox 1953 3517 3602 3596">
     <span class='ocr_line' id='line_1_82' title="bbox 1953 3517 3602 3596; baseline -0.005 -17"><span class='ocrx_word' id='word_1_569' title='bbox 1953 3527 2333 3596; x_wconf 89' lang='lat' dir='ltr'>apertamque</span> <span class='ocrx_word' id='word_1_570' title='bbox 2372 3521 2555 3577; x_wconf 89' lang='lat' dir='ltr'>animi</span> <span class='ocrx_word' id='word_1_571' title='bbox 2589 3521 2702 3576; x_wconf 89' lang='lat' dir='ltr'>mei</span> <span class='ocrx_word' id='word_1_572' title='bbox 2761 3519 3113 3576; x_wconf 85' lang='lat' dir='ltr'>sententiam</span> <span class='ocrx_word' id='word_1_573' title='bbox 3174 3517 3491 3592; x_wconf 86' lang='lat' dir='ltr'>proferam,</span> <span class='ocrx_word' id='word_1_574' title='bbox 3545 3517 3602 3571; x_wconf 92' lang='lat' dir='ltr'>in</span> 
     </span>
    </p>
   </div>
   <div class='ocr_carea' id='block_1_83' title="bbox 1952 3607 3614 3683">
    <p class='ocr_par' dir='ltr' id='par_1_83' title="bbox 1952 3607 3614 3683">
     <span class='ocr_line' id='line_1_83' title="bbox 1952 3607 3614 3683; baseline -0.003 -15"><span class='ocrx_word' id='word_1_575' title='bbox 1952 3612 2054 3669; x_wconf 91' lang='lat' dir='ltr'>illa</span> <span class='ocrx_word' id='word_1_576' title='bbox 2084 3629 2212 3669; x_wconf 91' lang='lat' dir='ltr'>esse</span> <span class='ocrx_word' id='word_1_577' title='bbox 2247 3611 2505 3668; x_wconf 88' lang='lat' dir='ltr'>Ecclesia</span> <span class='ocrx_word' id='word_1_578' title='bbox 2533 3611 3034 3683; x_wconf 88' lang='lat' dir='ltr'>permanendum,</span> <span class='ocrx_word' id='word_1_579' title='bbox 3066 3627 3194 3681; x_wconf 66' lang='lat' dir='ltr'>quae</span> <span class='ocrx_word' id='word_1_580' title='bbox 3227 3610 3299 3665; x_wconf 87' lang='lat' dir='ltr'>ab</span> <span class='ocrx_word' id='word_1_581' title='bbox 3332 3607 3614 3681; x_wconf 88' lang='lat' dir='ltr'>apostolis</span> 
     </span>
    </p>
   </div>
   <div class='ocr_carea' id='block_1_84' title="bbox 1952 3696 3611 3774">
    <p class='ocr_par' dir='ltr' id='par_1_84' title="bbox 1952 3696 3611 3774">
     <span class='ocr_line' id='line_1_84' title="bbox 1952 3696 3611 3774; baseline -0.005 -16"><span class='ocrx_word' id='word_1_582' title='bbox 1952 3703 2218 3768; x_wconf 87' lang='lat' dir='ltr'>fundata,</span> <span class='ocrx_word' id='word_1_583' title='bbox 2243 3717 2430 3774; x_wconf 90' lang='lat' dir='ltr'>usque</span> <span class='ocrx_word' id='word_1_584' title='bbox 2452 3701 2524 3755; x_wconf 92' lang='lat' dir='ltr'>ad</span> <span class='ocrx_word' id='word_1_585' title='bbox 2544 3700 2700 3755; x_wconf 90' lang='lat' dir='ltr'>diem</span> <span class='ocrx_word' id='word_1_586' title='bbox 2725 3700 2878 3754; x_wconf 89' lang='lat' dir='ltr'>hanc</span> <span class='ocrx_word' id='word_1_587' title='bbox 2905 3700 3098 3754; x_wconf 89' lang='lat' dir='ltr'>durat.</span> <span class='ocrx_word' id='word_1_588' title='bbox 3121 3697 3322 3754; x_wconf 90' lang='lat' dir='ltr'>Sicubi</span> <span class='ocrx_word' id='word_1_589' title='bbox 3353 3696 3611 3753; x_wconf 84' lang='lat' dir='ltr'>audieris</span> 
     </span>
    </p>
   </div>
   <div class='ocr_carea' id='block_1_85' title="bbox 1951 3786 3610 3865">
    <p class='ocr_par' dir='ltr' id='par_1_85' title="bbox 1951 3786 3610 3865">
     <span class='ocr_line' id='line_1_85' title="bbox 1951 3786 3610 3865; baseline -0.005 -16"><span class='ocrx_word' id='word_1_590' title='bbox 1951 3809 2050 3849; x_wconf 88' lang='lat' dir='ltr'>eos</span> <span class='ocrx_word' id='word_1_591' title='bbox 2111 3792 2210 3865; x_wconf 92' lang='lat' dir='ltr'>qui</span> <span class='ocrx_word' id='word_1_592' title='bbox 2270 3792 2550 3846; x_wconf 89' lang='lat' dir='ltr'>dicuntur</span> <span class='ocrx_word' id='word_1_593' title='bbox 2601 3789 2844 3854; x_wconf 84' lang='lat' dir='ltr'>Christi,</span> <span class='ocrx_word' id='word_1_594' title='bbox 2905 3805 3019 3844; x_wconf 91' lang='lat' dir='ltr'>non</span> <span class='ocrx_word' id='word_1_595' title='bbox 3070 3804 3103 3842; x_wconf 89' lang='lat' dir='ltr'>a</span> <span class='ocrx_word' id='word_1_596' title='bbox 3152 3790 3399 3842; x_wconf 89' lang='lat' dir='ltr'>Domino</span> <span class='ocrx_word' id='word_1_597' title='bbox 3467 3786 3610 3842; x_wconf 89' lang='lat' dir='ltr'>Jesu</span> 
     </span>
    </p>
   </div>
   <div class='ocr_carea' id='block_1_86' title="bbox 1949 3876 3611 3953">
    <p class='ocr_par' dir='ltr' id='par_1_86' title="bbox 1949 3876 3611 3953">
     <span class='ocr_line' id='line_1_86' title="bbox 1949 3876 3611 3953; baseline -0.007 -13"><span class='ocrx_word' id='word_1_598' title='bbox 1949 3881 2307 3950; x_wconf 90' lang='lat' dir='ltr'>Christo,sed</span> <span class='ocrx_word' id='word_1_599' title='bbox 2341 3898 2374 3936; x_wconf 91' lang='lat' dir='ltr'>a</span> <span class='ocrx_word' id='word_1_600' title='bbox 2407 3897 2706 3953; x_wconf 91' lang='lat' dir='ltr'>quoquam</span> <span class='ocrx_word' id='word_1_601' title='bbox 2742 3879 2855 3934; x_wconf 92' lang='lat' dir='ltr'>alio</span> <span class='ocrx_word' id='word_1_602' title='bbox 2917 3876 3287 3948; x_wconf 89' lang='lat' dir='ltr'>nuncupari:</span> <span class='ocrx_word' id='word_1_603' title='bbox 3348 3879 3412 3930; x_wconf 90' lang='lat' dir='ltr'>ut</span> <span class='ocrx_word' id='word_1_604' title='bbox 3468 3879 3611 3947; x_wconf 89' lang='lat' dir='ltr'>puta</span> 
     </span>
    </p>
   </div>
   <div class='ocr_carea' id='block_1_87' title="bbox 1951 3965 3609 4038">
    <p class='ocr_par' dir='ltr' id='par_1_87' title="bbox 1951 3965 3609 4038">
     <span class='ocr_line' id='line_1_87' title="bbox 1951 3965 3609 4038; baseline -0.006 -10"><span class='ocrx_word' id='word_1_605' title='bbox 1951 3972 2350 4038; x_wconf 87' lang='lat' dir='ltr'>Marcionitas,</span> <span class='ocrx_word' id='word_1_606' title='bbox 2383 3969 2848 4034; x_wconf 82' lang='lat' dir='ltr'>Valentinianus,</span> <span class='ocrx_word' id='word_1_607' title='bbox 2875 3967 3234 4032; x_wconf 85' lang='lat' dir='ltr'>Montenses,</span> <span class='ocrx_word' id='word_1_608' title='bbox 3281 3965 3402 4021; x_wconf 89' lang='lat' dir='ltr'>sive</span> <span class='ocrx_word' id='word_1_609' title='bbox 3438 3968 3609 4021; x_wconf 87' lang='lat' dir='ltr'>Cam-</span> 
     </span>
    </p>
   </div>
   <div class='ocr_carea' id='block_1_88' title="bbox 1951 4052 3607 4133">
    <p class='ocr_par' dir='ltr' id='par_1_88' title="bbox 1951 4052 3607 4133">
     <span class='ocr_line' id='line_1_88' title="bbox 1951 4052 3607 4133; baseline -0.005 -16"><span class='ocrx_word' id='word_1_610' title='bbox 1951 4063 2189 4133; x_wconf 65' lang='lat' dir='ltr'>pitas“:</span> <span class='ocrx_word' id='word_1_611' title='bbox 2252 4061 2397 4116; x_wconf 90' lang='lat' dir='ltr'>scito</span> <span class='ocrx_word' id='word_1_612' title='bbox 2457 4076 2573 4114; x_wconf 88' lang='lat' dir='ltr'>non</span> <span class='ocrx_word' id='word_1_613' title='bbox 2617 4057 2933 4113; x_wconf 87' lang='lat' dir='ltr'>Ecclesiam</span> <span class='ocrx_word' id='word_1_614' title='bbox 2976 4055 3216 4124; x_wconf 84' lang='lat' dir='ltr'>Christi,</span> <span class='ocrx_word' id='word_1_615' title='bbox 3271 4054 3371 4110; x_wconf 90' lang='lat' dir='ltr'>sed</span> <span class='ocrx_word' id='word_1_616' title='bbox 3441 4052 3607 4108; x_wconf 83' lang='lat' dir='ltr'>Anti-</span> 
     </span>
    </p>
   </div>
   <div class='ocr_carea' id='block_1_89' title="bbox 1948 4143 3606 4222">
    <p class='ocr_par' dir='ltr' id='par_1_89' title="bbox 1948 4143 3606 4222">
     <span class='ocr_line' id='line_1_89' title="bbox 1948 4143 3606 4222; baseline -0.005 -15"><span class='ocrx_word' id='word_1_617' title='bbox 1948 4149 2153 4208; x_wconf 90' lang='lat' dir='ltr'>christi</span> <span class='ocrx_word' id='word_1_618' title='bbox 2183 4165 2312 4206; x_wconf 92' lang='lat' dir='ltr'>esse</span> <span class='ocrx_word' id='word_1_619' title='bbox 2343 4163 2729 4222; x_wconf 86' lang='lat' dir='ltr'>synagogam.</span> <span class='ocrx_word' id='word_1_620' title='bbox 2771 4148 2851 4202; x_wconf 86' lang='lat' dir='ltr'>Ex</span> <span class='ocrx_word' id='word_1_621' title='bbox 2905 4145 3013 4202; x_wconf 91' lang='lat' dir='ltr'>hoc</span> <span class='ocrx_word' id='word_1_622' title='bbox 3056 4145 3214 4201; x_wconf 90' lang='lat' dir='ltr'>enirn</span> <span class='ocrx_word' id='word_1_623' title='bbox 3264 4144 3392 4217; x_wconf 90' lang='lat' dir='ltr'>ipso</span> <span class='ocrx_word' id='word_1_624' title='bbox 3452 4143 3606 4216; x_wconf 91' lang='lat' dir='ltr'>quod</span> 
     </span>
    </p>
   </div>
   <div class='ocr_carea' id='block_1_90' title="bbox 1947 4235 3606 4312">
    <p class='ocr_par' dir='ltr' id='par_1_90' title="bbox 1947 4235 3606 4312">
     <span class='ocr_line' id='line_1_90' title="bbox 1947 4235 3606 4312; baseline -0.005 -16"><span class='ocrx_word' id='word_1_625' title='bbox 1947 4245 2148 4312; x_wconf 89' lang='lat' dir='ltr'>postea</span> <span class='ocrx_word' id='word_1_626' title='bbox 2177 4239 2436 4295; x_wconf 90' lang='lat' dir='ltr'>instituti</span> <span class='ocrx_word' id='word_1_627' title='bbox 2470 4243 2629 4304; x_wconf 91' lang='lat' dir='ltr'>sunt,</span> <span class='ocrx_word' id='word_1_628' title='bbox 2662 4254 2761 4294; x_wconf 90' lang='lat' dir='ltr'>eos</span> <span class='ocrx_word' id='word_1_629' title='bbox 2820 4252 3062 4292; x_wconf 47' lang='lat' dir='ltr'>se‘esse</span> <span class='ocrx_word' id='word_1_630' title='bbox 3115 4235 3399 4301; x_wconf 88' lang='lat' dir='ltr'>indicant,</span> <span class='ocrx_word' id='word_1_631' title='bbox 3460 4249 3606 4306; x_wconf 89' lang='lat' dir='ltr'>quos</span> 
     </span>
    </p>
   </div>
   <div class='ocr_carea' id='block_1_91' title="bbox 1947 4323 3600 4400">
    <p class='ocr_par' dir='ltr' id='par_1_91' title="bbox 1947 4323 3600 4400">
     <span class='ocr_line' id='line_1_91' title="bbox 1947 4323 3600 4400; baseline -0.005 -15"><span class='ocrx_word' id='word_1_632' title='bbox 1947 4331 2174 4385; x_wconf 81' lang='lat' dir='ltr'>futuros</span> <span class='ocrx_word' id='word_1_633' title='bbox 2191 4326 2506 4400; x_wconf 89' lang='lat' dir='ltr'>Apostolus</span> <span class='ocrx_word' id='word_1_634' title='bbox 2537 4326 2964 4399; x_wconf 67' lang='lat' dir='ltr'>praenuntiavit.</span> <span class='ocrx_word' id='word_1_635' title='bbox 2988 4325 3103 4380; x_wconf 86' lang='lat' dir='ltr'>Nec</span> <span class='ocrx_word' id='word_1_636' title='bbox 3137 4324 3247 4380; x_wconf 89' lang='lat' dir='ltr'>sibi</span> <span class='ocrx_word' id='word_1_637' title='bbox 3293 4323 3600 4380; x_wconf 90' lang='lat' dir='ltr'>blandian-</span> 
     </span>
    </p>
   </div>
   <div class='ocr_carea' id='block_1_92' title="bbox 1947 4413 3605 4488">
    <p class='ocr_par' dir='ltr' id='par_1_92' title="bbox 1947 4413 3605 4488">
     <span class='ocr_line' id='line_1_92' title="bbox 1947 4413 3605 4488; baseline -0.005 -14"><span class='ocrx_word' id='word_1_638' title='bbox 1947 4424 2063 4485; x_wconf 91' lang='lat' dir='ltr'>tur,</span> <span class='ocrx_word' id='word_1_639' title='bbox 2123 4419 2275 4476; x_wconf 73' lang='lat'><strong>202</strong></span> <span class='ocrx_word' id='word_1_640' title='bbox 2335 4417 2385 4473; x_wconf 90' lang='lat' dir='ltr'>si</span> <span class='ocrx_word' id='word_1_641' title='bbox 2433 4417 2506 4472; x_wconf 92' lang='lat' dir='ltr'>de</span> <span class='ocrx_word' id='word_1_642' title='bbox 2554 4416 2990 4488; x_wconf 89' lang='lat' dir='ltr'>Scripturarum</span> <span class='ocrx_word' id='word_1_643' title='bbox 3021 4413 3296 4486; x_wconf 88' lang='lat' dir='ltr'>capitulis</span> <span class='ocrx_word' id='word_1_644' title='bbox 3328 4413 3605 4469; x_wconf 85' lang='lat' dir='ltr'>videntur</span> 
     </span>
    </p>
   </div>
   <div class='ocr_carea' id='block_1_93' title="bbox 1945 4501 3602 4578">
    <p class='ocr_par' dir='ltr' id='par_1_93' title="bbox 1945 4501 3602 4578">
     <span class='ocr_line' id='line_1_93' title="bbox 1945 4501 3602 4578; baseline -0.005 -15"><span class='ocrx_word' id='word_1_645' title='bbox 1945 4508 2057 4564; x_wconf 88' lang='lat' dir='ltr'>sibi</span> <span class='ocrx_word' id='word_1_646' title='bbox 2081 4507 2374 4562; x_wconf 83' lang='lat' dir='ltr'>affirmare</span> <span class='ocrx_word' id='word_1_647' title='bbox 2414 4505 2569 4578; x_wconf 90' lang='lat' dir='ltr'>quod</span> <span class='ocrx_word' id='word_1_648' title='bbox 2628 4505 2852 4572; x_wconf 90' lang='lat' dir='ltr'>dicunt,</span> <span class='ocrx_word' id='word_1_649' title='bbox 2912 4521 3046 4560; x_wconf 91' lang='lat' dir='ltr'>cum</span> <span class='ocrx_word' id='word_1_650' title='bbox 3105 4507 3162 4559; x_wconf 86' lang='lat' dir='ltr'>et</span> <span class='ocrx_word' id='word_1_651' title='bbox 3211 4501 3482 4559; x_wconf 86' lang='lat' dir='ltr'>diabolus</span> <span class='ocrx_word' id='word_1_652' title='bbox 3528 4501 3602 4555; x_wconf 92' lang='lat' dir='ltr'>de</span> 
     </span>
    </p>
   </div>
   <div class='ocr_carea' id='block_1_94' title="bbox 183 4588 3602 4684">
    <p class='ocr_par' dir='ltr' id='par_1_94' title="bbox 183 4588 3602 4684">
     <span class='ocr_line' id='line_1_94' title="bbox 183 4588 3602 4684; baseline -0.001 -38"><span class='ocrx_word' id='word_1_653' title='bbox 183 4590 448 4651; x_wconf 90' lang='lat' dir='ltr'>balneum</span> <span class='ocrx_word' id='word_1_654' title='bbox 483 4594 700 4668; x_wconf 87' lang='lat' dir='ltr'>aperis.</span> <span class='ocrx_word' id='word_1_655' title='bbox 732 4597 791 4652; x_wconf 91' lang='lat' dir='ltr'>Si</span> <span class='ocrx_word' id='word_1_656' title='bbox 823 4600 878 4652; x_wconf 88' lang='lat' dir='ltr'>te</span> <span class='ocrx_word' id='word_1_657' title='bbox 911 4597 1158 4670; x_wconf 89' lang='lat' dir='ltr'>angelus</span> <span class='ocrx_word' id='word_1_658' title='bbox 1187 4595 1424 4669; x_wconf 89' lang='lat' dir='ltr'>aliquis,</span> <span class='ocrx_word' id='word_1_659' title='bbox 1452 4603 1552 4654; x_wconf 91' lang='lat' dir='ltr'>aut</span> <span class='ocrx_word' id='word_1_660' title='bbox 1601 4602 1832 4671; x_wconf 87' lang='lat' dir='ltr'>a‘posto-</span> <span class='ocrx_word' id='word_1_661' title='bbox 1864 4619 1912 4684; x_wconf 83' lang='lat' dir='ltr'><strong>D</strong></span> <span class='ocrx_word' id='word_1_662' title='bbox 1945 4595 2264 4670; x_wconf 91' lang='lat' dir='ltr'>Scripturis</span> <span class='ocrx_word' id='word_1_663' title='bbox 2295 4594 2496 4667; x_wconf 90' lang='lat' dir='ltr'>aliqua</span> <span class='ocrx_word' id='word_1_664' title='bbox 2527 4595 2604 4650; x_wconf 92' lang='lat' dir='ltr'>sit</span> <span class='ocrx_word' id='word_1_665' title='bbox 2635 4593 2889 4660; x_wconf 91' lang='lat' dir='ltr'>locutus,</span> <span class='ocrx_word' id='word_1_666' title='bbox 2916 4598 2974 4650; x_wconf 89' lang='lat' dir='ltr'>et</span> <span class='ocrx_word' id='word_1_667' title='bbox 3003 4591 3324 4664; x_wconf 90' lang='lat' dir='ltr'>Scripturis</span> <span class='ocrx_word' id='word_1_668' title='bbox 3368 4607 3483 4646; x_wconf 92' lang='lat' dir='ltr'>non</span> <span class='ocrx_word' id='word_1_669' title='bbox 3541 4588 3602 4644; x_wconf 90' lang='lat' dir='ltr'>in</span> 
     </span>
    </p>
   </div>
   <div class='ocr_carea' id='block_1_95' title="bbox 245 4775 1824 4849">
    <p class='ocr_par' dir='ltr' id='par_1_95' title="bbox 245 4775 1824 4849">
     <span class='ocr_line' id='line_1_95' title="bbox 245 4775 1824 4849; baseline 0.005 -21"><span class='ocrx_word' id='word_1_670' title='bbox 245 4775 474 4832; x_wconf 74' lang='lat' dir='ltr'>‘Vetus</span> <span class='ocrx_word' id='word_1_671' title='bbox 538 4776 740 4843; x_wconf 88' lang='lat' dir='ltr'>editio,</span> <span class='ocrx_word' id='word_1_672' title='bbox 799 4782 852 4833; x_wconf 83' lang='lat' dir='ltr'>et</span> <span class='ocrx_word' id='word_1_673' title='bbox 908 4778 1237 4834; x_wconf 70' lang='lat' dir='ltr'>Manichazos</span> <span class='ocrx_word' id='word_1_674' title='bbox 1285 4778 1608 4849; x_wconf 82' lang='lat' dir='ltr'>recipiebas.</span> <span class='ocrx_word' id='word_1_675' title='bbox 1663 4781 1824 4845; x_wconf 89' lang='lat' dir='ltr'>Quod</span> 
     </span>
    </p>
   </div>
   <div class='ocr_carea' id='block_1_96' title="bbox 181 4843 1824 4931">
    <p class='ocr_par' dir='ltr' id='par_1_96' title="bbox 181 4843 1824 4931">
     <span class='ocr_line' id='line_1_96' title="bbox 181 4843 1824 4931; baseline 0.004 -30"><span class='ocrx_word' id='word_1_676' title='bbox 181 4843 558 4931; x_wconf 70' lang='lat' dir='ltr'>intranovum</span> <span class='ocrx_word' id='word_1_677' title='bbox 589 4850 844 4931; x_wconf 67' lang='lat' dir='ltr'>balneum</span> <span class='ocrx_word' id='word_1_678' title='bbox 872 4849 1219 4922; x_wconf 89' lang='lat' dir='ltr'>appellatur,</span> <span class='ocrx_word' id='word_1_679' title='bbox 1257 4843 1551 4906; x_wconf 80' lang='lat' dir='ltr'>Victorius</span> <span class='ocrx_word' id='word_1_680' title='bbox 1610 4843 1824 4908; x_wconf 82' lang='lat' dir='ltr'>novum</span> 
     </span>
    </p>
   </div>
   <div class='ocr_carea' id='block_1_97' title="bbox 182 4918 1822 5066">
    <p class='ocr_par' dir='ltr' id='par_1_97' title="bbox 182 4918 1822 5066">
     <span class='ocr_line' id='line_1_97' title="bbox 182 4918 968 4993; baseline 0.006 -20"><span class='ocrx_word' id='word_1_681' title='bbox 182 4918 474 4990; x_wconf 85' lang='lat' dir='ltr'>baptisma</span> <span class='ocrx_word' id='word_1_682' title='bbox 501 4921 772 4993; x_wconf 78' lang='lat' dir='ltr'>explicat.</span> <span class='ocrx_word' id='word_1_683' title='bbox 909 4918 928 4922; x_wconf 68' lang='grc'><em>”</em></span> <span class='ocrx_word' id='word_1_684' title='bbox 951 4918 968 4922; x_wconf 77' lang='grc'><em>’</em></span> 
     </span>
     <span class='ocr_line' id='line_1_98' title="bbox 215 4992 1822 5066; baseline 0.003 -20"><span class='ocrx_word' id='word_1_685' title='bbox 215 4992 261 5066; x_wconf 35' lang='grc'>,³</span> <span class='ocrx_word' id='word_1_686' title='bbox 291 4993 504 5049; x_wconf 87' lang='lat' dir='ltr'>Eadem</span> <span class='ocrx_word' id='word_1_687' title='bbox 539 4993 776 5055; x_wconf 80' lang='lat' dir='ltr'>rectius.</span> <span class='ocrx_word' id='word_1_688' title='bbox 809 4998 874 5048; x_wconf 89' lang='lat' dir='ltr'>ut</span> <span class='ocrx_word' id='word_1_689' title='bbox 902 4993 1150 5060; x_wconf 88' lang='lat' dir='ltr'>videtur,</span> <span class='ocrx_word' id='word_1_690' title='bbox 1185 4996 1242 5048; x_wconf 85' lang='lat' dir='ltr'>in</span> <span class='ocrx_word' id='word_1_691' title='bbox 1275 4995 1471 5066; x_wconf 84' lang='lat' dir='ltr'>quibus</span> <span class='ocrx_word' id='word_1_692' title='bbox 1533 4996 1678 5065; x_wconf 78' lang='lat' dir='ltr'>apud</span> <span class='ocrx_word' id='word_1_693' title='bbox 1707 4995 1822 5051; x_wconf 89' lang='lat' dir='ltr'>Sle-</span> 
     </span>
    </p>
   </div>
   <div class='ocr_carea' id='block_1_98' title="bbox 176 5061 1823 5136">
    <p class='ocr_par' dir='ltr' id='par_1_98' title="bbox 176 5061 1823 5136">
     <span class='ocr_line' id='line_1_99' title="bbox 176 5061 1823 5136; baseline 0.003 -20"><span class='ocrx_word' id='word_1_694' title='bbox 176 5061 408 5131; x_wconf 85' lang='lat' dir='ltr'>phanum</span> <span class='ocrx_word' id='word_1_695' title='bbox 442 5067 699 5122; x_wconf 75' lang='lat' dir='ltr'>Romanae</span> <span class='ocrx_word' id='word_1_696' title='bbox 744 5067 902 5122; x_wconf 86' lang='lat' dir='ltr'>Urbis</span> <span class='ocrx_word' id='word_1_697' title='bbox 934 5061 1294 5136; x_wconf 47' lang='lat' dir='ltr'>episcopum,&quot;</span> <span class='ocrx_word' id='word_1_698' title='bbox 1321 5061 1641 5123; x_wconf 68' lang='lat' dir='ltr'>inveterata?</span> <span class='ocrx_word' id='word_1_699' title='bbox 1696 5085 1823 5123; x_wconf 82' lang='lat' dir='ltr'>con-</span> 
     </span>
    </p>
   </div>
   <div class='ocr_carea' id='block_1_99' title="bbox 176 5137 1824 5212">
    <p class='ocr_par' dir='ltr' id='par_1_99' title="bbox 176 5137 1824 5212">
     <span class='ocr_line' id='line_1_100' title="bbox 176 5137 1824 5212; baseline 0.004 -25"><span class='ocrx_word' id='word_1_700' title='bbox 176 5137 470 5212; x_wconf 69' lang='lat' dir='ltr'>suetudinis</span> <span class='ocrx_word' id='word_1_701' title='bbox 528 5138 739 5212; x_wconf 71' lang='lat' dir='ltr'>lacerat</span> <span class='ocrx_word' id='word_1_702' title='bbox 781 5153 1045 5212; x_wconf 78' lang='lat' dir='ltr'>errorem.</span> <span class='ocrx_word' id='word_1_703' title='bbox 1105 5137 1302 5193; x_wconf 89' lang='lat' dir='ltr'>lnnuit</span> <span class='ocrx_word' id='word_1_704' title='bbox 1359 5154 1509 5212; x_wconf 38' lang='lat' dir='ltr'>vero~</span> <span class='ocrx_word' id='word_1_705' title='bbox 1550 5139 1824 5212; x_wconf 87' lang='lat' dir='ltr'>Hierony-</span> 
     </span>
    </p>
   </div>
   <div class='ocr_carea' id='block_1_100' title="bbox 179 5207 1824 5283">
    <p class='ocr_par' dir='ltr' id='par_1_100' title="bbox 179 5207 1824 5283">
     <span class='ocr_line' id='line_1_101' title="bbox 179 5207 1824 5283; baseline 0.004 -23"><span class='ocrx_word' id='word_1_706' title='bbox 179 5219 298 5263; x_wconf 88' lang='lat' dir='ltr'>mus</span> <span class='ocrx_word' id='word_1_707' title='bbox 327 5207 646 5283; x_wconf 82' lang='lat' dir='ltr'>epistolam</span> <span class='ocrx_word' id='word_1_708' title='bbox 676 5211 730 5283; x_wconf 86' lang='lat' dir='ltr'>S.</span> <span class='ocrx_word' id='word_1_709' title='bbox 761 5209 1030 5283; x_wconf 81' lang='lat' dir='ltr'>Cypriani</span> <span class='ocrx_word' id='word_1_710' title='bbox 1057 5211 1148 5275; x_wconf 82' lang='lat'>72,</span> <span class='ocrx_word' id='word_1_711' title='bbox 1175 5226 1301 5283; x_wconf 63' lang='lat' dir='ltr'>quae</span> <span class='ocrx_word' id='word_1_712' title='bbox 1358 5211 1428 5283; x_wconf 74' lang='lat' dir='ltr'>ad</span> <span class='ocrx_word' id='word_1_713' title='bbox 1485 5207 1824 5283; x_wconf 74' lang='lat' dir='ltr'>Stephanum</span> 
     </span>
    </p>
   </div>
   <div class='ocr_carea' id='block_1_101' title="bbox 171 5281 1819 5353">
    <p class='ocr_par' dir='ltr' id='par_1_101' title="bbox 171 5281 1819 5353">
     <span class='ocr_line' id='line_1_102' title="bbox 171 5281 1819 5353; baseline 0.004 -20"><span class='ocrx_word' id='word_1_714' title='bbox 171 5281 377 5350; x_wconf 30' lang='lat' dir='ltr'>papam’</span> <span class='ocrx_word' id='word_1_715' title='bbox 417 5281 485 5337; x_wconf 87' lang='lat' dir='ltr'>de</span> <span class='ocrx_word' id='word_1_716' title='bbox 538 5282 768 5337; x_wconf 85' lang='lat' dir='ltr'>concilio</span> <span class='ocrx_word' id='word_1_717' title='bbox 828 5281 1205 5349; x_wconf 33' lang='lat' dir='ltr'>inscribitur,’</span> <span class='ocrx_word' id='word_1_718' title='bbox 1251 5281 1548 5353; x_wconf 89' lang='lat' dir='ltr'>simulque</span> <span class='ocrx_word' id='word_1_719' title='bbox 1576 5281 1585 5283; x_wconf 60' lang='grc'>⁷</span> <span class='ocrx_word' id='word_1_720' title='bbox 1617 5283 1819 5351; x_wconf 89' lang='lat' dir='ltr'>aliam,</span> 
     </span>
    </p>
   </div>
   <div class='ocr_carea' id='block_1_102' title="bbox 177 5353 1821 5428">
    <p class='ocr_par' dir='ltr' id='par_1_102' title="bbox 177 5353 1821 5428">
     <span class='ocr_line' id='line_1_103' title="bbox 177 5353 1821 5428; baseline 0.004 -25"><span class='ocrx_word' id='word_1_721' title='bbox 177 5363 339 5428; x_wconf 85' lang='lat' dir='ltr'>quam</span> <span class='ocrx_word' id='word_1_722' title='bbox 371 5353 656 5428; x_wconf 73' lang='lat' dir='ltr'>Crescens</span> <span class='ocrx_word' id='word_1_723' title='bbox 704 5353 982 5410; x_wconf 88' lang='lat' dir='ltr'>Cirtensis</span> <span class='ocrx_word' id='word_1_724' title='bbox 1040 5354 1352 5428; x_wconf 80' lang='lat' dir='ltr'>episcopus</span> <span class='ocrx_word' id='word_1_725' title='bbox 1410 5354 1470 5408; x_wconf 89' lang='lat' dir='ltr'>in</span> <span class='ocrx_word' id='word_1_726' title='bbox 1521 5354 1821 5428; x_wconf 86' lang='lat' dir='ltr'>Carthagi-</span> 
     </span>
    </p>
   </div>
   <div class='ocr_carea' id='block_1_103' title="bbox 176 5423 1820 5497">
    <p class='ocr_par' dir='ltr' id='par_1_103' title="bbox 176 5423 1820 5497">
     <span class='ocr_line' id='line_1_104' title="bbox 176 5423 1820 5497; baseline 0.002 -19"><span class='ocrx_word' id='word_1_727' title='bbox 176 5424 325 5497; x_wconf 72' lang='lat' dir='ltr'>nensi</span> <span class='ocrx_word' id='word_1_728' title='bbox 361 5423 616 5497; x_wconf 90' lang='lat' dir='ltr'>concilio</span> <span class='ocrx_word' id='word_1_729' title='bbox 647 5431 962 5497; x_wconf 88' lang='lat' dir='ltr'>memorat;</span> <span class='ocrx_word' id='word_1_730' title='bbox 995 5423 1096 5480; x_wconf 87' lang='lat' dir='ltr'>sed</span> <span class='ocrx_word' id='word_1_731' title='bbox 1152 5423 1259 5479; x_wconf 33' lang='lat' dir='ltr'>ad‘</span> <span class='ocrx_word' id='word_1_732' title='bbox 1299 5442 1406 5481; x_wconf 89' lang='lat' dir='ltr'>nos</span> <span class='ocrx_word' id='word_1_733' title='bbox 1464 5443 1651 5497; x_wconf 90' lang='lat' dir='ltr'>usque</span> <span class='ocrx_word' id='word_1_734' title='bbox 1705 5423 1820 5482; x_wconf 75' lang='lat' dir='ltr'>non</span> 
     </span>
    </p>
   </div>
   <div class='ocr_carea' id='block_1_104' title="bbox 173 5493 1821 5567">
    <p class='ocr_par' dir='ltr' id='par_1_104' title="bbox 173 5493 1821 5567">
     <span class='ocr_line' id='line_1_105' title="bbox 173 5493 1821 5567; baseline 0.005 -21"><span class='ocrx_word' id='word_1_735' title='bbox 173 5493 405 5552; x_wconf 87' lang='lat' dir='ltr'>devenit.</span> <span class='ocrx_word' id='word_1_736' title='bbox 432 5496 674 5553; x_wconf 88' lang='lat' dir='ltr'>Scilicet</span> <span class='ocrx_word' id='word_1_737' title='bbox 701 5497 759 5553; x_wconf 90' lang='lat' dir='ltr'>in</span> <span class='ocrx_word' id='word_1_738' title='bbox 793 5496 892 5552; x_wconf 89' lang='lat' dir='ltr'>illa</span> <span class='ocrx_word' id='word_1_739' title='bbox 915 5497 1098 5553; x_wconf 86' lang='lat' dir='ltr'>multa</span> <span class='ocrx_word' id='word_1_740' title='bbox 1157 5498 1229 5552; x_wconf 85' lang='lat' dir='ltr'>de</span> <span class='ocrx_word' id='word_1_741' title='bbox 1286 5493 1600 5567; x_wconf 85' lang='lat' dir='ltr'>Scripturis</span> <span class='ocrx_word' id='word_1_742' title='bbox 1655 5501 1821 5554; x_wconf 87' lang='lat' dir='ltr'>testi-</span> 
     </span>
    </p>
   </div>
   <div class='ocr_carea' id='block_1_105' title="bbox 176 5567 1813 5642">
    <p class='ocr_par' dir='ltr' id='par_1_105' title="bbox 176 5567 1813 5642">
     <span class='ocr_line' id='line_1_106' title="bbox 176 5567 1813 5642; baseline 0.005 -24"><span class='ocrx_word' id='word_1_743' title='bbox 176 5567 351 5623; x_wconf 89' lang='lat' dir='ltr'>monia</span> <span class='ocrx_word' id='word_1_744' title='bbox 382 5573 592 5642; x_wconf 82' lang='lat' dir='ltr'>contra</span> <span class='ocrx_word' id='word_1_745' title='bbox 616 5569 897 5642; x_wconf 81' lang='lat' dir='ltr'>Stephani</span> <span class='ocrx_word' id='word_1_746' title='bbox 931 5571 1002 5626; x_wconf 90' lang='lat' dir='ltr'>de</span> <span class='ocrx_word' id='word_1_747' title='bbox 1048 5569 1338 5641; x_wconf 87' lang='lat' dir='ltr'>baptismo</span> <span class='ocrx_word' id='word_1_748' title='bbox 1404 5569 1813 5627; x_wconf 70' lang='lat' dir='ltr'>hrereticorum</span> 
     </span>
    </p>
   </div>
   <div class='ocr_carea' id='block_1_106' title="bbox 172 5641 956 5698">
    <p class='ocr_par' dir='ltr' id='par_1_106' title="bbox 172 5641 956 5698">
     <span class='ocr_line' id='line_1_107' title="bbox 172 5641 956 5698; baseline 0.004 -4"><span class='ocrx_word' id='word_1_749' title='bbox 172 5641 517 5696; x_wconf 82' lang='lat' dir='ltr'>sententiam</span> <span class='ocrx_word' id='word_1_750' title='bbox 548 5641 956 5698; x_wconf 73' lang='lat' dir='ltr'>efferebantur.</span> 
     </span>
    </p>
   </div>
   <div class='ocr_carea' id='block_1_107' title="bbox 231 5709 1804 5787">
    <p class='ocr_par' dir='ltr' id='par_1_107' title="bbox 231 5709 1804 5787">
     <span class='ocr_line' id='line_1_108' title="bbox 231 5709 1804 5787; baseline 0.003 -19"><span class='ocrx_word' id='word_1_751' title='bbox 231 5709 598 5784; x_wconf 72' lang='lat' dir='ltr'>&#39;Montenses,</span> <span class='ocrx_word' id='word_1_752' title='bbox 637 5714 748 5771; x_wconf 82' lang='lat' dir='ltr'>sive</span> <span class='ocrx_word' id='word_1_753' title='bbox 805 5714 1099 5787; x_wconf 83' lang='lat' dir='ltr'>Campitas.</span> <span class='ocrx_word' id='word_1_754' title='bbox 1158 5712 1199 5769; x_wconf 88' lang='lat' dir='ltr'>E</span> <span class='ocrx_word' id='word_1_755' title='bbox 1259 5711 1561 5770; x_wconf 90' lang='lat' dir='ltr'>Chronicis</span> <span class='ocrx_word' id='word_1_756' title='bbox 1603 5713 1804 5772; x_wconf 89' lang='lat' dir='ltr'>Hiero-</span> 
     </span>
    </p>
   </div>
   <div class='ocr_carea' id='block_1_108' title="bbox 1938 4769 3600 4850">
    <p class='ocr_par' dir='ltr' id='par_1_108' title="bbox 1938 4769 3600 4850">
     <span class='ocr_line' id='line_1_109' title="bbox 1938 4769 3600 4850; baseline -0.004 -20"><span class='ocrx_word' id='word_1_757' title='bbox 1938 4775 2100 4850; x_wconf 82' lang='lat' dir='ltr'>nymi</span> <span class='ocrx_word' id='word_1_758' title='bbox 2131 4775 2417 4850; x_wconf 67' lang='lat' dir='ltr'>discimus</span> <span class='ocrx_word' id='word_1_759' title='bbox 2441 4777 2756 4850; x_wconf 77' lang='lat' dir='ltr'>sectatores</span> <span class='ocrx_word' id='word_1_760' title='bbox 2804 4772 3012 4850; x_wconf 80' lang='lat' dir='ltr'>Donati</span> <span class='ocrx_word' id='word_1_761' title='bbox 3044 4770 3342 4850; x_wconf 75' lang='lat' dir='ltr'>Montenses</span> <span class='ocrx_word' id='word_1_762' title='bbox 3365 4842 3374 4850; x_wconf 85' lang='lat'><strong>_</strong></span> <span class='ocrx_word' id='word_1_763' title='bbox 3399 4769 3600 4850; x_wconf 73' lang='lat' dir='ltr'>appel-</span> 
     </span>
    </p>
   </div>
   <div class='ocr_carea' id='block_1_109' title="bbox 1938 4842 3602 4923">
    <p class='ocr_par' dir='ltr' id='par_1_109' title="bbox 1938 4842 3602 4923">
     <span class='ocr_line' id='line_1_110' title="bbox 1938 4842 3602 4923; baseline -0.004 -21"><span class='ocrx_word' id='word_1_764' title='bbox 1938 4842 2106 4923; x_wconf 69' lang='lat' dir='ltr'>latos,</span> <span class='ocrx_word' id='word_1_765' title='bbox 2160 4848 2315 4919; x_wconf 90' lang='lat' dir='ltr'>quod</span> <span class='ocrx_word' id='word_1_766' title='bbox 2340 4845 2652 4923; x_wconf 78' lang='lat' dir='ltr'>Ecclesiam</span> <span class='ocrx_word' id='word_1_767' title='bbox 2687 4851 2878 4923; x_wconf 50' lang='lat' dir='ltr'>Remis</span> <span class='ocrx_word' id='word_1_768' title='bbox 2919 4845 2978 4899; x_wconf 93' lang='lat' dir='ltr'>in</span> <span class='ocrx_word' id='word_1_769' title='bbox 3038 4848 3234 4923; x_wconf 81' lang='lat' dir='ltr'>monte</span> <span class='ocrx_word' id='word_1_770' title='bbox 3281 4842 3602 4923; x_wconf 77' lang='lat' dir='ltr'>habuerint</span> 
     </span>
    </p>
   </div>
   <div class='ocr_carea' id='block_1_110' title="bbox 1937 4915 3597 4990">
    <p class='ocr_par' dir='ltr' id='par_1_110' title="bbox 1937 4915 3597 4990">
     <span class='ocr_line' id='line_1_111' title="bbox 1937 4915 3597 4990; baseline -0.005 -14"><span class='ocrx_word' id='word_1_771' title='bbox 1937 4919 2017 4976; x_wconf 88' lang='lat' dir='ltr'>De</span> <span class='ocrx_word' id='word_1_772' title='bbox 2049 4915 2476 4990; x_wconf 76' lang='lat' dir='ltr'>Campensibus</span> <span class='ocrx_word' id='word_1_773' title='bbox 2525 4935 2656 4973; x_wconf 90' lang='lat' dir='ltr'>vero</span> <span class='ocrx_word' id='word_1_774' title='bbox 2713 4924 2769 4973; x_wconf 90' lang='lat' dir='ltr'>et</span> <span class='ocrx_word' id='word_1_775' title='bbox 2815 4915 3248 4990; x_wconf 88' lang='lat' dir='ltr'>Tharsensibus</span> <span class='ocrx_word' id='word_1_776' title='bbox 3308 4915 3597 4969; x_wconf 66' lang='lat' dir='ltr'>haereticis</span> 
     </span>
    </p>
   </div>
   <div class='ocr_carea' id='block_1_111' title="bbox 1938 4989 3596 5066">
    <p class='ocr_par' dir='ltr' id='par_1_111' title="bbox 1938 4989 3596 5066">
     <span class='ocr_line' id='line_1_112' title="bbox 1938 4989 3596 5066; baseline -0.004 -20"><span class='ocrx_word' id='word_1_777' title='bbox 1938 4992 2065 5047; x_wconf 83' lang='lat' dir='ltr'>vide</span> <span class='ocrx_word' id='word_1_778' title='bbox 2087 4989 2267 5064; x_wconf 73' lang='lat' dir='ltr'>supra</span> <span class='ocrx_word' id='word_1_779' title='bbox 2288 4990 2594 5066; x_wconf 73' lang='lat' dir='ltr'>epistolam</span> <span class='ocrx_word' id='word_1_780' title='bbox 2651 4990 2903 5066; x_wconf 79' lang='lat' dir='ltr'>primum</span> <span class='ocrx_word' id='word_1_781' title='bbox 2921 4989 2990 5044; x_wconf 89' lang='lat' dir='ltr'>ad</span> <span class='ocrx_word' id='word_1_782' title='bbox 3015 4990 3332 5066; x_wconf 81' lang='lat' dir='ltr'>Damasum</span> <span class='ocrx_word' id='word_1_783' title='bbox 3358 5001 3596 5066; x_wconf 52' lang='lat' dir='ltr'>papam:</span> 
     </span>
    </p>
   </div>
   <div class='ocr_carea' id='block_1_112' title="bbox 1933 5059 3597 5134">
    <p class='ocr_par' dir='ltr' id='par_1_112' title="bbox 1933 5059 3597 5134">
     <span class='ocr_line' id='line_1_113' title="bbox 1933 5059 3597 5134; baseline -0.005 -15"><span class='ocrx_word' id='word_1_784' title='bbox 1933 5059 2222 5119; x_wconf 66' lang='lat' dir='ltr'>Man&#39;rmiv.</span> <span class='ocrx_word' id='word_1_785' title='bbox 2257 5059 2442 5118; x_wconf 47' lang='lat' dir='ltr'>—&#39;lta</span> <span class='ocrx_word' id='word_1_786' title='bbox 2482 5059 2818 5117; x_wconf 77' lang='lat' dir='ltr'>Donatistae</span> <span class='ocrx_word' id='word_1_787' title='bbox 2865 5078 2968 5134; x_wconf 78' lang='lat' dir='ltr'>per</span> <span class='ocrx_word' id='word_1_788' title='bbox 3026 5059 3351 5134; x_wconf 81' lang='lat' dir='ltr'>convicium</span> <span class='ocrx_word' id='word_1_789' title='bbox 3381 5059 3597 5134; x_wconf 88' lang='lat' dir='ltr'>_vocari</span> 
     </span>
    </p>
   </div>
   <div class='ocr_carea' id='block_1_113' title="bbox 1935 5129 3595 5207">
    <p class='ocr_par' dir='ltr' id='par_1_113' title="bbox 1935 5129 3595 5207">
     <span class='ocr_line' id='line_1_114' title="bbox 1935 5129 3595 5207; baseline -0.006 -15"><span class='ocrx_word' id='word_1_790' title='bbox 1935 5136 2365 5207; x_wconf 90' lang='lat' dir='ltr'>autumo,quod</span> <span class='ocrx_word' id='word_1_791' title='bbox 2401 5135 2456 5189; x_wconf 90' lang='lat' dir='ltr'>in</span> <span class='ocrx_word' id='word_1_792' title='bbox 2481 5135 2708 5207; x_wconf 87' lang='lat' dir='ltr'>campis</span> <span class='ocrx_word' id='word_1_793' title='bbox 2743 5138 2843 5189; x_wconf 90' lang='lat' dir='ltr'>aut</span> <span class='ocrx_word' id='word_1_794' title='bbox 2866 5129 3218 5207; x_wconf 54' lang='lat' dir='ltr'>&#39;montibus</span> <span class='ocrx_word' id='word_1_795' title='bbox 3259 5129 3595 5207; x_wconf 73' lang='lat' dir='ltr'>habitarent</span> 
     </span>
    </p>
   </div>
   <div class='ocr_carea' id='block_1_114' title="bbox 1937 5200 3596 5284">
    <p class='ocr_par' dir='ltr' id='par_1_114' title="bbox 1937 5200 3596 5284">
     <span class='ocr_line' id='line_1_115' title="bbox 1937 5200 3596 5284; baseline -0.005 -21"><span class='ocrx_word' id='word_1_796' title='bbox 1937 5214 2000 5284; x_wconf 88' lang='lat' dir='ltr'>_u_t</span> <span class='ocrx_word' id='word_1_797' title='bbox 2030 5200 2297 5284; x_wconf 75' lang='lat' dir='ltr'>v_ox_ipsa</span> <span class='ocrx_word' id='word_1_798' title='bbox 2327 5200 2705 5284; x_wconf 45' lang='lat' dir='ltr'>loquiturfln</span> <span class='ocrx_word' id='word_1_799' title='bbox 2742 5205 2948 5284; x_wconf 35' lang='lat' dir='ltr'>.gestis</span> <span class='ocrx_word' id='word_1_800' title='bbox 2989 5202 3358 5284; x_wconf 39' lang='lat' dir='ltr'>Pur‘gatiouis</span> <span class='ocrx_word' id='word_1_801' title='bbox 3417 5200 3596 5284; x_wconf 61' lang='lat' dir='ltr'>Caici-</span> 
     </span>
    </p>
   </div>
   <div class='ocr_carea' id='block_1_115' title="bbox 1933 5275 3590 5351">
    <p class='ocr_par' dir='ltr' id='par_1_115' title="bbox 1933 5275 3590 5351">
     <span class='ocr_line' id='line_1_116' title="bbox 1933 5275 3590 5351; baseline -0.004 -16"><span class='ocrx_word' id='word_1_802' title='bbox 1933 5279 2078 5336; x_wconf 90' lang='lat' dir='ltr'>liani</span> <span class='ocrx_word' id='word_1_803' title='bbox 2129 5275 2606 5351; x_wconf 81' lang='lat' dir='ltr'>Carthaginensis</span> <span class='ocrx_word' id='word_1_804' title='bbox 2663 5275 2922 5351; x_wconf 74' lang='lat' dir='ltr'>episcopi</span> <span class='ocrx_word' id='word_1_805' title='bbox 2982 5293 3015 5351; x_wconf 60' lang='grc' dir='ltr'>ξι</span> <span class='ocrx_word' id='word_1_806' title='bbox 3070 5275 3306 5331; x_wconf 87' lang='lat' dir='ltr'>Baluzio</span> <span class='ocrx_word' id='word_1_807' title='bbox 3383 5275 3590 5351; x_wconf 82' lang='lat' dir='ltr'>editis:</span> 
     </span>
    </p>
   </div>
   <div class='ocr_carea' id='block_1_116' title="bbox 1935 5348 3595 5419">
    <p class='ocr_par' dir='ltr' id='par_1_116' title="bbox 1935 5348 3595 5419">
     <span class='ocr_line' id='line_1_117' title="bbox 1935 5348 3595 5419; baseline -0.005 -11"><span class='ocrx_word' id='word_1_808' title='bbox 1935 5376 1960 5402; x_wconf 86' lang='grc'>‹‹</span> <span class='ocrx_word' id='word_1_809' title='bbox 1998 5348 2399 5407; x_wconf 84' lang='lat' dir='ltr'>Nundinarius</span> <span class='ocrx_word' id='word_1_810' title='bbox 2430 5348 2714 5405; x_wconf 83' lang='lat' dir='ltr'>diaconus</span> <span class='ocrx_word' id='word_1_811' title='bbox 2744 5349 2890 5403; x_wconf 79' lang='lat' dir='ltr'>dixit</span> <span class='ocrx_word' id='word_1_812' title='bbox 2925 5365 2936 5402; x_wconf 91' lang='lat'><strong>:</strong></span> <span class='ocrx_word' id='word_1_813' title='bbox 2971 5348 3328 5419; x_wconf 84' lang='lat' dir='ltr'>Campenses</span> <span class='ocrx_word' id='word_1_814' title='bbox 3361 5349 3425 5419; x_wconf 83' lang='lat' dir='ltr'>et</span> <span class='ocrx_word' id='word_1_815' title='bbox 3473 5362 3595 5401; x_wconf 82' lang='lat' dir='ltr'>are-</span> 
     </span>
    </p>
   </div>
   <div class='ocr_carea' id='block_1_117' title="bbox 1933 5418 3595 5492">
    <p class='ocr_par' dir='ltr' id='par_1_117' title="bbox 1933 5418 3595 5492">
     <span class='ocr_line' id='line_1_118' title="bbox 1933 5418 3595 5492; baseline -0.004 -13"><span class='ocrx_word' id='word_1_816' title='bbox 1933 5425 2104 5479; x_wconf 87' lang='lat' dir='ltr'>niarii</span> <span class='ocrx_word' id='word_1_817' title='bbox 2135 5425 2398 5478; x_wconf 87' lang='lat' dir='ltr'>fecerunt</span> <span class='ocrx_word' id='word_1_818' title='bbox 2429 5422 2596 5476; x_wconf 89' lang='lat' dir='ltr'>illum</span> <span class='ocrx_word' id='word_1_819' title='bbox 2631 5423 2994 5492; x_wconf 73' lang='lat' dir='ltr'>episcoPLim.</span> <span class='ocrx_word' id='word_1_820' title='bbox 3033 5442 3052 5467; x_wconf 77' lang='grc' dir='ltr'><strong>η</strong></span> <span class='ocrx_word' id='word_1_821' title='bbox 3090 5418 3286 5474; x_wconf 79' lang='lat' dir='ltr'>Prima</span> <span class='ocrx_word' id='word_1_822' title='bbox 3307 5418 3484 5492; x_wconf 87' lang='lat' dir='ltr'>edi_t_i_o</span> <span class='ocrx_word' id='word_1_823' title='bbox 3537 5421 3595 5473; x_wconf 85' lang='lat' dir='ltr'>et</span> 
     </span>
    </p>
   </div>
   <div class='ocr_carea' id='block_1_118' title="bbox 1933 5490 3588 5566">
    <p class='ocr_par' dir='ltr' id='par_1_118' title="bbox 1933 5490 3588 5566">
     <span class='ocr_line' id='line_1_119' title="bbox 1933 5490 3588 5566; baseline -0.004 -15"><span class='ocrx_word' id='word_1_824' title='bbox 1933 5497 2215 5552; x_wconf 89' lang='lat' dir='ltr'>Erasmus</span> <span class='ocrx_word' id='word_1_825' title='bbox 2243 5495 2506 5566; x_wconf 83' lang='lat' dir='ltr'>legerant</span> <span class='ocrx_word' id='word_1_826' title='bbox 2537 5490 2847 5564; x_wconf 61' lang='lat' dir='ltr'>CampalesI</span> <span class='ocrx_word' id='word_1_827' title='bbox 2899 5493 3054 5566; x_wconf 87' lang='lat' dir='ltr'>Idem</span> <span class='ocrx_word' id='word_1_828' title='bbox 3081 5507 3239 5566; x_wconf 75' lang='lat' dir='ltr'>_vero</span> <span class='ocrx_word' id='word_1_829' title='bbox 3273 5495 3333 5566; x_wconf 87' lang='lat' dir='ltr'>_et</span> <span class='ocrx_word' id='word_1_830' title='bbox 3381 5490 3588 5566; x_wconf 29' lang='lat' dir='ltr'>AYicto-</span> 
     </span>
    </p>
   </div>
   <div class='ocr_carea' id='block_1_119' title="bbox 1931 5560 3592 5639">
    <p class='ocr_par' dir='ltr' id='par_1_119' title="bbox 1931 5560 3592 5639">
     <span class='ocr_line' id='line_1_120' title="bbox 1931 5560 3592 5639; baseline -0.004 -16"><span class='ocrx_word' id='word_1_831' title='bbox 1931 5571 2056 5624; x_wconf 86' lang='lat' dir='ltr'>rius</span> <span class='ocrx_word' id='word_1_832' title='bbox 2089 5560 2329 5639; x_wconf 73' lang='lat' dir='ltr'>quoque</span> <span class='ocrx_word' id='word_1_833' title='bbox 2354 5560 2683 5621; x_wconf 82' lang='lat' dir='ltr'>Montenses</span> <span class='ocrx_word' id='word_1_834' title='bbox 2715 5584 2748 5621; x_wconf 88' lang='lat' dir='ltr'>a</span> <span class='ocrx_word' id='word_1_835' title='bbox 2779 5565 3031 5620; x_wconf 80' lang='lat' dir='ltr'>Montani</span> <span class='ocrx_word' id='word_1_836' title='bbox 3081 5563 3287 5620; x_wconf 66' lang='lat' dir='ltr'>haeresi</span> <span class='ocrx_word' id='word_1_837' title='bbox 3347 5560 3592 5618; x_wconf 87' lang='lat' dir='ltr'>ridicule</span> 
     </span>
    </p>
   </div>
   <div class='ocr_carea' id='block_1_120' title="bbox 1933 5643 2416 5713">
    <p class='ocr_par' dir='ltr' id='par_1_120' title="bbox 1933 5643 2416 5713">
     <span class='ocr_line' id='line_1_121' title="bbox 1933 5643 2416 5713; baseline -0.008 -17"><span class='ocrx_word' id='word_1_838' title='bbox 1933 5643 2416 5713; x_wconf 86' lang='lat' dir='ltr'>interpretantur.</span> 
     </span>
    </p>
   </div>
  </div>
