  <div class='ocr_page' id='page_1' title='image "/cluster/home/n/w/nwhite01/storage/ocr_20150623/23/umn.31951d034773078/105.png"; bbox 0 0 3944 6442; ppageno 0'>
   <div class='ocr_carea' id='block_1_1' title="bbox 360 376 3762 478">
    <p class='ocr_par' dir='ltr' id='par_1_1' title="bbox 360 376 3762 478">
     <span class='ocr_line' id='line_1_1' title="bbox 360 376 3762 478; baseline 0.007 -23"><span class='ocrx_word' id='word_1_1' title='bbox 360 388 469 455; x_wconf 73' lang='lat' dir='ltr'>isi</span> <span class='ocrx_word' id='word_1_2' title='bbox 1238 376 1243 383; x_wconf 82' lang='lat'><strong><em>&#39;</em></strong></span> <span class='ocrx_word' id='word_1_3' title='bbox 1601 394 1669 461; x_wconf 88' lang='lat' dir='ltr'>s.</span> <span class='ocrx_word' id='word_1_4' title='bbox 1716 394 2022 464; x_wconf 75' lang='lat' dir='ltr'>sessum</span> <span class='ocrx_word' id='word_1_5' title='bbox 2067 399 2510 471; x_wconf 82' lang='lat' dir='ltr'>HIERONYMI</span> <span class='ocrx_word' id='word_1_6' title='bbox 3641 410 3762 478; x_wconf 68' lang='lat'>492</span> 
     </span>
    </p>
   </div>
   <div class='ocr_carea' id='block_1_2' title="bbox 355 523 3761 623">
    <p class='ocr_par' dir='ltr' id='par_1_2' title="bbox 355 523 3761 623">
     <span class='ocr_line' id='line_1_2' title="bbox 355 523 3761 623; baseline 0.008 -41"><span class='ocrx_word' id='word_1_7' title='bbox 355 523 602 623; x_wconf 78' lang='lat' dir='ltr'>legendo</span> <span class='ocrx_word' id='word_1_8' title='bbox 634 524 1092 623; x_wconf 79' lang='lat' dir='ltr'>consistant,sed</span> <span class='ocrx_word' id='word_1_9' title='bbox 1152 529 1211 586; x_wconf 90' lang='lat' dir='ltr'>in</span> <span class='ocrx_word' id='word_1_10' title='bbox 1263 528 1699 603; x_wconf 76' lang='lat' dir='ltr'>intelligendo’.</span> <span class='ocrx_word' id='word_1_11' title='bbox 1763 533 1996 607; x_wconf 85' lang='lat' dir='ltr'>Alioqui</span> <span class='ocrx_word' id='word_1_12' title='bbox 2028 546 2083 611; x_wconf 73' lang='grc' dir='ltr'>Α</span> <span class='ocrx_word' id='word_1_13' title='bbox 2116 556 2271 598; x_wconf 90' lang='lat' dir='ltr'>mam</span> <span class='ocrx_word' id='word_1_14' title='bbox 2306 544 2525 601; x_wconf 81' lang='lat' dir='ltr'>refert:</span> <span class='ocrx_word' id='word_1_15' title='bbox 2561 550 2620 601; x_wconf 92' lang='lat' dir='ltr'>tu</span> <span class='ocrx_word' id='word_1_16' title='bbox 2666 545 2799 614; x_wconf 88' lang='lat' dir='ltr'>mei,</span> <span class='ocrx_word' id='word_1_17' title='bbox 2849 551 2905 603; x_wconf 92' lang='lat' dir='ltr'>et</span> <span class='ocrx_word' id='word_1_18' title='bbox 2956 563 3060 621; x_wconf 85' lang='lat' dir='ltr'>ego</span> <span class='ocrx_word' id='word_1_19' title='bbox 3113 545 3347 605; x_wconf 90' lang='lat' dir='ltr'>erroris.</span> <span class='ocrx_word' id='word_1_20' title='bbox 3405 545 3761 623; x_wconf 89' lang='lat' dir='ltr'>Utinamque</span> 
     </span>
    </p>
   </div>
   <div class='ocr_carea' id='block_1_3' title="bbox 356 615 3763 710">
    <p class='ocr_par' dir='ltr' id='par_1_3' title="bbox 356 615 3763 710">
     <span class='ocr_line' id='line_1_3' title="bbox 356 615 3763 710; baseline 0.007 -38"><span class='ocrx_word' id='word_1_21' title='bbox 356 616 407 672; x_wconf 98' lang='lat' dir='ltr'>si</span> <span class='ocrx_word' id='word_1_22' title='bbox 435 615 690 673; x_wconf 74' lang='lat' dir='ltr'>litteram</span> <span class='ocrx_word' id='word_1_23' title='bbox 723 618 1062 710; x_wconf 81' lang='lat' dir='ltr'>sequimur,</span> <span class='ocrx_word' id='word_1_24' title='bbox 1122 636 1439 691; x_wconf 87' lang='lat' dir='ltr'>possumus</span> <span class='ocrx_word' id='word_1_25' title='bbox 1481 624 1537 676; x_wconf 88' lang='lat' dir='ltr'>et</span> <span class='ocrx_word' id='word_1_26' title='bbox 1607 638 1711 677; x_wconf 91' lang='lat' dir='ltr'>nos</span> <span class='ocrx_word' id='word_1_27' title='bbox 1770 639 2001 697; x_wconf 86' lang='lat' dir='ltr'>quoque</span> <span class='ocrx_word' id='word_1_28' title='bbox 2111 630 2256 685; x_wconf 89' lang='lat' dir='ltr'>mihi</span> <span class='ocrx_word' id='word_1_29' title='bbox 2288 633 2370 688; x_wconf 90' lang='lat' dir='ltr'>sic</span> <span class='ocrx_word' id='word_1_30' title='bbox 2394 650 2624 707; x_wconf 82' lang='lat' dir='ltr'>semper</span> <span class='ocrx_word' id='word_1_31' title='bbox 2648 636 2946 709; x_wconf 83' lang='lat' dir='ltr'>disputare</span> <span class='ocrx_word' id='word_1_32' title='bbox 2977 615 3287 710; x_wconf 62' lang='lat' dir='ltr'>eoatingat,</span> <span class='ocrx_word' id='word_1_33' title='bbox 3314 642 3380 694; x_wconf 91' lang='lat' dir='ltr'>ut</span> <span class='ocrx_word' id='word_1_34' title='bbox 3411 639 3482 694; x_wconf 86' lang='lat' dir='ltr'>ad</span> <span class='ocrx_word' id='word_1_35' title='bbox 3516 615 3763 697; x_wconf 80' lang='lat' dir='ltr'>meliora</span> 
     </span>
    </p>
   </div>
   <div class='ocr_carea' id='block_1_4' title="bbox 354 707 3762 798">
    <p class='ocr_par' dir='ltr' id='par_1_4' title="bbox 354 707 3762 798">
     <span class='ocr_line' id='line_1_4' title="bbox 354 707 3762 798; baseline 0.006 -36"><span class='ocrx_word' id='word_1_36' title='bbox 354 723 570 763; x_wconf 86' lang='lat' dir='ltr'>novum</span> <span class='ocrx_word' id='word_1_37' title='bbox 601 707 770 763; x_wconf 86' lang='lat' dir='ltr'>nobis</span> <span class='ocrx_word' id='word_1_38' title='bbox 800 709 1013 780; x_wconf 82' lang='lat' dir='ltr'>dogma</span> <span class='ocrx_word' id='word_1_39' title='bbox 1044 726 1425 781; x_wconf 79' lang='lat' dir='ltr'>componere;</span> <span class='ocrx_word' id='word_1_40' title='bbox 1458 716 1522 765; x_wconf 90' lang='lat' dir='ltr'>ut</span> <span class='ocrx_word' id='word_1_41' title='bbox 1553 728 1887 767; x_wconf 88' lang='lat' dir='ltr'>asseramus</span> <span class='ocrx_word' id='word_1_42' title='bbox 1938 714 1997 768; x_wconf 93' lang='lat' dir='ltr'>in</span> <span class='ocrx_word' id='word_1_43' title='bbox 2110 721 2441 791; x_wconf 78' lang='lat' dir='ltr'>proficiens,</span> <span class='ocrx_word' id='word_1_44' title='bbox 2485 707 2760 781; x_wconf 77' lang='lat' dir='ltr'>deseram</span> <span class='ocrx_word' id='word_1_45' title='bbox 2801 728 2955 798; x_wconf 90' lang='lat' dir='ltr'>quod</span> <span class='ocrx_word' id='word_1_46' title='bbox 3009 707 3505 783; x_wconf 29' lang='lat' dir='ltr'>malevtenebam.</span> <span class='ocrx_word' id='word_1_47' title='bbox 3566 729 3762 785; x_wconf 86' lang='lat' dir='ltr'>Unum</span> 
     </span>
    </p>
   </div>
   <div class='ocr_carea' id='block_1_5' title="bbox 351 795 3760 891">
    <p class='ocr_par' dir='ltr' id='par_1_5' title="bbox 351 795 3760 891">
     <span class='ocr_line' id='line_1_5' title="bbox 351 795 3760 891; baseline 0.006 -40"><span class='ocrx_word' id='word_1_48' title='bbox 351 795 666 852; x_wconf 80' lang='lat' dir='ltr'>Ecclesium</span> <span class='ocrx_word' id='word_1_49' title='bbox 701 814 815 853; x_wconf 88' lang='lat' dir='ltr'>non</span> <span class='ocrx_word' id='word_1_50' title='bbox 852 797 1232 869; x_wconf 87' lang='lat' dir='ltr'>recipiendos,</span> <span class='ocrx_word' id='word_1_51' title='bbox 1294 801 1387 870; x_wconf 84' lang='lat' dir='ltr'>qui</span> <span class='ocrx_word' id='word_1_52' title='bbox 1449 799 1687 855; x_wconf 82' lang='lat' dir='ltr'>calceati</span> <span class='ocrx_word' id='word_1_53' title='bbox 1747 801 1885 868; x_wconf 89' lang='lat' dir='ltr'>sint,</span> <span class='ocrx_word' id='word_1_54' title='bbox 1942 807 1997 857; x_wconf 84' lang='lat' dir='ltr'>et</span> <span class='ocrx_word' id='word_1_55' title='bbox 2109 811 2302 866; x_wconf 87' lang='lat' dir='ltr'>tamen</span> <span class='ocrx_word' id='word_1_56' title='bbox 2338 813 2441 867; x_wconf 91' lang='lat' dir='ltr'>tibi</span> <span class='ocrx_word' id='word_1_57' title='bbox 2472 814 2771 884; x_wconf 87' lang='lat' dir='ltr'>conﬁteor,</span> <span class='ocrx_word' id='word_1_58' title='bbox 2806 795 2943 885; x_wconf 82' lang='lat' dir='ltr'>quia</span> <span class='ocrx_word' id='word_1_59' title='bbox 2977 834 3167 872; x_wconf 89' lang='lat' dir='ltr'>mores</span> <span class='ocrx_word' id='word_1_60' title='bbox 3193 834 3456 873; x_wconf 90' lang='lat' dir='ltr'>meorum</span> <span class='ocrx_word' id='word_1_61' title='bbox 3490 819 3760 891; x_wconf 87' lang='lat' dir='ltr'>apprime</span> 
     </span>
    </p>
   </div>
   <div class='ocr_carea' id='block_1_6' title="bbox 348 884 3681 980">
    <p class='ocr_par' dir='ltr' id='par_1_6' title="bbox 348 884 3681 980">
     <span class='ocr_line' id='line_1_6' title="bbox 348 884 3681 980; baseline 0.007 -41"><span class='ocrx_word' id='word_1_62' title='bbox 348 884 498 980; x_wconf 82' lang='lat' dir='ltr'>duas</span> <span class='ocrx_word' id='word_1_63' title='bbox 550 884 781 941; x_wconf 84' lang='lat' dir='ltr'><strong>tunicas</strong></span> <span class='ocrx_word' id='word_1_64' title='bbox 829 886 1102 942; x_wconf 81' lang='lat' dir='ltr'>habeant.</span> <span class='ocrx_word' id='word_1_65' title='bbox 1136 891 1193 943; x_wconf 91' lang='lat' dir='ltr'>L.</span> <span class='ocrx_word' id='word_1_66' title='bbox 1244 889 1363 943; x_wconf 81' lang='lat' dir='ltr'>Non</span> <span class='ocrx_word' id='word_1_67' title='bbox 1425 888 1616 943; x_wconf 81' lang='lat' dir='ltr'>solum</span> <span class='ocrx_word' id='word_1_68' title='bbox 1675 893 1731 943; x_wconf 88' lang='lat' dir='ltr'>te</span> <span class='ocrx_word' id='word_1_69' title='bbox 1787 890 1997 946; x_wconf 86' lang='lat' dir='ltr'>vicisse</span> <span class='ocrx_word' id='word_1_70' title='bbox 2107 902 2258 970; x_wconf 77' lang='lat' dir='ltr'>novi,</span> <span class='ocrx_word' id='word_1_71' title='bbox 2294 901 2523 958; x_wconf 80' lang='lat' dir='ltr'><strong>facilius</strong></span> <span class='ocrx_word' id='word_1_72' title='bbox 2555 920 2652 959; x_wconf 88' lang='lat' dir='ltr'>eos</span> <span class='ocrx_word' id='word_1_73' title='bbox 2684 904 2832 959; x_wconf 88' lang='lat' dir='ltr'>vinci</span> <span class='ocrx_word' id='word_1_74' title='bbox 2877 922 3068 977; x_wconf 84' lang='lat' dir='ltr'>posse,</span> <span class='ocrx_word' id='word_1_75' title='bbox 3102 923 3277 978; x_wconf 89' lang='lat' dir='ltr'>quam</span> <span class='ocrx_word' id='word_1_76' title='bbox 3321 908 3681 980; x_wconf 84' lang='lat' dir='ltr'>persuaderi.</span> 
     </span>
    </p>
   </div>
   <div class='ocr_carea' id='block_1_7' title="bbox 330 973 1993 1051">
    <p class='ocr_par' dir='ltr' id='par_1_7' title="bbox 330 973 1993 1051">
     <span class='ocr_line' id='line_1_7' title="bbox 330 973 1993 1051; baseline 0.004 -22"><span class='ocrx_word' id='word_1_77' title='bbox 330 973 666 1042; x_wconf 82' lang='lat' dir='ltr'>existimes,</span> <span class='ocrx_word' id='word_1_78' title='bbox 699 976 946 1032; x_wconf 82' lang='lat' dir='ltr'>Vlcimus</span> <span class='ocrx_word' id='word_1_79' title='bbox 986 977 1237 1049; x_wconf 83' lang='lat' dir='ltr'><strong>utrique,</strong></span> <span class='ocrx_word' id='word_1_80' title='bbox 1272 982 1515 1049; x_wconf 87' lang='lat' dir='ltr'>uterque</span> <span class='ocrx_word' id='word_1_81' title='bbox 1547 983 1814 1033; x_wconf 90' lang='lat' dir='ltr'>nostrum</span> <span class='ocrx_word' id='word_1_82' title='bbox 1865 979 1993 1051; x_wconf 90' lang='lat' dir='ltr'>pal-</span> 
     </span>
    </p>
   </div>
   <div class='ocr_carea' id='block_1_8' title="bbox 416 1154 3754 1227">
    <p class='ocr_par' dir='ltr' id='par_1_8' title="bbox 416 1154 3754 1227">
     <span class='ocr_line' id='line_1_8' title="bbox 416 1154 3754 1227; baseline -0 -17"><span class='ocrx_word' id='word_1_83' title='bbox 416 1155 432 1189; x_wconf 83' lang='grc'>¹</span> <span class='ocrx_word' id='word_1_84' title='bbox 465 1154 780 1227; x_wconf 88' lang='lat' dir='ltr'>Desumpta</span> <span class='ocrx_word' id='word_1_85' title='bbox 810 1155 1017 1211; x_wconf 88' lang='lat' dir='ltr'>iisdem</span> <span class='ocrx_word' id='word_1_86' title='bbox 1050 1157 1238 1211; x_wconf 82' lang='lat' dir='ltr'>verbis</span> <span class='ocrx_word' id='word_1_87' title='bbox 1257 1174 1324 1211; x_wconf 81' lang='lat' dir='ltr'>ex</span> <span class='ocrx_word' id='word_1_88' title='bbox 1365 1162 1420 1211; x_wconf 91' lang='lat' dir='ltr'>S.</span> <span class='ocrx_word' id='word_1_89' title='bbox 1447 1156 1661 1213; x_wconf 79' lang='lat' dir='ltr'>Hilario</span> <span class='ocrx_word' id='word_1_90' title='bbox 1720 1158 1791 1212; x_wconf 89' lang='lat' dir='ltr'>ad</span> <span class='ocrx_word' id='word_1_91' title='bbox 1845 1158 1993 1213; x_wconf 89' lang='lat' dir='ltr'>Con-</span> <span class='ocrx_word' id='word_1_92' title='bbox 2100 1154 2255 1227; x_wconf 84' lang='lat' dir='ltr'>enim</span> <span class='ocrx_word' id='word_1_93' title='bbox 2288 1156 2345 1210; x_wconf 92' lang='lat' dir='ltr'>in</span> <span class='ocrx_word' id='word_1_94' title='bbox 2378 1155 2855 1227; x_wconf 64' lang='lat' dir='ltr'>praevaricatione</span> <span class='ocrx_word' id='word_1_95' title='bbox 2895 1160 3054 1219; x_wconf 89' lang='lat' dir='ltr'>sunt,</span> <span class='ocrx_word' id='word_1_96' title='bbox 3115 1157 3215 1212; x_wconf 88' lang='lat' dir='ltr'>sed</span> <span class='ocrx_word' id='word_1_97' title='bbox 3272 1157 3331 1212; x_wconf 93' lang='lat' dir='ltr'>in</span> <span class='ocrx_word' id='word_1_98' title='bbox 3389 1157 3695 1215; x_wconf 88' lang='lat' dir='ltr'>charitate.</span> <span class='ocrx_word' id='word_1_99' title='bbox 3727 1184 3754 1211; x_wconf 81' lang='grc'>››</span> 
     </span>
    </p>
   </div>
   <div class='ocr_carea' id='block_1_9' title="bbox 340 1226 3751 1301">
    <p class='ocr_par' dir='ltr' id='par_1_9' title="bbox 340 1226 3751 1301">
     <span class='ocr_line' id='line_1_9' title="bbox 340 1226 3751 1301; baseline 0.002 -21"><span class='ocrx_word' id='word_1_100' title='bbox 340 1226 845 1301; x_wconf 73' lang='lat' dir='ltr'>stantium,lib._n,</span> <span class='ocrx_word' id='word_1_101' title='bbox 871 1245 926 1282; x_wconf 91' lang='lat' dir='ltr'>n.</span> <span class='ocrx_word' id='word_1_102' title='bbox 960 1229 1012 1292; x_wconf 86' lang='lat'>9,</span> <span class='ocrx_word' id='word_1_103' title='bbox 1036 1229 1363 1301; x_wconf 82' lang='lat' dir='ltr'>sententia:</span> <span class='ocrx_word' id='word_1_104' title='bbox 1398 1229 1792 1301; x_wconf 10' lang='lat' dir='ltr'>«JVScripturae</span> <span class='ocrx_word' id='word_1_105' title='bbox 1833 1229 1988 1285; x_wconf 89' lang='lat' dir='ltr'>enim</span> <span class='ocrx_word' id='word_1_106' title='bbox 2099 1226 2241 1301; x_wconf 83' lang='lat' dir='ltr'>Vide</span> <span class='ocrx_word' id='word_1_107' title='bbox 2269 1231 2324 1281; x_wconf 91' lang='lat' dir='ltr'>S.</span> <span class='ocrx_word' id='word_1_108' title='bbox 2366 1226 2793 1301; x_wconf 64' lang='lat' dir='ltr'>Augustinum,</span> <span class='ocrx_word' id='word_1_109' title='bbox 2841 1228 3089 1299; x_wconf 79' lang='lat' dir='ltr'>epistola</span> <span class='ocrx_word' id='word_1_110' title='bbox 3147 1230 3269 1294; x_wconf 80' lang='grc'>120,</span> <span class='ocrx_word' id='word_1_111' title='bbox 3328 1229 3400 1284; x_wconf 81' lang='lat' dir='ltr'>ad</span> <span class='ocrx_word' id='word_1_112' title='bbox 3456 1230 3706 1287; x_wconf 85' lang='lat' dir='ltr'>Consent.</span> <span class='ocrx_word' id='word_1_113' title='bbox 3737 1251 3751 1301; x_wconf 90' lang='lat'><strong>;</strong></span> 
     </span>
    </p>
   </div>
   <div class='ocr_carea' id='block_1_10' title="bbox 340 1297 3296 1373">
    <p class='ocr_par' dir='ltr' id='par_1_10' title="bbox 340 1297 3296 1373">
     <span class='ocr_line' id='line_1_10' title="bbox 340 1297 3296 1373; baseline 0.001 -21"><span class='ocrx_word' id='word_1_114' title='bbox 340 1313 458 1353; x_wconf 88' lang='lat' dir='ltr'>non</span> <span class='ocrx_word' id='word_1_115' title='bbox 481 1298 539 1353; x_wconf 92' lang='lat' dir='ltr'>in</span> <span class='ocrx_word' id='word_1_116' title='bbox 571 1298 815 1370; x_wconf 87' lang='lat' dir='ltr'>legendo</span> <span class='ocrx_word' id='word_1_117' title='bbox 848 1304 1006 1367; x_wconf 91' lang='lat' dir='ltr'>sunt,</span> <span class='ocrx_word' id='word_1_118' title='bbox 1040 1300 1138 1354; x_wconf 86' lang='lat' dir='ltr'>sed</span> <span class='ocrx_word' id='word_1_119' title='bbox 1174 1300 1230 1354; x_wconf 92' lang='lat' dir='ltr'>in</span> <span class='ocrx_word' id='word_1_120' title='bbox 1290 1297 1671 1371; x_wconf 86' lang='lat' dir='ltr'>intelligendo</span> <span class='ocrx_word' id='word_1_121' title='bbox 1724 1317 1735 1355; x_wconf 94' lang='lat'><strong>:</strong></span> <span class='ocrx_word' id='word_1_122' title='bbox 1799 1318 1987 1373; x_wconf 86' lang='lat' dir='ltr'>neque</span> <span class='ocrx_word' id='word_1_123' title='bbox 2095 1297 2507 1365; x_wconf 75' lang='lat' dir='ltr'>Athanasium,</span> <span class='ocrx_word' id='word_1_124' title='bbox 2542 1304 2687 1354; x_wconf 86' lang='lat' dir='ltr'>orat.</span> <span class='ocrx_word' id='word_1_125' title='bbox 2713 1304 2748 1355; x_wconf 91' lang='lat'><strong><em>2</em></strong></span> <span class='ocrx_word' id='word_1_126' title='bbox 2779 1297 2983 1355; x_wconf 85' lang='lat' dir='ltr'>contra</span> <span class='ocrx_word' id='word_1_127' title='bbox 3029 1301 3296 1356; x_wconf 79' lang='lat' dir='ltr'>Arianos.</span> 
     </span>
    </p>
   </div>
   <div class='ocr_carea' id='block_1_11' title="bbox 1207 1658 2859 1726">
    <p class='ocr_par' dir='ltr' id='par_1_11' title="bbox 1207 1658 2859 1726">
     <span class='ocr_line' id='line_1_11' title="bbox 1207 1658 2859 1726; baseline -0.002 -10"><span class='ocrx_word' id='word_1_128' title='bbox 1207 1660 1359 1717; x_wconf 71' lang='lat'>208</span> <span class='ocrx_word' id='word_1_129' title='bbox 1404 1660 1473 1715; x_wconf 87' lang='lat' dir='ltr'><strong>IN</strong></span> <span class='ocrx_word' id='word_1_130' title='bbox 1516 1659 1779 1717; x_wconf 81' lang='lat' dir='ltr'>LIBRUM</span> <span class='ocrx_word' id='word_1_131' title='bbox 1818 1659 2386 1726; x_wconf 80' lang='lat' dir='ltr'>SUBSEQUENTEM</span> <span class='ocrx_word' id='word_1_132' title='bbox 2426 1658 2859 1716; x_wconf 82' lang='lat' dir='ltr'>ADMONITIO.</span> 
     </span>
    </p>
   </div>
   <div class='ocr_carea' id='block_1_12' title="bbox 402 1827 3746 1904">
    <p class='ocr_par' dir='ltr' id='par_1_12' title="bbox 402 1827 3746 1904">
     <span class='ocr_line' id='line_1_12' title="bbox 402 1827 3746 1904; baseline 0 -16"><span class='ocrx_word' id='word_1_133' title='bbox 402 1830 701 1889; x_wconf 82' lang='lat' dir='ltr'>Helvidius</span> <span class='ocrx_word' id='word_1_134' title='bbox 721 1846 791 1887; x_wconf 86' lang='lat' dir='ltr'>ex</span> <span class='ocrx_word' id='word_1_135' title='bbox 814 1829 1036 1902; x_wconf 85' lang='lat' dir='ltr'>aliquot</span> <span class='ocrx_word' id='word_1_136' title='bbox 1058 1846 1234 1886; x_wconf 68' lang='lat' dir='ltr'>sacras</span> <span class='ocrx_word' id='word_1_137' title='bbox 1267 1830 1578 1901; x_wconf 70' lang='lat' dir='ltr'>Scriptura:</span> <span class='ocrx_word' id='word_1_138' title='bbox 1610 1830 1961 1887; x_wconf 80' lang='lat' dir='ltr'>testimoniis</span> <span class='ocrx_word' id='word_1_139' title='bbox 1994 1847 2296 1904; x_wconf 84' lang='lat' dir='ltr'>perperam</span> <span class='ocrx_word' id='word_1_140' title='bbox 2356 1827 2684 1895; x_wconf 85' lang='lat' dir='ltr'>intellectis,</span> <span class='ocrx_word' id='word_1_141' title='bbox 2720 1833 2777 1885; x_wconf 89' lang='lat' dir='ltr'>et</span> <span class='ocrx_word' id='word_1_142' title='bbox 2823 1829 3077 1884; x_wconf 87' lang='lat' dir='ltr'>duorum</span> <span class='ocrx_word' id='word_1_143' title='bbox 3135 1832 3417 1899; x_wconf 80' lang='lat' dir='ltr'>veterum,</span> <span class='ocrx_word' id='word_1_144' title='bbox 3476 1835 3746 1902; x_wconf 85' lang='lat' dir='ltr'>Patrum,</span> 
     </span>
    </p>
   </div>
   <div class='ocr_carea' id='block_1_13' title="bbox 331 1917 3749 1992">
    <p class='ocr_par' dir='ltr' id='par_1_13' title="bbox 331 1917 3749 1992">
     <span class='ocr_line' id='line_1_13' title="bbox 331 1917 3749 1992; baseline 0 -13"><span class='ocrx_word' id='word_1_145' title='bbox 331 1920 674 1979; x_wconf 82' lang='lat' dir='ltr'>Tertulliani</span> <span class='ocrx_word' id='word_1_146' title='bbox 696 1919 920 1977; x_wconf 88' lang='lat' dir='ltr'>scilicet</span> <span class='ocrx_word' id='word_1_147' title='bbox 948 1926 1006 1975; x_wconf 90' lang='lat' dir='ltr'>et</span> <span class='ocrx_word' id='word_1_148' title='bbox 1027 1919 1306 1975; x_wconf 87' lang='lat' dir='ltr'>Victorini</span> <span class='ocrx_word' id='word_1_149' title='bbox 1340 1918 1798 1987; x_wconf 84' lang='lat' dir='ltr'>Petabionensis,</span> <span class='ocrx_word' id='word_1_150' title='bbox 1834 1920 2281 1975; x_wconf 88' lang='lat' dir='ltr'>auctoritatibus</span> <span class='ocrx_word' id='word_1_151' title='bbox 2313 1935 2516 1991; x_wconf 86' lang='lat' dir='ltr'>parum</span> <span class='ocrx_word' id='word_1_152' title='bbox 2549 1918 2873 1991; x_wconf 88' lang='lat' dir='ltr'>perpensis,</span> <span class='ocrx_word' id='word_1_153' title='bbox 2925 1917 3141 1973; x_wconf 90' lang='lat' dir='ltr'>librum</span> <span class='ocrx_word' id='word_1_154' title='bbox 3192 1926 3629 1992; x_wconf 84' lang='lat' dir='ltr'>composuerat,</span> <span class='ocrx_word' id='word_1_155' title='bbox 3681 1922 3749 1979; x_wconf 86' lang='lat' dir='ltr'>in</span> 
     </span>
    </p>
   </div>
   <div class='ocr_carea' id='block_1_14' title="bbox 328 2007 3749 2084">
    <p class='ocr_par' dir='ltr' id='par_1_14' title="bbox 328 2007 3749 2084">
     <span class='ocr_line' id='line_1_14' title="bbox 328 2007 3749 2084; baseline 0.001 -17"><span class='ocrx_word' id='word_1_156' title='bbox 328 2012 483 2084; x_wconf 89' lang='lat' dir='ltr'>quod</span> <span class='ocrx_word' id='word_1_157' title='bbox 516 2011 659 2067; x_wconf 90' lang='lat' dir='ltr'>illud</span> <span class='ocrx_word' id='word_1_158' title='bbox 694 2010 936 2082; x_wconf 90' lang='lat' dir='ltr'>probare</span> <span class='ocrx_word' id='word_1_159' title='bbox 967 2010 1371 2073; x_wconf 85' lang='lat' dir='ltr'>contendebat,</span> <span class='ocrx_word' id='word_1_160' title='bbox 1407 2009 1646 2064; x_wconf 89' lang='lat' dir='ltr'>Mariam</span> <span class='ocrx_word' id='word_1_161' title='bbox 1683 2009 1997 2081; x_wconf 82' lang='lat' dir='ltr'>Virginem,</span> <span class='ocrx_word' id='word_1_162' title='bbox 2029 2014 2339 2081; x_wconf 84' lang='lat' dir='ltr'>postquam</span> <span class='ocrx_word' id='word_1_163' title='bbox 2363 2008 2566 2063; x_wconf 89' lang='lat' dir='ltr'>Jesum</span> <span class='ocrx_word' id='word_1_164' title='bbox 2600 2008 2699 2063; x_wconf 87' lang='lat' dir='ltr'>Dei</span> <span class='ocrx_word' id='word_1_165' title='bbox 2722 2008 2933 2063; x_wconf 91' lang='lat' dir='ltr'>Filium</span> <span class='ocrx_word' id='word_1_166' title='bbox 2965 2007 3126 2062; x_wconf 91' lang='lat' dir='ltr'>nulla</span> <span class='ocrx_word' id='word_1_167' title='bbox 3157 2008 3416 2064; x_wconf 89' lang='lat' dir='ltr'>hominis</span> <span class='ocrx_word' id='word_1_168' title='bbox 3438 2014 3749 2082; x_wconf 86' lang='lat' dir='ltr'>opera,sed</span> 
     </span>
    </p>
   </div>
   <div class='ocr_carea' id='block_1_15' title="bbox 328 2092 3750 2173">
    <p class='ocr_par' dir='ltr' id='par_1_15' title="bbox 328 2092 3750 2173">
     <span class='ocr_line' id='line_1_15' title="bbox 328 2092 3750 2173; baseline 0.001 -16"><span class='ocrx_word' id='word_1_169' title='bbox 328 2100 585 2173; x_wconf 86' lang='lat' dir='ltr'>Spiritus</span> <span class='ocrx_word' id='word_1_170' title='bbox 617 2099 804 2156; x_wconf 85' lang='lat' dir='ltr'>sancti</span> <span class='ocrx_word' id='word_1_171' title='bbox 839 2092 1397 2170; x_wconf 80' lang='lat' dir='ltr'>peperisset,deinde</span> <span class='ocrx_word' id='word_1_172' title='bbox 1422 2103 1477 2153; x_wconf 91' lang='lat' dir='ltr'>et</span> <span class='ocrx_word' id='word_1_173' title='bbox 1504 2098 1717 2169; x_wconf 86' lang='lat' dir='ltr'>Joseph</span> <span class='ocrx_word' id='word_1_174' title='bbox 1745 2098 1976 2163; x_wconf 88' lang='lat' dir='ltr'>marito,</span> <span class='ocrx_word' id='word_1_175' title='bbox 2025 2097 2324 2153; x_wconf 87' lang='lat' dir='ltr'>communi</span> <span class='ocrx_word' id='word_1_176' title='bbox 2366 2102 2702 2152; x_wconf 67' lang='lat' dir='ltr'>cazterorum</span> <span class='ocrx_word' id='word_1_177' title='bbox 2732 2097 3039 2152; x_wconf 89' lang='lat' dir='ltr'>hominum</span> <span class='ocrx_word' id='word_1_178' title='bbox 3074 2114 3254 2165; x_wconf 89' lang='lat' dir='ltr'>more,</span> <span class='ocrx_word' id='word_1_179' title='bbox 3307 2098 3459 2155; x_wconf 83' lang='lat' dir='ltr'>ﬁlios</span> <span class='ocrx_word' id='word_1_180' title='bbox 3516 2099 3750 2173; x_wconf 83' lang='lat' dir='ltr'>aliquot</span> 
     </span>
    </p>
   </div>
   <div class='ocr_carea' id='block_1_16' title="bbox 324 2186 3741 2263">
    <p class='ocr_par' dir='ltr' id='par_1_16' title="bbox 324 2186 3741 2263">
     <span class='ocr_line' id='line_1_16' title="bbox 324 2186 3741 2263; baseline -0 -16"><span class='ocrx_word' id='word_1_181' title='bbox 324 2190 622 2263; x_wconf 85' lang='lat' dir='ltr'>genuisse,</span> <span class='ocrx_word' id='word_1_182' title='bbox 655 2187 757 2261; x_wconf 88' lang='lat' dir='ltr'>qui</span> <span class='ocrx_word' id='word_1_183' title='bbox 789 2190 1008 2244; x_wconf 80' lang='lat' dir='ltr'>Fratres</span> <span class='ocrx_word' id='word_1_184' title='bbox 1038 2188 1259 2241; x_wconf 86' lang='lat' dir='ltr'>Dommi</span> <span class='ocrx_word' id='word_1_185' title='bbox 1290 2186 1661 2257; x_wconf 88' lang='lat' dir='ltr'>appellantur</span> <span class='ocrx_word' id='word_1_186' title='bbox 1682 2186 1737 2241; x_wconf 90' lang='lat' dir='ltr'>in</span> <span class='ocrx_word' id='word_1_187' title='bbox 1774 2186 2100 2256; x_wconf 85' lang='lat' dir='ltr'>Evangelio.</span> <span class='ocrx_word' id='word_1_188' title='bbox 2133 2189 2317 2253; x_wconf 83' lang='lat' dir='ltr'>Quam</span> <span class='ocrx_word' id='word_1_189' title='bbox 2351 2187 2641 2242; x_wconf 87' lang='lat' dir='ltr'>insaniam</span> <span class='ocrx_word' id='word_1_190' title='bbox 2666 2192 2729 2241; x_wconf 94' lang='lat' dir='ltr'>ut</span> <span class='ocrx_word' id='word_1_191' title='bbox 2760 2188 2889 2241; x_wconf 91' lang='lat' dir='ltr'>fuco</span> <span class='ocrx_word' id='word_1_192' title='bbox 2918 2186 3160 2243; x_wconf 84' lang='lat' dir='ltr'>rationis</span> <span class='ocrx_word' id='word_1_193' title='bbox 3196 2186 3399 2259; x_wconf 91' lang='lat' dir='ltr'>aliquo</span> <span class='ocrx_word' id='word_1_194' title='bbox 3440 2189 3741 2258; x_wconf 86' lang='lat' dir='ltr'>obliuiret,</span> 
     </span>
    </p>
   </div>
   <div class='ocr_carea' id='block_1_17' title="bbox 322 2275 3746 2352">
    <p class='ocr_par' dir='ltr' id='par_1_17' title="bbox 322 2275 3746 2352">
     <span class='ocr_line' id='line_1_17' title="bbox 322 2275 3746 2352; baseline 0 -17"><span class='ocrx_word' id='word_1_195' title='bbox 322 2296 471 2336; x_wconf 92' lang='lat' dir='ltr'>novo</span> <span class='ocrx_word' id='word_1_196' title='bbox 509 2294 702 2335; x_wconf 89' lang='lat' dir='ltr'>errore</span> <span class='ocrx_word' id='word_1_197' title='bbox 727 2275 1078 2332; x_wconf 88' lang='lat' dir='ltr'>cumulavit:</span> <span class='ocrx_word' id='word_1_198' title='bbox 1104 2275 1394 2346; x_wconf 90' lang='lat' dir='ltr'>siquidem</span> <span class='ocrx_word' id='word_1_199' title='bbox 1427 2275 1794 2331; x_wconf 68' lang='lat' dir='ltr'>[natrimonio</span> <span class='ocrx_word' id='word_1_200' title='bbox 1819 2275 2058 2331; x_wconf 89' lang='lat' dir='ltr'>minime</span> <span class='ocrx_word' id='word_1_201' title='bbox 2090 2282 2361 2347; x_wconf 76' lang='lat' dir='ltr'>prmstare</span> <span class='ocrx_word' id='word_1_202' title='bbox 2383 2275 2769 2347; x_wconf 75' lang='lat' dir='ltr'>virginitatem</span> <span class='ocrx_word' id='word_1_203' title='bbox 2813 2276 3078 2339; x_wconf 80' lang='lat' dir='ltr'>effutivit,</span> <span class='ocrx_word' id='word_1_204' title='bbox 3129 2276 3514 2348; x_wconf 86' lang='lat' dir='ltr'>adductisque</span> <span class='ocrx_word' id='word_1_205' title='bbox 3570 2295 3746 2352; x_wconf 85' lang='lat' dir='ltr'>argu-</span> 
     </span>
    </p>
   </div>
   <div class='ocr_carea' id='block_1_18' title="bbox 322 2364 3740 2439">
    <p class='ocr_par' dir='ltr' id='par_1_18' title="bbox 322 2364 3740 2439">
     <span class='ocr_line' id='line_1_18' title="bbox 322 2364 3740 2439; baseline -0 -14"><span class='ocrx_word' id='word_1_206' title='bbox 322 2368 696 2439; x_wconf 89' lang='lat' dir='ltr'>mentis,imo</span> <span class='ocrx_word' id='word_1_207' title='bbox 729 2364 1321 2436; x_wconf 84' lang='lat' dir='ltr'>mendaciis,probare</span> <span class='ocrx_word' id='word_1_208' title='bbox 1343 2370 1587 2420; x_wconf 89' lang='lat' dir='ltr'>conatus</span> <span class='ocrx_word' id='word_1_209' title='bbox 1608 2370 1716 2419; x_wconf 92' lang='lat' dir='ltr'>est.</span> <span class='ocrx_word' id='word_1_210' title='bbox 1750 2366 1887 2420; x_wconf 84' lang='lat' dir='ltr'>Erat</span> <span class='ocrx_word' id='word_1_211' title='bbox 1915 2364 2105 2429; x_wconf 88' lang='lat' dir='ltr'>ille,ut</span> <span class='ocrx_word' id='word_1_212' title='bbox 2140 2364 2387 2432; x_wconf 87' lang='lat' dir='ltr'>videtur,</span> <span class='ocrx_word' id='word_1_213' title='bbox 2448 2381 2479 2420; x_wconf 92' lang='lat' dir='ltr'>e</span> <span class='ocrx_word' id='word_1_214' title='bbox 2537 2364 2749 2437; x_wconf 87' lang='lat' dir='ltr'>p0pulo</span> <span class='ocrx_word' id='word_1_215' title='bbox 2803 2364 3061 2436; x_wconf 86' lang='lat' dir='ltr'>vulgaris</span> <span class='ocrx_word' id='word_1_216' title='bbox 3120 2364 3321 2433; x_wconf 88' lang='lat' dir='ltr'>homo,</span> <span class='ocrx_word' id='word_1_217' title='bbox 3378 2367 3740 2437; x_wconf 85' lang='lat' dir='ltr'>rusticanus,</span> 
     </span>
    </p>
   </div>
   <div class='ocr_carea' id='block_1_19' title="bbox 320 2453 3742 2530">
    <p class='ocr_par' dir='ltr' id='par_1_19' title="bbox 320 2453 3742 2530">
     <span class='ocr_line' id='line_1_19' title="bbox 320 2453 3742 2530; baseline -0.001 -16"><span class='ocrx_word' id='word_1_218' title='bbox 320 2463 379 2514; x_wconf 89' lang='lat' dir='ltr'>et</span> <span class='ocrx_word' id='word_1_219' title='bbox 424 2457 516 2513; x_wconf 82' lang='lat' dir='ltr'>vix</span> <span class='ocrx_word' id='word_1_220' title='bbox 539 2454 745 2529; x_wconf 90' lang='lat' dir='ltr'>primis</span> <span class='ocrx_word' id='word_1_221' title='bbox 779 2470 1012 2527; x_wconf 91' lang='lat' dir='ltr'>quoque</span> <span class='ocrx_word' id='word_1_222' title='bbox 1034 2455 1297 2510; x_wconf 89' lang='lat' dir='ltr'>imbutus</span> <span class='ocrx_word' id='word_1_223' title='bbox 1330 2454 1559 2522; x_wconf 86' lang='lat' dir='ltr'>litteris,</span> <span class='ocrx_word' id='word_1_224' title='bbox 1581 2459 1817 2526; x_wconf 86' lang='lat' dir='ltr'>tamque</span> <span class='ocrx_word' id='word_1_225' title='bbox 1847 2455 2079 2510; x_wconf 89' lang='lat' dir='ltr'>obscuri</span> <span class='ocrx_word' id='word_1_226' title='bbox 2112 2454 2388 2520; x_wconf 87' lang='lat' dir='ltr'>nominis,</span> <span class='ocrx_word' id='word_1_227' title='bbox 2423 2459 2487 2509; x_wconf 91' lang='lat' dir='ltr'>ut</span> <span class='ocrx_word' id='word_1_228' title='bbox 2509 2470 2847 2525; x_wconf 86' lang='lat' dir='ltr'>quanquam</span> <span class='ocrx_word' id='word_1_229' title='bbox 2881 2453 3074 2508; x_wconf 82' lang='lat' dir='ltr'>Romae</span> <span class='ocrx_word' id='word_1_230' title='bbox 3110 2454 3315 2509; x_wconf 88' lang='lat' dir='ltr'>eodem</span> <span class='ocrx_word' id='word_1_231' title='bbox 3345 2471 3412 2510; x_wconf 90' lang='lat' dir='ltr'>ac</span> <span class='ocrx_word' id='word_1_232' title='bbox 3459 2455 3742 2530; x_wconf 86' lang='lat' dir='ltr'>Hierony-</span> 
     </span>
    </p>
   </div>
   <div class='ocr_carea' id='block_1_20' title="bbox 319 2542 3737 2618">
    <p class='ocr_par' dir='ltr' id='par_1_20' title="bbox 319 2542 3737 2618">
     <span class='ocr_line' id='line_1_20' title="bbox 319 2542 3737 2618; baseline -0.001 -14"><span class='ocrx_word' id='word_1_233' title='bbox 319 2564 454 2604; x_wconf 85' lang='lat' dir='ltr'>mus</span> <span class='ocrx_word' id='word_1_234' title='bbox 477 2552 739 2618; x_wconf 88' lang='lat' dir='ltr'>tempore</span> <span class='ocrx_word' id='word_1_235' title='bbox 767 2545 1177 2610; x_wconf 88' lang='lat' dir='ltr'>diversaretur,</span> <span class='ocrx_word' id='word_1_236' title='bbox 1213 2560 1516 2614; x_wconf 87' lang='lat' dir='ltr'>nunquam</span> <span class='ocrx_word' id='word_1_237' title='bbox 1550 2545 1619 2598; x_wconf 88' lang='lat' dir='ltr'>de</span> <span class='ocrx_word' id='word_1_238' title='bbox 1643 2544 1785 2600; x_wconf 87' lang='lat' dir='ltr'>facie</span> <span class='ocrx_word' id='word_1_239' title='bbox 1816 2542 2084 2615; x_wconf 86' lang='lat' dir='ltr'>cognitus</span> <span class='ocrx_word' id='word_1_240' title='bbox 2116 2542 2199 2598; x_wconf 91' lang='lat' dir='ltr'>illi</span> <span class='ocrx_word' id='word_1_241' title='bbox 2225 2543 2419 2613; x_wconf 87' lang='lat' dir='ltr'>fuerit,</span> <span class='ocrx_word' id='word_1_242' title='bbox 2444 2543 2540 2614; x_wconf 91' lang='lat' dir='ltr'>qui</span> <span class='ocrx_word' id='word_1_243' title='bbox 2576 2542 2768 2610; x_wconf 90' lang='lat' dir='ltr'>albus,</span> <span class='ocrx_word' id='word_1_244' title='bbox 2793 2547 2857 2597; x_wconf 91' lang='lat' dir='ltr'>ut</span> <span class='ocrx_word' id='word_1_245' title='bbox 2896 2543 3081 2609; x_wconf 88' lang='lat' dir='ltr'>aiunt,</span> <span class='ocrx_word' id='word_1_246' title='bbox 3115 2548 3305 2599; x_wconf 86' lang='lat' dir='ltr'>aterve</span> <span class='ocrx_word' id='word_1_247' title='bbox 3362 2548 3538 2611; x_wconf 86' lang='lat' dir='ltr'>esset,</span> <span class='ocrx_word' id='word_1_248' title='bbox 3572 2545 3737 2617; x_wconf 87' lang='lat' dir='ltr'>igno-</span> 
     </span>
    </p>
   </div>
   <div class='ocr_carea' id='block_1_21' title="bbox 319 2631 3736 2707">
    <p class='ocr_par' dir='ltr' id='par_1_21' title="bbox 319 2631 3736 2707">
     <span class='ocr_line' id='line_1_21' title="bbox 319 2631 3736 2707; baseline 0.001 -17"><span class='ocrx_word' id='word_1_249' title='bbox 319 2639 492 2691; x_wconf 88' lang='lat' dir='ltr'>raret.</span> <span class='ocrx_word' id='word_1_250' title='bbox 527 2631 1069 2699; x_wconf 82' lang='lat' dir='ltr'>AdditGennadius,</span> <span class='ocrx_word' id='word_1_251' title='bbox 1102 2632 1393 2695; x_wconf 84' lang='lat' dir='ltr'>Auxentii,</span> <span class='ocrx_word' id='word_1_252' title='bbox 1426 2632 1527 2702; x_wconf 91' lang='lat' dir='ltr'>qui</span> <span class='ocrx_word' id='word_1_253' title='bbox 1559 2632 1757 2686; x_wconf 85' lang='lat' dir='ltr'>sedem</span> <span class='ocrx_word' id='word_1_254' title='bbox 1790 2632 2281 2688; x_wconf 87' lang='lat' dir='ltr'>Mediolaneusem</span> <span class='ocrx_word' id='word_1_255' title='bbox 2303 2632 2616 2696; x_wconf 89' lang='lat' dir='ltr'>invaserat,</span> <span class='ocrx_word' id='word_1_256' title='bbox 2656 2631 3006 2686; x_wconf 86' lang='lat' dir='ltr'>Arianorum</span> <span class='ocrx_word' id='word_1_257' title='bbox 3064 2631 3429 2703; x_wconf 89' lang='lat' dir='ltr'>impiissimi,</span> <span class='ocrx_word' id='word_1_258' title='bbox 3477 2633 3736 2707; x_wconf 86' lang='lat' dir='ltr'>discipu-</span> 
     </span>
    </p>
   </div>
   <div class='ocr_carea' id='block_1_22' title="bbox 318 2720 3730 2796">
    <p class='ocr_par' dir='ltr' id='par_1_22' title="bbox 318 2720 3730 2796">
     <span class='ocr_line' id='line_1_22' title="bbox 318 2720 3730 2796; baseline 0.001 -17"><span class='ocrx_word' id='word_1_259' title='bbox 318 2724 465 2790; x_wconf 90' lang='lat' dir='ltr'>lum,</span> <span class='ocrx_word' id='word_1_260' title='bbox 491 2727 548 2779; x_wconf 87' lang='lat' dir='ltr'>et</span> <span class='ocrx_word' id='word_1_261' title='bbox 567 2721 924 2796; x_wconf 77' lang='lat' dir='ltr'>Symmachi,</span> <span class='ocrx_word' id='word_1_262' title='bbox 946 2722 1074 2793; x_wconf 81' lang='lat' dir='ltr'>ejus</span> <span class='ocrx_word' id='word_1_263' title='bbox 1105 2737 1313 2792; x_wconf 89' lang='lat' dir='ltr'>nempe</span> <span class='ocrx_word' id='word_1_264' title='bbox 1339 2720 1552 2776; x_wconf 83' lang='lat' dir='ltr'>ethnici</span> <span class='ocrx_word' id='word_1_265' title='bbox 1586 2720 1872 2777; x_wconf 87' lang='lat' dir='ltr'>senatoris</span> <span class='ocrx_word' id='word_1_266' title='bbox 1896 2720 1996 2793; x_wconf 91' lang='lat' dir='ltr'>qui</span> <span class='ocrx_word' id='word_1_267' title='bbox 2034 2720 2425 2777; x_wconf 87' lang='lat' dir='ltr'>idololatriam</span> <span class='ocrx_word' id='word_1_268' title='bbox 2480 2720 2711 2792; x_wconf 87' lang='lat' dir='ltr'>scriptis</span> <span class='ocrx_word' id='word_1_269' title='bbox 2771 2721 3128 2791; x_wconf 79' lang='lat' dir='ltr'>defenderat,</span> <span class='ocrx_word' id='word_1_270' title='bbox 3189 2721 3545 2778; x_wconf 88' lang='lat' dir='ltr'>imitatorem</span> <span class='ocrx_word' id='word_1_271' title='bbox 3590 2740 3730 2781; x_wconf 89' lang='lat' dir='ltr'>eum</span> 
     </span>
    </p>
   </div>
   <div class='ocr_carea' id='block_1_23' title="bbox 318 2808 3731 2884">
    <p class='ocr_par' dir='ltr' id='par_1_23' title="bbox 318 2808 3731 2884">
     <span class='ocr_line' id='line_1_23' title="bbox 318 2808 3731 2884; baseline 0 -14"><span class='ocrx_word' id='word_1_272' title='bbox 318 2813 631 2870; x_wconf 80' lang='lat' dir='ltr'>exstitisse.</span> <span class='ocrx_word' id='word_1_273' title='bbox 670 2811 783 2867; x_wconf 91' lang='lat' dir='ltr'>Sed</span> <span class='ocrx_word' id='word_1_274' title='bbox 808 2827 899 2865; x_wconf 90' lang='lat' dir='ltr'>me</span> <span class='ocrx_word' id='word_1_275' title='bbox 920 2808 1064 2865; x_wconf 92' lang='lat' dir='ltr'>illud</span> <span class='ocrx_word' id='word_1_276' title='bbox 1095 2810 1377 2865; x_wconf 88' lang='lat' dir='ltr'>Gennadii</span> <span class='ocrx_word' id='word_1_277' title='bbox 1416 2810 1817 2866; x_wconf 89' lang='lat' dir='ltr'>testimonium</span> <span class='ocrx_word' id='word_1_278' title='bbox 1850 2828 1962 2865; x_wconf 91' lang='lat' dir='ltr'>non</span> <span class='ocrx_word' id='word_1_279' title='bbox 2012 2828 2130 2866; x_wconf 87' lang='lat' dir='ltr'>una</span> <span class='ocrx_word' id='word_1_280' title='bbox 2159 2811 2231 2865; x_wconf 90' lang='lat' dir='ltr'>de</span> <span class='ocrx_word' id='word_1_281' title='bbox 2251 2828 2429 2866; x_wconf 87' lang='lat' dir='ltr'>causa</span> <span class='ocrx_word' id='word_1_282' title='bbox 2476 2815 2667 2866; x_wconf 82' lang='lat' dir='ltr'>movet</span> <span class='ocrx_word' id='word_1_283' title='bbox 2694 2813 2751 2865; x_wconf 90' lang='lat' dir='ltr'>et</span> <span class='ocrx_word' id='word_1_284' title='bbox 2792 2811 3130 2881; x_wconf 83' lang='lat' dir='ltr'>trajectione</span> <span class='ocrx_word' id='word_1_285' title='bbox 3178 2815 3319 2883; x_wconf 89' lang='lat' dir='ltr'>puto</span> <span class='ocrx_word' id='word_1_286' title='bbox 3375 2812 3731 2884; x_wconf 87' lang='lat' dir='ltr'>gravissima</span> 
     </span>
    </p>
   </div>
   <div class='ocr_carea' id='block_1_24' title="bbox 320 2898 3726 2974">
    <p class='ocr_par' dir='ltr' id='par_1_24' title="bbox 320 2898 3726 2974">
     <span class='ocr_line' id='line_1_24' title="bbox 320 2898 3726 2974; baseline 0.001 -16"><span class='ocrx_word' id='word_1_287' title='bbox 320 2902 605 2970; x_wconf 88' lang='lat' dir='ltr'>laborare,</span> <span class='ocrx_word' id='word_1_288' title='bbox 638 2900 853 2972; x_wconf 90' lang='lat' dir='ltr'>thuid</span> <span class='ocrx_word' id='word_1_289' title='bbox 875 2899 1029 2955; x_wconf 89' lang='lat' dir='ltr'>enim</span> <span class='ocrx_word' id='word_1_290' title='bbox 1059 2899 1118 2953; x_wconf 90' lang='lat' dir='ltr'>in</span> <span class='ocrx_word' id='word_1_291' title='bbox 1150 2899 1578 2970; x_wconf 88' lang='lat' dir='ltr'>respondendo,</span> <span class='ocrx_word' id='word_1_292' title='bbox 1611 2899 1961 2955; x_wconf 81' lang='lat' dir='ltr'>Auxentium</span> <span class='ocrx_word' id='word_1_293' title='bbox 1994 2898 2237 2956; x_wconf 88' lang='lat' dir='ltr'>Helvidii</span> <span class='ocrx_word' id='word_1_294' title='bbox 2269 2900 2622 2971; x_wconf 86' lang='lat' dir='ltr'>magistrum</span> <span class='ocrx_word' id='word_1_295' title='bbox 2652 2899 3041 2972; x_wconf 86' lang='lat' dir='ltr'>Hieronymus</span> <span class='ocrx_word' id='word_1_296' title='bbox 3072 2901 3440 2971; x_wconf 66' lang='lat' dir='ltr'>praeteriret?</span> <span class='ocrx_word' id='word_1_297' title='bbox 3461 2904 3726 2974; x_wconf 86' lang='lat' dir='ltr'>Symma-</span> 
     </span>
    </p>
   </div>
   <div class='ocr_carea' id='block_1_25' title="bbox 320 2988 3726 3062">
    <p class='ocr_par' dir='ltr' id='par_1_25' title="bbox 320 2988 3726 3062">
     <span class='ocr_line' id='line_1_25' title="bbox 320 2988 3726 3062; baseline 0.001 -14"><span class='ocrx_word' id='word_1_298' title='bbox 320 2991 497 3048; x_wconf 85' lang='lat' dir='ltr'>chum</span> <span class='ocrx_word' id='word_1_299' title='bbox 518 3007 674 3056; x_wconf 83' lang='lat' dir='ltr'>vero,</span> <span class='ocrx_word' id='word_1_300' title='bbox 704 2989 817 3045; x_wconf 88' lang='lat' dir='ltr'>nisi</span> <span class='ocrx_word' id='word_1_301' title='bbox 848 2989 895 3044; x_wconf 91' lang='lat' dir='ltr'><strong>si</strong></span> <span class='ocrx_word' id='word_1_302' title='bbox 919 2988 1404 3053; x_wconf 88' lang='lat' dir='ltr'>nocendianimo,</span> <span class='ocrx_word' id='word_1_303' title='bbox 1438 2995 1612 3060; x_wconf 88' lang='lat' dir='ltr'>atque</span> <span class='ocrx_word' id='word_1_304' title='bbox 1642 2988 1959 3061; x_wconf 85' lang='lat' dir='ltr'>impietate,</span> <span class='ocrx_word' id='word_1_305' title='bbox 1995 3006 2113 3061; x_wconf 85' lang='lat' dir='ltr'>qua</span> <span class='ocrx_word' id='word_1_306' title='bbox 2155 2990 2377 3044; x_wconf 89' lang='lat' dir='ltr'>ratione</span> <span class='ocrx_word' id='word_1_307' title='bbox 2423 2988 2721 3045; x_wconf 87' lang='lat' dir='ltr'>Helvidius</span> <span class='ocrx_word' id='word_1_308' title='bbox 2775 2989 2985 3044; x_wconf 84' lang='lat' dir='ltr'>fuisset</span> <span class='ocrx_word' id='word_1_309' title='bbox 3041 2988 3328 3055; x_wconf 83' lang='lat' dir='ltr'>imitatus,</span> <span class='ocrx_word' id='word_1_310' title='bbox 3367 2993 3466 3062; x_wconf 86' lang='lat' dir='ltr'>qui</span> <span class='ocrx_word' id='word_1_311' title='bbox 3516 2992 3726 3051; x_wconf 86' lang='lat' dir='ltr'>librum</span> 
     </span>
    </p>
   </div>
   <div class='ocr_carea' id='block_1_26' title="bbox 316 3076 3722 3153">
    <p class='ocr_par' dir='ltr' id='par_1_26' title="bbox 316 3076 3722 3153">
     <span class='ocr_line' id='line_1_26' title="bbox 316 3076 3722 3153; baseline 0.001 -16"><span class='ocrx_word' id='word_1_312' title='bbox 316 3096 489 3152; x_wconf 84' lang='lat' dir='ltr'>neque</span> <span class='ocrx_word' id='word_1_313' title='bbox 517 3094 780 3144; x_wconf 81' lang='lat' dir='ltr'>sermone,</span> <span class='ocrx_word' id='word_1_314' title='bbox 809 3093 982 3149; x_wconf 82' lang='lat' dir='ltr'>neque</span> <span class='ocrx_word' id='word_1_315' title='bbox 1002 3078 1215 3133; x_wconf 78' lang='lat' dir='ltr'>ratione</span> <span class='ocrx_word' id='word_1_316' title='bbox 1241 3076 1667 3148; x_wconf 82' lang='lat' dir='ltr'>nilidum,quin</span> <span class='ocrx_word' id='word_1_317' title='bbox 1717 3078 1897 3133; x_wconf 90' lang='lat' dir='ltr'>etiam</span> <span class='ocrx_word' id='word_1_318' title='bbox 1959 3077 2185 3134; x_wconf 77' lang='lat' dir='ltr'>solmcis</span> <span class='ocrx_word' id='word_1_319' title='bbox 2240 3082 2559 3133; x_wconf 88' lang='lat' dir='ltr'>scatentem</span> <span class='ocrx_word' id='word_1_320' title='bbox 2607 3078 2899 3134; x_wconf 84' lang='lat' dir='ltr'>ediderit?</span> <span class='ocrx_word' id='word_1_321' title='bbox 2942 3079 3197 3135; x_wconf 86' lang='lat' dir='ltr'>Rursum</span> <span class='ocrx_word' id='word_1_322' title='bbox 3251 3084 3300 3136; x_wconf 90' lang='lat' dir='ltr'>si</span> <span class='ocrx_word' id='word_1_323' title='bbox 3352 3080 3722 3153; x_wconf 86' lang='lat' dir='ltr'>impietatem</span> 
     </span>
    </p>
   </div>
   <div class='ocr_carea' id='block_1_27' title="bbox 312 3165 3725 3240">
    <p class='ocr_par' dir='ltr' id='par_1_27' title="bbox 312 3165 3725 3240">
     <span class='ocr_line' id='line_1_27' title="bbox 312 3165 3725 3240; baseline 0 -13"><span class='ocrx_word' id='word_1_324' title='bbox 312 3171 646 3235; x_wconf 68' lang='lat' dir='ltr'>aemulatur,</span> <span class='ocrx_word' id='word_1_325' title='bbox 678 3184 792 3240; x_wconf 93' lang='lat' dir='ltr'>quo</span> <span class='ocrx_word' id='word_1_326' title='bbox 813 3170 981 3240; x_wconf 89' lang='lat' dir='ltr'>pacto</span> <span class='ocrx_word' id='word_1_327' title='bbox 1008 3183 1143 3221; x_wconf 89' lang='lat' dir='ltr'>eum</span> <span class='ocrx_word' id='word_1_328' title='bbox 1189 3165 1330 3221; x_wconf 91' lang='lat' dir='ltr'>dicit</span> <span class='ocrx_word' id='word_1_329' title='bbox 1371 3166 1708 3221; x_wconf 88' lang='lat' dir='ltr'>Gennadius</span> <span class='ocrx_word' id='word_1_330' title='bbox 1757 3167 2085 3239; x_wconf 86' lang='lat' dir='ltr'>scripsisse,</span> <span class='ocrx_word' id='word_1_331' title='bbox 2129 3168 2430 3236; x_wconf 74' lang='lat' dir='ltr'>Religionis</span> <span class='ocrx_word' id='word_1_332' title='bbox 2485 3167 2706 3223; x_wconf 80' lang='lat' dir='ltr'>studio?</span> <span class='ocrx_word' id='word_1_333' title='bbox 2760 3168 2887 3223; x_wconf 92' lang='lat' dir='ltr'>Non</span> <span class='ocrx_word' id='word_1_334' title='bbox 2946 3168 3069 3223; x_wconf 66' lang='lat' dir='ltr'>hinc</span> <span class='ocrx_word' id='word_1_335' title='bbox 3116 3185 3255 3225; x_wconf 89' lang='lat' dir='ltr'>sane</span> <span class='ocrx_word' id='word_1_336' title='bbox 3286 3174 3456 3226; x_wconf 78' lang='lat' dir='ltr'>recta:</span> <span class='ocrx_word' id='word_1_337' title='bbox 3506 3171 3725 3228; x_wconf 90' lang='lat' dir='ltr'>rationi</span> 
     </span>
    </p>
   </div>
   <div class='ocr_carea' id='block_1_28' title="bbox 312 3254 1946 3329">
    <p class='ocr_par' dir='ltr' id='par_1_28' title="bbox 312 3254 1946 3329">
     <span class='ocr_line' id='line_1_28' title="bbox 312 3254 1946 3329; baseline -0.004 -12"><span class='ocrx_word' id='word_1_338' title='bbox 312 3264 655 3323; x_wconf 87' lang='lat' dir='ltr'>consonant,</span> <span class='ocrx_word' id='word_1_339' title='bbox 688 3261 752 3312; x_wconf 91' lang='lat' dir='ltr'>ut</span> <span class='ocrx_word' id='word_1_340' title='bbox 773 3256 989 3329; x_wconf 89' lang='lat' dir='ltr'>pariter</span> <span class='ocrx_word' id='word_1_341' title='bbox 1017 3256 1215 3311; x_wconf 87' lang='lat' dir='ltr'>referri</span> <span class='ocrx_word' id='word_1_342' title='bbox 1249 3256 1319 3311; x_wconf 92' lang='lat' dir='ltr'>ad</span> <span class='ocrx_word' id='word_1_343' title='bbox 1348 3254 1674 3311; x_wconf 87' lang='lat' dir='ltr'>Helvidium</span> <span class='ocrx_word' id='word_1_344' title='bbox 1699 3256 1946 3327; x_wconf 88' lang='lat' dir='ltr'>possint.</span> 
     </span>
    </p>
   </div>
   <div class='ocr_carea' id='block_1_29' title="bbox 384 3344 3730 3421">
    <p class='ocr_par' dir='ltr' id='par_1_29' title="bbox 384 3344 3730 3421">
     <span class='ocr_line' id='line_1_29' title="bbox 384 3344 3730 3421; baseline 0.001 -16"><span class='ocrx_word' id='word_1_345' title='bbox 384 3350 541 3405; x_wconf 70' lang='lat'><strong>204</strong></span> <span class='ocrx_word' id='word_1_346' title='bbox 573 3344 926 3418; x_wconf 87' lang='lat' dir='ltr'>Ejuslibello</span> <span class='ocrx_word' id='word_1_347' title='bbox 957 3344 1346 3416; x_wconf 83' lang='lat' dir='ltr'>Hieronymus</span> <span class='ocrx_word' id='word_1_348' title='bbox 1378 3348 1653 3413; x_wconf 85' lang='lat' dir='ltr'>rogatusa</span> <span class='ocrx_word' id='word_1_349' title='bbox 1696 3346 1968 3414; x_wconf 74' lang='lat' dir='ltr'>fratribus</span> <span class='ocrx_word' id='word_1_350' title='bbox 2019 3344 2256 3401; x_wconf 87' lang='lat' dir='ltr'>demum</span> <span class='ocrx_word' id='word_1_351' title='bbox 2319 3346 2640 3418; x_wconf 89' lang='lat' dir='ltr'>respondit,</span> <span class='ocrx_word' id='word_1_352' title='bbox 2674 3362 2808 3401; x_wconf 90' lang='lat' dir='ltr'>cum</span> <span class='ocrx_word' id='word_1_353' title='bbox 2874 3350 3071 3402; x_wconf 89' lang='lat' dir='ltr'>tamen</span> <span class='ocrx_word' id='word_1_354' title='bbox 3138 3347 3327 3403; x_wconf 90' lang='lat' dir='ltr'>facere</span> <span class='ocrx_word' id='word_1_355' title='bbox 3373 3347 3730 3421; x_wconf 80' lang='lat' dir='ltr'>distulisset,</span> 
     </span>
    </p>
   </div>
   <div class='ocr_carea' id='block_1_30' title="bbox 310 3433 3732 3511">
    <p class='ocr_par' dir='ltr' id='par_1_30' title="bbox 310 3433 3732 3511">
     <span class='ocr_line' id='line_1_30' title="bbox 310 3433 3732 3511; baseline 0 -17"><span class='ocrx_word' id='word_1_356' title='bbox 310 3454 381 3494; x_wconf 88' lang='lat' dir='ltr'>ne</span> <span class='ocrx_word' id='word_1_357' title='bbox 408 3434 774 3508; x_wconf 84' lang='lat' dir='ltr'>respondendo</span> <span class='ocrx_word' id='word_1_358' title='bbox 801 3434 1002 3503; x_wconf 85' lang='lat' dir='ltr'>dignus</span> <span class='ocrx_word' id='word_1_359' title='bbox 1022 3434 1118 3488; x_wconf 88' lang='lat' dir='ltr'>ille</span> <span class='ocrx_word' id='word_1_360' title='bbox 1139 3434 1291 3501; x_wconf 78' lang='lat' dir='ltr'>ﬂeret</span> <span class='ocrx_word' id='word_1_361' title='bbox 1323 3436 1418 3504; x_wconf 85' lang='lat' dir='ltr'>qui</span> <span class='ocrx_word' id='word_1_362' title='bbox 1447 3435 1774 3489; x_wconf 78' lang='lat' dir='ltr'>vinceretur.</span> <span class='ocrx_word' id='word_1_363' title='bbox 1810 3434 2013 3491; x_wconf 85' lang='lat' dir='ltr'>Pederr</span> <span class='ocrx_word' id='word_1_364' title='bbox 2040 3433 2219 3505; x_wconf 86' lang='lat' dir='ltr'>igitur</span> <span class='ocrx_word' id='word_1_365' title='bbox 2249 3433 2592 3499; x_wconf 88' lang='lat' dir='ltr'>collaturus,</span> <span class='ocrx_word' id='word_1_366' title='bbox 2612 3439 2912 3505; x_wconf 82' lang='lat' dir='ltr'>excerptas</span> <span class='ocrx_word' id='word_1_367' title='bbox 2934 3434 3199 3508; x_wconf 85' lang='lat' dir='ltr'>singulas</span> <span class='ocrx_word' id='word_1_368' title='bbox 3223 3436 3479 3493; x_wconf 69' lang='lat' dir='ltr'>hmretici</span> <span class='ocrx_word' id='word_1_369' title='bbox 3512 3454 3732 3511; x_wconf 89' lang='lat' dir='ltr'>propo-</span> 
     </span>
    </p>
   </div>
   <div class='ocr_carea' id='block_1_31' title="bbox 311 3521 3731 3595">
    <p class='ocr_par' dir='ltr' id='par_1_31' title="bbox 311 3521 3731 3595">
     <span class='ocr_line' id='line_1_31' title="bbox 311 3521 3731 3595; baseline 0.001 -13"><span class='ocrx_word' id='word_1_370' title='bbox 311 3525 561 3582; x_wconf 87' lang='lat' dir='ltr'>sitiones</span> <span class='ocrx_word' id='word_1_371' title='bbox 590 3540 660 3579; x_wconf 82' lang='lat' dir='ltr'>ex</span> <span class='ocrx_word' id='word_1_372' title='bbox 689 3522 894 3578; x_wconf 89' lang='lat' dir='ltr'>ordine</span> <span class='ocrx_word' id='word_1_373' title='bbox 931 3521 1261 3594; x_wconf 83' lang='lat' dir='ltr'>impugnat,</span> <span class='ocrx_word' id='word_1_374' title='bbox 1287 3521 1595 3593; x_wconf 70' lang='lat' dir='ltr'>Scriptura:</span> <span class='ocrx_word' id='word_1_375' title='bbox 1626 3522 1787 3589; x_wconf 87' lang='lat' dir='ltr'>locis,</span> <span class='ocrx_word' id='word_1_376' title='bbox 1811 3527 1987 3594; x_wconf 86' lang='lat' dir='ltr'>atque</span> <span class='ocrx_word' id='word_1_377' title='bbox 2018 3522 2116 3579; x_wconf 92' lang='lat' dir='ltr'>illo</span> <span class='ocrx_word' id='word_1_378' title='bbox 2148 3523 2441 3595; x_wconf 89' lang='lat' dir='ltr'>imprimis</span> <span class='ocrx_word' id='word_1_379' title='bbox 2470 3527 2630 3579; x_wconf 87' lang='lat' dir='ltr'>Matt.</span> <span class='ocrx_word' id='word_1_380' title='bbox 2666 3542 2705 3591; x_wconf 84' lang='grc' dir='ltr'>ι,</span> <span class='ocrx_word' id='word_1_381' title='bbox 2739 3524 2830 3590; x_wconf 77' lang='grc'>48,</span> <span class='ocrx_word' id='word_1_382' title='bbox 2881 3541 2996 3595; x_wconf 93' lang='lat' dir='ltr'>quo</span> <span class='ocrx_word' id='word_1_383' title='bbox 3046 3525 3299 3581; x_wconf 89' lang='lat' dir='ltr'>maxime</span> <span class='ocrx_word' id='word_1_384' title='bbox 3354 3527 3731 3587; x_wconf 87' lang='lat' dir='ltr'>adversarius</span> 
     </span>
    </p>
   </div>
   <div class='ocr_carea' id='block_1_32' title="bbox 310 3610 3735 3690">
    <p class='ocr_par' dir='ltr' id='par_1_32' title="bbox 310 3610 3735 3690">
     <span class='ocr_line' id='line_1_32' title="bbox 310 3610 3735 3690; baseline 0.001 -18"><span class='ocrx_word' id='word_1_385' title='bbox 310 3615 677 3681; x_wconf 86' lang='lat' dir='ltr'>abutebatur,</span> <span class='ocrx_word' id='word_1_386' title='bbox 697 3611 975 3683; x_wconf 89' lang='lat' dir='ltr'>expositis</span> <span class='ocrx_word' id='word_1_387' title='bbox 998 3610 1104 3666; x_wconf 90' lang='lat' dir='ltr'>rite</span> <span class='ocrx_word' id='word_1_388' title='bbox 1126 3610 1185 3665; x_wconf 87' lang='lat' dir='ltr'>in</span> <span class='ocrx_word' id='word_1_389' title='bbox 1218 3626 1352 3665; x_wconf 90' lang='lat' dir='ltr'>eum</span> <span class='ocrx_word' id='word_1_390' title='bbox 1386 3626 1647 3677; x_wconf 87' lang='lat' dir='ltr'>sensum,</span> <span class='ocrx_word' id='word_1_391' title='bbox 1708 3614 1770 3666; x_wconf 91' lang='lat' dir='ltr'>ut</span> <span class='ocrx_word' id='word_1_392' title='bbox 1799 3610 2104 3683; x_wconf 89' lang='lat' dir='ltr'>Deiparam</span> <span class='ocrx_word' id='word_1_393' title='bbox 2167 3611 2407 3667; x_wconf 89' lang='lat' dir='ltr'>Mariam</span> <span class='ocrx_word' id='word_1_394' title='bbox 2464 3613 2738 3668; x_wconf 86' lang='lat' dir='ltr'>continuo</span> <span class='ocrx_word' id='word_1_395' title='bbox 2796 3612 3079 3686; x_wconf 84' lang='lat' dir='ltr'>virginem</span> <span class='ocrx_word' id='word_1_396' title='bbox 3133 3614 3479 3686; x_wconf 90' lang='lat' dir='ltr'>perstitisse,</span> <span class='ocrx_word' id='word_1_397' title='bbox 3538 3634 3735 3690; x_wconf 87' lang='lat' dir='ltr'>neque</span> 
     </span>
    </p>
   </div>
   <div class='ocr_carea' id='block_1_33' title="bbox 311 3699 3731 3780">
    <p class='ocr_par' dir='ltr' id='par_1_33' title="bbox 311 3699 3731 3780">
     <span class='ocr_line' id='line_1_33' title="bbox 311 3699 3731 3780; baseline 0.001 -19"><span class='ocrx_word' id='word_1_398' title='bbox 311 3703 477 3761; x_wconf 89' lang='lat' dir='ltr'>edito</span> <span class='ocrx_word' id='word_1_399' title='bbox 503 3702 819 3766; x_wconf 85' lang='lat' dir='ltr'>Salvatore,</span> <span class='ocrx_word' id='word_1_400' title='bbox 844 3700 1039 3755; x_wconf 89' lang='lat' dir='ltr'>virum</span> <span class='ocrx_word' id='word_1_401' title='bbox 1067 3715 1327 3771; x_wconf 89' lang='lat' dir='ltr'>unquam</span> <span class='ocrx_word' id='word_1_402' title='bbox 1359 3699 1722 3771; x_wconf 88' lang='lat' dir='ltr'>cognovisse,</span> <span class='ocrx_word' id='word_1_403' title='bbox 1756 3717 1884 3771; x_wconf 68' lang='lat' dir='ltr'>qua:</span> <span class='ocrx_word' id='word_1_404' title='bbox 1916 3699 2218 3755; x_wconf 69' lang='lat' dir='ltr'>catholicae</span> <span class='ocrx_word' id='word_1_405' title='bbox 2272 3700 2541 3756; x_wconf 64' lang='lat' dir='ltr'>Ecclesiae</span> <span class='ocrx_word' id='word_1_406' title='bbox 2592 3702 2736 3758; x_wconf 79' lang='lat' dir='ltr'>fides</span> <span class='ocrx_word' id='word_1_407' title='bbox 2790 3706 2901 3769; x_wconf 90' lang='lat' dir='ltr'>est,</span> <span class='ocrx_word' id='word_1_408' title='bbox 2956 3701 3434 3759; x_wconf 81' lang='lat' dir='ltr'>manifestissime</span> <span class='ocrx_word' id='word_1_409' title='bbox 3480 3708 3731 3780; x_wconf 55' lang='lat' dir='ltr'>evincat,</span> 
     </span>
    </p>
   </div>
   <div class='ocr_carea' id='block_1_34' title="bbox 328 3787 3736 3866">
    <p class='ocr_par' dir='ltr' id='par_1_34' title="bbox 328 3787 3736 3866">
     <span class='ocr_line' id='line_1_34' title="bbox 328 3787 3736 3866; baseline 0.001 -17"><span class='ocrx_word' id='word_1_410' title='bbox 328 3794 646 3866; x_wconf 86' lang='lat' dir='ltr'>Eapropter</span> <span class='ocrx_word' id='word_1_411' title='bbox 672 3789 908 3845; x_wconf 81' lang='lat' dir='ltr'>titulum</span> <span class='ocrx_word' id='word_1_412' title='bbox 942 3788 1089 3844; x_wconf 82' lang='lat' dir='ltr'>libro</span> <span class='ocrx_word' id='word_1_413' title='bbox 1120 3787 1274 3843; x_wconf 86' lang='lat' dir='ltr'>fecit.</span> <span class='ocrx_word' id='word_1_414' title='bbox 1312 3789 1386 3843; x_wconf 89' lang='lat' dir='ltr'>De</span> <span class='ocrx_word' id='word_1_415' title='bbox 1417 3789 1593 3845; x_wconf 67' lang='lat' dir='ltr'>beatae</span> <span class='ocrx_word' id='word_1_416' title='bbox 1638 3792 1832 3846; x_wconf 54' lang='lat' dir='ltr'>Maria</span> <span class='ocrx_word' id='word_1_417' title='bbox 1885 3791 2206 3861; x_wconf 82' lang='lat' dir='ltr'>Virginitale</span> <span class='ocrx_word' id='word_1_418' title='bbox 2231 3790 2649 3862; x_wconf 79' lang='lat' dir='ltr'>perpetuazqui</span> <span class='ocrx_word' id='word_1_419' title='bbox 2698 3808 2932 3847; x_wconf 87' lang='lat' dir='ltr'>rursum</span> <span class='ocrx_word' id='word_1_420' title='bbox 2974 3808 3009 3847; x_wconf 90' lang='lat' dir='ltr'>a</span> <span class='ocrx_word' id='word_1_421' title='bbox 3051 3791 3349 3848; x_wconf 90' lang='lat' dir='ltr'>Gennadio</span> <span class='ocrx_word' id='word_1_422' title='bbox 3407 3791 3624 3849; x_wconf 91' lang='lat' dir='ltr'>dicitur</span> <span class='ocrx_word' id='word_1_423' title='bbox 3670 3794 3736 3852; x_wconf 91' lang='lat' dir='ltr'>in</span> 
     </span>
    </p>
   </div>
   <div class='ocr_carea' id='block_1_35' title="bbox 315 3878 3737 3952">
    <p class='ocr_par' dir='ltr' id='par_1_35' title="bbox 315 3878 3737 3952">
     <span class='ocr_line' id='line_1_35' title="bbox 315 3878 3737 3952; baseline 0.001 -12"><span class='ocrx_word' id='word_1_424' title='bbox 315 3879 652 3939; x_wconf 89' lang='lat' dir='ltr'>Corbeiensi</span> <span class='ocrx_word' id='word_1_425' title='bbox 688 3878 1161 3948; x_wconf 83' lang='lat' dir='ltr'>codice,egregius</span> <span class='ocrx_word' id='word_1_426' title='bbox 1179 3885 1230 3933; x_wconf 82' lang='lat' dir='ltr'>et</span> <span class='ocrx_word' id='word_1_427' title='bbox 1256 3882 1445 3949; x_wconf 86' lang='lat' dir='ltr'>gratus</span> <span class='ocrx_word' id='word_1_428' title='bbox 1475 3878 1714 3945; x_wconf 77' lang='lat' dir='ltr'>libellus,</span> <span class='ocrx_word' id='word_1_429' title='bbox 1775 3881 1830 3933; x_wconf 85' lang='lat' dir='ltr'>in</span> <span class='ocrx_word' id='word_1_430' title='bbox 1891 3896 1993 3951; x_wconf 86' lang='lat' dir='ltr'>quo</span> <span class='ocrx_word' id='word_1_431' title='bbox 2049 3880 2353 3936; x_wconf 77' lang='lat' dir='ltr'>ostenditur</span> <span class='ocrx_word' id='word_1_432' title='bbox 2409 3880 2781 3936; x_wconf 79' lang='lat' dir='ltr'>beatissimam</span> <span class='ocrx_word' id='word_1_433' title='bbox 2838 3880 3067 3936; x_wconf 83' lang='lat' dir='ltr'>Mariam</span> <span class='ocrx_word' id='word_1_434' title='bbox 3098 3882 3429 3938; x_wconf 83' lang='lat' dir='ltr'>Genitricem</span> <span class='ocrx_word' id='word_1_435' title='bbox 3507 3883 3737 3952; x_wconf 76' lang='lat' dir='ltr'>Domini</span> 
     </span>
    </p>
   </div>
   <div class='ocr_carea' id='block_1_36' title="bbox 306 3969 3732 4042">
    <p class='ocr_par' dir='ltr' id='par_1_36' title="bbox 306 3969 3732 4042">
     <span class='ocr_line' id='line_1_36' title="bbox 306 3969 3732 4042; baseline 0.002 -15"><span class='ocrx_word' id='word_1_436' title='bbox 306 3972 484 4030; x_wconf 81' lang='lat' dir='ltr'>nostri</span> <span class='ocrx_word' id='word_1_437' title='bbox 532 3972 658 4028; x_wconf 85' lang='lat' dir='ltr'>Jesu</span> <span class='ocrx_word' id='word_1_438' title='bbox 707 3969 928 4036; x_wconf 83' lang='lat' dir='ltr'>Christi,</span> <span class='ocrx_word' id='word_1_439' title='bbox 989 3970 1131 4023; x_wconf 83' lang='lat' dir='ltr'>sicut</span> <span class='ocrx_word' id='word_1_440' title='bbox 1175 3969 1443 4038; x_wconf 79' lang='lat' dir='ltr'>virginem</span> <span class='ocrx_word' id='word_1_441' title='bbox 1493 3972 1620 4024; x_wconf 82' lang='lat' dir='ltr'>ante</span> <span class='ocrx_word' id='word_1_442' title='bbox 1673 3973 1921 4041; x_wconf 83' lang='lat' dir='ltr'>partum,</span> <span class='ocrx_word' id='word_1_443' title='bbox 1972 3970 2052 4024; x_wconf 84' lang='lat' dir='ltr'>ita</span> <span class='ocrx_word' id='word_1_444' title='bbox 2108 3971 2378 4040; x_wconf 81' lang='lat' dir='ltr'>virginem</span> <span class='ocrx_word' id='word_1_445' title='bbox 2406 3972 2773 4041; x_wconf 82' lang='lat' dir='ltr'>permansisse</span> <span class='ocrx_word' id='word_1_446' title='bbox 2799 3974 2921 4041; x_wconf 84' lang='lat' dir='ltr'>post</span> <span class='ocrx_word' id='word_1_447' title='bbox 2966 3974 3212 4042; x_wconf 78' lang='lat' dir='ltr'>partum.</span> <span class='ocrx_word' id='word_1_448' title='bbox 3256 3971 3417 4036; x_wconf 85' lang='lat' dir='ltr'>Quod</span> <span class='ocrx_word' id='word_1_449' title='bbox 3463 3975 3732 4033; x_wconf 86' lang='lat' dir='ltr'>veterum</span> 
     </span>
    </p>
   </div>
   <div class='ocr_carea' id='block_1_37' title="bbox 311 4056 3731 4133">
    <p class='ocr_par' dir='ltr' id='par_1_37' title="bbox 311 4056 3731 4133">
     <span class='ocr_line' id='line_1_37' title="bbox 311 4056 3731 4133; baseline 0 -15"><span class='ocrx_word' id='word_1_450' title='bbox 311 4063 536 4133; x_wconf 87' lang='lat' dir='ltr'>spectat</span> <span class='ocrx_word' id='word_1_451' title='bbox 564 4057 992 4123; x_wconf 89' lang='lat' dir='ltr'>auctoritatem,</span> <span class='ocrx_word' id='word_1_452' title='bbox 1017 4056 1163 4113; x_wconf 89' lang='lat' dir='ltr'>satis</span> <span class='ocrx_word' id='word_1_453' title='bbox 1193 4056 1368 4112; x_wconf 89' lang='lat' dir='ltr'>habet</span> <span class='ocrx_word' id='word_1_454' title='bbox 1397 4058 1469 4112; x_wconf 89' lang='lat' dir='ltr'>de</span> <span class='ocrx_word' id='word_1_455' title='bbox 1498 4056 1855 4113; x_wconf 88' lang='lat' dir='ltr'>Tertulliano</span> <span class='ocrx_word' id='word_1_456' title='bbox 1888 4058 2098 4124; x_wconf 89' lang='lat' dir='ltr'>dicere,</span> <span class='ocrx_word' id='word_1_457' title='bbox 2127 4075 2261 4113; x_wconf 89' lang='lat' dir='ltr'>eum</span> <span class='ocrx_word' id='word_1_458' title='bbox 2285 4058 2551 4114; x_wconf 79' lang='lat' dir='ltr'>Ecclesia.-</span> <span class='ocrx_word' id='word_1_459' title='bbox 2571 4058 2872 4115; x_wconf 90' lang='lat' dir='ltr'>hominem</span> <span class='ocrx_word' id='word_1_460' title='bbox 2911 4074 3026 4114; x_wconf 92' lang='lat' dir='ltr'>non</span> <span class='ocrx_word' id='word_1_461' title='bbox 3060 4058 3274 4126; x_wconf 90' lang='lat' dir='ltr'>fuisse;</span> <span class='ocrx_word' id='word_1_462' title='bbox 3327 4059 3429 4115; x_wconf 91' lang='lat' dir='ltr'>sed</span> <span class='ocrx_word' id='word_1_463' title='bbox 3476 4059 3731 4118; x_wconf 85' lang='lat' dir='ltr'>Victori-</span> 
     </span>
    </p>
   </div>
   <div class='ocr_carea' id='block_1_38' title="bbox 310 4146 3734 4219">
    <p class='ocr_par' dir='ltr' id='par_1_38' title="bbox 310 4146 3734 4219">
     <span class='ocr_line' id='line_1_38' title="bbox 310 4146 3734 4219; baseline 0.001 -14"><span class='ocrx_word' id='word_1_464' title='bbox 310 4166 454 4206; x_wconf 90' lang='lat' dir='ltr'>num</span> <span class='ocrx_word' id='word_1_465' title='bbox 488 4147 966 4204; x_wconf 87' lang='lat' dir='ltr'>Petabionensem</span> <span class='ocrx_word' id='word_1_466' title='bbox 1000 4147 1265 4217; x_wconf 82' lang='lat' dir='ltr'>ejusdem</span> <span class='ocrx_word' id='word_1_467' title='bbox 1314 4163 1379 4203; x_wconf 90' lang='lat' dir='ltr'>ac</span> <span class='ocrx_word' id='word_1_468' title='bbox 1401 4146 1772 4203; x_wconf 87' lang='lat' dir='ltr'>adversarius</span> <span class='ocrx_word' id='word_1_469' title='bbox 1804 4147 2103 4204; x_wconf 64' lang='lat' dir='ltr'>sententia:</span> <span class='ocrx_word' id='word_1_470' title='bbox 2134 4164 2281 4213; x_wconf 88' lang='lat' dir='ltr'>esse,</span> <span class='ocrx_word' id='word_1_471' title='bbox 2314 4154 2624 4219; x_wconf 78' lang='lat' dir='ltr'>pernegat:</span> <span class='ocrx_word' id='word_1_472' title='bbox 2655 4153 2780 4203; x_wconf 90' lang='lat' dir='ltr'>tum</span> <span class='ocrx_word' id='word_1_473' title='bbox 2814 4147 3023 4204; x_wconf 91' lang='lat' dir='ltr'>seriem</span> <span class='ocrx_word' id='word_1_474' title='bbox 3053 4147 3136 4203; x_wconf 87' lang='lat' dir='ltr'>ait</span> <span class='ocrx_word' id='word_1_475' title='bbox 3190 4148 3541 4219; x_wconf 89' lang='lat' dir='ltr'>scriptorum</span> <span class='ocrx_word' id='word_1_476' title='bbox 3598 4148 3734 4207; x_wconf 79' lang='lat' dir='ltr'>infi-</span> 
     </span>
    </p>
   </div>
   <div class='ocr_carea' id='block_1_39' title="bbox 310 4235 3735 4311">
    <p class='ocr_par' dir='ltr' id='par_1_39' title="bbox 310 4235 3735 4311">
     <span class='ocr_line' id='line_1_39' title="bbox 310 4235 3735 4311; baseline -0.001 -16"><span class='ocrx_word' id='word_1_477' title='bbox 310 4238 497 4295; x_wconf 85' lang='lat' dir='ltr'>nitam</span> <span class='ocrx_word' id='word_1_478' title='bbox 527 4251 889 4293; x_wconf 89' lang='lat' dir='ltr'>commovere</span> <span class='ocrx_word' id='word_1_479' title='bbox 910 4251 972 4290; x_wconf 89' lang='lat' dir='ltr'>se</span> <span class='ocrx_word' id='word_1_480' title='bbox 994 4251 1187 4307; x_wconf 88' lang='lat' dir='ltr'>posse,</span> <span class='ocrx_word' id='word_1_481' title='bbox 1220 4240 1395 4307; x_wconf 91' lang='lat' dir='ltr'>atque</span> <span class='ocrx_word' id='word_1_482' title='bbox 1425 4252 1736 4308; x_wconf 90' lang='lat' dir='ltr'>opponere.</span> <span class='ocrx_word' id='word_1_483' title='bbox 1761 4236 2021 4309; x_wconf 89' lang='lat' dir='ltr'>Denique</span> <span class='ocrx_word' id='word_1_484' title='bbox 2060 4235 2247 4292; x_wconf 89' lang='lat' dir='ltr'>multa</span> <span class='ocrx_word' id='word_1_485' title='bbox 2267 4238 2337 4291; x_wconf 91' lang='lat' dir='ltr'>de</span> <span class='ocrx_word' id='word_1_486' title='bbox 2395 4236 2566 4292; x_wconf 85' lang='lat' dir='ltr'>laude</span> <span class='ocrx_word' id='word_1_487' title='bbox 2621 4235 2978 4309; x_wconf 88' lang='lat' dir='ltr'>virginitatis</span> <span class='ocrx_word' id='word_1_488' title='bbox 3035 4235 3327 4304; x_wconf 90' lang='lat' dir='ltr'>edisserit,</span> <span class='ocrx_word' id='word_1_489' title='bbox 3378 4237 3547 4307; x_wconf 84' lang='lat' dir='ltr'>cujus</span> <span class='ocrx_word' id='word_1_490' title='bbox 3586 4255 3735 4311; x_wconf 73' lang='lat' dir='ltr'>prae-</span> 
     </span>
    </p>
   </div>
   <div class='ocr_carea' id='block_1_40' title="bbox 309 4322 3731 4399">
    <p class='ocr_par' dir='ltr' id='par_1_40' title="bbox 309 4322 3731 4399">
     <span class='ocr_line' id='line_1_40' title="bbox 309 4322 3731 4399; baseline 0.001 -16"><span class='ocrx_word' id='word_1_491' title='bbox 309 4325 586 4383; x_wconf 79' lang='lat' dir='ltr'>stantiam</span> <span class='ocrx_word' id='word_1_492' title='bbox 619 4322 1234 4397; x_wconf 87' lang='lat' dir='ltr'>postluculentissime</span> <span class='ocrx_word' id='word_1_493' title='bbox 1255 4325 1583 4396; x_wconf 80' lang='lat' dir='ltr'>expositum</span> <span class='ocrx_word' id='word_1_494' title='bbox 1615 4325 1779 4382; x_wconf 85' lang='lat' dir='ltr'>Pauli</span> <span class='ocrx_word' id='word_1_495' title='bbox 1811 4326 1882 4381; x_wconf 91' lang='lat' dir='ltr'>ad</span> <span class='ocrx_word' id='word_1_496' title='bbox 1905 4325 2233 4382; x_wconf 89' lang='lat' dir='ltr'>Corinthios</span> <span class='ocrx_word' id='word_1_497' title='bbox 2262 4326 2696 4391; x_wconf 87' lang='lat' dir='ltr'>testimonium,</span> <span class='ocrx_word' id='word_1_498' title='bbox 2727 4342 2796 4380; x_wconf 82' lang='lat' dir='ltr'>ex</span> <span class='ocrx_word' id='word_1_499' title='bbox 2822 4324 3163 4397; x_wconf 88' lang='lat' dir='ltr'>nuptiarum</span> <span class='ocrx_word' id='word_1_500' title='bbox 3194 4342 3451 4397; x_wconf 91' lang='lat' dir='ltr'>quoque,</span> <span class='ocrx_word' id='word_1_501' title='bbox 3473 4343 3602 4399; x_wconf 68' lang='lat' dir='ltr'>quin</span> <span class='ocrx_word' id='word_1_502' title='bbox 3650 4330 3731 4385; x_wconf 92' lang='lat' dir='ltr'>ob</span> 
     </span>
    </p>
   </div>
   <div class='ocr_carea' id='block_1_41' title="bbox 307 4412 3726 4502">
    <p class='ocr_par' dir='ltr' id='par_1_41' title="bbox 307 4412 3726 4502">
     <span class='ocr_line' id='line_1_41' title="bbox 307 4412 3726 4502; baseline 0 -30"><span class='ocrx_word' id='word_1_503' title='bbox 307 4415 506 4473; x_wconf 91' lang='lat' dir='ltr'>oculos</span> <span class='ocrx_word' id='word_1_504' title='bbox 537 4412 1115 4487; x_wconf 87' lang='lat' dir='ltr'>ponit,ineommodis</span> <span class='ocrx_word' id='word_1_505' title='bbox 1144 4413 1387 4469; x_wconf 84' lang='lat' dir='ltr'>extollit.</span> <span class='ocrx_word' id='word_1_506' title='bbox 1421 4414 1545 4478; x_wconf 88' lang='lat' dir='ltr'>Qua</span> <span class='ocrx_word' id='word_1_507' title='bbox 1565 4415 1637 4469; x_wconf 84' lang='lat' dir='ltr'>de</span> <span class='ocrx_word' id='word_1_508' title='bbox 1660 4433 1719 4471; x_wconf 92' lang='lat' dir='ltr'>re</span> <span class='ocrx_word' id='word_1_509' title='bbox 1748 4431 1883 4470; x_wconf 85' lang='lat' dir='ltr'>cum</span> <span class='ocrx_word' id='word_1_510' title='bbox 1917 4416 1988 4470; x_wconf 89' lang='lat' dir='ltr'>ad</span> <span class='ocrx_word' id='word_1_511' title='bbox 2025 4414 2466 4471; x_wconf 89' lang='lat' dir='ltr'>Pammachium</span> <span class='ocrx_word' id='word_1_512' title='bbox 2512 4420 2641 4485; x_wconf 88' lang='lat' dir='ltr'>post</span> <span class='ocrx_word' id='word_1_513' title='bbox 2663 4430 2847 4469; x_wconf 87' lang='lat' dir='ltr'>annos</span> <span class='ocrx_word' id='word_1_514' title='bbox 2875 4414 3074 4469; x_wconf 89' lang='lat' dir='ltr'>decem</span> <span class='ocrx_word' id='word_1_515' title='bbox 3106 4413 3401 4484; x_wconf 88' lang='lat' dir='ltr'>scriberet,</span> <span class='ocrx_word' id='word_1_516' title='bbox 3425 4415 3597 4487; x_wconf 88' lang='lat' dir='ltr'>epist.</span> <span class='ocrx_word' id='word_1_517' title='bbox 3632 4417 3726 4502; x_wconf 77' lang='grc'>48⁹</span> 
     </span>
    </p>
   </div>
   <div class='ocr_carea' id='block_1_42' title="bbox 309 4502 3729 4574">
    <p class='ocr_par' dir='ltr' id='par_1_42' title="bbox 309 4502 3729 4574">
     <span class='ocr_line' id='line_1_42' title="bbox 309 4502 3729 4574; baseline 0 -14"><span class='ocrx_word' id='word_1_518' title='bbox 309 4522 475 4561; x_wconf 89' lang='lat' dir='ltr'>num.</span> <span class='ocrx_word' id='word_1_519' title='bbox 503 4504 571 4560; x_wconf 73' lang='lat' dir='ltr'>l7</span> <span class='ocrx_word' id='word_1_520' title='bbox 596 4520 608 4558; x_wconf 90' lang='lat'><strong>:</strong></span> <span class='ocrx_word' id='word_1_521' title='bbox 638 4526 666 4553; x_wconf 87' lang='grc'><strong>‹‹</strong></span> <span class='ocrx_word' id='word_1_522' title='bbox 700 4503 852 4558; x_wconf 92' lang='lat' dir='ltr'>Dum</span> <span class='ocrx_word' id='word_1_523' title='bbox 884 4503 1193 4569; x_wconf 87' lang='lat' dir='ltr'>adviveret,</span> <span class='ocrx_word' id='word_1_524' title='bbox 1224 4503 1437 4574; x_wconf 86' lang='lat' dir='ltr'>inquit,</span> <span class='ocrx_word' id='word_1_525' title='bbox 1461 4508 1673 4560; x_wconf 65' lang='lat' dir='ltr'>sanctas</span> <span class='ocrx_word' id='word_1_526' title='bbox 1704 4504 1996 4559; x_wconf 70' lang='lat' dir='ltr'>memoria:</span> <span class='ocrx_word' id='word_1_527' title='bbox 2031 4505 2337 4569; x_wconf 88' lang='lat' dir='ltr'>Damasus,</span> <span class='ocrx_word' id='word_1_528' title='bbox 2372 4503 2587 4558; x_wconf 83' lang='lat' dir='ltr'>librum</span> <span class='ocrx_word' id='word_1_529' title='bbox 2613 4508 2815 4557; x_wconf 90' lang='lat' dir='ltr'>contra</span> <span class='ocrx_word' id='word_1_530' title='bbox 2848 4502 3175 4558; x_wconf 84' lang='lat' dir='ltr'>Helvidium</span> <span class='ocrx_word' id='word_1_531' title='bbox 3212 4503 3283 4559; x_wconf 91' lang='lat' dir='ltr'>de</span> <span class='ocrx_word' id='word_1_532' title='bbox 3314 4503 3494 4559; x_wconf 74' lang='lat' dir='ltr'>beatae</span> <span class='ocrx_word' id='word_1_533' title='bbox 3527 4503 3729 4562; x_wconf 63' lang='lat' dir='ltr'>Marias</span> 
     </span>
    </p>
   </div>
   <div class='ocr_carea' id='block_1_43' title="bbox 303 4591 3730 4667">
    <p class='ocr_par' dir='ltr' id='par_1_43' title="bbox 303 4591 3730 4667">
     <span class='ocr_line' id='line_1_43' title="bbox 303 4591 3730 4667; baseline 0.001 -19"><span class='ocrx_word' id='word_1_534' title='bbox 303 4592 651 4667; x_wconf 82' lang='lat' dir='ltr'>Virginitate</span> <span class='ocrx_word' id='word_1_535' title='bbox 671 4595 949 4664; x_wconf 89' lang='lat' dir='ltr'>perpetua</span> <span class='ocrx_word' id='word_1_536' title='bbox 969 4591 1337 4663; x_wconf 87' lang='lat' dir='ltr'>scripsimus,</span> <span class='ocrx_word' id='word_1_537' title='bbox 1371 4592 1429 4647; x_wconf 91' lang='lat' dir='ltr'>in</span> <span class='ocrx_word' id='word_1_538' title='bbox 1453 4608 1564 4663; x_wconf 92' lang='lat' dir='ltr'>quo</span> <span class='ocrx_word' id='word_1_539' title='bbox 1594 4608 1831 4648; x_wconf 84' lang='lat' dir='ltr'>necesse</span> <span class='ocrx_word' id='word_1_540' title='bbox 1880 4593 1989 4648; x_wconf 90' lang='lat' dir='ltr'>fuit</span> <span class='ocrx_word' id='word_1_541' title='bbox 2040 4592 2209 4648; x_wconf 92' lang='lat' dir='ltr'>nobis</span> <span class='ocrx_word' id='word_1_542' title='bbox 2254 4593 2325 4648; x_wconf 90' lang='lat' dir='ltr'>ad</span> <span class='ocrx_word' id='word_1_543' title='bbox 2384 4591 2742 4663; x_wconf 87' lang='lat' dir='ltr'>virginitatis</span> <span class='ocrx_word' id='word_1_544' title='bbox 2790 4591 3219 4648; x_wconf 87' lang='lat' dir='ltr'>beatitudinem</span> <span class='ocrx_word' id='word_1_545' title='bbox 3264 4592 3730 4665; x_wconf 66' lang='lat' dir='ltr'>praedicandam,</span> 
     </span>
    </p>
   </div>
   <div class='ocr_carea' id='block_1_44' title="bbox 305 4679 3730 4755">
    <p class='ocr_par' dir='ltr' id='par_1_44' title="bbox 305 4679 3730 4755">
     <span class='ocr_line' id='line_1_44' title="bbox 305 4679 3730 4755; baseline 0.001 -17"><span class='ocrx_word' id='word_1_546' title='bbox 305 4682 491 4739; x_wconf 90' lang='lat' dir='ltr'>multa</span> <span class='ocrx_word' id='word_1_547' title='bbox 511 4681 583 4737; x_wconf 91' lang='lat' dir='ltr'>de</span> <span class='ocrx_word' id='word_1_548' title='bbox 604 4679 891 4737; x_wconf 90' lang='lat' dir='ltr'>molestiis</span> <span class='ocrx_word' id='word_1_549' title='bbox 922 4680 1111 4737; x_wconf 88' lang='lat' dir='ltr'>dicere</span> <span class='ocrx_word' id='word_1_550' title='bbox 1132 4681 1493 4752; x_wconf 89' lang='lat' dir='ltr'>nuptiarum.</span> <span class='ocrx_word' id='word_1_551' title='bbox 1546 4681 1697 4736; x_wconf 90' lang='lat' dir='ltr'>Num</span> <span class='ocrx_word' id='word_1_552' title='bbox 1750 4682 1837 4736; x_wconf 88' lang='lat' dir='ltr'>vir</span> <span class='ocrx_word' id='word_1_553' title='bbox 1873 4682 2164 4755; x_wconf 85' lang='lat' dir='ltr'>egregius,</span> <span class='ocrx_word' id='word_1_554' title='bbox 2220 4685 2277 4737; x_wconf 90' lang='lat' dir='ltr'>et</span> <span class='ocrx_word' id='word_1_555' title='bbox 2316 4680 2584 4737; x_wconf 88' lang='lat' dir='ltr'>eruditus</span> <span class='ocrx_word' id='word_1_556' title='bbox 2615 4680 2675 4735; x_wconf 89' lang='lat' dir='ltr'>in</span> <span class='ocrx_word' id='word_1_557' title='bbox 2734 4680 3078 4755; x_wconf 90' lang='lat' dir='ltr'>Scripturis,</span> <span class='ocrx_word' id='word_1_558' title='bbox 3120 4685 3177 4737; x_wconf 90' lang='lat' dir='ltr'>et</span> <span class='ocrx_word' id='word_1_559' title='bbox 3231 4680 3394 4754; x_wconf 88' lang='lat' dir='ltr'>virgo</span> <span class='ocrx_word' id='word_1_560' title='bbox 3454 4682 3730 4742; x_wconf 61' lang='lat' dir='ltr'>Ecclesia)</span> 
     </span>
    </p>
   </div>
   <div class='ocr_carea' id='block_1_45' title="bbox 303 4767 2078 4843">
    <p class='ocr_par' dir='ltr' id='par_1_45' title="bbox 303 4767 2078 4843">
     <span class='ocr_line' id='line_1_45' title="bbox 303 4767 2078 4843; baseline -0.002 -17"><span class='ocrx_word' id='word_1_561' title='bbox 303 4769 546 4843; x_wconf 86' lang='lat' dir='ltr'>virginis</span> <span class='ocrx_word' id='word_1_562' title='bbox 574 4769 803 4835; x_wconf 91' lang='lat' dir='ltr'>Doctor,</span> <span class='ocrx_word' id='word_1_563' title='bbox 836 4768 1059 4841; x_wconf 89' lang='lat' dir='ltr'>aliquid</span> <span class='ocrx_word' id='word_1_564' title='bbox 1089 4769 1148 4824; x_wconf 92' lang='lat' dir='ltr'>in</span> <span class='ocrx_word' id='word_1_565' title='bbox 1171 4767 1271 4825; x_wconf 92' lang='lat' dir='ltr'>illo</span> <span class='ocrx_word' id='word_1_566' title='bbox 1303 4785 1572 4825; x_wconf 84' lang='lat' dir='ltr'>sermone</span> <span class='ocrx_word' id='word_1_567' title='bbox 1602 4769 2017 4842; x_wconf 84' lang='lat' dir='ltr'>reprehendit?</span> <span class='ocrx_word' id='word_1_568' title='bbox 2049 4792 2078 4822; x_wconf 76' lang='grc' dir='ltr'><strong>υ</strong></span> 
     </span>
    </p>
   </div>
   <div class='ocr_carea' id='block_1_46' title="bbox 380 4857 3727 4932">
    <p class='ocr_par' dir='ltr' id='par_1_46' title="bbox 380 4857 3727 4932">
     <span class='ocr_line' id='line_1_46' title="bbox 380 4857 3727 4932; baseline 0.001 -17"><span class='ocrx_word' id='word_1_569' title='bbox 380 4861 459 4916; x_wconf 85' lang='lat' dir='ltr'>Ex</span> <span class='ocrx_word' id='word_1_570' title='bbox 481 4859 589 4914; x_wconf 89' lang='lat' dir='ltr'>hoc</span> <span class='ocrx_word' id='word_1_571' title='bbox 609 4857 945 4915; x_wconf 88' lang='lat' dir='ltr'>testimonio</span> <span class='ocrx_word' id='word_1_572' title='bbox 968 4857 1136 4913; x_wconf 89' lang='lat' dir='ltr'>facile</span> <span class='ocrx_word' id='word_1_573' title='bbox 1165 4859 1341 4913; x_wconf 87' lang='lat' dir='ltr'>etiam</span> <span class='ocrx_word' id='word_1_574' title='bbox 1375 4857 1687 4930; x_wconf 86' lang='lat' dir='ltr'>colligitur,</span> <span class='ocrx_word' id='word_1_575' title='bbox 1721 4875 1833 4930; x_wconf 89' lang='lat' dir='ltr'>quo</span> <span class='ocrx_word' id='word_1_576' title='bbox 1865 4864 2128 4932; x_wconf 90' lang='lat' dir='ltr'>tempore</span> <span class='ocrx_word' id='word_1_577' title='bbox 2159 4859 2530 4931; x_wconf 90' lang='lat' dir='ltr'>conscriptus</span> <span class='ocrx_word' id='word_1_578' title='bbox 2570 4859 2647 4914; x_wconf 91' lang='lat' dir='ltr'>sit</span> <span class='ocrx_word' id='word_1_579' title='bbox 2673 4858 2839 4915; x_wconf 86' lang='lat' dir='ltr'>liber.</span> <span class='ocrx_word' id='word_1_580' title='bbox 2871 4860 3091 4932; x_wconf 90' lang='lat' dir='ltr'>Nempe</span> <span class='ocrx_word' id='word_1_581' title='bbox 3122 4862 3370 4917; x_wconf 80' lang='lat' dir='ltr'>exeunte</span> <span class='ocrx_word' id='word_1_582' title='bbox 3414 4876 3568 4917; x_wconf 87' lang='lat' dir='ltr'>anno</span> <span class='ocrx_word' id='word_1_583' title='bbox 3614 4861 3727 4918; x_wconf 77' lang='grc'>384</span> 
     </span>
    </p>
   </div>
   <div class='ocr_carea' id='block_1_47' title="bbox 302 4946 3726 5022">
    <p class='ocr_par' dir='ltr' id='par_1_47' title="bbox 302 4946 3726 5022">
     <span class='ocr_line' id='line_1_47' title="bbox 302 4946 3726 5022; baseline 0.001 -16"><span class='ocrx_word' id='word_1_584' title='bbox 302 4967 371 5006; x_wconf 81' lang='lat' dir='ltr'>ex</span> <span class='ocrx_word' id='word_1_585' title='bbox 398 4952 657 5005; x_wconf 89' lang='lat' dir='ltr'>veterum</span> <span class='ocrx_word' id='word_1_586' title='bbox 685 4946 1224 5021; x_wconf 78' lang='lat' dir='ltr'>Martyrologiorum</span> <span class='ocrx_word' id='word_1_587' title='bbox 1248 4947 1358 5001; x_wconf 83' lang='lat' dir='ltr'>ﬁde</span> <span class='ocrx_word' id='word_1_588' title='bbox 1386 4948 1674 5003; x_wconf 86' lang='lat' dir='ltr'>Damasus</span> <span class='ocrx_word' id='word_1_589' title='bbox 1696 4948 1876 5004; x_wconf 89' lang='lat' dir='ltr'>obiit:</span> <span class='ocrx_word' id='word_1_590' title='bbox 1912 4948 2300 5022; x_wconf 89' lang='lat' dir='ltr'>Hicronymus</span> <span class='ocrx_word' id='word_1_591' title='bbox 2331 4950 2486 5020; x_wconf 89' lang='lat' dir='ltr'>apud</span> <span class='ocrx_word' id='word_1_592' title='bbox 2511 4949 2826 5004; x_wconf 88' lang='lat' dir='ltr'>Damasum</span> <span class='ocrx_word' id='word_1_593' title='bbox 2856 4967 2969 5005; x_wconf 90' lang='lat' dir='ltr'>non</span> <span class='ocrx_word' id='word_1_594' title='bbox 3002 4953 3135 5006; x_wconf 89' lang='lat' dir='ltr'>ante</span> <span class='ocrx_word' id='word_1_595' title='bbox 3193 4949 3368 5005; x_wconf 83' lang='lat' dir='ltr'>fidem</span> <span class='ocrx_word' id='word_1_596' title='bbox 3426 4950 3564 5005; x_wconf 89' lang='lat' dir='ltr'>anni</span> <span class='ocrx_word' id='word_1_597' title='bbox 3613 4952 3726 5008; x_wconf 88' lang='lat'>382</span> 
     </span>
    </p>
   </div>
   <div class='ocr_carea' id='block_1_48' title="bbox 304 5036 3721 5113">
    <p class='ocr_par' dir='ltr' id='par_1_48' title="bbox 304 5036 3721 5113">
     <span class='ocr_line' id='line_1_48' title="bbox 304 5036 3721 5113; baseline 0.001 -19"><span class='ocrx_word' id='word_1_598' title='bbox 304 5043 498 5095; x_wconf 66' lang='lat' dir='ltr'>Romae</span> <span class='ocrx_word' id='word_1_599' title='bbox 528 5042 617 5093; x_wconf 89' lang='lat' dir='ltr'>est</span> <span class='ocrx_word' id='word_1_600' title='bbox 647 5037 998 5099; x_wconf 89' lang='lat' dir='ltr'>diversatus,</span> <span class='ocrx_word' id='word_1_601' title='bbox 1033 5037 1532 5109; x_wconf 85' lang='lat' dir='ltr'>quemadmodum</span> <span class='ocrx_word' id='word_1_602' title='bbox 1554 5036 1613 5091; x_wconf 89' lang='lat' dir='ltr'>in</span> <span class='ocrx_word' id='word_1_603' title='bbox 1647 5037 2116 5110; x_wconf 76' lang='lat' dir='ltr'>epistolarule</span> <span class='ocrx_word' id='word_1_604' title='bbox 2143 5043 2200 5095; x_wconf 90' lang='lat' dir='ltr'>et</span> <span class='ocrx_word' id='word_1_605' title='bbox 2231 5041 2305 5094; x_wconf 85' lang='lat'>20</span> <span class='ocrx_word' id='word_1_606' title='bbox 2332 5038 2762 5112; x_wconf 89' lang='lat' dir='ltr'>chronologicis</span> <span class='ocrx_word' id='word_1_607' title='bbox 2821 5040 3183 5112; x_wconf 87' lang='lat' dir='ltr'>argumentis</span> <span class='ocrx_word' id='word_1_608' title='bbox 3234 5040 3544 5113; x_wconf 88' lang='lat' dir='ltr'>probatum</span> <span class='ocrx_word' id='word_1_609' title='bbox 3607 5046 3721 5109; x_wconf 84' lang='lat' dir='ltr'>est,</span> 
     </span>
    </p>
   </div>
   <div class='ocr_carea' id='block_1_49' title="bbox 302 5125 3724 5201">
    <p class='ocr_par' dir='ltr' id='par_1_49' title="bbox 302 5125 3724 5201">
     <span class='ocr_line' id='line_1_49' title="bbox 302 5125 3724 5201; baseline 0.002 -20"><span class='ocrx_word' id='word_1_610' title='bbox 302 5125 529 5181; x_wconf 87' lang='lat' dir='ltr'>Biennii</span> <span class='ocrx_word' id='word_1_611' title='bbox 580 5135 798 5191; x_wconf 80' lang='lat' dir='ltr'>autem,</span> <span class='ocrx_word' id='word_1_612' title='bbox 832 5126 989 5198; x_wconf 91' lang='lat' dir='ltr'>quod</span> <span class='ocrx_word' id='word_1_613' title='bbox 1020 5126 1344 5191; x_wconf 88' lang='lat' dir='ltr'>intercedit,</span> <span class='ocrx_word' id='word_1_614' title='bbox 1369 5127 1622 5197; x_wconf 89' lang='lat' dir='ltr'>priorem</span> <span class='ocrx_word' id='word_1_615' title='bbox 1644 5144 1864 5183; x_wconf 89' lang='lat' dir='ltr'>annum</span> <span class='ocrx_word' id='word_1_616' title='bbox 1898 5128 2019 5184; x_wconf 89' lang='lat' dir='ltr'>sive</span> <span class='ocrx_word' id='word_1_617' title='bbox 2080 5130 2185 5184; x_wconf 89' lang='lat'>383</span> <span class='ocrx_word' id='word_1_618' title='bbox 2213 5128 2299 5183; x_wconf 88' lang='lat' dir='ltr'>illi</span> <span class='ocrx_word' id='word_1_619' title='bbox 2341 5128 2763 5201; x_wconf 88' lang='lat' dir='ltr'>assignandum</span> <span class='ocrx_word' id='word_1_620' title='bbox 2824 5130 3038 5185; x_wconf 88' lang='lat' dir='ltr'>evincit</span> <span class='ocrx_word' id='word_1_621' title='bbox 3093 5128 3498 5187; x_wconf 87' lang='lat' dir='ltr'>testimonium</span> <span class='ocrx_word' id='word_1_622' title='bbox 3540 5129 3724 5188; x_wconf 82' lang='lat' dir='ltr'>hocce</span> 
     </span>
    </p>
   </div>
   <div class='ocr_carea' id='block_1_50' title="bbox 303 5213 3724 5289">
    <p class='ocr_par' dir='ltr' id='par_1_50' title="bbox 303 5213 3724 5289">
     <span class='ocr_line' id='line_1_50' title="bbox 303 5213 3724 5289; baseline 0.003 -21"><span class='ocrx_word' id='word_1_623' title='bbox 303 5213 554 5270; x_wconf 89' lang='lat' dir='ltr'>alterum</span> <span class='ocrx_word' id='word_1_624' title='bbox 584 5232 653 5269; x_wconf 81' lang='lat' dir='ltr'>ex</span> <span class='ocrx_word' id='word_1_625' title='bbox 680 5217 848 5287; x_wconf 90' lang='lat' dir='ltr'>epist.</span> <span class='ocrx_word' id='word_1_626' title='bbox 883 5218 985 5271; x_wconf 85' lang='lat'>22:</span> <span class='ocrx_word' id='word_1_627' title='bbox 1021 5216 1262 5283; x_wconf 86' lang='lat' dir='ltr'>Quantas</span> <span class='ocrx_word' id='word_1_628' title='bbox 1289 5216 1566 5270; x_wconf 82' lang='lat' dir='ltr'>molestias</span> <span class='ocrx_word' id='word_1_629' title='bbox 1596 5215 1836 5271; x_wconf 82' lang='lat' dir='ltr'>habeant</span> <span class='ocrx_word' id='word_1_630' title='bbox 1862 5220 2099 5288; x_wconf 71' lang='lat' dir='ltr'>nuptiae,</span> <span class='ocrx_word' id='word_1_631' title='bbox 2140 5222 2191 5272; x_wconf 83' lang='lat' dir='ltr'>et</span> <span class='ocrx_word' id='word_1_632' title='bbox 2237 5221 2361 5289; x_wconf 85' lang='lat' dir='ltr'>quot</span> <span class='ocrx_word' id='word_1_633' title='bbox 2417 5218 2885 5273; x_wconf 75' lang='lat' dir='ltr'>sollicitudinibus</span> <span class='ocrx_word' id='word_1_634' title='bbox 2939 5220 3275 5285; x_wconf 84' lang='lat' dir='ltr'>vinciantur,</span> <span class='ocrx_word' id='word_1_635' title='bbox 3336 5221 3401 5274; x_wconf 85' lang='lat' dir='ltr'>in</span> <span class='ocrx_word' id='word_1_636' title='bbox 3452 5234 3512 5275; x_wconf 87' lang='lat' dir='ltr'>eo</span> <span class='ocrx_word' id='word_1_637' title='bbox 3574 5218 3724 5279; x_wconf 86' lang='lat' dir='ltr'>libro</span> 
     </span>
    </p>
   </div>
   <div class='ocr_carea' id='block_1_51' title="bbox 302 5302 3726 5381">
    <p class='ocr_par' dir='ltr' id='par_1_51' title="bbox 302 5302 3726 5381">
     <span class='ocr_line' id='line_1_51' title="bbox 302 5302 3726 5381; baseline 0.003 -23"><span class='ocrx_word' id='word_1_638' title='bbox 302 5317 462 5374; x_wconf 84' lang='lat' dir='ltr'>quem</span> <span class='ocrx_word' id='word_1_639' title='bbox 490 5302 743 5359; x_wconf 82' lang='lat' dir='ltr'>adversus</span> <span class='ocrx_word' id='word_1_640' title='bbox 767 5305 1081 5360; x_wconf 83' lang='lat' dir='ltr'>Helvidium</span> <span class='ocrx_word' id='word_1_641' title='bbox 1109 5305 1175 5359; x_wconf 87' lang='lat' dir='ltr'>de</span> <span class='ocrx_word' id='word_1_642' title='bbox 1214 5310 1276 5359; x_wconf 85' lang='grc' dir='ltr'>Β.</span> <span class='ocrx_word' id='word_1_643' title='bbox 1336 5305 1527 5361; x_wconf 72' lang='lat' dir='ltr'>Maria:</span> <span class='ocrx_word' id='word_1_644' title='bbox 1582 5314 1841 5377; x_wconf 83' lang='lat' dir='ltr'>perpetua</span> <span class='ocrx_word' id='word_1_645' title='bbox 1889 5309 2210 5379; x_wconf 79' lang='lat' dir='ltr'>virginitate</span> <span class='ocrx_word' id='word_1_646' title='bbox 2260 5306 2554 5376; x_wconf 84' lang='lat' dir='ltr'>edidimus,</span> <span class='ocrx_word' id='word_1_647' title='bbox 2605 5318 2737 5380; x_wconf 82' lang='lat' dir='ltr'>puto</span> <span class='ocrx_word' id='word_1_648' title='bbox 2788 5307 3020 5363; x_wconf 85' lang='lat' dir='ltr'>breviter</span> <span class='ocrx_word' id='word_1_649' title='bbox 3074 5324 3409 5381; x_wconf 68' lang='lat' dir='ltr'>expressum.</span> <span class='ocrx_word' id='word_1_650' title='bbox 3459 5308 3726 5367; x_wconf 86' lang='lat' dir='ltr'>Pertinet</span> 
     </span>
    </p>
   </div>
   <div class='ocr_carea' id='block_1_52' title="bbox 303 5389 3726 5470">
    <p class='ocr_par' dir='ltr' id='par_1_52' title="bbox 303 5389 3726 5470">
     <span class='ocr_line' id='line_1_52' title="bbox 303 5389 3726 5470; baseline 0.003 -23"><span class='ocrx_word' id='word_1_651' title='bbox 303 5389 460 5453; x_wconf 86' lang='lat' dir='ltr'>enim</span> <span class='ocrx_word' id='word_1_652' title='bbox 492 5390 593 5445; x_wconf 90' lang='lat' dir='ltr'>illa</span> <span class='ocrx_word' id='word_1_653' title='bbox 614 5392 888 5464; x_wconf 87' lang='lat' dir='ltr'>Epistola,</span> <span class='ocrx_word' id='word_1_654' title='bbox 924 5398 988 5449; x_wconf 90' lang='lat' dir='ltr'>ut</span> <span class='ocrx_word' id='word_1_655' title='bbox 1008 5412 1114 5450; x_wconf 91' lang='lat' dir='ltr'>suo</span> <span class='ocrx_word' id='word_1_656' title='bbox 1143 5394 1269 5450; x_wconf 89' lang='lat' dir='ltr'>loco</span> <span class='ocrx_word' id='word_1_657' title='bbox 1300 5394 1690 5462; x_wconf 82' lang='lat' dir='ltr'>ostendimus,</span> <span class='ocrx_word' id='word_1_658' title='bbox 1722 5396 1792 5452; x_wconf 79' lang='lat' dir='ltr'>ad</span> <span class='ocrx_word' id='word_1_659' title='bbox 1823 5396 1960 5452; x_wconf 90' lang='lat' dir='ltr'>anni</span> <span class='ocrx_word' id='word_1_660' title='bbox 1991 5397 2096 5451; x_wconf 85' lang='grc'>384</span> <span class='ocrx_word' id='word_1_661' title='bbox 2117 5397 2371 5470; x_wconf 91' lang='lat' dir='ltr'>priorem</span> <span class='ocrx_word' id='word_1_662' title='bbox 2402 5401 2663 5470; x_wconf 90' lang='lat' dir='ltr'>partem;</span> <span class='ocrx_word' id='word_1_663' title='bbox 2706 5397 2979 5470; x_wconf 80' lang='lat' dir='ltr'>hancque</span> <span class='ocrx_word' id='word_1_664' title='bbox 3054 5398 3220 5469; x_wconf 80' lang='lat' dir='ltr'>adeo,</span> <span class='ocrx_word' id='word_1_665' title='bbox 3280 5414 3456 5470; x_wconf 91' lang='lat' dir='ltr'>quem</span> <span class='ocrx_word' id='word_1_666' title='bbox 3515 5396 3726 5456; x_wconf 84' lang='lat' dir='ltr'>laudat</span> 
     </span>
    </p>
   </div>
   <div class='ocr_carea' id='block_1_53' title="bbox 304 5480 3411 5559">
    <p class='ocr_par' dir='ltr' id='par_1_53' title="bbox 304 5480 3411 5559">
     <span class='ocr_line' id='line_1_53' title="bbox 304 5480 3411 5559; baseline 0.002 -24"><span class='ocrx_word' id='word_1_667' title='bbox 304 5485 510 5545; x_wconf 87' lang='lat' dir='ltr'>contra</span> <span class='ocrx_word' id='word_1_668' title='bbox 532 5480 862 5537; x_wconf 89' lang='lat' dir='ltr'>Helvidium</span> <span class='ocrx_word' id='word_1_669' title='bbox 893 5480 1133 5554; x_wconf 89' lang='lat' dir='ltr'>librum,</span> <span class='ocrx_word' id='word_1_670' title='bbox 1161 5484 1405 5557; x_wconf 87' lang='lat' dir='ltr'>jamque</span> <span class='ocrx_word' id='word_1_671' title='bbox 1422 5486 1494 5541; x_wconf 89' lang='lat' dir='ltr'>ad</span> <span class='ocrx_word' id='word_1_672' title='bbox 1518 5485 1675 5557; x_wconf 89' lang='lat' dir='ltr'>vulgi</span> <span class='ocrx_word' id='word_1_673' title='bbox 1708 5502 1920 5542; x_wconf 90' lang='lat' dir='ltr'>manus</span> <span class='ocrx_word' id='word_1_674' title='bbox 1950 5485 2132 5542; x_wconf 89' lang='lat' dir='ltr'>fuisse</span> <span class='ocrx_word' id='word_1_675' title='bbox 2164 5486 2406 5553; x_wconf 89' lang='lat' dir='ltr'>indicat,</span> <span class='ocrx_word' id='word_1_676' title='bbox 2440 5486 2724 5559; x_wconf 86' lang='lat' dir='ltr'>superiori</span> <span class='ocrx_word' id='word_1_677' title='bbox 2748 5487 2854 5542; x_wconf 89' lang='lat'>383</span> <span class='ocrx_word' id='word_1_678' title='bbox 2874 5491 3138 5559; x_wconf 87' lang='lat' dir='ltr'>oporteat</span> <span class='ocrx_word' id='word_1_679' title='bbox 3175 5486 3411 5544; x_wconf 87' lang='lat' dir='ltr'>ascribi.</span> 
     </span>
    </p>
   </div>
   <div class='ocr_carea' id='block_1_54' title="bbox 1900 5705 2088 5719">
    <p class='ocr_par' dir='ltr' id='par_1_54' title="bbox 1900 5705 2088 5719">
     <span class='ocr_line' id='line_1_54' title="bbox 1900 5705 2088 5719; baseline 0 -3"><span class='ocrx_word' id='word_1_680' title='bbox 1900 5705 2088 5719; x_wconf 79' lang='lat'><strong><em>—</em></strong></span> 
     </span>
    </p>
   </div>
  </div>
