3944 6452
179 442 273 506 198

934 428 1036 496 DE
1078 432 1497 496 PERPETUA
1544 430 2055 495 VIRGINITATE
2099 431 2170 491 B.
2219 428 2492 492 MARLE
2536 427 2793 493 LIBER.

3430 427 3546 491 194

832 776 954 879 ε.
1050 774 1731 878 Ευεεειι

1994 768 2849 877 [ERONYMI

1282 1002 1848 1065 STRIDONENSIS
1895 1001 2391 1067 PRESBYTER!

624 1204 783 1318 DF.-
859 1200 1494 1316 PEltPETUA
1583 1202 2360 1319 VlltGlNlTATil
2435 1203 2539 1316 B.
2626 1196 3052 1317 MARI/E

1181 1453 1775 1540 ADVERSUS
1834 1451 2505 1539 HELVIDIUM

1565 1659 1797 1721 LIBER
1840 1659 2053 1721 UNUS
2080 1659 2118 1718 ¹.

231 1955 444 2014 2051.
476 1955 678 2029 Nuper
708 1958 947 2030 rogatus
978 1973 1011 2011 a
1049 1955 1348 2024 fratribus,
1402 1959 1467 2011 ut
1508 1955 1789 2011 adversus
1819 1958 1873 2023 Α
1905 1952 2179 2009 foliorum
2235 1953 2519 2008 tradenda
2568 1954 2845 2024 ﬂammis,
2898 1960 2963 2009 ut
3008 1955 3197 2013 discat
3242 1956 3558 2030 aliquando

171 2044 402 2101 libellum
450 2045 766 2117 cujusdam
817 2044 1063 2101 Helvidii
1125 2045 1589 2118 responderem,J
1612 2044 1799 2100 facere

174 2133 390 2191 distuli:
424 2152 539 2191 non
566 2135 729 2208 quod
760 2133 1000 2190 difficile
1044 2135 1236 2203 fuerit,
1287 2134 1586 2190 hominem
1619 2133 1797 2189 rusti-

175 2238 386 2291 canum,
417 2227 469 2280 et
502 2224 597 2279 vix
627 2218 837 2296 primis
863 2240 1095 2296 quoque
1124 2223 1417 2279 imbutum
1446 2223 1678 2291 litteris,
1703 2240 1801 2279 su-

176 2324 267 2385 per
291 2312 402 2369 veri
424 2313 748 2370 assertione
776 2314 1113 2369 convincere
1138 2330 1150 2368 :
1171 2314 1272 2369 sed
1291 2330 1363 2369 ne
1395 2313 1801 2387 respondendo

172 2399 364 2474 dignus
393 2402 579 2473 ﬁeret,
613 2401 715 2475 qui
740 2401 1086 2459 vinceretur.
1130 2402 1255 2458 Huc
1294 2403 1606 2459 accedebat
1644 2403 1799 2475 quod

166 2489 352 2546 homo2
377 2489 781 2558 turbulentus,
826 2495 882 2547 et
926 2490 1088 2547 solus
1139 2491 1199 2547 in
1249 2491 1522 2548 universo
1581 2492 1802 2547 mundo

179 2578 277 2633 sibi
304 2584 357 2635 et
384 2578 575 2636 laicus
605 2583 662 2636 et
700 2580 971 2636 sacerdos
1002 2580 1126 2653 (qui
1153 2585 1218 2636 ut
1267 2582 1348 2637 ait
1374 2580 1491 2649 ille,
1544 2580 1803 2654 loquaci-

175 2670 370 2725 tatem’
425 2668 767 2726 facundiam
825 2669 1121 2725 existimat
1190 2671 1296 2742 [Αἱ.
1357 2671 1689 2743 existimet],
1750 2678 1807 2727 et

177 2755 507 2814 maledicere
569 2758 864 2827 omnibus,
926 2759 1089 2814 bona:
1147 2760 1514 2816 conscientiae
1568 2761 1805 2834 signum

174 2845 495 2919 arbitratur)
550 2850 787 2919 accepta
834 2846 1081 2904 materia
1137 2848 1499 2922 disputandi,
1551 2848 1806 2924 amplius

173 2933 436 3007 inciperet
463 2935 901 3008 blasphemare,
932 2941 990 2992 et
1020 2938 1187 3010 quasi
1223 2940 1294 2995 de
1325 2938 1563 2995 sublimi
1600 2938 1724 2995 loco
1745 2939 1806 2995 in

172 3026 339 3080 totum
369 3027 575 3082 orbem
629 3026 778 3083 ferre
822 3027 1215 3084 sententiam:
1268 3045 1457 3101 neque
1500 3029 1638 3101 quia
1666 3029 1809 3085 veri-

175 3115 281 3169 tate
300 3130 412 3170 non
445 3118 668 3188 posset,
694 3113 971 3171 laceraret
1014 3115 1132 3189 [ΛΖ.
1184 3116 1460 3189 lacerare]
1510 3119 1805 3176 conviciis.

183 3200 378 3260 Verum
411 3204 557 3277 quia
610 3203 697 3260 has
729 3222 931 3261 omnes
952 3210 1075 3261 tam
1098 3208 1276 3278 justas
1299 3207 1517 3264 silentii
1536 3207 1650 3263 mei
1673 3225 1808 3265 cau-

182 3307 267 3360 sa},
297 3293 367 3349 ob
416 3293 771 3351 scandalum
822 3295 1091 3362 fratrum,
1140 3296 1241 3369 qui
1289 3298 1361 3353 ad
1409 3299 1538 3369 ejus
1586 3298 1809 3355 rabiem

173 3382 562 3454 movebantur,
590 3383 824 3454 justiori
855 3385 969 3441 ﬁne
1001 3391 1326 3453 cessarunt,
1342 3387 1468 3459 jam
1489 3388 1560 3443 ad
1585 3388 1812 3446 radices

172 3469 544 3530 infructuosa:
582 3473 811 3530 arboris
860 3474 1153 3548 Evangelii
1202 3476 1427 3532 securis
1472 3482 1561 3533 est
1608 3478 1809 3533 admo-

172 3562 339 3616 venda
411 3561 626 3634 (Matth.
711 3580 797 3629 ιιι,
880 3564 989 3634 10),
1049 3569 1108 3621 et
1163 3582 1296 3621 cum
1354 3565 1814 3622 infecunditate‘

236 3720 251 3752 ¹
282 3721 421 3777 Edd.
453 3722 732 3779 Martian.
764 3728 823 3780 et
850 3723 1098 3781 Vallars.
1148 3726 1366 3782 habent
1410 3726 1690 3783 titulum:
1724 3729 1812 3783 1η⁴

167 3791 289 3865 cipit
311 3794 453 3850 iiber
480 3795 543 3851 S.
580 3796 902 3865 Hieronymi
953 3798 1210 3854 adversus
1259 3799 1568 3855 Helvidium
1593 3799 1658 3855 de
1692 3802 1814 3856 Vir-

169 3856 344 3941 ginate
392 3867 459 3922 B.
521 3866 711 3941 Maria,
760 3856 918 3925 Ebria
972 3901 1040 3910 ——
1102 3872 1305 3941 Incipit
1356 3872 1536 3938 Liber,
1579 3876 1686 3927 etc.
1752 3874 1814 3926 In

171 3939 430 4015 quatuor,
455 3943 575 4015 aut
603 3939 862 4015 quipque
888 3939 1320 4015 exemplaribus
1352 3960 1496 3998 mss.
1526 3942 1812 4015 inscribi-

168 4009 258 4061 tur
455 4008 638 4090 liber;
668 4008 934 4090 ΔΕρίςιοιςι
1102 4015 1465 4090 Hieronymi:
1513 4014 1637 4090 hoc
1667 4015 1817 4082 ideo,

169 4080 502 4160 quodinter
529 4080 834 4160 epistolas,
868 4084 987 4160 sive
1011 4080 1404 4160 in_eodicibus
1435 4080 1817 4160 epistularum

166 4154 439 4230 scriptum
472 4154 919 4230 fuerit‘semper
944 4156 1101 4212 istud
1142 4154 1517 4230 opusculum.
1553 4159 1821 4215 Meminit

170 4218 340 4308 hujus
370 4223 510 4308 libri
543 4225 757 4308 saepius
788 4218 847 4283 in
884 4218 1343 4308 .Cwommentariis
1382 4231 1508 4308 suis
1533 4230 1816 4308 hierony-

171 4307 333 4370 mus,
359 4300 419 4350 et
445 4297 508 4352 in
543 4297 793 4370 epistola
831 4300 902 4355 ad
923 4300 1319 4368 Eustochium,
1369 4306 1478 4357 etc.
1533 4297 1816 4358 MARTIA'N.

236 4366 405 4443 ’Hue
453 4366 764 4443 accedebat,
824 4372 964 4443 quod
1020 4374 1217 4437 homo,
1273 4366 1381 4428 etc.
1451 4372 1603 4428 Editi
1659 4374 1816 4429 hunc

173 4432 361 4517 locum
390 4438 478 4517 ita
503 4440 712 4517 legunt
735 4432 759 4496 ε’
780 4432 911 4517 Mite,
937 4432 1239 4509 accedebat,
1288 4445 1427 4517 quod
1472 4445 1718 4513 verebar,
1752 4461 1822 4501 ne

167 4503 314 4566 homo
339 4503 722 4572 turbulentus.
753 4519 804 4571 et
832 4516 980 4571 solus
1011 4519 1068 4572 in
1119 4503 1371 4572 uniuerso
1419 4517 1623 4573 mundo
1650 4503 1820 4574 sintut

481 4584 775 4641 sacerdos:
815 4588 911 4658 qui
935 4588 1039 4671 iiut
1088 4591 1168 4645 ait
1218 4589 1355 4661 ipse)
1383 4589 1817 4671 _loq:tacitatem,

166 4654 541 4744 etcLCodices
590 4673 734 4744 mss.
787 4654 973 4744 secuti
1018 4654 1395 4744 sumusig'ui
1446 4654 1561 4716 non
1616 4654 1820 4744 legunt

165 4723 401 4805 verbum
475 4728 726 4805 verebar_
778 4715 1188 4789 additumvinﬂ
1217 4715 1409 4801 ediiis,
1460 4738 1516 4787 et
1553 4715 1821 4805 iquiupro
1857 4715 1898 4779 Ο

163 4798 875 4879 ξξπξαρρῐηηᾳξςιτθῑίηο-ηζ
928 4805 1054 4869 sibi,
1110 4821 1368 4879 congruo
1397 4798 1603 4879 sensu
1633 4798 1817 4879 :_nam

167 4861 463 4952 E'elvidius
498 4871 614 4952 sibi
646 4878 770 4929 erat
800 4873 983 4931 laicus
1011 4861 1065 4931 et
1088 4861 1523 4952 sacer’dos,_non
1545 4876 1816 4933 Ecclesiae

165 4934 395 5005 Christi,
450 4943 614 5069 apud
682 4961 859 5017 quam
910 4953 1241 5004 monstrum
1309 4934 1654 5016 habebatur,
1703 4965 1818 5004 non

166 5010 455 5067 sacerdos.
526 5015 770 5069 IARTIAN.
800 5050 870 5059 —-
899 5018 1262 5069 Vetustinres
1305 5020 1443 5069 editi
1501 5020 1640 5069 nund
1668 5037 1818 5069 vere-

166 5010 455 5091 gacerdos.
491 5010 770 5091 ΜΑΒῙΙᾸΝ.
800 5050 870 5059 —-
899 5018 1262 5077 Vetustiores
1305 5020 1445 5075 editi
1501 5010 1821 5091 quod'vere-

167 5079 262 5135 bar
287 5097 360 5164 ne
389 5083 580 5142 homo.
614 5088 749 5164 Μοίρᾳ
794 5091 1089 5148 Victorius
1131 5093 1307 5148 simul
1351 5079 1643 5164 legit'pro
1690 5094 1820 5154 sibi.

168 5155 314 5237 quod
344 5160 692 5237 tamennon
728 5162 1042 5235 improbat,
1076 5168 1252 5237 atque
1285 5164 1340 5237 in
1393 5155 1817 5237 mssiinveniri

166 5228 339 5306 notat.
369 5228 495 5285 Nos
524 5228 881 5308 Veronensis
928 5228 1218 5308 principiis
1269 5236 1442 5291 fidem
1494 5236 1820 5308 sequimur,

167 5304 259 5366 (ἶυὶ
291 5315 509 5382 omnes
544 5304 821 5382 _ad__han0
869 5304 1023 5363 diem
1073 5304 1340 5381 cognitos
1388 5304 1733 5379 antiquitate
1766 5312 1823 5363 et

168 5374 521 5450 priestsntia
540 5374 701 5431 facile
741 5385 1067 5450 exsuperat.

193 5440 250 5523 "3
270 5444 705 5523 Tertullianum
753 5440 1069 5523 suppresso
1120 5452 1354 5507 nomine
1399 5451 1686 5523 designat,
1724 5450 1821 5521 qui

167 5507 310 5589 libro
335 5517 606 5595 arlt'ersus
635 5507 1053 5595 llernzopeiietn,
1084 5541 1133 5579 c.
1172 5526 1194 5578 1
1226 5542 1237 5579 :
1291 5548 1316 5572 ‹‹
1352 5507 1561 5586 Homo:
1609 5507 1821 5594 inquit,

166 5588 219 5669 in
246 5588 467 5669 szeculo
495 5595 552 5669 et
575 5588 1388 5669 naturaq’uoque'haereticus,
1415 5594 1586 5669 etiam
1617 5588 1821 5649 turbu-

164 5648 377 5735 lentus,
413 5661 523 5735 qui
572 5648 1387 5735 loquacitatem—vfacundiam'
1423 5648 1736 5731 existimet,
1768 5648 1825 5721 et

166 5731 608 5814 impudentiam
631 5731 1021 5814 constantiam
1069 5742 1327 5814 deputet,
1347 5811 1355 5814 _
1374 5742 1437 5814 et
1454 5736 1824 5814 maledicere

174 5800 424 5877 singulis
450 5806 718 5869 officium
746 5809 911 5889 bonae
942 5800 1621 5884 conscientim'judicet.»

1910 2044 2063 2099 206
2094 2041 2355 2109 reticere,
2389 2043 2487 2114 qui
2522 2060 2826 2115 nunquam
2861 2044 3065 2101 didicit
3092 2045 3275 2119 loqui.

1981 2136 2035 2186 2.
2070 2131 2254 2205 Igitur
2284 2136 2524 2188 sanctus
2557 2131 2702 2187 mihi
2742 2133 3102 2191 invocandus
3150 2139 3241 2191 est
3285 2136 3562 2210 Spiritus,

1910 2224 1976 2276 ut
2007 2222 2185 2276 beata:
2223 2220 2414 2275 Mariae
2461 2220 2855 2293 virginitatem
2906 2235 3014 2279 suo
3057 2240 3253 2293 sensu,
3300 2242 3400 2282 ore
3434 2242 3564 2283 meo

1912 2310 2204 2366 defendat.
2241 2310 2607 2366 Invocandus
2638 2315 2727 2366 est
2755 2312 3039 2368 Dominus
3082 2314 3277 2382 Jesus,
3321 2319 3386 2370 ut
3413 2314 3564 2371 sacri

1912 2398 2130 2455 ventris
2159 2398 2506 2472 hospitium,
2540 2401 2709 2470 cujus
2740 2401 2938 2456 decem
2990 2403 3297 2459 mensibus
3328 2402 3566 2459 inhabi-

1910 2495 2066 2547 tator
2096 2489 2255 2556 fuit5,
2289 2489 2361 2546 ab
2396 2490 2554 2546 omni
2588 2491 2936 2547 concubitus
2958 2491 3290 2565 suspicione
3311 2497 3564 2549 tueatur.

1917 2583 2044 2653 Ipse
2075 2595 2309 2652 quoque
2345 2580 2497 2635 Deus
2530 2579 2700 2634 Pater
2726 2583 2816 2635 est
2856 2580 3297 2653 imprecandus,
3350 2587 3417 2638 ut
3442 2600 3568 2639 ma-

1913 2675 2064 2724 trem
2096 2668 2225 2723 Filii
2258 2668 2374 2736 sui,
2405 2667 2693 2741 virginem
2726 2669 2999 2724 ostendat
3046 2668 3229 2726 fuisse
3271 2674 3404 2742 post
3432 2688 3567 2745 par-

1914 2763 2067 2826 tum,
2100 2775 2227 2830 quae
2261 2756 2369 2812 fuit
2393 2763 2579 2812 mater
2608 2761 2924 2830 antequam
2959 2760 3198 2831 nupta“.
3252 2760 3378 2816 Non
3408 2777 3568 2817 cam-

1916 2865 2059 2921 pum
2119 2845 2389 2903 rhetorici
2422 2847 2828 2903 desideramus
2863 2847 3100 2920 eloquii,
3148 2867 3264 2905 non
3309 2848 3569 2906 dialecti-

1918 2954 2119 2994 corum
2150 2936 2501 3008 tendiculas,
2535 2953 2641 2993 nec
2681 2936 3011 2994 Aristotelis
3062 2939 3293 3011 spineta
3323 2938 3570 3012 conqui-

1919 3027 2145 3083 rimus:
2189 3026 2320 3099 ipsa
2365 3026 2800 3099 Scripturarum
2848 3027 3025 3083 verba
3074 3029 3343 3100 ponenda
3390 3032 3568 3086 sunt:

1921 3117 2066 3189 ipsis
2098 3116 2313 3188 quibus
2344 3116 2653 3171 adversum
2695 3133 2803 3172 nos
2851 3133 2998 3171 usus
3045 3121 3135 3172 est
3192 3117 3568 3187 testimoniis,

1919 3205 2269 3271 revincatur,
2323 3209 2385 3260 ut
2442 3203 2751 3276 intelligat,
2811 3221 2873 3260 se
2929 3209 2986 3260 et
3032 3204 3251 3278 legere"
3300 3206 3563 3278 potuisse

1922 3312 2051 3367 quae
2081 3295 2300 3367 scripta
2329 3298 2487 3360 sunt,
2521 3298 2577 3349 et
2616 3311 2730 3349 non
2765 3294 3025 3366 potuisse
3054 3311 3183 3367 quis
3232 3294 3448 3368 pietate
3479 3310 3571 3349 ro-

1921 3386 2125 3441 borata
2156 3388 2314 3451 sunt,
2345 3399 2712 3455 cognoscere.
3084 3380 3089 3387 ’

1990 3473 2380 3529 3.11elvidius.
2433 3503 2500 3513 —
2558 3472 2754 3529 Prima
2819 3474 2949 3545 ejus
3027 3474 3349 3547 propositio
3422 3472 3570 3529 fuit:

1923 3588 1949 3616 ‹‹
1984 3563 2295 3621 Mattheeus
2346 3562 2643 3635 loquitur:
2697 3564 2902 3621 Christi
2946 3569 3129 3621 autem
3176 3566 3458 3635 generatio
3498 3566 3577 3620 sic

1991 3727 2012 3760 ι
2042 3726 2103 3797 Et
2146 3740 2273 3780 cum
2330 3723 2750 3797 infecunditate,
2800 3727 2908 3780 etc.
2954 3724 3229 3797 Disputat
3277 3723 3577 3780 Marianus

1925 3796 2035 3852 hoc
2057 3796 2182 3851 loco
2233 3801 2434 3851 contra
2466 3796 2774 3851 Erasmum
2802 3814 2815 3863 ;
2841 3802 2900 3851 at
2925 3795 3086 3852 error
3105 3800 3195 3852 est
3216 3795 3272 3850 in
3296 3800 3575 3867 utroque,

1926 3886 2043 3924 non
2093 3868 2250 3924 enim
2299 3868 2476 3922 ﬁcum
2521 3867 2949 3924 infructuosam
3000 3866 3426 3937 Evangelicam,
3464 3866 3581 3921 aut

1924 3941 2115 3995 virum
2139 3942 2375 4009 justum
2408 3938 2581 4010 primi
2615 3938 2830 3993 Psalmi
2863 3939 3104 4010 respicit
3147 3940 3573 4010 Hieronymus:

1927 4013 2027 4067 sed
2055 4011 2191 4066 folia
2212 4009 2521 4065 verborum
2556 4011 2858 4075 orationis,
2893 4009 3144 4082 quorum
3168 4009 3579 4082 infecu’nditas

1927 4088 2051 4139 erat
2082 4083 2140 4136 in
2177 4082 2436 4137 Helvidio
2469 4081 2784 4148 rusticano,
2815 4081 2923 4138 nec
2970 4081 3243 4138 facundo.
3290 4083 3576 4137 Maurum.

1930 4187 1995 4196 —
2025 4153 2266 4222 Alludit,
2302 4153 2457 4225 quod
2489 4154 2928 4225 apertissimum
2958 4160 3067 4210 est.
3101 4153 3352 4210 Mattbaei
3374 4170 3460 4223 ιιι,
3489 4152 3578 4208 10.
3678 4184 3693 4199 ›

1926 4229 2049 4283 Jam
2093 4229 2243 4281 enim
2291 4226 2497 4281 securis
2546 4226 2615 4280 ad
2664 4226 2903 4281 radicem
2949 4228 3213 4283 arborum
3258 4227 3436 4298 posita
3478 4232 3577 4281 est.

1930 4300 2117 4371 Omnis
2160 4313 2291 4367 ergo
2338 4297 2502 4353 arbor
2552 4312 2670 4368 qua:
2715 4314 2826 4353 non
2882 4300 3018 4369 facit
3061 4297 3310 4371 fraetum
3350 4299 3578 4371 bonum,

1927 4370 2231 4434 exeidetur,
2288 4373 2338 4424 et
2399 4370 2457 4423 in
2514 4370 2696 4439 ignem
2752 4372 3018 4425 mittetur.
3062 4369 3581 4426 infecunditatem

1931 4442 2203 4514 foliorum
2234 4444 2403 4495 vocat
2434 4439 2706 4514 foliorum
2742 4441 2930 4514 ipsam
2982 4443 3207 4514 copiam
3262 4458 3329 4497 ac
3378 4456 3579 4514 super-

1930 4513 2239 4576 ﬂuitatem,
2273 4529 2398 4583 qua:
2432 4516 2617 4567 totum
2651 4510 2968 4569 humorum
3017 4510 3077 4568 in
3127 4511 3266 4569 folia
3300 4510 3584 4568 convertit

1930 4588 2151 4655 absque
2182 4585 2395 4639 fructu.
2426 4584 2774 4653 Hujusmodi
2805 4589 2929 4641 erat
2960 4585 3105 4640 ficus
3154 4585 3247 4641 cui
3296 4582 3583 4640 Dominus

1939 4656 2256 4738 maledixit.
2295 4655 2591 4738 ltiben‘tius
2622 4656 2801 4738 igitpr
2846 4657 3203 4738 Erasmiana:
3245 4656 3585 4738 interpreta-

1937 4729 2079 4784 tioni
2114 4727 2423 4799 assentior,
2462 4725 2691 4783 tametsi
2719 4730 2898 4783 ferme
2921 4728 2993 4783 de
3016 4725 3463 4799 nihiloiquaastio
3483 4725 3577 4781 sit.

1999 4802 2018 4835 δ
2049 4798 2576 4873 OideA_Gellium,
2627 4805 2682 4854 et
2727 4817 2853 4871 qua:
2904 4799 2963 4854 in
3012 4798 3319 4873 epistolam
3363 4798 3465 4853 127
3495 4799 3581 4851 at-

1930 4889 2042 4945 que
2066 4871 2200 4945 alibi
2236 4871 2510 4945 adnotata
2540 4879 2695 4926 sunt.

1999 4947 2021 4979 δ
2051 4944 2341 4999 Nimirum
2391 4943 2532 5013 quia
2581 4959 2650 4997 ex
2704 4942 2921 5015 Spiritu
2978 4945 3189 5015 sancto
3236 4941 3585 5015 conceperat

1929 5023 2244 5088 antequam
2282 5032 2349 5070 ex
2380 5031 2597 5085 sponsa
2631 5013 2792 5070 fieret
2822 5032 2966 5071 uxor
3000 5014 3261 5088 Josephi.
3296 5013 3448 5067 Sunt
3474 5028 3577 5088 au-

1929 5095 2046 5144 tem
2082 5082 2183 5159 qui
2232 5082 2436 5159 nabere
2486 5092 2542 5141 ct
2583 5090 2814 5157 nuptam
2859 5105 2960 5158 pro
3004 5082 3221 5143 carnali
3273 5082 3583 5159 cumuviro

1930 5154 2139 5232 copula
2181 5154 2700 5232 accipiant,_unde
2750 5159 2809 5213 in
2853 5154 3107 5232 Scholiis
3151 5160 3209 5213 S.
3263 5154 3463 5232 Cyrilli
3511 5155 3584 5211 de

1933 5226 2338 5287 lnearnatinne
2370 5230 2621 5290 Domini.
2654 5248 2703 5285 c.
2736 5232 2844 5285 25:
2888 5254 2915 5279 ‹‹
2962 5230 3147 5285 Natus
3193 5234 3283 5284 est
3310 5226 3485 5283 enim
3518 5243 3587 5283 ex

1932 5304 2189 5375 Virgine,
2221 5310 2279 5357 et
2311 5302 2472 5359 solus
2502 5304 2674 5358 habet
2709 5302 2947 5358 Matrem
2973 5299 3453 5375 innuptamnnqld
3474 5303 3582 5375 est,

1933 5371 2063 5448 quaf
2115 5392 2246 5429 eum
2312 5374 2893 5448 marildeongressa
2949 5371 3250 5445 nunquam
3312 5371 3585 5448 fuit.__Hic

1935 5444 2110 5502 sensu
2141 5447 2315 5501 etiam
2368 5444 2789 5510 Tertullianus,
2840 5446 2897 5499 in
2955 5448 3316 5516 Apo/ogetiro.
3367 5444 3587 5499 nullum

1932 5521 1996 5574 de.
2030 5518 2379 5589 impudicitia
2416 5522 2647 5573 Matrem
2675 5517 2872 5572 habere
2921 5520 3016 5573 Dei
3063 5519 3239 5587 filium
3294 5532 3586 5578 asserens.

1932 5594 2118 5652 etiam,
2148 5589 2354 5660 inquit,
2388 5606 2552 5660 quam
2584 5590 2868 5643 ridebatur
2916 5591 3129 5653 habere,
3181 5606 3287 5643 non
3320 5590 3587 5659 nupserat

2005 5661 2406 5717 7Vcronensis
2453 5661 2617 5715 liber.
2680 5663 2911 5735 [Zenon
2981 5663 3291 5735 intelligere
3343 5660 3588 5735 potuisse

1933 5750 2055 5809 quae
2083 5735 2285 5807 scripta
2314 5735 2463 5790 sunt.
2499 5735 2689 5790 Prima
2729 5733 2864 5808 ejus,
2901 5738 3010 5792 etc.
