3944 6418
334 406 450 472 195

1586 400 1652 463 8.
1697 394 2006 464 EUSEBII
2050 396 2495 463 BIERONYMI

3617 394 3696 460 19

332 545 487 599 erat:
540 539 676 595 Cum
721 540 857 593 esset
904 534 1225 608 desponsata
1270 540 1448 591 mater
1501 536 1617 607 ejus
1663 533 1843 588 Maria
1888 535 1975 590 Jo-
2004 542 2062 609 Α
2092 550 2159 588 ea
2188 550 2317 605 quae
2343 533 2593 606 cogitata
2623 538 2780 603 sunt,
2817 533 3037 590 ﬁerent.
3083 532 3268 606 Igitur
3301 548 3434 589 cum
3474 531 3734 605 Evange-

330 630 482 703 seph,
527 630 857 701 priusquam
893 626 1266 691 convenirent,
1292 626 1513 680 inventa
1552 631 1630 678 est
1671 622 1874 678 habens
1918 624 1978 677 in

334 729 487 776 utero
543 717 609 774 de
668 716 883 787 Spiritu
937 718 1139 771 sancto.
1193 715 1341 769 201
1420 713 1611 784 Ioseph
1658 721 1839 767 autem
1894 714 1982 768 vir

328 810 465 880 ejus,
497 822 622 864 cum
652 812 788 860 esset
806 804 1011 875 justus,
1043 809 1095 858 et
1121 804 1287 858 nollet
1316 819 1437 857 eam
1465 803 1769 869 traducere,
1800 800 1979 856 voluit

331 896 532 951 occulte
579 894 861 949 dimittere
914 893 1085 948 eam‘.
1144 894 1265 946 llaec
1333 895 1515 945 autem
1570 907 1630 945 eo
1683 893 1973 960 cogi/ante,

327 1001 443 1040 ecce
492 984 719 1053 angelus
748 982 970 1036 Domini
998 982 1057 1035 in
1104 981 1307 1034 somnis
1337 978 1596 1049 apparuit
1645 978 1716 1043 ei,
1760 977 1975 1032 dicens:

326 1072 541 1144 Ioseph,
573 1073 659 1143 ﬁli
706 1070 901 1136 David,
952 1085 1022 1124 ne
1068 1070 1263 1123 timeas
1306 1068 1548 1137 accipere
1585 1065 1813 1120 Mariam
1841 1080 1973 1119 con-

319 1164 509 1234 jugem
538 1170 714 1217 tuam.
747 1159 902 1230 Quod
931 1160 1077 1213 enim
1105 1160 1298 1211 natum
1326 1164 1404 1211 est
1432 1157 1491 1210 in
1543 1170 1626 1220 ea,
1666 1154 1733 1209 de
1760 1154 1974 1225 Spiritu

328 1253 513 1306 sancto
542 1253 621 1305 est
671 1246 879 1319 (Matth.
913 1263 956 1313 ι,
995 1247 1064 1300 18
1110 1246 1273 1317 seqq).
1315 1246 1478 1311 Ecce,
1529 1243 1744 1315 inquit,
1792 1242 1973 1297 habes

325 1339 723 1410 desponsatam,
775 1352 889 1390 non
939 1333 1389 1400 commendatam,
1442 1336 1508 1386 ut
1550 1330 1716 1397 dicis,
1770 1334 1830 1385 at
1864 1329 1974 1385 uti-

320 1444 432 1499 que
464 1443 579 1482 non
632 1426 709 1479 ob
761 1422 920 1478 aliud
970 1425 1408 1494 desponsatam,
1460 1419 1573 1475 nisi
1619 1420 1972 1491 quandoque

320 1519 663 1588 nupturam.
691 1514 892 1584 Neque
925 1511 1081 1567 enim
1111 1511 1181 1565 de
1221 1527 1338 1564 non
1386 1508 1756 1564 conventuris
1786 1508 1970 1562 Evan-

317 1603 531 1676 gelista
609 1602 872 1658 dixisset.
951 1602 1289 1671 Priusquam
1374 1599 1757 1653 convenirent:
1836 1595 1971 1666 quia

318 1709 489 1749 nemo
520 1693 591 1747 de
623 1708 736 1747 non
773 1706 1058 1763 pransuro
1090 1688 1251 1757 dicit,
1283 1692 1600 1759 antequam
1634 1686 1964 1758 pranderet.

316 1781 538 1837 Deinde
575 1780 647 1836 ab
678 1777 917 1850 angelo”
943 1792 1170 1833 uxorem
1224 1775 1577 1848 appellatam
1626 1780 1683 1830 et
1727 1775 1963 1845 conjun-

2088 621 2226 678 lista
2293 623 2484 679 dicat:
2562 624 2895 695 Priusquam
2962 625 3334 690 convenirent,
3397 621 3727 695 proximum

2089 712 2428 782 nuptiarum
2476 715 2712 784 tempus
2768 712 3045 777 ostendit,
3099 718 3155 767 et
3207 712 3267 767 in
3328 728 3395 767 eo
3443 711 3570 781 jam
3606 705 3730 767 rem

2087 799 2268 854 fuisse
2298 804 2382 868 ut,
2416 816 2541 870 quae
2572 787 2735 871 prius
2768 816 2984 872 sponsa
3012 801 3221 867 fuerat,
3251 816 3380 856 esse
3410 816 3553 855 uxor
3582 798 3731 855 inci-

2086 892 2261 958 peret.
2297 887 2473 951 Quasi
2504 887 2714 944 dixerit
2744 905 2756 944 :
2789 893 3120 961 Antequam
3152 888 3354 946 oscula
3396 888 3729 961 amplexus-

2085 992 2198 1047 que
2229 977 2577 1042 miscerent;
2603 982 2917 1050 antequam
2950 995 3070 1033 rem
3103 982 3342 1051 agerent
3360 978 3726 1051 nuptiarum,

2084 1063 2323 1121 inventa
2354 1071 2446 1121 est
2475 1065 2699 1121 habens
2729 1067 2787 1121 in
2834 1071 3019 1123 utero.
3074 1068 3310 1123 Inventa
3349 1072 3439 1122 est
3467 1070 3663 1123 autem
3695 1083 3729 1123 a

2085 1152 2246 1209 nullo
2278 1153 2412 1221 alio,
2448 1154 2560 1210 nisi
2593 1170 2627 1210 a
2654 1154 2891 1227 Joseph,
2940 1156 3041 1227 qui
3089 1172 3315 1228 sponsas
3365 1159 3597 1211 uterum
3627 1160 3727 1210 tu-

2084 1246 2339 1299 mentem
2390 1260 2537 1315 pene
2566 1244 2587 1279 ⁶
2627 1245 2753 1313 jam
2801 1243 3038 1300 licentia
3088 1244 3364 1311 maritali,
3395 1248 3452 1301 et
3480 1242 3729 1301 curiosis

2083 1331 2268 1388 oculis
2298 1332 2698 1405 deprehendit.
2732 1333 2857 1389 Non
2898 1338 3092 1389 tamen
3142 1334 3427 1406 sequitur,
3477 1337 3543 1389 ut
3571 1333 3726 1405 prio-

2082 1420 2242 1476 ribus
2294 1420 2560 1477 dccimus
2602 1421 2905 1494 exemplis,
2954 1439 3087 1477 eum
3129 1439 3262 1478 cum
3308 1422 3491 1479 Maria
3519 1438 3726 1478 conve-

2080 1509 2239 1565 nisse
2262 1515 2394 1581 post
2423 1514 2678 1582 partum,
2710 1512 2883 1582 cujus
2917 1510 3295 1567 conveniendi
3341 1511 3725 1580 desiderium,

2077 1598 2227 1653 uteri
2280 1599 2655 1671 conceptione
2698 1600 2996 1657 sublatum
3044 1605 3150 1657 est.
3213 1601 3375 1665 Quod
3418 1604 3611 1656 autem
3664 1600 3727 1656 in

2079 1688 2303 1743 somnis
2359 1688 2575 1743 dicitur
2630 1689 2700 1743 ad
2768 1689 3026 1762 Joseph:
3104 1692 3182 1745 Ne
3245 1692 3408 1745 timas
3479 1691 3729 1762 accipere

2074 1779 2315 1833 Mariam
2345 1793 2575 1833 uxorem
2619 1782 2791 1833 tuam.
2844 1780 2912 1834 Et
2961 1796 3232 1836 rursum:
3284 1780 3591 1851 Exsurgens
3619 1796 3727 1835 au-

314 1874 479 1926 ctam.
510 1869 836 1924 Audiamus
867 1884 1023 1922 nunc
1053 1866 1194 1938 quid
1225 1865 1528 1937 Scriptura
1577 1864 1916 1936 pronuntiet
1942 1879 1954 1917 :
1996 1909 2041 1973 n
2080 1872 2185 1919 tun
2212 1866 2405 1937 Ioseph
2434 1883 2469 1921 a
2494 1882 2704 1927 somno,
2748 1870 2879 1936 fecit
2920 1869 3063 1923 sicut
3108 1869 3366 1939 przecepit
3411 1870 3469 1924 ei
3494 1868 3725 1939 angelus

316 1964 626 2029 Exurgens,
657 1955 870 2029 inquit,
900 1956 1105 2027 Joseph
1129 1971 1164 2009 a
1212 1969 1420 2023 somno,
1471 1955 1601 2023 fecit
1646 1955 1785 2008 sicut
1808 1966 1957 2023 pra?-

316 2055 531 2119 ceperat
569 2049 624 2102 ei
658 2046 883 2117 angelus
913 2046 1175 2100 Domini:
1205 2048 1257 2099 et
1304 2044 1508 2115 accepit
1543 2058 1772 2097 uxorem
1801 2057 1961 2096 suam

316 2142 370 2193 et
415 2153 524 2193 non
576 2137 823 2205 cognovit
869 2150 1012 2202 eam,
1061 2134 1225 2189 donec
1295 2134 1506 2205 peperit
1568 2130 1754 2201 filium
1800 2146 1963 2185 suum

319 2227 532 2295 (Matth.
568 2242 608 2294 ι,
638 2226 730 2290 2-4,
752 2225 863 2293 25).

387 2316 439 2369 li.
471 2316 850 2385 Hieronymus.
884 2344 952 2352 —
976 2312 1304 2383 Prsepositio
1356 2314 1488 2365 ante
1534 2309 1663 2381 quid
1711 2307 1963 2364 ostendit.

317 2406 502 2463 Maria
550 2419 721 2475 quare
764 2404 919 2474 virgo
965 2405 1223 2474 sponsata
1271 2400 1595 2471 conceperit.
1640 2429 1709 2441 —-
1754 2397 1964 2452 Curra-

321 2510 455 2549 mus
486 2508 589 2565 per
617 2490 872 2565 singula.
903 2495 960 2546 et
986 2489 1349 2562 impietatem
1374 2489 1607 2554 iisdem,
1640 2486 1856 2559 quibus
1884 2486 1971 2541 in-

322 2598 525 2654 gressa
554 2585 661 2649 est,
691 2579 956 2652 vestigiis
986 2582 1421 2652 persequentes,
1464 2575 1787 2649 pugnantia
1814 2575 1969 2630 inter

326 2686 387 2726 sc
440 2669 659 2725 dixisse
708 2668 1043 2724 doceamus.
1084 2668 1473 2737 Desponsatam
1530 2665 1877 2722 confitetur:
1911 2666 1968 2717 et

326 2758 526 2815 statim
558 2773 788 2813 uxorem
816 2755 941 2812 vult
965 2771 1094 2810 esse
1125 2772 1303 2827 quam
1331 2754 1634 2810 confessus
1671 2757 1762 2808 est
1790 2768 1966 2823 spon-

326 2866 476 2905 sam.
511 2848 766 2902 Rursum
801 2861 977 2915 quam
1012 2861 1247 2899 uxorem
1275 2843 1560 2909 nominat,
1585 2842 1727 2897 dicit
1755 2856 1868 2895 non
1893 2839 1965 2894 ob

329 2937 487 2991 aliud
517 2936 954 3007 desponsatam,
988 2932 1099 2988 nisi
1136 2932 1486 3005 quandoque
1528 2934 1867 3003 nupturam.
1901 2928 1968 2983 Et

328 3043 400 3083 nc
432 3041 641 3098 parum
696 3023 804 3079 hoc
861 3023 1249 3078 arbitremur:
1313 3020 1579 3086 «Habes,
1638 3018 1851 3090 inquit,
1879 3016 1968 3071 de-

326 3122 658 3187 sponsatam,
691 3115 748 3168 et
794 3128 909 3167 non
957 3110 1414 3177 commendatam,
1467 3109 1522 3163 id
1574 3112 1682 3167 est.
1717 3106 1964 3161 necdum

323 3220 587 3271 uxorem,
647 3201 895 3258 necdum
944 3199 1193 3255 maritali
1233 3197 1465 3254 vinculo
1496 3196 1848 3268 copulatam.
1904 3196 1964 3249 In

2078 1956 2319 2020 Domini,
2363 1964 2415 2011 et
2463 1956 2667 2027 accepit
2708 1972 2941 2014 uxorem
2986 1973 3163 2023 suam,
3216 1955 3444 2012 nullum
3494 1973 3726 2014 movere

2075 2044 2266 2111 debet,
2297 2044 2466 2115 quasi
2498 2061 2566 2099 ex
2594 2060 2660 2099 eo
2688 2046 2843 2116 quod
2876 2062 3019 2101 uxor
3057 2055 3147 2101 est
3184 2044 3493 2118 appellata,
3526 2062 3726 2118 sponsa

2076 2148 2207 2189 esse
2255 2132 2530 2188 desierit:
2578 2150 2711 2188 cum
2762 2133 2911 2189 hanc
2969 2152 3096 2191 esse
3154 2134 3466 2207 Scriptum
3510 2134 3720 2191 divina

2074 2221 2560 2277 consuetudinem
2637 2222 2994 2289 noverimus,
3073 2228 3138 2278 ut
3192 2238 3415 2295 sponsas
3470 2222 3725 2296 appellet

2074 2327 2291 2366 uxores.
2345 2310 2508 2365 Sicut
2549 2312 2608 2366 in
2659 2313 3043 2384 sequentibus
3091 2312 3524 2368 Deuteronomii
3554 2312 3727 2369 testi-

2075 2400 2286 2455 moniis
2316 2400 2674 2472 approbatur
2703 2419 2716 2456 :
2750 2401 2809 2455 Si
2851 2402 2999 2471 quis,
3049 2401 3263 2473 inquit,
3309 2402 3586 2456 invenerit
3614 2404 3724 2457 vir-

2074 2492 2256 2559 ginem
2288 2489 2667 2561 desponsatam
2699 2490 2817 2545 viro
2878 2492 2939 2544 in
2992 2506 3200 2562 campo,
3260 2495 3311 2546 et
3367 2492 3483 2547 vim
3508 2493 3722 2563 faciens

2073 2579 2358 2634 dormierit
2384 2594 2507 2633 cum
2552 2595 2639 2647 ea,
2677 2584 2849 2634 morte
2892 2581 3185 2649 moriatur,
3225 2582 3357 2650 quia
3402 2580 3719 2636 humiliavit

2073 2683 2302 2722 umorem
2346 2669 2592 2738 proximi
2632 2668 2721 2723 sui
2782 2667 2956 2739 (Deut.
3006 2685 3141 2738 xvn,
3201 2670 3312 2737 25).
3363 2669 3433 2724 Et
3492 2668 3551 2724 in
3602 2668 3717 2725 alio

2073 2755 2238 2811 loco:
2299 2757 2361 2811 Si
2434 2766 2621 2811 autem
2682 2758 2853 2828 fuerit
2929 2757 3329 2813 adulescentula
3394 2757 3720 2828 desponsata

2074 2846 2213 2912 viro,
2246 2849 2294 2900 et
2329 2847 2601 2901 invenerit
2624 2845 2785 2901 homo
2815 2862 2939 2902 eam.
2977 2847 3038 2901 in
3083 2848 3322 2913 civitate,
3372 2850 3426 2903 et
3472 2846 3724 2903 dormie-

2074 2936 2150 2990 rit
2198 2951 2323 2990 cum
2368 2950 2450 3002 ea,
2505 2934 2740 2990 educetis
2814 2938 3106 3006 utrumque
3143 2933 3213 2989 ad
3252 2938 3439 3005 portas
3480 2937 3725 2990 civitatis

2075 3024 2252 3089 illius,
2325 3027 2378 3078 et
2460 3023 2853 3095 tapidabuntur
2911 3023 3209 3095 lapidibus,
3279 3027 3329 3079 et
3391 3024 3720 3080 morientur.

2073 3111 2481 3167 Adolescenlula
2526 3110 2764 3184 quidem,
2816 3114 2948 3185 quia
3007 3129 3118 3167 non
3161 3110 3549 3184 proclamavit,
3599 3128 3726 3167 cum

2075 3204 2209 3257 esset
2254 3204 2313 3256 in
2361 3202 2618 3257 civitate:
2672 3202 2759 3256 vir
2804 3209 3006 3269 autem,
3062 3203 3191 3272 quia
3237 3202 3549 3257 hamitiavit
3578 3217 3724 3256 uxo-

326 3309 390 3348 eo
418 3309 553 3348 vero
584 3291 737 3362 quod
770 3290 872 3355 ait,
905 3289 1100 3363 Neque
1132 3289 1285 3344 enim
1320 3288 1391 3343 de
1436 3303 1548 3342 non
1597 3284 1964 3341 conventuris

2148 3308 2200 3346 m
2227 3292 2474 3363 proximi
2500 3292 2591 3345 sui
2622 3308 2634 3345 :
2667 3295 2718 3345 et
2763 3289 3128 3345 eradicabitis
3156 3290 3369 3344 malum
3397 3290 3505 3361 [Αι.
3548 3288 3725 3346 mali-

321 3379 693 3453 Evangelista
767 3379 1070 3434 dixisset:
1157 3379 1488 3448 Priusquam
1556 3376 1966 3432 convenirent:

329 3471 468 3543 quia
492 3485 663 3524 nemo
692 3468 762 3523 de
791 3483 906 3523 non
938 3483 1225 3539 pransuro
1256 3464 1416 3531 dicit,
1450 3469 1765 3536 antequam
1798 3479 1967 3535 pran-

333 3560 513 3625 deret,
542 3557 868 3621 doleamne,
911 3572 983 3610 an
1032 3554 1276 3621 rideam,
1328 3554 1544 3615 nescio.
1584 3578 1602 3601 ιι
1661 3550 1965 3624 Imperitiaa

332 3663 599 3719 arguam,
632 3662 706 3700 an
750 3644 1091 3701 temeritatis
1141 3642 1458 3699 accusem?
1507 3642 1683 3705 Quasi
1737 3642 1781 3695 si
1835 3641 1967 3712 quis

322 3736 569 3792 dixerit:
601 3737 932 3805 Antequam
962 3733 1021 3788 in
1071 3738 1238 3805 portu
1294 3734 1664 3804 prenderem,
1713 3730 1783 3785 ad
1815 3729 1965 3784 Afri-

324 3842 450 3881 cam
481 3823 800 3897 navigavii’,
832 3839 946 3878 non
986 3821 1173 3894 possit
1224 3827 1379 3876 stare
1426 3819 1736 3889 sententia,
1771 3818 1882 3873 nisi
1913 3818 1964 3872 ei

323 3914 379 3969 in
415 3918 583 3987 portu
616 3911 1021 3984 prandendum
1055 3911 1405 3982 quandoque
1454 3909 1550 3965 sit.
1583 3913 1699 3963 Aut
1746 3908 1793 3963 si
1825 3906 1965 3963 veli-

328 4020 462 4057 mus
492 4002 684 4058 dicere
716 4018 728 4056 :
764 4000 984 4056 Paulus
1014 3999 1312 4072 apostolus
1332 4003 1645 4071 antequam
1669 3998 1739 4052 ad
1767 3997 1967 4068 Hispa-

326 4091 455 4147 nias
486 4094 771 4163 pergeret,
805 4090 1000 4145 Romie
1032 4089 1090 4144 in
1121 4087 1355 4143 vincula
1384 4088 1681 4157 conjectus
1710 4091 1817 4142 est.
1852 4091 1968 4141 Aut

328 4184 484 4236 certe
512 4178 658 4234 illud
687 4196 700 4234 :
736 4178 1033 4234 Helvidius
1065 4182 1377 4249 antequam
1411 4176 1810 4248 paenitentiam
1845 4191 1967 4245 age-

325 4274 432 4329 ret.
464 4272 647 4323 morte
678 4271 1003 4340 praeventus
1046 4270 1170 4321 est:
1222 4266 1423 4321 statim
1473 4270 1574 4320 aut
1626 4263 1802 4320 Paulo
1834 4267 1967 4336 post

323 4356 557 4414 vincula
609 4358 679 4413 ad
722 4355 1033 4429 Hispanias
1080 4358 1155 4412 sit
1206 4356 1501 4412 eundum:
1552 4359 1655 4410 aut
1708 4352 1964 4409 Helvidio

323 4446 663 4520 poenitentia
693 4446 917 4518 agenda
956 4449 1086 4518 post
1135 4450 1421 4512 mortem;
1477 4460 1611 4499 cum
1667 4443 1967 4514 Scriptura

324 4535 515 4591 dicat:
593 4536 656 4590 In
730 4536 947 4605 inferno
1017 4540 1209 4590 autem
1283 4535 1406 4605 quis
1459 4532 1807 4603 conﬁtebitur
1860 4532 1967 4586 tibi

323 4625 493 4715 (Psal.
523 4640 600 4691 v1,
648 4623 751 4696 6)?
799 4629 882 4679 Ac
921 4640 1038 4715 non
1086 4623 1282 4715 potius
1336 4622 1413 4677 sit
1458 4620 1964 4715 intelligendum‘,
1993 4650 2041 4715 D

323 4714 477 4785 quod
516 4715 644 4769 ante
687 4712 1042 4785 praepositio,
1096 4711 1232 4767 licet
1278 4726 1431 4783 saepe
1483 4709 1960 4782 consequentiam

322 4802 561 4871 indicet,
592 4807 788 4859 tamen
821 4802 974 4858 208
1006 4816 1429 4872 nonnunquam
1460 4816 1528 4854 ea
1575 4803 1804 4854 tantum
1835 4815 1961 4870 qua:

322 4890 484 4963 prius
514 4890 941 4965 cogitabuntur,
975 4889 1261 4944 ostendat.
1299 4887 1459 4944 Unde
1488 4905 1593 4944 nec
1623 4903 1858 4945 necesse
1888 4886 1965 4942 sit

324 4985 387 5037 ut
441 4980 696 5054 cogitata
742 4980 908 5047 ﬁant,
937 4993 1072 5033 cum
1104 4978 1261 5033 aliud
1295 4976 1424 5033 ideo
1465 4978 1859 5045 intervenerit,
1893 4992 1967 5033 ne

394 5240 792 5299 ‘Veronensis
820 5239 1056 5296 voculas
1104 5256 1248 5307 eam,
1293 5244 1350 5296 et
1394 5245 1577 5298 autem
1623 5258 1738 5298 non
1767 5240 1960 5298 habet.

393 5316 414 5349 ²
446 5315 602 5370 idem
634 5331 669 5368 a
698 5314 926 5369 Domino
956 5329 1059 5384 pro
1103 5312 1169 5367 ab
1199 5314 1412 5382 angelo.

391 5386 572 5442 3Erat
604 5389 777 5440 antea
826 5385 1124 5454 navigavit,
1175 5390 1232 5439 et
1274 5386 1388 5440 nisi
1435 5387 1494 5440 in
1559 5400 1619 5441 eo
1665 5389 1831 5456 portu
1861 5401 1966 5456 pro

319 5458 433 5514 nisi
460 5459 512 5511 ei
543 5458 603 5512 in
625 5464 805 5527 portu,
858 5456 1014 5528 quod
1059 5473 1125 5511 ex
1173 5456 1522 5512 Veronensis
1578 5473 1688 5511 ms.
1726 5456 1963 5528 recipio.

392 5530 416 5563 ⁴
442 5528 599 5583 idem
628 5526 995 5583 Veronensis
1035 5543 1100 5582 ac
1144 5543 1255 5583 non
1296 5529 1480 5599 potius
1526 5530 1607 5583 sic
1652 5526 1967 5599 intelligen-

320 5600 470 5664 dum,
494 5603 551 5653 et
581 5614 714 5673 mox
741 5613 891 5673 saepe
915 5604 965 5654 et
994 5601 1374 5673 consequentia
1417 5600 1622 5655 indicet
1644 5617 1665 5660 ,·
1697 5606 1754 5656 et
1796 5600 1966 5673 paulo

326 5670 628 5747 po_st__unde
656 5669 1002 5741 vocabulum
1035 5687 1147 5727 non
1167 5669 1377 5728 habet.

394 5744 415 5781 δ
449 5743 670 5805 Uterum
726 5747 1017 5807 tumentem
1082 5757 1244 5819 pene,
1303 5746 1411 5803 etc.
1471 5742 1565 5802 Sic
1625 5743 1683 5809 in
1738 5744 1966 5820 caputI

2075 3380 2282 3452 gnum]
2321 3395 2390 3435 ea:
2448 3380 2842 3451 vobismetipsis
2895 3377 3052 3448 (Ibid.
3112 3379 3204 3446 23,
3251 3378 3342 3434 24.
3401 3378 3727 3437 Necnonet

2074 3468 2244 3524 alibi:
2276 3469 2340 3523 Et
2386 3470 2509 3539 quis
2559 3468 2655 3523 ille
2704 3467 2879 3535 homo,
2931 3469 3025 3522 cui
3069 3466 3394 3539 desponsata
3446 3475 3525 3523 est
3556 3483 3723 3537 uxor,

2070 3561 2122 3612 et
2151 3573 2261 3613 non
2291 3560 2496 3627 accepit
2530 3557 2613 3623 [At
2654 3557 2907 3628 accipiet]
2964 3560 3130 3611 eam?
3178 3555 3344 3612 Vadat
3387 3565 3438 3612 et
3484 3564 3727 3613 reverta-

2054 3650 2167 3700 tur
2197 3648 2256 3700 in
2282 3644 2501 3700 domum
2542 3661 2726 3712 suam,
2770 3660 2842 3699 ne
2883 3646 3021 3713 forte
3052 3646 3324 3700 moriatur
3371 3647 3432 3700 in
3480 3645 3638 3713 bello,
3669 3655 3727 3702 et

2073 3736 2230 3790 homo
2259 3736 2406 3789 alius
2435 3736 2669 3805 accipiat
2699 3750 2820 3789 eam
2850 3734 3024 3804 (Deut.
3059 3750 3151 3800 xx,
3194 3736 3273 3803 7).
3315 3733 3375 3790 Si
3403 3734 3495 3789 cui
3525 3738 3727 3791 autem

2075 3822 2396 3895 scrupulus
2435 3826 2839 3879 commovetur
2884 3838 3064 3894 quare
3114 3823 3487 3895 desponsata,
3520 3826 3577 3878 et
3607 3839 3730 3879 non

2074 3913 2271 3985 potius
2311 3911 2437 3967 sine
2495 3928 2731 3982 sponso,
2792 3912 2910 3968 sive
2970 3912 3056 3985 (ut
3105 3911 3408 3984 Scriptura
3448 3910 3728 3985 appellat)

2076 4000 2305 4068 marito,
2364 4000 2525 4072 virgo
2586 4002 2934 4073 conceperit,
3004 4001 3151 4056 sciat
3199 4000 3487 4073 triplicem
3536 4000 3728 4058 fuisse

2074 4090 2381 4146 rationem.
2446 4090 2667 4160 Primo,
2728 4094 2794 4144 ut
2860 4106 2963 4161 per
3024 4088 3423 4162 genealogiam
3471 4088 3722 4162 Joseph,

2075 4180 2245 4250 cujus
2274 4178 2459 4234 Maria
2505 4182 2753 4249 cognata
2795 4182 2944 4246 erat,
2991 4178 3195 4251 origo6
3241 4194 3475 4250 quoque
3525 4177 3728 4235 Marias

2076 4272 2519 4324 monstraretur.
2581 4268 2753 4324 209.
2814 4268 3100 4337 Secundo,
3174 4284 3244 4323 ne
3301 4268 3474 4338 juxta
3529 4266 3727 4339 legem

2075 4358 2256 4432 Moysi
2287 4363 2353 4413 ut
2381 4356 2647 4413 adultera
2676 4357 3038 4430 lapidaretur
3067 4375 3101 4414 a
3140 4357 3375 4430 populo.
3407 4356 3622 4423 Tertio,
3655 4362 3727 4415 ut

2073 4448 2147 4503 ad
2191 4449 2500 4521 Egyptum
2549 4447 2778 4520 fugiens
2828 4446 3068 4504 haberet
3115 4446 3408 4516 solatium,
3458 4446 3727 4504 custodis

2074 4537 2276 4609 potius
2321 4553 2497 4608 quam
2549 4535 2765 4592 mariti.
2816 4536 2957 4602 Quis
3004 4536 3159 4592 enim
3209 4536 3268 4591 in
3316 4540 3576 4609 tempore
3619 4534 3727 4592 illo

2075 4624 2421 4683 credidisset
2447 4624 2673 4698 Virgini
2717 4625 2788 4681 de
2836 4628 3036 4681 sancto
3086 4641 3214 4682 eam
3264 4624 3483 4698 Spiritu
3517 4640 3727 4682 conce-

2074 4714 2267 4788 pisse;
2318 4713 2547 4770 venisse
2614 4713 2922 4787 angelum"
2970 4713 3223 4782 Gabriel,
3293 4714 3393 4771 Dei
3438 4713 3730 4772 detulisse

2074 4804 2420 4860 mandatum
2450 4819 2463 4871 ;
2494 4820 2559 4859 ac
2591 4819 2711 4860 non
2744 4804 2934 4877 magis
2964 4804 3132 4876 quasi
3176 4801 3526 4871 adulteram,
3552 4803 3731 4875 juxta

2075 4891 2405 4964 exemplum
2438 4893 2742 4959 Susanna,
2787 4893 3089 4948 sententia:
3138 4892 3403 4949 omnium
3446 4892 3727 4948 condem-

2074 4984 2333 5052 nassent,
2366 4997 2501 5037 cum
2534 4981 2724 5051 hodie,
2752 4985 2872 5038 toto
2895 4982 3021 5053 jam
3044 4982 3315 5038 credente
3346 4979 3588 5049 mundo,
3630 4997 3725 5037 ar-

2075 5242 2346 5311 Matthzni,
2381 5243 2485 5311 Qui
2510 5259 2646 5317 pene
2691 5241 2917 5298 licentia
2970 5244 3224 5300 maritali
3270 5243 3480 5317 futura:
3525 5242 3727 5299 uxoris

2074 5317 2258 5371 omnia
2288 5318 2528 5371 noverat.
2563 5315 2845 5371 MARTIAN.

2144 5389 2166 5422 ⁶
2195 5387 2255 5443 ld
2289 5403 2355 5442 eo
2388 5388 2500 5442 ﬁne
2530 5386 2853 5459 praestitum
2886 5389 3050 5442 notat
3090 5384 3403 5459 Victorius,
3450 5390 3515 5440 ut
3553 5386 3725 5457 ejus-

2076 5459 2206 5542 dem
2250 5458 2665 5542 tribusnl'uisse
2709 5457 2893 5542 Maria
2941 5457 3402 5542 monstraretur,
3441 5459 3727 5542 nequod

2076 5529 2590 5603 lcgeuprohihitum
2617 5534 2758 5595 erat,
2790 5529 2965 5603 _N_um.
3007 5546 3196 5593 xxxvr,
3242 5528 3481 5603 alterius
3530 5528 3727 5587 tribus

2076 5600 2159 5658 ah'
2179 5600 2280 5655 illa
2307 5600 2543 5672 Josephi
2578 5601 2801 5656 assumi
2835 5601 2893 5656 in
2927 5618 3168 5656 uxorem
3200 5602 3525 5657 videretur.

2146 5674 2166 5708 τ
2216 5677 2394 5748 Vetus
2443 5672 2909 5748 edi_tio.__venisse_
2948 5672 3022 5748 ad
3065 5689 3195 5730 eum
3251 5672 3524 5748 angelum,
3572 5677 3725 5748 etc.;

2073 5748 2203 5806 tum
2232 5744 2582 5807 Veronensis
2609 5744 2779 5816 liber,
2807 5744 2910 5805 Dei
2933 5745 3109 5826 [uisse
3134 5744 3477 5807 mandatum.
