3944 6404
190 392 290 458 197

950 389 1054 458 DE
1097 391 1519 458 PERPETUA
1562 389 2078 464 VlRGINITA'l‘E
2119 388 2199 455 Βε
2238 387 2514 457 MARI/E
2557 393 2816 458 LIBER.

3450 393 3569 459 198

198 529 588 605 gumententur
614 527 822 599 Judaei,
876 529 1065 586 Isaia‘
1112 530 1362 596 dicente,
1406 532 1536 586 Ecce
1566 532 1719 599 virgo
1749 530 1807 585 in
1836 530 1892 597 Α
1921 545 2152 584 uxorem
2208 546 2388 596 suam,
2440 535 2491 585 et
2540 547 2647 586 non
2695 531 3047 601 cognoscebat
3085 546 3228 597 eam,
3271 530 3438 587 donec
3483 546 3571 603 pe—

188 628 321 676 utero
369 617 645 684 concipiet,
700 622 751 674 et
797 620 979 690 pariet
1034 610 1397 691 ﬁlium°(Isa.
1428 636 1532 683 vn,
1580 621 1694 691 14,)
1740 620 1801 674 in
1906 621 2053 691 perit
2070 618 2276 687 ﬁlium,
2310 627 2361 674 et
2400 623 2609 676 vocavit
2653 637 2853 677 nomen
2897 623 3012 693 ejus
3057 622 3242 677 Iesum
3284 620 3494 689 (Matth.
3529 638 3568 685 ι,

188 709 398 766 Hebraeo
417 707 772 778 juvenculam
825 709 1110 780 scriptum
1170 725 1317 774 esse,
1360 726 1475 765 non
1506 710 1801 777 virginem,

189 798 235 853 id
287 799 388 863 est,
431 813 642 861 AALMA,
693 812 808 851 non
870 798 1178 853 neruum?
1234 797 1532 853 Adversus
1563 814 1711 869 quos
1744 796 1804 852 in

188 884 285 942 alio
312 883 427 941 loco
484 884 914 957 competentius
962 886 1341 943 disseremus.
1402 887 1665 957 Denique
1716 901 1808 941 ex-

188 979 332 1048 cepto
355 973 589 1047 Ioseph,
623 981 679 1030 et
706 972 1025 1045 Elisabeth,
1056 979 1113 1032 et
1150 976 1281 1048 ipsa
1331 976 1533 1044 Maria,
1568 976 1807 1048 paucis-

189 1079 286 1136 que
310 1063 645 1130 admodum,
675 1062 902 1137 siquos
951 1065 1025 1120 ab
1075 1064 1170 1120 his
1221 1065 1457 1121 audisse
1486 1081 1808 1137 possumus

187 1153 468 1222 astimare,
491 1169 697 1208 omnes
725 1154 929 1209 Jesum
953 1154 1140 1210 ﬁlium
1165 1154 1537 1209 aestimabant
1553 1154 1805 1226 Joseph;

188 1242 472 1309 intentum,
505 1245 572 1297 ut
609 1241 787 1297 etiam
836 1242 1218 1315 Evangelistaa
1267 1242 1601 1315 Opinionem
1650 1242 1809 1315 vulgi

186 1330 567 1402 exprimentes,
599 1346 727 1401 quae
778 1348 913 1388 vera
964 1331 1220 1387 historiae
1271 1330 1360 1387 lex
1403 1336 1493 1387 est
1511 1334 1555 1400 9,
1585 1335 1811 1403 patrem

186 1435 301 1475 eum
329 1418 578 1475 dixerint
607 1419 948 1485 Salvatoris,
982 1425 1048 1475 ut
1078 1419 1182 1487 ibi,
1222 1423 1297 1475 Et
1344 1421 1491 1476 venit
1521 1421 1581 1475 in
1610 1422 1814 1491 spiritu

184 1512 237 1567 in
262 1508 509 1581 templum
545 1509 723 1581 (haud
784 1509 1031 1564 dubium
1086 1509 1229 1581 quin
1291 1509 1571 1581 Simeon,)
1611 1517 1815 1565 etcum

185 1597 481 1654 inducerent
505 1606 755 1669 parentes
795 1598 917 1670 ejus
954 1614 1191 1670 puerum
1236 1601 1438 1665 Iesum,
1490 1607 1549 1654 ut
1576 1601 1817 1669 facerent

184 1685 239 1743 de
263 1687 351 1743 illo
395 1687 697 1743 secundum
740 1688 1190 1744 consuetudinem
1238 1689 1369 1759 legis
1408 1688 1559 1758 (Luc.
1594 1705 1657 1756 ιι,
1697 1687 1813 1759 27.)

184 1776 245 1831 Et
269 1775 432 1831 alibi:
466 1778 532 1832 Et
560 1780 727 1831 erant
771 1781 932 1846 pater
978 1778 1137 1833 illius
1186 1786 1237 1833 et
1271 1786 1450 1833 mater
1478 1777 1817 1833 admirantes

181 1880 327 1937 super
350 1865 432 1970 his
612 1864 937 1922 dicebantur
989 1867 1063 1922 de
1118 1882 1177 1922 eo
1227 1866 1387 1938 (Ibid.
1439 1866 1551 1939 33.)
1590 1867 1659 1921 Et
1689 1884 1817 1921 rur-
1845 1906 1894 1970 Β

180 1970 300 2009 sum
321 1972 339 2007 :
367 1955 430 2010 Et
456 1955 614 2011 ibant
635 1960 894 2026 parentes
942 1956 1059 2026 ejus
1102 1971 1204 2026 per
1244 1973 1455 2011 annum
1494 1958 1555 2010 in
1584 1961 1815 2012 Jerusa-

183 2042 277 2100 lem
303 2044 360 2098 in
400 2045 636 2100 solemni
679 2044 768 2100 die
815 2043 1039 2101 Pascha
1086 2044 1248 2116 (Ibid.
1291 2044 1402 2115 41.)
1453 2046 1531 2099 Ac
1562 2045 1810 2101 deinde:

180 2133 239 2188 Et
283 2134 554 2205 completis
608 2132 799 2189 diebus
872 2150 996 2189 cum
1060 2138 1483 2203 reverterentur,
1552 2137 1820 2190 remansit

179 2237 301 2294 puer
319 2224 464 2279 Iesus
499 2225 557 2278 in
599 2223 930 2289 Jerusalem,
978 2227 1030 2278 et
1081 2239 1190 2280 non
1220 2232 1582 2294 cognoverunt
1617 2240 1816 2296 paren-

186 2320 253 2367 tes
277 2313 387 2383 ejus
411 2311 574 2383 (Ibid.
602 2311 715 2382 43.)
765 2313 896 2384 Ipsa
941 2329 1174 2385 quoque
1221 2313 1405 2369 Maria
1442 2330 1569 2385 quae
1600 2315 1671 2368 ad
1705 2313 1815 2369 Ga-

185 2400 407 2458 brielem
459 2402 865 2473 responderat,
925 2402 1152 2470 dicens,
1210 2403 1482 2471 Quomodo
1537 2405 1643 2458 erit
1698 2402 1815 2469 hoc,

183 2491 300 2560 quia
328 2492 512 2545 virum
538 2506 649 2545 non
679 2491 920 2561 cognovi,
963 2490 1103 2562 quid
1152 2491 1224 2546 de
1269 2490 1482 2563 Joseph
1534 2489 1814 2562 loquitur,

183 2577 466 2635 ausculta:
520 2580 651 2644 Fili,
699 2579 829 2650 quid
875 2581 1057 2651 fecisti
1116 2580 1273 2635 nobis
1318 2582 1443 2635 sic?
1490 2583 1618 2637 Ecce
1666 2588 1821 2651 pater

183 2675 297 2723 tuus
345 2671 392 2723 et
448 2684 571 2737 ego,
629 2667 867 2724 dolentes
937 2669 1316 2741 quaerebamus
1372 2673 1426 2724 te
1479 2670 1641 2738 (Ibid.
1703 2671 1817 2741 48.)

183 2755 293 2813 Non
321 2756 413 2812 hic
442 2756 782 2813 Iudaeorum
807 2758 848 2825 ³,
884 2764 948 2813 ut
997 2757 1259 2831 plerique
1307 2763 1816 2831 argumentantur,

182 2862 285 2901 non
312 2845 688 2903 illudentium
714 2862 823 2903 vox
869 2852 977 2903 est.
1032 2847 1411 2920 Evangelistaa
1461 2853 1688 2920 patrem
1719 2849 1818 2904 Jo-

183 2934 312 3007 seph
343 2935 586 2991 dicunt:
622 2940 849 3008 patrem
901 2936 1088 2993 Maria
1143 2937 1470 2994 conﬁtetur.
1505 2938 1630 2993 Non
1663 2939 1816 3010 quod

184 3024 263 3094 (ut
314 3024 587 3098 superius
642 3024 913 3093 iudicavi)
964 3042 1094 3082 vere
1154 3032 1320 3098 pater
1363 3026 1582 3099 Joseph
1648 3027 1825 3083 fuerit

184 3111 519 3181 Salvatoris;
554 3113 659 3170 sed
690 3114 845 3185 quod
876 3114 948 3169 ad
980 3114 1200 3170 famam
1233 3116 1428 3171 Mariae
1475 3133 1821 3173 conservan-

185 3199 328 3274 dam,
360 3208 529 3276 pater
559 3203 636 3258 sit
663 3203 736 3258 ab
770 3203 1046 3259 omnibus
1068 3204 1089 3237 ‘
1135 3204 1482 3273 aestimatus,
1530 3206 1632 3278 qui
1661 3211 1822 3262 ante-

1911 710 2003 775 24,
2033 710 2148 776 25.)
2198 709 2257 763 In
2309 724 2425 779 quo
2458 709 2717 781 primum
2750 709 3117 766 adversarius
3151 709 3446 781 superﬂuo
3485 708 3572 765 la-

1914 798 2052 853 bore
2084 798 2356 864 desudat,
2390 799 2780 870 cognoscendi
2813 801 3053 855 verbum
3084 799 3153 853 ad
3188 798 3407 853 coitum
3440 815 3572 854 ma-

1914 887 2030 959 gis,
2060 903 2235 957 quam
2290 887 2359 941 ad
2424 887 2728 943 scientiam
2789 888 3198 944 referendum:
3259 888 3431 961 quasi
3463 886 3573 943 hoc

1917 975 2235 1048 quisquam
2268 979 2585 1047 negaverit,
2636 982 2693 1033 et
2739 994 2838 1033 eas
2885 976 3137 1050 ineptias
3183 993 3333 1048 quas
3374 977 3572 1039 redar-~

1916 1063 2063 1137 guit,
2098 1063 2415 1137 aliquando
2445 1067 2706 1138 prudens
2757 1066 3051 1139 quispiam
3086 1066 3341 1139 potuerit
3371 1067 3572 1139 suspi-

1918 1154 2054 1210 cari.
2095 1154 2311 1209 Deinde
2340 1154 2464 1209 vult
2493 1156 2717 1221 docere,
2768 1157 2923 1227 quod
2973 1157 3168 1223 donec,
3220 1156 3342 1212 sive
3380 1172 3572 1228 usque,

1919 1243 2258 1299 adverbium
2283 1244 2324 1309 ⁵,
2357 1250 2577 1299 certum
2612 1250 2845 1317 tempus
2895 1245 3224 1317 significet:
3259 1261 3375 1318 quo
3414 1261 3575 1301 com-

1922 1331 2075 1405 pleto
2110 1332 2212 1386 ﬁat
2242 1332 2321 1399 id,
2363 1333 2516 1403 quod
2553 1350 2739 1403 usque
2788 1334 2860 1389 ad
2912 1333 3061 1389 illud
3108 1333 3390 1405 temporis
3416 1334 3573 1406 quod

1922 1421 2329 1493 praescriptum
2381 1428 2489 1489 est,
2539 1439 2652 1476 non
2701 1422 2897 1487 ﬁebat,
2949 1422 3108 1476 velut
3147 1423 3204 1476 in
3259 1421 3569 1494 praesenti:

1924 1513 1990 1565 Et
2061 1527 2171 1565 non
2246 1511 2591 1581 cognoscebat
2647 1527 2787 1576 eam,
2859 1510 3025 1565 donec
3090 1512 3308 1582 peperit
3362 1511 3571 1580 filium.

1925 1603 2203 1671 Apparet,
2279 1597 2493 1671 inquit,
2549 1600 2844 1669 cognitam
2923 1616 3052 1654 esse
3124 1604 3260 1670 post
3316 1602 3574 1672 partum,

1925 1690 2096 1759 cujus
2128 1688 2520 1759 cognitionem
2550 1688 2651 1742 filii
2678 1692 2904 1743 tantum
2932 1688 3236 1744 dilferebat
3256 1689 3574 1761 generatio.

1926 1779 1997 1833 Et
2035 1778 2105 1833 ad
2158 1777 2268 1832 hoc
2320 1778 2765 1849 approbandum
2815 1779 3077 1850 congerit
3130 1778 3201 1833 de
3257 1778 3579 1851 Scripturis

1926 1866 2193 1938 exempla
2239 1866 2697 1939 quamplurima,
2758 1883 2919 1923 more
2970 1867 3397 1925 andabatarum
3453 1867 3578 1940 gla-

1925 1956 2090 2011 dium
2142 1957 2164 1990 δ
2221 1957 2281 2011 in
2340 1956 2600 2011 tenebris
2644 1956 2957 2021 ventilans,
3003 1962 3060 2011 et
3104 1955 3316 2029 linguae
3367 1973 3574 2012 sonum

1924 2047 1993 2101 ad
2026 2046 2415 2101 confodieuda
2446 2045 2539 2101 sui
2570 2051 2799 2101 tantum
2836 2045 3095 2117 corporis
3145 2046 3413 2102 membra
3440 2063 3577 2102 con-

1927 2134 2175 2191 cutiens.

1994 2227 2049 2279 6.
2082 2226 2461 2297 Hieronymus.
2492 2257 2559 2265 —
2588 2226 2673 2279 Ad
2706 2226 2862 2297 quod
2906 2242 3013 2282 nos
3060 2224 3316 2281 breviter
3345 2242 3582 2298 respon-

1925 2314 2158 2380 demus,
2218 2322 2271 2369 et
2324 2316 2693 2384 cognoscebat,
2742 2323 2794 2370 et
2848 2330 3035 2387 usque,
3104 2330 3460 2382 sermonem,
3520 2315 3579 2370 in

1926 2403 2247 2475 Scripturis
2296 2402 2542 2469 sanctis,
2595 2401 2909 2475 dupliciter
2960 2402 3224 2475 intelligi.
3279 2404 3346 2458 Et
3394 2404 3465 2459 de
3512 2420 3578 2459 eo

1927 2490 2165 2563 quidem
2195 2491 2349 2563 quod
2379 2492 2665 2563 scriptum
2696 2497 2805 2558 est,
2838 2492 3206 2561 cognoscebat,
3238 2492 3309 2546 ad
3355 2492 3579 2548 coitum

1928 2596 2056 2636 esse
2085 2578 2479 2645 referendum,
2512 2580 2640 2651 ipse
2676 2578 2994 2634 disseruit:
3045 2577 3208 2633 nullo
3250 2578 3577 2647 dubitante,

1928 2669 2070 2740 quin
2103 2670 2173 2724 ad
2206 2668 2510 2724 scientiam
2543 2684 2693 2740 smpe
2724 2669 3031 2738 referatur,
3082 2673 3147 2723 ut
3190 2667 3269 2722 ibi
3298 2684 3309 2721 :
3346 2668 3579 2723 Reman-

1927 2759 1997 2813 sit
2026 2775 2162 2830 puer
2189 2759 2344 2814 Iesus
2375 2759 2436 2813 in
2472 2759 2778 2814 Ierusalem
2818 2765 2870 2813 ct
2916 2773 3025 2813 non
3078 2760 3443 2829 cognoverunt
3475 2775 3582 2830 pa-

1930 2856 2106 2903 rentes
2135 2849 2271 2919 ejus.
2306 2848 2472 2903 Nunc
2517 2845 2662 2902 illud
2711 2852 2800 2902 est
2848 2846 3300 2914 ostendendum,
3342 2850 3406 2902 ut
3436 2864 3580 2919 quo-

1930 2938 2104 2992 modo
2146 2936 2226 2991 ibi
2275 2935 2764 2992 consuetudinem
2822 2936 3133 3008 Scriptura:
3185 2941 3422 2993 secutus
3471 2940 3579 3006 est,

1931 3027 2015 3081 sic
2045 3026 2221 3082 etiam
2255 3025 2315 3081 in
2345 3025 2530 3095 donec,
2584 3024 2850 3097 ejusdem
2891 3025 3209 3097 Scriptores
3236 3026 3581 3083 auctoritate

1932 3115 2256 3186 frangatur,
2289 3131 2418 3186 quae
2449 3130 2599 3186 saepe
2631 3119 2856 3169 certum
2879 3118 3114 3185 tempus
3136 3114 3226 3184 (ut
3248 3114 3372 3184 ipse
3393 3114 3579 3171 disse-

1931 3205 2069 3274 ruit)
2101 3203 2159 3258 in
2193 3205 2324 3276 ejus
2345 3203 2750 3276 assumptione
2772 3202 3083 3274 significat,
3110 3220 3263 3275 saepe
3283 3203 3581 3271 infinitum

187 3306 348 3362 quam
386 3296 729 3349 moneretur
786 3293 858 3348 ab
909 3292 1151 3366 angelo:
1204 3294 1424 3365 Ioseph,
1482 3295 1570 3366 ﬁli
1625 3295 1818 3363 David,
1852 3281 1893 3347 C
1934 3298 1998 3349 ut
2027 3298 2115 3349 est
2144 3292 2312 3361 illud,
2345 3293 2500 3365 quod
2529 3293 2682 3348 Deus
2712 3291 2784 3346 ad
2815 3291 3105 3363 quosdam
3139 3293 3281 3348 2H
3322 3290 3585 3364 loquitur

186 3382 532 3438 netimueris
576 3384 819 3454 accipere
865 3382 1095 3437 Mariam
1143 3384 1428 3454 coniugem
1462 3386 1654 3446 tuam;
1684 3383 1825 3457 quod

190 3470 323 3526 enim
346 3473 406 3526 in
432 3488 501 3527 ea
532 3473 726 3526 natum
754 3474 852 3539 est,
902 3471 967 3527 de
1014 3472 1226 3544 Spiritu
1272 3479 1464 3528 sancto
1495 3475 1573 3528 est
1604 3475 1820 3542 (Matth.

192 3574 227 3623 1,
252 3560 356 3631 20,)
388 3559 689 3634 cogitabat
738 3559 962 3616 occulte
1014 3562 1308 3618 dimittere
1358 3579 1506 3618 eam.
1546 3563 1699 3620 210
1730 3565 1823 3618 In-

188 3650 399 3706 tantum
460 3666 640 3707 suum
700 3666 812 3706 non
870 3667 1021 3719 esse,
1078 3652 1179 3723 qui
1237 3657 1554 3724 conceptus
1612 3652 1821 3720 fuerat,

184 3739 523 3797 conﬁdebat.
556 3739 667 3795 Sed
694 3740 818 3811 jam
876 3739 1020 3795 satis
1079 3741 1325 3797 docendi
1385 3742 1596 3815 magis,
1641 3759 1820 3813 quam

138 3840 156 3876 ε
209 3829 566 3900 espondendi
620 3830 815 3886 studio
873 3829 1240 3902 disputatum
1298 3835 1407 3898 est,
1470 3848 1576 3887 cur
1601 3832 1819 3905 Joseph

178 3919 338 3987 pater.
355 3918 615 3987 Domini,
644 3935 750 3975 cur
779 3919 958 3976 Maria
993 3918 1285 3992 appellata
1328 3920 1406 3976 sit
1451 3922 1666 3992 conjux
1695 3938 1708 3976 :
1759 3921 1819 3978 in

180 4020 283 4075 quo
312 4008 509 4065 ethoc
554 4007 805 4064 breviter
859 4008 1210 4077 continetur,
1266 4026 1372 4065 cur
1426 4010 1637 4066 fratres
1690 4012 1819 4083 ejus

179 4096 402 4171 quidam
426 4114 562 4154 esse
591 4098 882 4154 dicantur.

236 4186 286 4240 5.
316 4188 623 4244 Helvidius.
655 4219 724 4229 —
754 4187 971 4244 Verum
1029 4189 1169 4260 quia
1226 4206 1404 4246 suum
1454 4189 1646 4247 locum
1680 4190 1818 4246 huic

178 4275 606 4346 quaestiunculas
659 4294 1046 4346 reservamus,
1106 4283 1163 4334 et
1219 4283 1289 4334 ad
1324 4278 1549 4353 reliqua
1580 4280 1818 4336 festinat

175 4364 391 4421 oratio:
451 4384 614 4423 nunc
671 4366 816 4423 illud
875 4373 963 4423 est
1020 4368 1456 4438 disserendum,
1517 4371 1814 4442 quomodo

176 4450 462 4528 Scriptura
492 4456 689 4514 dicat:
722 4458 1030 4530 Exsurgens
1058 4466 1242 4514 autem
1280 4460 1473 4531 Ioseph
1524 4477 1557 4514 a
1603 4476 1811 4529 somno,

171 4538 289 4607 fecit
334 4544 478 4599 sicut
532 4546 789 4616 praecepit
829 4546 882 4601 ei
936 4545 1162 4617 angelus
1213 4547 1454 4615 Domini,
1509 4550 1561 4603 et
1606 4550 1815 4620 accepit

236 4738 252 4819 ξ
280 4741 423 4819 Isaia
445 4742 682 4819 dicente.
714 4743 922 4819 Addita
946 4745 1093 4819 bene
1110 4746 1309 4819 multa
1357 4746 1648 4819 reperiac
1680 4764 1811 4803 mu-

171 4808 395 4903 tata‘in
426 4815 695 4903 antiquis
723 4816 1081 4903 editionibgs
1109 4817 1288 4903 hujus
1320 4808 1628 4903 opusculi;
1657 4820 1813 4903 sicut

171 4877 268 4963 hoc
295 4882 444 4963 loco,
480 4877 622 4963 Isaia
651 4888 874 4963 docente
900 4889 965 4945 de
994 4890 1169 4945 Maria
1185 4877 1271 4963 "et
1306 4877 1639 4963 (virginitate
1665 4894 1807 4963 ejus.

171 4951 293 5014 Quae
335 4956 393 5012 in
430 4951 944 5037 ’nullo_legun_t_ur
999 4951 1807 5037 exemplariunvianuscripto,

171 5038 403 5109 {langue
434 5031 735 5109 superﬂua
789 5031 1428 5109 videbuntur—erudito
1484 5031 1807 5109 lectori'Lsi

170 5099 446 5172 tantisper
504 5099 734 5160 animos
791 5105 1105 5160 attenderit
1163 5106 1234 5162 ad
1293 5112 1629 5163 contextum
1680 5099 1810 5163 Hie-

169 5172 401 5242 ronymi.
440 5173 729 5230 Maurum.

230 5248 474 5322 -ᾼηῐθ
527 5245 929 5322 Martianznum
979 5247 1120 5304 editi
1170 5249 1416 5314 addunt,
1469 5251 1569 5307 sed
1601 5266 1808 5322 perpe-

169 5314 557 5397 ramndoccnte
583 5319 650 5397 de
670 5322 860 5375 Maria
887 5324 938 5375 et
971 5322 1289 5391 virginitate
1316 5314 1810 5397 ejus.__ltlox:yero-

170 5391 354 5442 nensis
394 5391 619 5463 aspirat
668 5406 863 5447 vocem
899 5397 1161 5456 ΗΑΛωιΛ,
1206 5391 1382 5463 quam
1416 5393 1553 5449 alibi
1606 5394 1805 5449 Hiero-

168 5469 383 5533 nymus,
420 5461 481 5515 in
537 5464 938 5531 Quteslionibus
988 5461 1272 5519 Hebraicis
1324 5466 1378 5520 in
1422 5466 1716 5531 Genesim,
1752 5472 1809 5521 et

166 5532 692 5610 lup-(immentariis
726 5536 783 5590 in
821 5536 1026 5610 [saiam
1055 5535 1522 5610 luculentissima
1547 5538 1802 5610 exponit.

227 5599 247 5632 ²
272 5599 499 5676 isthtec,
531 5622 658 5676 qua?
688 5624 812 5663 vera
844 5608 1090 5663 Historia:
1141 5608 1233 5663 lca:
1260 5618 1357 5676 est,
1395 5610 1449 5665 in
1485 5599 1803 5666 Veroncnsi

165 5683 265 5756 ille.
294 5691 408 5730 non
441 5675 756 5756 habentur,
808 5680 984 5756 unde
1011 5679 1331 5738 subdubito
1380 5699 1447 5738 ex
1476 5683 1588 5739 alio
1621 5698 1797 5756 quam

166 5737 489 5825 Hieronymi
519 5737 754 5813 calamo,
771 5751 1107 5829 profecisse.

1842 4660 1889 4724 D

1933 3383 1991 3439 in
2024 3382 2350 3455 Propheta:
2385 3384 2493 3451 Ego
2519 3399 2663 3448 sum,
2695 3398 2790 3453 ego
2835 3398 2980 3448 sum,
3026 3390 3077 3437 et
3123 3381 3291 3439 donec
3335 3398 3581 3439 senesca-

1931 3474 2001 3528 tis
2039 3489 2132 3545 ego
2153 3490 2277 3528 sum
2308 3475 2436 3544 (Isa.
2468 3489 2646 3539 XLIII;
2678 3474 2875 3529 Ierem.
2920 3472 3045 3542 νη.)
3089 3471 3389 3544 Numquid
3422 3477 3583 3545 post-

1935 3579 2111 3634 quam
2140 3561 2225 3617 illi
2254 3561 2575 3627 senuerint,
2609 3565 2759 3617 Deus
2789 3576 2919 3616 esse
2950 3560 3238 3617 desistet?
3269 3562 3339 3617 Et
3380 3561 3583 3631 Salva-

1932 3651 2106 3707 torin
2140 3650 2451 3724 Evangelio
2504 3650 2575 3706 ad
2634 3649 2966 3721 Apostolos.
3026 3650 3314 3722 Ecce-ego,
3364 3651 3580 3724 inquit,

1932 3742 2203 3798 vobiscum
2232 3744 2359 3796 sunt
2389 3740 2637 3796 omnibus
2666 3740 2858 3795 diebus
2900 3755 3070 3811 usque
3119 3739 3188 3793 ad
3234 3756 3579 3796 consumma-

1931 3833 2133 3888 tionem
2178 3831 2367 3886 savculi
2412 3829 2628 3898 (Matth.
2680 3845 2878 3896 xxvm,
2921 3829 3037 3899 20.)
3084 3828 3232 3900 Ergo
3284 3832 3414 3899 post
3442 3845 3580 3884 con-

1930 3921 2386 3976 summationem
2434 3917 2628 3975 sazculi
2677 3935 2707 3973 a
2757 3916 3064 3989 discipulis
3113 3916 3238 3973 suis
3294 3916 3580 3975 Dominus

1928 4010 2221 4076 abscedet,
2256 4012 2314 4064 et
2343 4012 2483 4063 tunc
2514 4007 2749 4079 quando
2783 4007 2841 4061 in
2873 4006 3182 4063 duodecim
3216 4006 3379 4063 soliis
3414 4008 3579 4079 judi-

1929 4098 2116 4155 caturi
2147 4102 2287 4153 sunt
2316 4096 2629 4153 duodecim
2661 4095 3046 4174 tribus'lsrael
3074 4097 3291 4162 (Matth.
3315 4114 3434 4166 xxx,
3463 4099 3579 4168 38,)

1927 4188 2159 4244 Domini
2208 4187 2501 4243 consortio
2554 4185 3029 4241 fraudabantur?
3077 4185 3293 4241 Paulus
3343 4202 3578 4260 quoque

1927 4276 2225 4350 apostolus
2257 4275 2576 4332 Corinthiis
2608 4274 2911 4331 scribens:
2946 4276 3240 4343 Primitiae,
3274 4275 3374 4343 ait,
3420 4276 3577 4332 Chri-

1924 4377 2075 4424 stus:
2132 4366 2328 4422 deinde
2379 4366 2439 4420 hi
2487 4366 2585 4438 qui
2638 4373 2767 4421 sunt
2820 4364 3046 4431 Christi,
3094 4366 3192 4436 qui
3241 4367 3301 4420 in
3338 4364 3578 4424 adventu

1921 4458 2039 4530 ejus
2096 4455 2486 4512 crediderunt:
2530 4454 2724 4510 deinde
2779 4455 2932 4526 ﬁnis,
2985 4470 3112 4509 cum
3157 4454 3444 4511 tradiderit
3489 4471 3576 4511 re-

1921 4563 2091 4619 gnum
2120 4547 2222 4601 Dee
2254 4547 2306 4600 et
2343 4544 2528 4612 Patri,
2561 4560 2685 4599 cum
2706 4543 3044 4599 destruxerit
3063 4559 3279 4599 omnem
3295 4545 3577 4617 principa—

1991 4747 2013 4779 ³
2042 4749 2163 4803 Non
2192 4744 2282 4800 hic
2328 4743 2673 4801 Iudmorum.
2730 4745 2840 4796 Pro
2891 4741 3000 4797 hac
3042 4740 3265 4814 optima
3302 4740 3570 4805 lectione.

1922 4834 2049 4889 qua:
2082 4823 2170 4872 est
2200 4816 2466 4889 omnium
2512 4814 2997 4889 mss.__codicum,
3048 4813 3329 4889 Erasmus
3358 4819 3416 4869 et
3445 4813 3571 4869 Ma-

1920 4884 2123 4945 rianas
2144 4889 2317 4945 istam
2342 4888 2595 4943 retinent
2621 4903 2632 4939 :
2659 4886 2775 4940 Non
2794 4887 2945 4940 enim
2962 4886 3076 4940 haec
3098 4884 3433 4951 Iudaéorum,
3458 4890 3577 4947 etc.

1920 4961 2205 5016 Murrus.
2259 4992 2326 5001 --
2370 4960 2531 5014 Idem
2586 4958 2933 5013 Veronensis
2980 4956 3075 5012 hic
3120 4956 3311 5028 Ioseph
3356 4972 3570 5012 nomen

1921 5050 2038 5088 non
2069 5033 2264 5101 habet,
2294 5033 2474 5088 ferme
2503 5029 2856 5102 elegantius.

1988 5106 2009 5138 ‘
2040 5105 2217 5169 Idem,
2249 5099 2317 5159 ab
2349 5099 2664 5160 [caminibus
2695 5118 2798 5174 pro
2846 5101 3141 5174 omnibus;
3172 5099 3401 5174 deinde,
3441 5103 3535 5174 IIIa

1916 5179 2064 5232 riam.
2094 5193 2321 5232 umorem
2354 5193 2456 5247 pro
2485 5172 2773 5245 conjugem
2797 5189 2817 5233 ,·
2849 5173 3099 5245 denique
3132 5173 3303 5241 infra,
3347 5172 3571 5242 conﬁte-

1920 5249 2082 5304 batur
2111 5265 2213 5320 pro
2244 5248 2560 5319 conﬁdebat.

1988 5322 2008 5354 ὖ
2023 5315 2154 5375 Erat
2172 5315 2905 5389 antea'adverbza,plurium
2922 5317 3572 5389 numero,etsigniﬁcent

1987 5393 2008 5426 ⁶
2039 5393 2179 5447 More
2223 5393 2629 5445 andabatarum
2656 5388 2944 5459 gladium.
2989 5388 3114 5443 Mos
3154 5394 3277 5445 crat
3311 5388 3571 5445 andaba-

1916 5468 2128 5527 tarum,
2165 5464 2282 5516 sive
2315 5464 2637 5533 gladiatan
2672 5482 2699 5533 ιγ
2740 5460 3100 5529 hujusmodi,
3134 5462 3351 5516 clausis
3382 5461 3569 5516 oculis

1916 5552 2197 5607 pugnare.
2253 5532 2414 5590 Unde
2462 5535 2585 5607 ipse
2635 5532 3044 5607 Hieronymus,
3098 5534 3251 5589 intra
3298 5533 3567 5607 lib.1.in

1914 5604 2287 5663 Jovinianum
2318 5625 2329 5661 :
2367 5630 2393 5654 ‹‹
2427 5605 2632 5660 Melius
2659 5610 2850 5657 tamen
2878 5610 2963 5658 est
2987 5605 3225 5672 clausis,
3255 5605 3408 5677 quod
3432 5604 3573 5659 dici-

1917 5686 2030 5744 tur,
2060 5678 2267 5741 oculis,
2321 5679 2744 5750 andabatarum
2787 5692 3314 5750 _more,_pugnare.
3353 5698 3381 5727 »
3420 5678 3568 5735 Con-

1915 5750 2042 5813 sule
2071 5750 2363 5815 Chiliades
2394 5748 2756 5824 Adagiorum
2787 5747 3045 5807 Erasmi.
3070 5747 3359 5809 Misimus.
