3944 6412
331 402 462 467 £99
1585 402 1648 465 S.
1697 392 2007 467 EUSEBII
2050 392 2519 466 HIERONYMI.
3633 390 3761 466 θα)

332 542 449 592 tum
480 547 511 592 e
560 550 774 591 omnem
806 534 1135 607 potestatem
1166 537 1217 591 et
1271 536 1557 590 virtutem.
1604 537 1825 606 Oportet
1852 535 2001 591 enim
2029 540 2080 606 Α
2115 539 2237 591 tera
2266 550 2398 590 vero
2429 526 3070 619 nostraeintelligentim
3104 528 3452 605 derelinqni.
3485 530 3546 590 Si
3595 535 3754 592 enim

330 625 500 696 illum
527 639 777 695 regnare,
799 623 967 679 donec
990 630 1162 695 ponat
1188 639 1375 679 omnes
1426 624 1680 678 inimicos
1709 623 1807 678 sub
1834 624 1999 694 pedi-
2109 624 2300 679 adhuc
2348 623 2563 679 recenti
2610 628 2891 694 tempore,
2939 622 3269 679 viventibus
3314 622 3408 678 bis
3455 624 3557 695 qui
3594 620 3757 681 vide-

331 713 428 768 bus
458 713 613 785 ejus;
645 713 834 768 omnia
882 713 1036 767 enim
1086 712 1189 767 sub
1235 712 1467 784 pedibus
1508 713 1626 778 eius
1654 713 1920 784 subjecit1
1952 712 1999 784 (Ι
2107 717 2240 767 rant
2296 713 2552 784 Moysen,
2614 710 2949 783 sepulcrum
3016 712 3145 782 ejus
3210 711 3400 784 potuit
3475 710 3756 785 ignorari,

328 802 449 870 Cor,
477 818 570 872 xv,
603 801 692 869 23,
723 801 838 871 26.)
871 801 1028 867 Esto,
1060 801 1137 856 de
1190 801 1428 856 homine
1474 800 1696 855 dictum
1743 800 1838 867 sit,
1879 818 1993 857 non
2106 800 2290 856 multo
2357 801 2547 872 magis
2594 805 2681 856 tot
2727 799 2957 855 seculis
3012 800 3519 872 praetereuntibus.
3578 800 3759 859 JuXta

327 907 612 963 negamus
642 890 715 946 de
744 906 811 946 eo
843 891 945 961 qui
976 905 1189 962 passus
1223 894 1312 947 est
1358 905 1613 957 crucem,
1648 890 1747 961 qui
1792 894 1995 961 postea
2104 889 2258 960 quod
2290 893 2347 945 et
2375 888 2520 944 illud
2554 887 2902 961 intelligitur
2949 889 3019 944 de
3049 889 3288 962 Jesepb,
3324 888 3755 963 Evangelislhm

326 980 530 1035 sedere
552 979 1126 1050 jubeturadextris.
1181 978 1326 1044 Quid
1381 978 1493 1034 sibi
1541 977 1666 1034 vult
1694 979 1805 1034 hoc
1835 979 1991 1051 quod
2104 976 2159 1032 id
2206 977 2518 1045 indicasse,
2571 977 2643 1032 de
2692 993 2806 1048 quo
2852 978 3197 1034 scandalum
3247 982 3473 1051 poterat
3510 979 3752 1051 moveri,

332 1068 433 1124 ait.
473 1069 688 1141 Oportet
738 1070 889 1124 enim
916 1069 1079 1123 illum
1109 1084 1361 1138 regnare,
1394 1068 1563 1123 donec
1604 1072 1777 1139 ponat
1806 1084 1990 1123 omnes
2103 1082 2217 1121 non
2246 1082 2377 1123 eam
2410 1066 2704 1137 cognitam
2754 1082 2883 1121 esse
2909 1083 2938 1121 a
2971 1067 3093 1122 viro
3139 1084 3246 1122 suo
3294 1083 3481 1139 usque
3511 1069 3585 1124 ad
3616 1072 3753 1141 par-

334 1159 590 1214 inimicos
621 1158 718 1213 sub
747 1157 973 1229 pedibus
1000 1158 1116 1229 ejus
1136 1161 1161 1210 Ρ
1208 1157 1510 1229 Numquid
1543 1157 1748 1213 tandiu
1780 1174 1988 1229 regna-

332 1251 505 1304 turus
534 1252 627 1303 est
654 1245 962 1314 Dominus,
1006 1248 1190 1302 donec
1243 1245 1532 1318 incipiant
1583 1261 1711 1302 esse
1763 1246 1985 1301 inimici

332 1335 446 1391 sub
475 1335 724 1408 pedibus
773 1335 938 1405 ejus;
988 1339 1045 1389 et
1075 1339 1389 1407 postquam
1442 1334 1527 1389 illi
1579 1335 1691 1389 sub
1740 1335 1987 1406 pedibus

332 1423 568 1489 fuerint,
623 1438 867 1495 regnare
896 1421 1178 1478 desistet:
1213 1439 1349 1478 cum
1381 1423 1585 1495 utique
1624 1427 1766 1478 tunc
1798 1422 1986 1495 magis

330 1524 572 1586 regnare
603 1511 860 1583 incipiet,
894 1527 1032 1567 cum
1076 1511 1303 1566 inimici
1360 1512 1644 1583 cmperint
1696 1527 1824 1567 esse
1873 1511 1985 1566 sub

327 1602 626 1676 pedibus?
651 1600 833 1657 David
866 1614 1099 1673 quoque
1138 1600 1198 1654 in
1250 1606 1463 1671 quarto
1506 1600 1795 1673 graduum
1829 1599 1983 1672 psal-

325 1707 461 1746 mo:
508 1692 667 1748 Sicut
714 1690 860 1745 ocuti
903 1689 1128 1744 ancillae
1171 1690 1234 1743 in
1282 1689 1541 1744 manibus
1570 1689 1804 1744 domina:
1847 1705 1979 1757 sum,

326 1781 405 1835 ita
449 1779 598 1834 oculi
636 1779 812 1834 nostri
851 1776 921 1832 ad
961 1778 1254 1831 Dominum
1302 1778 1475 1832 Deum
1511 1781 1777 1845 nostrum,
1818 1778 1983 1833 donec

2099 1160 2246 1221 tum,
2281 1160 2345 1210 ut
2374 1155 2559 1211 multo
2593 1154 2784 1227 magis
2812 1154 3275 1229 intelligeremus
3305 1156 3599 1229 cognitam
3631 1160 3750 1214 non

2097 1243 2279 1301 fuisse
2308 1248 2441 1317 post
2470 1248 2727 1316 partum,
2761 1261 2794 1299 ει
2823 1260 2939 1317 qua
2966 1249 3106 1301 tunc
3153 1262 3216 1301 se
3266 1246 3578 1312 abstinuit,
3610 1260 3749 1302 cum

2095 1332 2286 1388 adhuc
2314 1334 2386 1389 de
2414 1334 2635 1389 visione
2666 1338 2895 1405 poterat
2924 1333 3231 1391 ﬂuctuare.

2164 1422 2218 1476 8.
2249 1421 2333 1476 Ad
2365 1437 2684 1489 summam,
2735 1420 2881 1476 illud
2930 1423 3187 1494 requiro,
3238 1438 3419 1492 quare
3461 1440 3524 1482 se
3563 1424 3749 1480 abuti;-

2094 1510 2289 1565 nuerit
2315 1510 2531 1582 Joseph
2565 1525 2753 1581 usque
2784 1510 2855 1564 ad
2888 1514 3092 1582 partus
3140 1512 3316 1567 diem.
3348 1512 3752 1585 Respondebit

2093 1598 2316 1670 utique,
2367 1599 2507 1670 quia
2553 1598 2827 1671 angelum
2902 1600 3155 1655 audierit
3214 1601 3541 1657 dicentem:
3593 1602 3750 1671 Quod

2092 1690 2240 1743 enim
2268 1690 2328 1743 in
2360 1705 2423 1744 ea
2458 1697 2650 1744 natum
2682 1698 2778 1755 est,
2820 1688 2887 1744 de
2925 1689 3138 1760 Spiritu
3178 1698 3365 1747 sancto
3404 1693 3486 1747 est
3531 1690 3747 1763 (Matth.

2090 1794 2130 1844 1,
2162 1779 2278 1845 20.)
2307 1778 2390 1832 Ad
2426 1778 2583 1849 quod
2614 1794 2719 1833 nos
2767 1778 3098 1845 inferimus,
3149 1784 3208 1834 et
3254 1778 3409 1835 certe
3452 1779 3745 1849 audierat,

323 1869 654 1925 misereatur
712 1868 886 1922 nostri
950 1865 1123 1938 (Psal.
1183 1881 1358 1931 cxxu,
1416 1868 1496 1938 3.)
1552 1868 1700 1939 Ergo
1768 1868 1975 1922 tandiu
2013 1898 2059 1968 Β
2088 1866 2301 1937 Ioseph,
2335 1867 2421 1937 fili
2448 1866 2642 1932 David,
2694 1883 2759 1923 ne
2800 1869 2990 1922 timeas
3038 1870 3285 1939 accipere
3329 1869 3566 1925 Mariam
3608 1886 3751 1926 uxo-

330 1957 613 2029 Propheta
668 1954 870 2012 oculos
922 1953 1161 2010 habebit
1219 1956 1290 2011 ad
1349 1955 1685 2023 Dominum,
1720 1957 1980 2027 quandiu

327 2045 795 2102 misericordiam
826 2044 1123 2117 impetret,
1155 2048 1213 2101 et
1243 2048 1378 2116 post
1405 2044 1779 2116 impetratam
1813 2045 1983 2102 mise-

325 2134 665 2202 ricordiam,
715 2133 917 2190 oculos
965 2134 1264 2207 torquebit
1318 2134 1379 2189 in
1438 2134 1698 2189 terram?
1754 2135 1863 2198 Qui
1921 2135 1979 2189 in

326 2224 440 2281 alio
491 2224 617 2280 loco
665 2224 843 2278 dicit:
894 2222 1053 2278 Oculi
1095 2226 1206 2278 mei
1251 2223 1573 2295 defecerunt
1633 2222 1694 2278 in
1739 2225 1983 2280 salutare

322 2320 481 2371 tuum
507 2318 560 2370 et
589 2315 648 2368 in
678 2313 908 2368 verbum
928 2314 1169 2384 justitiw
1201 2321 1316 2369 tua:
1353 2313 1527 2383 (Psal.
1577 2328 1776 2379 cxvm,
1828 2312 1976 2379 425.)

324 2408 595 2460 Poteram
624 2419 801 2474 super
828 2402 938 2458 hoc
967 2401 1421 2458 innumerabilia
1466 2400 1731 2473 exempla
1769 2417 1978 2473 conge-

328 2507 474 2560 rere,
509 2495 569 2546 et
597 2506 833 2547 omnem
863 2490 1206 2547 lacessentis
1247 2489 1677 2562 procacitatem,
1712 2490 1977 2545 testimo-

324 2582 558 2637 niorum
591 2581 747 2635 nube
777 2578 1002 2646 celare;
1064 2595 1265 2635 verum
1323 2579 1514 2635 adhuc
1566 2595 1752 2651 pauca
1790 2579 1975 2650 subji-

325 2669 477 2725 ciam
499 2670 541 2736 ³,
574 2674 641 2724 ut
670 2667 762 2722 his
794 2666 1011 2723 similia
1039 2666 1164 2738 ipse
1195 2667 1305 2722 sibi
1337 2666 1520 2723 lector
1557 2668 1829 2723 inveniat.

393 2759 447 2813 7.
485 2756 771 2828 Loquitur
800 2756 858 2810 in
907 2754 1114 2811 Genesi
1162 2772 1354 2811 sermo
1403 2755 1671 2811 divinus:
1706 2758 1771 2811 Et
1800 2758 1973 2812 tradi-

322 2846 522 2902 derunt
575 2844 744 2902 Jacob
791 2844 916 2899 deos
971 2846 1199 2909 alienos,
1261 2847 1358 2916 qui
1412 2849 1572 2900 erant
1626 2847 1686 2901 in
1717 2848 1974 2901 manibus

322 2951 533 3005 eorum,
565 2938 621 2991 et
644 2936 867 2989 inaures
906 2948 1026 3004 quae
1065 2942 1229 2989 erunt
1272 2936 1331 2989 in
1366 2935 1636 2990 auriculis
1669 2951 1878 2991 eorum.
1911 2937 1977 2990 Et

2091 1971 2207 2010 rem
2237 1962 2388 2011 tuam
2432 1956 2588 2026 (Ibid.
2621 1956 2736 2026 20,)
2786 1956 3151 2011 Prohibitum
3197 1957 3249 2012 ei
3298 1957 3488 2013 fuerat
3529 1973 3604 2013 ne
3654 1974 3749 2014 re-

2090 2044 2405 2117 linqueret,
2440 2060 2510 2100 ne
2531 2043 2859 2100 adulteram
2892 2045 3255 2101 existimaret
3275 2060 3536 2103 uxorem.
3565 2047 3763 2104 Num~«

2092 2134 2231 2206 quid
2283 2139 2341 2189 et
2388 2151 2421 2189 a
2465 2149 2780 2206 congressu
2841 2134 3108 2207 conjugis
3161 2140 3470 2207 separatus
3527 2122 3743 2205 fuerat,

2088 2238 2223 2278 cum
2257 2222 2459 2295 utique
2488 2239 2560 2278 ne
2590 2227 2963 2295 separaretur
2992 2223 3180 2296 magis
3212 2224 3421 2279 fuisset
3471 2225 3745 2281 admoui-

2089 2308 2233 2365 tus?
2264 2312 2331 2366 Et
2361 2312 2634 2377 audebat,
2669 2312 2885 2383 inquit,
2933 2313 3021 2367 vir
3060 2314 3285 2383 justus,
3332 2312 3435 2369 Dei
3482 2314 3543 2369 in
3575 2318 3745 2370 utero

2089 2399 2336 2456 audiens
2364 2400 2574 2465 tilium,
2611 2401 2683 2456 de
2715 2401 2911 2456 uxoris
2939 2402 3094 2457 coitu
3135 2402 3437 2474 cogitare?
3465 2402 3740 2459 Pulchre.

2090 2489 2197 2553 Qui
2230 2505 2368 2563 ergo
2401 2490 2629 2545 somnio
2658 2494 2888 2545 tantum
2922 2490 3186 2558 credidit,
3234 2495 3300 2546 ut
3345 2508 3585 2548 uxorem
3618 2508 3743 2548 non

2089 2579 2241 2635 218
2300 2579 2541 2633 auderet
2598 2578 2920 2650 attingere:
2981 2580 3032 2633 is
3089 2584 3399 2652 postquam
3432 2583 3742 2653 pastorum

2085 2683 2221 2723 voce
2251 2670 2615 2739 cognoverat,
2659 2667 2934 2741 angelum
2982 2668 3212 2724 Domini
3256 2670 3488 2725 venisse
3519 2670 3590 2725 de
3621 2686 3743 2727 cc:-

2085 2755 2180 2823 lis,
2212 2761 2270 2811 et
2300 2757 2516 2812 dixisse
2549 2758 2619 2812 ad
2661 2774 2797 2813 eos:
2847 2759 3029 2813 Nolite
3064 2760 3256 2815 timere
3285 2776 3298 2826 ;
3336 2774 3455 2814 ecce
3497 2774 3742 2833 evange-

2085 2845 2193 2901 tizo
2210 2846 2359 2899 vobis
2381 2846 2647 2913 gaudium
2685 2861 2969 2915 magnum,
3010 2845 3151 2917 quod
3187 2848 3294 2902 erit
3322 2849 3476 2903 omni
3510 2849 3739 2920 populo,

2083 2936 2216 3005 quia
2254 2942 2427 2989 natus
2455 2938 2537 2989 est
2583 2935 2734 2991 vobis
2789 2935 2949 2990 hodie
3001 2935 3269 3003 Salvator,
3312 2937 3408 3009 qui
3464 2943 3542 2992 est
3575 2936 3743 2993 Chri-

325 3023 613 3081 abscondit
638 3024 746 3079 ea3
789 3023 951 3079 Iacob
992 3023 1179 3078 subter
1222 3024 1609 3091 terebinthum,
1642 3040 1767 3096 qua?
1803 3029 1882 3079 est
1912 3026 1972 3079 in
2079 3031 2197 3077 stus
2233 3023 2454 3078 Domini
2498 3024 2560 3078 in
2591 3024 2809 3078 civitate
2847 3023 3019 3079 David
3074 3025 3227 3095 (Luc.
3266 3041 3330 3091 ιι,
3384 3024 3473 3095 to,
3512 3028 3692 3098 seqq.)
3715 3044 3738 3081 .-

323 3114 603 3180 Siehimis,
649 3119 699 3168 et
740 3111 984 3183 perdidit
1033 3127 1095 3167 ea
1147 3127 1316 3185 usque
1347 3115 1408 3168 in
1454 3113 1778 3169 hodiernum
1822 3114 1971 3169 diem
2080 3117 2138 3166 et
2175 3128 2308 3167 cum
2360 3128 2426 3167 eo
2475 3112 2681 3168 laudes
2736 3112 2958 3168 militiae
3009 3114 3381 3170 concinuisse
3438 3113 3735 3173 cmlestis:

323 3203 475 3275 (Gen.
532 3219 698 3271 xxxv,
729 3203 760 3255 4
808 3202 945 3273 seq,)
998 3201 1152 3258 212
1208 3202 1350 3258 Item
1406 3202 1464 3256 in
1521 3203 1635 3257 ﬁne
1695 3206 1967 3258 L‘eutero-
2010 3270 2040 3275 _
2084 3200 2273 3258 Gloria
2293 3204 2352 3256 in
2381 3202 2607 3257 excelsis
2628 3202 2754 3269 Deo,
2799 3206 2852 3257 et
2878 3218 3042 3273 super
3084 3211 3289 3259 terram
3332 3219 3448 3275 pax
3494 3203 3739 3261 homini-

324 3270 546 3348 nomii:
591 3270 988 3361 Etdefunetus
1031 3299 1108 3346 est
1153 3292 1356 3362 Moyses
1402 3307 1588 3347 servus
1634 3293 1855 3348 Domini
1908 3294 1966 3347 in
1999 3270 2041 3337 α
2082 3292 2179 3346 bus
2220 3291 2377 3347 bonae
2412 3292 2738 3347 voluntatis:
2774 3291 2875 3362 qui
2923 3270 3254 3348 Simeonem
3295 3270 3527 3364 justum
3574 3292 3740 3351 inter

322 3389 472 3437 terra
510 3379 657 3435 Moab
681 3395 782 3450 per
826 3382 1051 3435 verbum
1093 3380 1333 3448 Domini,
1383 3389 1433 3436 et
1469 3382 1802 3452 sepelierunt
1843 3397 1971 3437 eum
2082 3379 2385 3453 amplexus
2416 3379 2639 3453 parvuli
2661 3380 2884 3435 viderat
2905 3381 3520 3453 praedicantem,Nunc
3537 3381 3736 3439 dimit-

323 3471 387 3525 in
419 3467 569 3535 Geth,
614 3484 785 3541 prope
825 3468 1044 3525 domum
1090 3469 1319 3540 Phegor,
1367 3474 1417 3525 et
1464 3486 1622 3526 nemo
1667 3473 1768 3526 scit
1797 3472 1974 3542 sepul-

323 3574 480 3614 crum
531 3558 649 3626 eius
703 3573 872 3629 usque
926 3560 986 3612 in
1044 3558 1189 3614 diem
1244 3560 1412 3613 istum
1466 3560 1645 3629 (Deut.
1693 3576 1881 3627 xxxxv,
1914 3562 1969 3630 6,

323 3664 410 3704 sec
455 3648 635 3718 LXX.)
683 3647 845 3703 Certe
910 3646 1228 3703 hodiernus
1277 3647 1402 3703 dies
1468 3648 1630 3703 illius
1691 3650 1971 3722 temporis

325 3736 705 3793 aestimandus
762 3739 872 3805 est,
925 3753 1040 3808 quo
1099 3736 1346 3792 historia
1397 3735 1527 3808 ipsa
1567 3741 1832 3793 contexta
1860 3744 1967 3806 est,

324 3827 443 3882 sive
472 3826 706 3899 Moysen
730 3827 751 3859 ‘
774 3826 965 3881 dicere
1015 3825 1267 3880 volueris
1317 3828 1614 3882 auctorem
1669 3827 1970 3883 Pentateu-

323 3916 436 3983 chi,
488 3915 607 3972 sive
662 3916 867 3970 Ezram
918 3915 1183 3985 ejusdem
1238 3915 1688 3971 instauratorem
1755 3917 1970 3988 operis,

324 4021 437 4061 non
470 4021 697 4060 recuso.
747 4004 913 4059 Nunc
965 4004 1071 4059 hoc
1124 4003 1420 4077 qureritur,
1473 4023 1546 4060 an
1595 4004 1654 4060 id
1695 4007 1847 4078 quod
1879 4007 1961 4061 di-

323 4098 481 4149 ctum
513 4098 626 4161 est,
652 4109 823 4165 usque
852 4094 913 4148 in
942 4092 1088 4148 diem
1131 4095 1318 4159 istum,
1370 4096 1441 4149 ad
1495 4094 1655 4150 illam
1689 4097 1974 4150 referatur

322 4186 572 4248 aetatem,
607 4197 724 4253 qua
753 4181 884 4235 libri
919 4180 1057 4237 editi
1088 4182 1207 4238 sive
1240 4184 1551 4255 conscripti
1582 4187 1739 4239 sunt.
1763 4184 1975 4239 Doceat

320 4268 502 4341 igitur
530 4273 662 4340 post
688 4268 851 4324 illam
886 4269 1040 4325 diem
1082 4274 1168 4325 tot
1207 4271 1333 4340 jam
1365 4288 1652 4326 annorum
1684 4287 1871 4343 usque
1899 4272 1970 4327 ad

324 4373 430 4413 nos
457 4356 855 4413 voluminibus
897 4359 1136 4427 exactis,
1180 4363 1282 4414 aut
1312 4358 1489 4426 idola,
1523 4377 1650 4432 quae
1680 4361 1792 4415 sub
1826 4364 1972 4416 tere-

323 4445 528 4503 bintho
558 4445 789 4502 condita
836 4447 1086 4513 fuerant,
1137 4453 1390 4520 reperta,
1428 4453 1529 4504 aut
1561 4449 1742 4520 Moysi
1775 4452 1972 4504 tumu-

321 4535 445 4591 lum
485 4534 922 4607 investigatum,
955 4536 1093 4608 quia
1137 4535 1347 4592 obnixe
1379 4537 1612 4600 asserit,
1648 4541 1780 4609 post
1806 4538 1974 4592 donec

2077 3471 2152 3524 tis
2179 3485 2397 3524 servum
2440 3477 2612 3534 tuum,
2666 3469 2913 3535 Domine,
2961 3470 3257 3525 secundum
3300 3470 3527 3527 verbum
3572 3471 3737 3528 tum

2081 3561 2139 3613 in
2203 3574 2371 3630 pace:
2418 3559 2551 3629 quia
2602 3558 2857 3613 viderunt
2915 3560 3062 3614 oculi
3115 3560 3228 3615 mei
3275 3561 3520 3616 salutare
3575 3567 3737 3617 tuum

2077 3647 2236 3719 (Ibid.
2264 3648 2393 3718 27:)
2424 3646 2523 3718 qui
2563 3648 2793 3702 Annam
2843 3647 3295 3719 prophetissam,
3330 3665 3554 3721 magos,
3588 3649 3739 3706 stel-

2078 3737 2217 3803 lam,
2273 3735 2579 3803 Herodem,
2636 3736 2874 3808 angelos
2949 3737 3216 3803 viderat;
3279 3737 3404 3809 qui,
3462 3737 3736 3810 inquam,

2080 3821 2366 3880 miracula
2393 3828 2558 3878 tanta
2588 3829 2951 3895 cognoverat,
2986 3824 3085 3880 Dei
3135 3824 3444 3897 templum,
3474 3824 3739 3898 Spiritus

2080 3912 2268 3969 sancti
2301 3912 2522 3979 sedem,
2570 3912 2797 3968 Domini
2848 3912 2939 3969 sui
2990 3913 3234 3969 Matrem
3278 3914 3531 3971 audebat
3557 3914 3739 3971 attin-

2078 4017 2212 4075 gere
2231 4002 2259 4057 ‘I
2290 4001 2359 4056 Et
2386 4006 2540 4057 certe
2568 4003 2755 4057 Maria
2782 4003 3135 4059 conservabat
3180 4004 3369 4059 omnia
3398 4004 3559 4059 verba
3590 4003 3737 4077 haee,

2077 4093 2356 4162 conferens
2389 4092 2444 4145 in
2483 4091 2646 4145 corde
2669 4107 2767 4146 suo
2798 4091 2984 4163 (Ibitd.
3010 4092 3127 4163 5|.)
3176 4094 3254 4147 Ac
3308 4108 3380 4148 nc
3411 4092 3739 4165 impuden-

2080 4184 2168 4235 ter
2199 4178 2312 4250 [Αι.
2344 4178 2768 4251 imprudenter]
2799 4196 2975 4253 neges
3003 4179 3118 4235 ista
3148 4181 3448 4253 ignorasse
3475 4181 3694 4255 Joseph
3720 4200 3735 4240 :

2080 4267 2147 4324 Et
2173 4272 2352 4333 erant,
2384 4267 2579 4339 inquit
2608 4268 2812 4335 Lucas,
2852 4277 3013 4341 pater
3056 4270 3213 4325 illius
3253 4273 3308 4325 et
3341 4277 3517 4326 mater
3543 4270 3741 4328 admi-

2081 4363 2267 4414 rantes
2294 4373 2461 4429 super
2490 4357 2577 4412 his
2607 4373 2731 4429 qua:
2760 4358 3087 4414 dicebantur
3114 4358 3181 4415 de
3209 4375 3287 4416 eo.
3321 4359 3472 4415 Licet
3491 4362 3556 4416 tu
3583 4361 3742 4418 mira

2080 4447 2444 4519 impudentia
2477 4447 2599 4502 haec
2630 4446 2688 4501 in
2721 4446 2935 4503 Graecis
2973 4448 3314 4504 codicibus6
3353 4447 3563 4505 falsata
3592 4465 3737 4507 cons

2080 4537 2309 4604 tendas,
2342 4553 2470 4608 qua:
2519 4552 2635 4592 non
2687 4535 2879 4592 solum
2928 4552 3133 4593 omnes
3164 4553 3308 4610 pene
3338 4537 3574 4595 Graeciae
3606 4543 3737 4597 tra-

322 4629 379 4681 et
427 4640 619 4695 usque,
681 4640 809 4680 esse
866 4625 1147 4697 incipere,
1204 4627 1361 4697 quod
1415 4626 1620 4681 tandiu
1690 4642 1804 4681 non
1865 4627 1975 4682 fuit
2005 4640 2050 4705 ι)
2083 4629 2330 4681 ctatores
2359 4626 2417 4680 in
2446 4624 2571 4681 suis
2600 4624 3001 4682 voluminibus
3033 4627 3559 4699 reliquerunt;sed
3584 4645 3735 4685 non-

322 4714 583 4786 quandiu
615 4729 784 4787 usque
811 4714 1221 4786 compleretur,
1256 4719 1312 4770 et
1360 4713 1547 4770 donec.
1597 4714 1763 4791 Quin,
1777 4715 1972 4786 potius

322 4803 748 4860 animadvertat
776 4803 1089 4876 Scriptura:
1139 4808 1359 4858 sanctae
1402 4803 1638 4872 idiomo,
1684 4807 1741 4858 et
1772 4803 1970 4860 nobis-

320 4892 562 4960 cum,in
594 4908 709 4964 quo
739 4892 1065 4957 haesitabat,
1113 4890 1406 4964 intelligat
1453 4908 1521 4947 ea
1540 4892 1580 4959 ⁸,
1633 4893 1705 4947 de
1753 4893 1970 4965 quibus

321 4985 517 5052 posset
544 4980 786 5054 ambigi,
819 4982 868 5038 si
899 4998 1014 5037 non
1049 4981 1300 5036 fuissent
1327 4981 1565 5054 scripta,
1591 4982 1832 5056 signari,
1856 4999 1970 5039 ca:-

394 5106 407 5139 ¹
461 5105 687 5181 lethaeo,
734 5106 1105 5181 omn_ia_enim
1144 5105 1241 5159 sub
1286 5096 1675 5177 pedibus‘eius
1720 5109 1967 5181 subjecit,

324 5176 677 5233 Veronensis
708 5193 823 5232 non
852 5176 1047 5230 habet.

390 5249 794 5323 {'Yeronensis
840 5245 1024 5301 multo
1075 5246 1285 5323 aliter:
1336 5250 1667 5323 Priusquam
1714 5253 1967 5308 innume-

320 5320 529 5376 rabilia
563 5336 729 5392 super
775 5318 872 5392 hoc
912 5320 1162 5392 exempla
1190 5318 1593 5388 congeramfet
1632 5340 1847 5380 omnem
1885 5325 1967 5379 la-

319 5394 572 5464 cessentis
612 5391 1024 5464 procacitatem,
1097 5394 1531 5449 testimoniorum
1581 5396 1725 5450 nube
1779 5397 1965 5464 celem,

322 5463 503 5519 adhuc
526 5462 705 5535 pauca
726 5462 1038 5535 subjiciam.

391 5536 412 5568 ³
442 5534 599 5590 Idem
629 5534 1000 5599 Veronensis,
1035 5534 1309 5591 abscondit
1330 5554 1442 5593 ens.
1477 5540 1756 5594 Erasmus
1785 5555 1873 5594 eos
1894 5538 1970 5595 le-

323 5611 508 5731 gefat,
551 5604 844 5694 Yictorius
874 5622 938 5661 ea
964 5609 1208 5678 utroque
1240 5608 1298 5664 in
1339 5608 1503 5665 loco:
1555 5611 1747 5667 Graece
1789 5611 1967 5666 etiam

324 5693 387 5731 es
446 5695 598 5731 αυτα.
1802 5726 1805 5731 ,

324 5693 415 5733 εει
446 5693 598 5734 αυτα.
1802 5726 1805 5731 ,

392 5750 423 5826 ’ί
444 5746 858 5826 Tertullianus,
906 5748 1055 5805 libro
1095 5749 1195 5826 de
1218 5750 1779 5826 Quitup/eminarum.
1810 5768 1862 5811 c.
1893 5752 1965 5811 3:

327 5841 357 5877 ι(
386 5820 570 5887 Omne
598 5821 1060 5885 instrumentum
1087 5821 1342 5884 Judaicae
1371 5820 1711 5887 litteraturae
1742 5840 1846 5903 per
1869 5828 1969 5885 Es-

2084 4713 2230 4770 nulli
2261 4730 2496 4786 quoque
2525 4731 2556 4769 e
2587 4714 2832 4783 Latinis,
2865 4714 2945 4772 ita
2978 4721 3043 4771 ut
3069 4715 3127 4771 in
3161 4715 3377 4773 Graecis
3419 4716 3732 4789 habetur",

2081 4804 2529 4877 assumpserint.
2563 4804 2680 4860 Nec
2712 4818 2949 4861 necesse
2972 4810 3061 4862 est
3082 4821 3237 4862 nunc
3259 4807 3330 4861 de
3353 4805 3737 4879 exemplariu-

2080 4910 2211 4949 rum
2257 4893 2535 4950 varietate
2582 4899 2855 4963 tractare,
2903 4911 3036 4951 cum
3096 4912 3269 4951 omne
3314 4901 3370 4952 et
3416 4896 3645 4954 Veteris
3677 4900 3738 4954 et

2078 4982 2243 5039 Novae
2273 4983 2581 5056 Scriptura:
2614 4983 3077 5041 instrumentum
3106 4985 3167 5042 in
3200 4985 3474 5042 Latinum
3504 5002 3733 5044 sermo-

2080 5108 2247 5182 dram
2278 5111 2508 5182 constat
2529 5111 2949 5182 restauratum.
2986 5130 3015 5158 »
3050 5109 3110 5182 In
3143 5126 3320 5182 quam
3375 5110 3732 5170 sententiam

2080 5179 2276 5253 plures
2307 5197 2337 5235 e
2362 5179 2574 5253 Gragcis
2601 5180 2934 5252 Latinisque
2965 5179 3231 5238 Patribus
3262 5182 3549 5249 abierunt.

2148 5252 2381 5334 “HVe‘tus
2424 5250 2625 5334 editio:
2677 5252 2739 5307 In
2786 5250 2890 5334 quo
2948 5252 3229 5311 haesitabat
3310 5254 3607 5325 intelligat.
3640 5256 3735 5312 In-

2078 5324 2284 5393 telliget
2313 5339 2378 5377 ea
2401 5323 2475 5404 de.
2496 5324 2713 5447 quibus,
2750 5328 2860 5379 etc.
2968 5397 2977 5407 _
3112 5395 3123 5406 .
3381 5396 3393 5408 .
3495 5323 3508 5325 7

2147 5396 2167 5429 θ
2199 5393 2414 5450 Saltem
2462 5393 2625 5460 llud,
2668 5398 2835 5466 pater
2885 5395 3064 5459 illius,
3110 5413 3167 5450 In
3216 5399 3428 5452 Graacts
3473 5414 3646 5464 mss.,
3679 5395 3736 5455 si

2078 5466 2802 5540 cantabrigensem,atque
2835 5483 3019 5522 unum
3072 5483 3140 5540 ex
3178 5468 3545 5540 Stephanicis
3585 5471 3736 5525 exci-

2078 5538 2226 5619 pias,
2260 5555 2373 5619 non
2407 5538 2692 5606 habetur;
2725 5542 2815 5594 est
2845 5543 3039 5594 autem
3072 5538 3131 5593 in
3166 5538 3417 5614 Vulgata
3461 5542 3732 5599 versione

2077 5609 2661 5754 fgcﬁgatcamendose
2690 5678 2948 5754 plurium
2991 5698 3236 5739 numero
3274 5682 3564 5740 habentur.
3596 5683 3736 5745 Mox.

2076 5751 2428 5831 Yerpnensis
2457 5752 2626 5811 liber.
2677 5751 2749 5812 de
2795 5756 3260 5831 exemplariorum
3303 5758 3568 5815 varietate
3602 5772 3767 5818 conv

2075 5824 2294 5887 tendere
2324 5841 2430 5907 pro
2457 5832 2712 5887 tractare.
2946 5824 2963 5831 ”
3718 5831 3732 5841 ‘
