3944 6428
180 438 279 515 ill

954 439 1059 507 DE
1102 442 1523 510 PERPETUA
1563 440 2075 509 VIRGINITATE
2117 439 2187 505 Β.
2233 440 2514 507 MARI/E
2553 442 2813 507 LIBER.

3436 436 3557 503 202

182 590 297 637 nem
322 572 516 633 exinde
543 575 896 634 translatum
922 576 1019 650 sit,
1041 582 1102 636 et
1123 577 1308 635 multo
1355 579 1558 655 purior
1587 595 1789 635 mana-
1818 581 1866 647 Α
1907 594 1969 647 n,
2002 578 2033 633 4
2063 592 2205 651 ssgq.
2242 581 2260 646 )
2288 595 2301 633 :
2353 577 2563 634 nititur
2609 578 2932 651 approbare
2974 577 3401 650 primogenitum
3438 592 3557 632 non

178 680 229 723 re
251 663 519 722 credenda
546 664 625 723 sit
656 664 833 725 fontis
866 662 1047 735 unda,
1079 683 1260 740 quam
1293 668 1418 724 rivi.

228 752 279 808 7.
305 751 594 811 Helvidius.
624 784 695 796 —-
723 776 753 806 «
786 754 934 825 Hac,
968 756 1076 827 ais,
1111 757 1267 830 apud
1298 771 1393 813 me
1421 772 1592 829 nugae
1624 761 1785 825 sunt,

169 842 755 916 etargumentationes
786 844 1118 919 superﬂuae,
1151 849 1208 902 et
1235 845 1557 919 disputatio
1597 846 1786 920 magis

167 930 384 1001 curiosa,
414 946 590 1004 quam
620 948 775 990 vera.
810 933 1089 1007 Nunquid
1123 950 1240 992 non
1271 934 1463 1007 potuit
1482 935 1788 1007 Scriptura

174 1016 373 1076 dicere:
400 1019 464 1076 Et
490 1023 694 1094 accepit
722 1037 954 1079 uxorem
979 1039 1157 1092 suam,
1191 1026 1243 1079 et
1263 1039 1377 1079 non
1395 1023 1509 1095 fuit
1545 1023 1788 1096 amplius

104 1102 111 1107 ’
176 1123 321 1164 ausus
358 1109 669 1183 contingere
712 1126 833 1167 eam
868 1109 1021 1185 (Gen.
1069 1129 1308 1183 xxxvm,
1355 1112 1489 1185 26):
1534 1112 1692 1169 sicut
1717 1113 1787 1169 de

176 1194 400 1254 Thamar
441 1196 588 1255 dixit
629 1202 689 1255 et
735 1199 941 1257 Juda?
981 1201 1097 1257 Aut
1144 1200 1459 1258 defuerunt
1514 1200 1786 1257 Mattbaao

167 1283 317 1343 verba
361 1286 571 1359 quibus
620 1287 678 1345 id
730 1289 888 1364 quod
965 1287 1216 1364 intelligi
1278 1291 1531 1358 volebat,
1589 1295 1789 1365 posset

167 1372 347 1431 altari?
374 1374 486 1431 Non
516 1378 770 1448 cognovit
798 1377 1014 1453 inquit,
1036 1396 1156 1437 eam
1176 1378 1347 1437 donec
1364 1381 1579 1452 peperit
1605 1380 1788 1452 ﬁlium

170 1460 348 1534 (lauit.
379 1480 418 1532 ι,
460 1464 578 1539 25).
625 1464 761 1525 Post
812 1471 1048 1542 partum
1096 1485 1233 1543 ergo
1280 1470 1571 1544 cognovit,
1615 1470 1786 1542 cujus

166 1552 526 1626 cognitionem
559 1556 630 1613 ad
658 1562 893 1631 partum
927 1574 1116 1632 usque
1146 1558 1481 1616 distulerat.
1507 1582 1536 1609 ››

223 1642 270 1698 8.
299 1642 671 1718 Hieronymus.
703 1678 773 1688 -——
812 1647 870 1704 Si
921 1651 1042 1706 tam
1087 1648 1488 1706 contentiosus
1535 1666 1620 1715 es,
1657 1649 1785 1722 jam

161 1747 295 1788 nunc
319 1735 419 1789 tua
446 1740 644 1792 mente
674 1737 1068 1811 superaberis.
1102 1737 1245 1795 Nolo
1271 1736 1419 1795 mihi
1443 1737 1678 1811 aliquod
1704 1738 1788 1794 in-

159 1823 237 1886 ter
260 1825 479 1894 partum
512 1829 571 1881 et
599 1824 818 1882 coitum
845 1829 1084 1900 tempus
1114 1826 1453 1885 interseras.
1488 1827 1647 1885 25.!
1672 1828 1786 1884 No-

157 1906 204 1965 lo
229 1909 413 1969 dicas:
444 1913 643 1971 Mulier
671 1929 1013 1989 quaecunque
1043 1918 1287 1989 concepit
1306 1919 1358 1973 et
1392 1919 1605 1990 peperit
1632 1934 1784 1973 mas-

156 1998 338 2068 culum,
370 2002 659 2060 immunda
712 2004 817 2060 erit
846 2008 1050 2077 septem
1086 2005 1292 2072 diebus,
1352 2005 1650 2063 secundum
1676 2007 1791 2065 dies

156 2090 485 2148 secessionnis
524 2095 577 2149 et
614 2095 962 2166 purgationis
1002 2109 1117 2153 sua?
1158 2096 1509 2153 immundata
1550 2098 1695 2167 erit;
1735 2101 1790 2153 et

154 2178 314 2235 octavo
340 2179 428 2238 die
454 2182 808 2239 cireumcidet
853 2199 1076 2240 carnem
1118 2186 1390 2258 praeputii
1433 2186 1571 2258 ejus,
1606 2194 1657 2243 et
1687 2188 1787 2242 tri-

151 2265 290 2335 ginta
331 2270 517 2328 tribus
565 2270 756 2328 diebus
805 2272 1011 2329 sedebit
1066 2275 1129 2330 in
1205 2276 1479 2344 sanguine
1520 2291 1683 2348 puro,
1738 2283 1789 2333 et

151 2368 287 2414 omne
326 2368 576 2418 sanctum
622 2378 735 2419 non
784 2366 996 2433 tanget,
1055 2364 1115 2421 et
1158 2362 1389 2437 reliqua
1442 2364 1641 2438 (Levit.
1681 2381 1783 2434 xn,

146 2444 201 2515 2,
222 2448 293 2522 3).
324 2447 534 2506 Statim
585 2465 713 2508 eam
770 2450 1009 2509 invadat
1036 2451 1251 2527 Joseph
1282 2469 1295 2509 :
1350 2454 1550 2511 statim
1584 2454 1787 2511 audiat

150 2552 239 2610 per
277 2537 633 2597 Jeremiam:
692 2540 832 2615 Equi
880 2542 1219 2600 insanientes
1266 2544 1330 2600 in
1377 2544 1620 2616 feminas
1648 2545 1789 2617 facti

145 2629 257 2687 sunt
283 2628 441 2697 mihi,
471 2631 824 2703 unusquique
856 2630 926 2687 ad
965 2647 1195 2689 uxorem
1236 2634 1490 2705 proximi
1526 2634 1619 2689 sui
1653 2631 1784 2688 hin-

146 2716 311 2774 niebat
339 2718 562 2790 (Jerem.
611 2735 665 2788 ν,
697 2720 774 2790 8).
818 2718 1057 2795 Alioqui
1103 2721 1395 2794 quomodo
1435 2723 1591 2778 stare
1623 2725 1782 2795 pote-

148 2805 371 2876 rit,.Non
396 2809 652 2878 cognovit
677 2824 820 2877 eam,
849 2809 1017 2867 donec
1057 2809 1270 2883 peperit
1294 2809 1509 2882 ﬁlium:
1566 2810 1614 2866 si
1653 2814 1787 2884 post

150 2895 494 2970 purgationis
524 2902 763 2971 tempus
783 2902 1083 2973 exspectat
1108 2915 1122 2955 :
1156 2899 1206 2956 si
1238 2899 1631 2973 quadraginta
1658 2916 1788 2956 rur-

150 3001 267 3043 sum
296 2985 506 3044 diebus
535 2990 694 3045 tanto
722 2990 987 3061 tempore
1017 2987 1197 3045 dilata
1243 2988 1426 3047 libido
1470 2988 1738 3045 diii’ertur
1756 2988 1785 3045 τ

149 3072 429 3133 Polluatur
456 3093 669 3134 cruore
712 3093 1037 3151 puerpera:
1088 3078 1429 3135 obstetrices
1455 3078 1785 3151 suscipiant

149 3164 435 3235 parvulum
465 3164 797 3240 vagientem
823 3183 836 3221 :
871 3166 1365 3225 marituslassam
1396 3171 1592 3225 teneat
1642 3185 1781 3225 uxo-

150 3253 304 3310 rem'.
335 3254 428 3312 Sic
460 3255 749 3330 incipiant
792 3250 1031 3330 nuptiae,
1082 3274 1154 3314 ne
1199 3256 1566 3332 Evangelista
1617 3272 1781 3314 men-
1824 3319 1839 3329 ο

1897 680 2069 740 posse
2099 666 2237 735 dici,
2271 666 2385 723 nisi
2415 683 2550 724 eum
2582 668 2684 741 qui
2742 666 2955 724 habent
3005 657 3062 723 et
3114 666 3357 722 fratres:
3404 662 3558 721 sicut

1897 756 2237 831 unigenitus
2279 754 2378 813 ille
2426 761 2691 828 vocatur,
2739 757 2841 830 qui
2891 757 3235 830 parentibus
3284 754 3447 813 solas
3477 756 3558 811 sit

1897 846 2077 903 illius.

1966 936 2055 993 40.
2089 938 2483 1009 Hieronymus.
2535 968 2603 979 -
2654 936 2773 993 Nos
2820 939 3016 993 autem
3068 936 3149 991 ita
3195 933 3548 992 delinimus:

1892 1024 2100 1083 Omnis
2148 1026 2491 1098 unigenitus
2540 1030 2631 1083 est
2676 1026 3151 1100 primogenitae:
3204 1041 3320 1080 non
3358 1024 3553 1081 omnis

1894 1114 2323 1189 primogenitae
2353 1119 2443 1173 est
2473 1116 2837 1189 unigenitus.
2866 1113 3297 1189 Primogenitus
3316 1118 3550 1185 est,non

1901 1208 2133 1261 tantum
2166 1208 2300 1277 post
2329 1221 2504 1277 quem
2535 1210 2594 1261 et
2625 1203 2721 1261 alii
2750 1223 2764 1261 :
2792 1206 2896 1261 sed
2948 1209 3080 1261 ante
3120 1220 3295 1277 quem
3328 1202 3550 1260 nullus.

1899 1294 2091 1364 Omne,
2125 1293 2277 1352 215
2311 1294 2506 1367 inquit
2531 1293 2821 1351 Dominus
2847 1294 2918 1350 ad
2952 1300 3170 1361 Aaron,
3201 1293 3344 1365 quod
3382 1294 3560 1365 aperit

1894 1384 2136 1451 vulvam,
2168 1384 2236 1440 ab
2260 1385 2414 1440 omni
2441 1400 2609 1440 carne
2637 1398 2765 1457 quae
2794 1381 3030 1458 ofertur
3077 1384 3328 1451 Domino,
3356 1384 3425 1439 ab
3455 1383 3565 1453 hos

1896 1473 2044 1529 mine
2072 1489 2243 1546 usque
2288 1472 2358 1529 ad
2410 1486 2591 1545 pecus,
2627 1473 2729 1528 tibi
2781 1476 2988 1529 erunt:
3038 1472 3410 1527 tantummodo
3435 1489 3555 1543 pre-

1895 1563 1995 1618 tiis
2023 1559 2299 1618 redimunt
2354 1563 2723 1634 primogenita
2754 1560 3059 1628 hominum,
3092 1565 3145 1617 et
3180 1562 3553 1635 primogenita

1893 1667 2153 1724 pecorum
2218 1651 2665 1707 immundorumil
2732 1650 2924 1723 (Exod.
2997 1667 3188 1721 xxxxv,
3265 1650 3351 1717 i9,
3432 1652 3499 1706 20

1895 1741 2056 1797 Num.
2089 1757 2251 1811 xvm,
2287 1740 2397 1812 15).
2433 1739 2701 1797 Deﬁnitif
2723 1756 2917 1797 sermo
2948 1740 3071 1807 Dei,
3130 1738 3270 1811 quid
3323 1739 3400 1794 sit
3430 1738 3552 1811 pri-

1896 1830 2284 1903 mogenitum,
2346 1829 2534 1897 Omne,
2592 1829 2809 1902 inquit,
2865 1828 3005 1901 quod
3063 1828 3239 1900 aperit
3312 1828 3551 1883 vulvam.

1818 1959 1866 2025 B
1897 1918 2134 1992 Alioqui
2167 1914 2363 1974 sinon
2412 1923 2502 1974 est
2551 1917 2999 1991 primogenilus,
3055 1917 3170 1973 nisi
3218 1916 3269 1973 is
3299 1921 3552 1984 tantum,

1900 2024 2077 2080 quem
2107 2013 2439 2080 sequuntur
2470 2008 2677 2063 fratres
2709 2007 2915 2063 tandiu
2948 2006 3322 2063 sacrdotibus
3344 2006 3559 2078 primo-

1898 2097 2097 2169 genita
2154 2113 2270 2152 non
2331 2097 2639 2165 debentur,
2702 2096 2965 2169 quandiu
3022 2100 3079 2152 et
3152 2094 3267 2150 alia
3340 2095 3559 2151 fuerint

1895 2189 2235 2257 procreata;
2270 2202 2341 2242 ne
2372 2185 2517 2243 forte
2575 2189 2747 2258 partu
2806 2190 3010 2258 postea
3067 2200 3182 2241 non
3249 2189 3552 2256 sequente,

1896 2273 2238 2347 unigenitus
2296 2273 2394 2345 sit,
2451 2278 2509 2330 et
2565 2291 2680 2330 non
2736 2274 3188 2347 primogenitae.
3238 2273 3553 2345 Redemptio

1895 2361 2107 2435 inquit,
2140 2364 2257 2435 ejus
2284 2365 2390 2419 erit
2418 2363 2485 2419 ab
2540 2379 2653 2419 uno
2702 2379 2906 2433 mense,
2966 2364 3266 2420 testimatio
3315 2365 3554 2436 quinque

1893 2451 2155 2508 sicterum
2185 2453 2226 2506 ‘.
2255 2451 2456 2522 Sielus,
2503 2452 2800 2508 secundum
2848 2452 3046 2509 siclum
3092 2453 3421 2523 sanctuarii,
3462 2453 3549 2506 vi-

1894 2542 2040 2613 ginti
2093 2540 2239 2598 oboli
2290 2545 2439 2597 sunt.
2503 2541 2891 2600 Tantummodo
2942 2543 3313 2615 primogenita
3360 2541 3550 2597 vitulo-

1893 2646 2038 2702 rum,
2072 2633 2122 2686 et
2163 2631 2539 2704 primogenita
2590 2631 2794 2698 ovium,
2844 2637 2896 2685 et
2942 2631 3311 2702 primogenita
3355 2628 3549 2701 capra-

1892 2735 2021 2775 rum
2049 2734 2162 2775 non
2187 2718 2419 2776 redimes
2458 2720 2589 2792 quia
2634 2727 2824 2776 sancta
2870 2723 3002 2775 sunt
3049 2720 3238 2791 (Num.
3286 2736 3449 2788 xvm,
3482 2719 3551 2774 l6

1893 2809 2005 2881 47).
2037 2808 2202 2882 Cogit
2244 2825 2339 2866 me
2391 2824 2585 2866 sermo
2634 2809 2756 2876 Dei,
2807 2813 2873 2865 ut
2925 2825 3118 2879 omne,
3179 2810 3337 2881 quod
3369 2808 3556 2882 aperit

1892 2897 2147 2967 vulvam,
2181 2898 2231 2955 si
2263 2899 2335 2955 dc
2366 2898 2606 2956 mundis
2629 2898 2989 2955 animalibus
3010 2898 3108 2971 sit,
3133 2898 3248 2955 Deo
3270 2915 3509 2955 voveam
3536 2916 3548 2966 ;

1894 2986 1943 3044 si
1976 2987 2047 3044 de
2080 2988 2431 3055 immundis,
2460 2988 2771 3057 redimam,
2793 2990 2939 3045 dans
2960 2988 3214 3062 pretium
3238 2988 3548 3044 sacerdoti.

1894 3077 2140 3134 Possum
2174 3078 2547 3151 respondere,
2597 3083 2653 3134 et
2684 3078 2895 3135 dicere.
2946 3077 3094 3145 Quid
3142 3094 3235 3134 me
3283 3077 3341 3134 in
3373 3078 3550 3132 unius

1894 3166 2115 3224 mensis
2170 3167 2413 3240 stringis
2445 3166 2689 3224 articulo
2711 3167 2739 3223 ?
2768 3166 2915 3232 Quid
2937 3167 3398 3240 primogenitum
3445 3182 3548 3221 vo-

1891 3273 2010 3325 cas,
2042 3272 2214 3329 quem
2249 3274 2322 3313 an
2354 3258 2562 3313 fratres
2605 3261 2950 3329 sequantur,
3003 3254 3548 3329 ignoro?Exspec’ta

150 3338 273 3399 litus
291 3342 385 3411 sit.
416 3345 535 3404 Sed
565 3345 740 3415 absit,
773 3350 840 3402 ut
886 3345 996 3402 hoc
1045 3346 1117 3403 de
1154 3349 1339 3403 matre
1382 3345 1696 3405 Salvatoris
1726 3335 1855 3403 etC
1895 3344 2078 3402 donec
2126 3349 2399 3403 nascatur
2440 3347 2757 3404 secundus.
2808 3344 2964 3402 Nihil
3017 3345 3197 3403 debeo
3234 3346 3543 3409 sacerdoti,

147 3430 254 3489 viro
286 3434 443 3505 justo
492 3434 577 3492 sit
620 3435 1054 3493 aestimandum.
1109 3434 1284 3493 Nulla
1341 3436 1422 3492 ibi
1463 3435 1783 3493 obstetrix:

149 3519 293 3581 nulla
346 3523 833 3582 muliercularum
884 3524 1172 3583 sedulitas
1240 3524 1594 3583 intercessit.
1655 3524 1790 3599 Ipsa

149 3611 339 3680 pannis
365 3611 614 3671 involvit
640 3614 949 3683 infantem,
972 3614 1103 3688 ipsa
1131 3618 1189 3671 et
1219 3618 1410 3671 mater
1425 3618 1481 3671 et
1509 3613 1792 3671 obstetrix

144 3697 262 3769 fuit,
286 3701 349 3759 Et
371 3704 671 3761 collocavit
697 3720 842 3772 eum,
870 3704 1088 3778 inquit,
1121 3706 1179 3761 in
1208 3705 1504 3778 prmsepio,
1529 3704 1661 3778 quia
1680 3720 1793 3761 non

148 3792 252 3845 erat
281 3793 334 3848 ei
359 3792 511 3851 locus
543 3794 605 3850 in
630 3793 935 3851 diversorio
961 3794 1096 3867 (Luc
1123 3809 1189 3866 ιι,
1217 3793 1299 3867 7).
1333 3793 1467 3859 Quae
1498 3794 1793 3851 sententia

150 3879 200 3933 et
245 3883 713 3958 apocrypborum
779 3881 1169 3941 deliramenta
1205 3884 1228 3919 ’
1275 3881 1589 3951 convincit,
1649 3883 1790 3939 dum

149 3965 325 4030 Maria
360 3971 496 4047 ipsa
538 3973 752 4049 pannis
802 3971 1043 4030 involvit
1087 3973 1412 4043 infantem;
1460 3976 1518 4029 et
1546 3971 1794 4029 Helvidii

154 4060 354 4138 expleri
383 4080 504 4120 non
536 4063 759 4135 patitur
786 4060 1174 4136 voluptatem,
1202 4063 1343 4119 dum
1373 4061 1432 4118 in
1475 4061 1796 4119 diversorio

156 4151 307 4212 locus
335 4169 453 4211 non
475 4150 591 4209 fuit
622 4151 984 4228 nuptiarum.

216 4242 268 4298 9.
296 4242 603 4301 Helvidius.
636 4273 707 4283 —
734 4242 953 4298 Verum
984 4241 1263 4315 quiajam
1286 4241 1431 4300 satis
1450 4242 1801 4315 abundeque

157 4332 563 4407 respondimus
610 4331 682 4389 ad
729 4330 786 4388 id
830 4330 987 4405 quod
1039 4335 1446 4405 proposuerat,
1496 4331 1801 4404 Antequam

155 4423 517 4491 convenirent,
547 4423 624 4489 et,
656 4420 773 4478 Non
802 4422 1051 4492 cognovit
1096 4437 1238 4487 eam,
1289 4421 1458 4478 donec
1488 4423 1700 4494 peperit
1737 4421 1801 4492 ﬁ-

156 4508 300 4579 lium,
346 4512 419 4568 ad
477 4509 717 4568 tertiam
766 4509 1121 4567 veniendum
1165 4515 1256 4567 est
1299 4510 1707 4583 quaestionem,
1739 4514 1807 4567 ut

149 4597 306 4669 juxta
335 4598 764 4675 disputationis
793 4601 923 4673 ejus
953 4599 1244 4668 ordinem,
1274 4600 1449 4657 etiam
1501 4603 1683 4657 ηοω-ω
1714 4615 1803 4657 re-

150 4689 478 4780 sponsionis
510 4689 654 4746 ordo
685 4689 988 4764 procedat.
1020 4687 1164 4747 Vult
1187 4689 1345 4747 enim
1392 4689 1539 4747 alios
1572 4706 1807 4764 quoque
1835 4714 1882 4780 Β

150 4776 297 4838 ﬁlios
321 4780 575 4838 Mariam
605 4794 981 4854 procreasse;
1031 4782 1091 4837 et
1118 4795 1189 4837 ex
1218 4796 1286 4837 eo
1332 4780 1490 4854 quod
1520 4779 1806 4851 scriptum

154 4870 236 4926 est
263 4884 278 4925 :
307 4869 570 4928 Ascendit
596 4877 783 4928 autem
832 4868 1029 4943 Joseph
1084 4871 1164 4927 in-
1203 4872 1486 4928 civitatem
1511 4869 1707 4939 David,
1748 4877 1813 4927 ut

156 4958 501 5031 proﬁteretur
536 4974 661 5017 cum
702 4960 881 5017 Maria
926 4975 1102 5017 uxore
1146 4975 1252 5016 sua
1298 4967 1643 5033 praegnante.
1703 4960 1809 5016 Fa-

157 5050 296 5105 ctum
319 5052 401 5109 est
428 5051 616 5108 autem
642 5065 769 5106 cum
796 5050 877 5107 ibi
903 5056 1098 5118 essent,
1151 5050 1367 5123 impleti
1406 5053 1534 5107 sunt
1578 5050 1713 5120 dies,
1748 5055 1810 5108 ut

159 5144 385 5212 para-et,
417 5142 471 5196 et
500 5141 711 5213 peperit
759 5138 946 5211 filium
989 5156 1154 5197 suum
1179 5141 1610 5214 primogenitum
1650 5141 1806 5214 (Luc.

222 5372 856 5451 ‘ldem7Veronensis,
930 5354 1206 5435 Obstetrid:
1237 5375 1536 5450 parvulum
1582 5377 1809 5451 vagien-

159 5450 277 5519 tan,
301 5450 547 5505 maritus
576 5448 769 5505 laxam
795 5450 979 5506 teneat
1004 5448 1251 5506 uxorem}

220 5590 345 5666 'Be
370 5594 573 5666 autem
620 5606 762 5666 vera
804 5591 879 5666 in
915 5591 1158 5666 Decreto
1211 5590 1423 5666 Gelasii
1476 5592 1629 5648 inter
1657 5595 1810 5666 Apo-

158 5663 363 5793 m
384 5664 658 5736 rejicitur
688 5664 1009 5747 singularis
1025 5665 1177 5747 .libcr
1205 5664 1272 5748 de
1301 5664 1355 5720 S.
1417 5667 1607 5721 Maria
1634 5669 1687 5721 et
1707 5663 1809 5751 bb-

370 5780 386 5794 .
412 5735 590 5794 cuius
644 5740 823 5793 etiam
855 5743 1077 5793 mentio
1108 5742 1197 5793 est
1217 5753 1276 5792 in
1303 5737 1472 5793 Proto
1497 5733 1810 5794 Evanaeho

157 5780 445 5869 ᾶῖέοῐῖἀῖ
452 5780 1232 5885 maxime}.an
1241 5780 1809 5882 Ὦέἑόιὶέιὶὶὶέἷΐιῖὁὶζ

477 5935 749 6005 Pulla.
795 5935 1025 6004 XXIII.

1897 3433 2010 3491 nisi
2041 3438 2098 3492 et
2126 3433 2222 3491 ille
2253 3435 2427 3492 fuerit
2458 3440 2821 3509 procreatus,
2854 3453 2957 3508 per
2995 3452 3170 3509 quem
3199 3436 3249 3491 is
3282 3435 3381 3508 qui
3414 3440 3549 3492 ante

1899 3528 2075 3581 natus
2105 3528 2213 3594 est,
2247 3525 2491 3599 incipiat
2518 3542 2647 3582 esse
2678 3524 3124 3599 primogenitae.
3156 3527 3360 3583 Nonne
3404 3527 3550 3583 milli

1895 3614 2011 3686 ipsi
2063 3614 2257 3686 apices
2305 3612 2639 3687 loquentur,
2673 3620 2731 3671 et
2761 3632 2854 3671 me
2875 3615 3135 3672 stultitim
3180 3616 3549 3690 redarguent,

1899 3719 2036 3760 eum
2066 3720 2194 3761 esse
2220 3703 2449 3767 dictum
2494 3704 2976 3777 primogenitum,
3026 3706 3128 3776 qui
3176 3707 3400 3779 aperiat
3426 3706 3552 3762 vul-

1900 3809 2054 3860 vam,
2085 3809 2200 3850 non
2226 3792 2328 3866 qui
2354 3793 2567 3850 habeat
2596 3798 2653 3850 et
2679 3794 2887 3851 fratres
2907 3794 2935 3849 ‘l
2964 3794 3230 3866 Denique
3258 3795 3553 3867 interrogo

1903 3882 1975 3939 de
2002 3881 2249 3951 Joanne,
2282 3898 2460 3956 quem
2506 3886 2738 3940 constat
2783 3899 2912 3940 esse
2962 3883 3352 3956 unigenitum,
3396 3901 3467 3940 an
3500 3888 3556 3939 et

1906 3971 2334 4045 primogenilus
2366 3971 2589 4028 fuerit?
2617 3972 2901 4029 Utrumne
2948 3976 3005 4029 et
3055 3973 3181 4046 ipse
3228 3974 3555 4030 secundum

1905 4061 2121 4135 legem,
2152 4078 2257 4134 pro
2306 4065 2423 4118 toto
2470 4061 2522 4117 ei
2566 4059 2680 4134 logi
2732 4060 2908 4118 fuerit
2952 4061 3240 4119 obnoxius
3266 4062 3295 4119 ‘l
3324 4063 3555 4136 Ambigi

1909 4167 2025 4208 non
2055 4154 2267 4225 potest.
2300 4151 2464 4207 Certe
2493 4151 2566 4208 de
2596 4150 2895 4209 Salvatore
2924 4152 3225 4225 Scriptura
3254 4154 3337 4210 sic
3368 4153 3557 4228 loqui-

1909 4244 2041 4297 tur:
2076 4239 2212 4295 Cum
2240 4239 2447 4312 expleti
2472 4248 2645 4297 essent
2674 4239 2790 4297 dies
2813 4242 3161 4313 purgationis
3213 4258 3420 4311 eorum,
3469 4258 3558 4299 se-

1910 4328 2148 4386 cundum
2182 4328 2357 4398 legem
2385 4329 2578 4401 Moysi,
2625 4328 2904 4386 duxerunt
2952 4346 3079 4386 eum
3125 4332 3186 4386 in
3234 4331 3554 4389 Jerusalem.

1911 4422 1974 4475 ut
2002 4419 2259 4491 offerrent
2284 4434 2409 4474 eum
2438 4418 2709 4475 Domino:
2758 4420 2898 4475 sicut
2951 4421 3216 4492 scriptum
3242 4424 3322 4476 est
3352 4422 3409 4476 in
3451 4422 3563 4492 lege

1912 4508 2171 4571 Domini;
2216 4508 2360 4577 Quia
2403 4523 2562 4564 omne
2622 4508 2992 4565 masculinum
3049 4509 3374 4582 adaperiens
3436 4510 3563 4565 vul-

1912 4614 2060 4667 vam,
2091 4602 2347 4654 sanctum
2377 4598 2611 4653 Domino
2640 4596 2938 4666 vocabitur,
2969 4606 3022 4655 et
3046 4606 3108 4653 ut
3135 4598 3329 4654 darent
3362 4599 3564 4655 hostias

1912 4686 2210 4745 secundum
2237 4684 2377 4760 quod
2404 4686 2611 4742 dictum
2638 4690 2719 4742 est
2762 4688 2823 4742 in
2861 4687 2976 4759 lege
3020 4686 3261 4756 Domini,
3309 4704 3418 4759 par
3447 4691 3565 4743 tur-

1918 4781 2128 4849 turum,
2186 4780 2284 4833 aut
2332 4775 2464 4833 duos
2514 4776 2699 4849 pullos
2754 4776 3133 4833 columbarum
3183 4776 3333 4849 (Luc.
3395 4793 3454 4844 ιι,
3495 4778 3568 4831 22

1915 4867 2107 4940 seqq.).
2140 4866 2201 4924 Si
2228 4866 2350 4924 haec
2396 4864 2489 4923 lex
2530 4870 2764 4923 tantum
2814 4865 2887 4923 ad
2935 4865 3354 4939 primogenitos
3390 4864 3565 4938 perti-

1915 4960 2035 5024 net,
2067 4955 2527 5030 primogenitum
2560 4959 2756 5012 autem
2806 4959 3119 5029 sequentes
3164 4955 3407 5023 faciunt,
3449 4971 3566 5011 non

1915 5046 2119 5104 debuit
2146 5045 2274 5120 lege
2304 5044 2679 5122 primogeniti
2709 5044 2915 5115 teneri,
2948 5046 3051 5119 qui
3080 5046 3154 5102 de
3183 5045 3570 5118 sequentibus

1916 5136 2246 5210 ignorabat.
2275 5137 2387 5194 Sed
2417 5137 2557 5209 quia
2576 5134 2951 5210 teneturlege
2965 5135 3363 5209 primogeniti,
3390 5136 3569 5193 etiam

1916 5377 1975 5431 et
2002 5377 2278 5431 Erasmus
2309 5388 2542 5446 quoque
2570 5374 2949 5431 voluntatem:
3007 5370 3110 5428 sed
3160 5369 3436 5443 impressi
3473 5368 3573 5426 alii

1918 5446 2052 5502 libri
2082 5445 2416 5516 voluptatem
2443 5445 2683 5503 habent.

1988 5519 2010 5552 ³
2039 5514 2392 5574 Veronensis
2449 5517 2576 5588 lib.,
2637 5526 2689 5575 et
2728 5517 3104 5590 primogenita
3141 5514 3571 5571 immundorum.

1919 5590 2162 5663 Absque
2186 5604 2462 5662 pecorum.

1989 5663 2012 5696 ‘
2044 5659 2497 5734 Idem,_quinqzae
2549 5661 2695 5725 sicli,
2757 5664 2814 5717 et
2870 5660 3169 5717 secundum
3218 5659 3412 5734 sic/um
3449 5675 3575 5734 san:

1918 5740 2089 5867 mm.
2124 5731 2304 5792 Paulo
2335 5731 2509 5803 infra,
2546 5734 2609 5791 Ut
2636 5747 2797 5791 omne
2828 5734 3200 5792 masculinum
3228 5731 3369 5807 quod
3398 5731 3578 5803 aperit

2016 5822 2162 5867 vam.

2016 5822 2162 5868 vam.

3217 5937 3257 6007 7
