3944 6452
286 495 389 563 905

1039 498 1141 564 DE
1183 496 1605 564 PERPETUA
1647 493 2160 565 VIRGINITA'I‘E
2204 495 2276 562 B.
2325 493 2601 563 MARI/E
2642 496 2899 564 LIBER.

3555 502 3673 566 206

285 647 469 689 camus
499 632 838 690 absentem:
871 638 974 692 aut
1023 633 1266 692 alteram
1315 652 1443 692 esse
1490 635 1759 703 Mariam,
1806 651 1906 692 ne-
1939 637 1993 702 Α
2021 636 2294 692 columnae
2320 634 2652 705 esse(Galat.
2691 653 2752 703 ιι,
2781 636 2859 705 9).
2922 635 3007 694 Ne
3050 639 3248 693 autem
3297 635 3457 694 hunc
3502 641 3675 711 putes

284 721 389 778 scio
416 736 614 794 quam,
642 723 1048 797 confingamus
1079 740 1092 779 :
1118 725 1443 797 praesertim
1477 741 1614 780 cum
1647 730 1908 799 Evange-

279 810 411 866 lium
436 811 678 867 Joannis
727 816 976 868 testetur
996 818 1338 886 praesentem
1368 831 1498 869 eam
1541 813 1660 870 illic
1701 815 1903 871 fuisse.

275 901 487 973 quando
519 900 683 956 illam
715 903 787 957 de
819 919 991 960 cruce
1019 903 1309 959 Dominus
1333 905 1460 974 jam
1494 905 1733 960 viduam
1767 905 1807 971 ¹,
1843 908 1909 959 ut

275 994 501 1046 matrem
527 989 739 1046 Joanni
770 993 1238 1048 commendabat.
1269 995 1386 1048 Aut
1408 993 1700 1065 numquid
1731 1010 1902 1049 evan-

272 1077 469 1151 gelista;
494 1084 553 1134 et
581 1079 868 1136 falluntur
896 1085 953 1137 et
998 1080 1234 1148 fallunt,
1269 1086 1334 1136 ut
1386 1097 1594 1137 eorum
1658 1081 1902 1138 Mariam

271 1173 499 1224 matrem
528 1168 814 1239 dicerent,
846 1187 994 1242 quos
1023 1171 1210 1227 Judaei
1243 1171 1454 1227 fratres
1483 1171 1623 1226 Jesu
1656 1188 1785 1227 esse
1814 1172 1901 1227 di-

270 1257 499 1312 xerunt?
533 1281 560 1307 ››

333 1347 409 1402 13.
443 1347 485 1403 0
515 1348 680 1405 furor
709 1366 917 1418 caecus,
951 1355 1008 1406 et
1037 1350 1096 1405 in
1127 1350 1430 1422 proprium
1463 1350 1708 1406 exitium
1733 1367 1901 1406 mens

267 1438 504 1492 vesana!
555 1437 712 1494 Dicis
756 1439 828 1494 ad
879 1455 1112 1494 crucem
1161 1438 1394 1494 Domini
1463 1443 1712 1495 matrem
1771 1440 1900 1510 ejus

264 1525 428 1582 fuisse
452 1531 827 1599 prasentem,
858 1526 1002 1584 dicis
1033 1527 1273 1583 Joannis
1305 1528 1594 1600 discipulo
1625 1529 1698 1584 ob
1718 1529 1901 1608 vidui-

261 1618 422 1670 tatem
452 1620 510 1671 et
541 1615 914 1673 solitudidem
962 1617 1477 1674 commendatam:
1516 1618 1684 1689 quasi
1730 1619 1900 1689 juxta

263 1705 311 1757 te
357 1719 465 1758 non
516 1703 759 1760 haberet
815 1709 1068 1777 quatuor
1119 1705 1291 1762 fiilios
1348 1707 1390 1772 ³,
1450 1710 1506 1762 et
1557 1706 1898 1763 innumeras

260 1790 419 1861 filias,
451 1809 706 1864 quarum
740 1795 1032 1850 consortio
1080 1795 1369 1851 frueretur
1393 1795 1420 1850 ‘?
1451 1795 1704 1850 Viduam
1757 1813 1896 1868 quo-

257 1897 360 1953 que
397 1883 693 1949 nominas,
747 1884 906 1955 quod
961 1884 1269 1956 Scriptura
1325 1901 1442 1940 non
1502 1885 1786 1956 loquitur.
1831 1886 1898 1942 Et

257 1986 380 2026 cum
411 1972 611 2027 omnia
640 1972 1136 2046 evangelistarum
1170 1973 1436 2045 exempla
1459 1991 1776 2046 proponas,
1807 1991 1897 2031 so-
1925 2014 1972 2078 B

257 2057 353 2078 ,επ
567 2060 613 2078 τί
756 2062 766 2072 .
934 2062 947 2078 ,
1228 2063 1240 2078 .
1401 2068 1409 2078 .
1476 2063 1596 2078 ἢ..
1678 2068 1686 2078 .
1844 2064 1854 2074 .

252 2057 357 2114 lius
411 2059 519 2115 tibi
557 2060 804 2118 Joannis
831 2062 1009 2118 verba
1039 2080 1153 2118 non
1187 2063 1438 2136 placent.
1476 2063 1632 2120 Dicis
1673 2064 1891 2119 transi-

250 2147 404 2216 torie,
435 2150 511 2206 ad
542 2167 774 2207 crucem
827 2151 1060 2207 Domini
1109 2169 1237 2208 eam
1288 2152 1473 2209 fuisse
1523 2156 1891 2226 praisentem,

249 2255 314 2293 ne
359 2240 624 2296 consulto
675 2240 1022 2312 praeteriisse
1075 2241 1370 2298 videaris:
1404 2246 1462 2298 et
1509 2247 1705 2298 tamen
1765 2259 1892 2314 quae

247 2342 370 2383 cum
401 2327 506 2385 illa
542 2327 818 2385 mulieres
874 2329 1109 2398 fuerint,
1163 2330 1322 2386 siles.
1371 2333 1740 2404 Ignoscerem
1786 2346 1890 2386 ne-

246 2416 462 2486 scienti,
502 2417 617 2474 nisi
672 2417 925 2474 viderem
981 2418 1247 2475 consulto
1296 2420 1659 2476 reticentem.
1712 2420 1892 2488 Audi,

241 2502 450 2577 itaque,
497 2507 757 2562 Joannes
805 2508 946 2579 quid
997 2508 1190 2564 dicat:
1225 2507 1458 2564 Stabant
1502 2513 1685 2564 autem
1725 2510 1892 2580 juxta

242 2610 442 2650 crucem
472 2597 603 2652 Jesu
632 2599 806 2652 mater
835 2597 971 2668 ejus,
1002 2601 1056 2653 et
1092 2614 1251 2654 soror
1299 2601 1496 2654 matris
1542 2600 1660 2670 ejus
1710 2599 1893 2656 Maria

244 2682 503 2756 CleOphaz,
540 2693 592 2742 et
618 2686 794 2742 Maria
823 2685 1150 2756 Magdalene
1181 2687 1362 2759 (Joan.
1393 2705 1512 2754 xxx,
1570 2688 1682 2760 25).
1736 2686 1891 2742 Nulli

241 2772 478 2830 dubium
515 2779 623 2843 est,
675 2775 827 2832 219
886 2776 1036 2832 duos
1095 2776 1280 2832 fuisse
1338 2775 1635 2849 apostolos
1689 2777 1891 2833 Jacobi

247 2862 529 2920 vocabulo
560 2869 954 2937 nuncupatos,
986 2865 1271 2921 Jacobum
1301 2866 1585 2934 Zebedzei,
1619 2869 1675 2921 et
1715 2866 1892 2922 Jaco-

245 2951 384 3007 bum
417 2953 692 3026 Alphaei.
728 2955 935 3022 Istum,
969 2954 1166 3011 nescio
1197 2971 1370 3027 quem
1405 2955 1693 3011 minorem
1724 2955 1891 3011 Jaco-

239 3038 585 3114 bum,quem
618 3043 812 3099 Mariae
843 3042 1168 3112 ﬁlium,nec
1190 3047 1388 3100 tamen
1423 3044 1627 3100 matris
1658 3043 1889 3100 Domini

240 3128 538 3204 Scriptura
585 3137 1027 3200 commemorat,
1096 3133 1428 3206 apostolum
1477 3133 1562 3189 vis
1611 3150 1762 3202 esse,
1814 3151 1889 3189 an

241 3219 394 3275 non?
424 3221 482 3278 Si
516 3221 822 3294 apostolus
861 3227 969 3278 est.
1001 3221 1224 3294 Alphaei
1275 3222 1434 3278 ﬁlius
1482 3222 1610 3288 erit,
1665 3228 1723 3277 et
1765 3239 1888 3279 cre-

240 3307 330 3362 det
353 3307 413 3365 in
441 3311 688 3379 Jesum;
722 3315 780 3367 et
833 3328 946 3367 non
996 3311 1107 3367 erit
1159 3312 1231 3366 de
1286 3309 1405 3366 illis
1457 3311 1756 3380 fratribus,
1819 3312 1888 3367 de

2018 725 2302 780 Jacobum
2337 724 2526 781 filium
2558 726 2837 794 Zebedaei,
2871 724 2998 798 lege
3028 728 3207 782 Actus
3247 725 3672 799 apostolorum.

2017 813 2149 868 Jam
2178 813 2249 868 ab
2283 813 2507 869 Herode
2540 815 2732 870 fuerat
2761 814 3171 887 interemptus.
3200 815 3402 872 Restat
3429 814 3672 872 conclu-

2017 902 2124 968 sio,
2173 905 2235 956 ut
2276 902 2474 962 Maria
2506 902 2621 959 ista
2667 921 2794 976 quae
2843 903 3046 959 Jacobi
3097 902 3342 960 minoris
3391 904 3673 962 scribitur

2017 995 2224 1056 mater,
2257 991 2432 1046 fuerit
2463 1008 2610 1048 uxor
2637 990 2886 1064 Alphaei,
2919 997 2977 1048 et
3021 1009 3188 1048 soror
3234 992 3429 1049 Mariae
3459 992 3668 1049 matris

2013 1078 2266 1147 Domini,
2299 1096 2479 1152 quam
2513 1081 2757 1136 Mariam
2789 1080 3056 1154 Cleophis
3109 1082 3370 1138 Joannes
3417 1097 3665 1156 evange-

2013 1167 2152 1224 lista
2191 1169 2587 1242 cognominat,
2621 1170 2743 1227 sive
2774 1170 3138 1242 apatre,sive
3155 1171 3481 1245 gentilitate
3500 1171 3668 1229 fami-

2013 1257 2101 1313 liae
2133 1264 2236 1314 aut
2267 1275 2620 1331 quacunque
2651 1259 2769 1315 alia
2797 1276 2975 1316 causa
3006 1261 3058 1316 ei
3090 1277 3305 1318 nomen
3327 1261 3660 1334 imponens.

2011 1347 2070 1403 Si
2103 1349 2211 1419 [Αἱ.
2245 1349 2368 1420 Sin]
2401 1353 2597 1404 autem
2629 1348 2764 1405 inde
2793 1348 2898 1405 tibi
2929 1349 3044 1406 alia
3073 1354 3249 1422 atque
3276 1350 3395 1407 alia
3411 1351 3662 1421 videtur,

2011 1439 2167 1509 quod
2199 1436 2338 1493 alibi
2381 1438 2640 1494 dicatur:
2672 1438 2846 1494 Maria
2900 1439 3088 1495 Jacobi
3142 1440 3378 1495 minoris
3431 1445 3612 1497 mater
3639 1457 3660 1496 :

2009 1531 2066 1582 et
2095 1526 2190 1583 hic
2239 1529 2424 1584 Maria
2483 1526 2734 1600 CleOpha:
2768 1532 2784 1594 [
2810 1528 2895 1583 Αι.
2943 1527 3212 1600 Cleophe]
3247 1547 3258 1585 :
3295 1528 3454 1587 disce
3503 1529 3658 1586 Scri-
3767 1535 3770 1538 ’

2010 1620 2194 1686 ρῐυιιω
2212 1617 2719 1684 consuetudinem,
2745 1617 3017 1672 eumdem
3060 1616 3365 1673 hominem
3416 1617 3664 1676 diversis

2009 1703 2349 1760 nominibus
2382 1706 2733 1778 nuncupari.
2767 1707 2971 1776 Raguel
3001 1722 3165 1762 socer
3202 1706 3410 1779 Moysi,
3459 1711 3517 1762 et
3564 1711 3660 1766 Je-

2005 1793 2128 1850 thro
2159 1795 2394 1850 dicitur.
2455 1795 2684 1863 Gedeon,
2716 1794 2897 1850 nullis
2954 1795 3150 1851 causis
3204 1795 3501 1851 immutati
3558 1813 3662 1852 no-

2008 1884 2186 1940 minis
2215 1889 2350 1940 ante
2378 1884 2724 1956 praamissis,
2756 1885 2950 1940 subito
2982 1884 3235 1941 Jerobaal
3257 1883 3664 1958 legitur.0zias

2006 1989 2104 2028 rex
2149 1973 2320 2052 Juda,
2352 1973 2612 2030 vicissim
2643 1974 2870 2029 Amrias
2910 1978 3168 2030 vocatur.
3216 1973 3382 2029 Mons
3429 1974 3660 2044 Thabor,

2003 2062 2321 2133 Itabyrium
2350 2061 2584 2118 dicitur.
2620 2063 2877 2119 Rursum
2912 2067 3180 2118 Hermom
3208 2062 3512 2120 Phoenices
3563 2080 3657 2120 co-

2001 2151 2350 2223 gnominant
2382 2152 2600 2219 Sanier,
2633 2157 2691 2208 et
2720 2157 3055 2208 Amorrzeus
3103 2152 3480 2226 cognominat
3521 2169 3657 2210 eum

1999 2243 2193 2308 Sanir,
2225 2241 2440 2296 Eadem
2482 2241 2607 2298 cceli
2669 2240 2845 2314 plaga
2900 2242 3090 2297 tribus
3150 2242 3490 2299 nominibus
3548 2259 3657 2316 ap-

2003 2329 2272 2402 pellatur,
2323 2331 2526 2402 Nageb,
2588 2331 2840 2398 Theman,
2901 2332 3123 2397 Darem,
3186 2331 3313 2404 lege
3371 2329 3654 2388 Ezechiel.

2006 2419 2216 2484 Petrus,
2249 2423 2306 2474 et
2330 2418 2522 2474 Simon
2552 2419 2789 2491 dicitur,
2821 2423 2879 2475 et
2927 2419 3152 2490 Cephas.
3200 2418 3388 2476 Judas
3434 2421 3654 2490 zelotes,

2003 2509 2062 2562 in
2088 2507 2202 2563 alio
2247 2506 2557 2580 Evangelio
2607 2508 2764 2565 220
2816 2507 3110 2563 Thaddaeus
3160 2507 3406 2564 dicitur:
3441 2509 3654 2566 multa-

2002 2613 2113 2669 que
2146 2595 2261 2652 alia
2291 2613 2420 2668 quae
2447 2597 2518 2652 ad
2551 2596 2883 2670 exemplum
2914 2597 3127 2653 horum
3179 2598 3474 2670 pertinent
3523 2598 3654 2671 ipse

2001 2686 2114 2742 sibi
2147 2686 2218 2742 de
2264 2687 2540 2742 omnibus
2589 2686 2916 2759 Scripturis
2947 2686 3129 2743 lector
3171 2687 3382 2760 poterit
3411 2687 3680 2761 congre-'

2000 2790 2158 2848 gare.

2071 2865 2332 2920 14.Nunc
2355 2863 2500 2921 illud
2524 2867 2614 2921 est
2635 2866 2791 2937 quod
2815 2881 3099 2922 conamur
3119 2868 3657 2940 ostendere,quem-

2000 2953 2320 3010 admodum
2354 2955 2564 3013 fratres
2594 2954 2826 3012 Domini
2859 2953 3228 3028 appellentur
3278 2955 3384 3011 ﬁlii
3433 2960 3654 3012 mater-

1999 3047 2136 3098 term
2167 3044 2317 3114 ejus,
2350 3042 2566 3110 Mariis,
2601 3044 2701 3115 qui
2735 3048 2906 3100 antea
2937 3060 3054 3099 non
3092 3043 3417 3112 credentes,
3450 3049 3656 3118 postea

2000 3132 2393 3188 crediderunt.
2425 3131 2576 3188 Licet
2634 3133 2757 3188 ﬁeri
2815 3133 3093 3204 potuerit,
3149 3138 3213 3187 ut
3278 3149 3396 3189 uno
3450 3134 3651 3190 statim

2000 3221 2290 3290 credente,
2325 3220 2420 3277 alii
2457 3221 2556 3276 diu
2590 3219 2872 3276 increduli
2907 3220 3141 3289 fuerint,
3172 3225 3232 3276 et
3267 3221 3420 3277 hanc
3469 3221 3653 3278 fuisse

2000 3314 2247 3366 matrem
2279 3309 2482 3366 Jacobi
2511 3315 2570 3366 et
2598 3310 2836 3376 Josetis,
2870 3309 2928 3365 id
2957 3314 3067 3377 est,
3102 3310 3347 3366 Mariam
3379 3309 3646 3383 Cleopha

241 3397 451 3468 quibus
474 3399 766 3472 scriptum
797 3405 922 3456 est:
957 3403 1136 3473 Neque
1164 3402 1315 3456 enim
1345 3405 1475 3456 tunc
1519 3400 1728 3473 fratres
1767 3400 1886 3472 ejus
1914 3386 1956 3453 C
1997 3414 2234 3455 uxorem
2265 3398 2509 3472 Alpheei,
2542 3403 2599 3454 et
2628 3399 2777 3455 hanc
2794 3399 3012 3456 dictam
3045 3399 3289 3456 Mariam
3311 3399 3514 3456 Jacobi
3537 3398 3644 3456 mi-

241 3486 542 3546 credebant
569 3491 626 3544 in
653 3506 796 3545 eum.
831 3490 890 3545 Si
943 3507 1057 3545 non
1113 3495 1202 3546 est
1246 3489 1569 3562 apostolus,
1623 3489 1723 3545 sed
1774 3493 1888 3546 ter-

242 3575 353 3633 tius
378 3577 580 3634 nescio
633 3577 732 3650 qui
789 3579 1047 3634 Jacobus
1101 3580 1142 3646 3,
1214 3579 1510 3651 quomodo
1565 3583 1655 3634 est
1715 3578 1894 3634 frater

242 3665 466 3723 Domini
503 3668 834 3741 putandus,
863 3672 919 3724 et
967 3669 1261 3741 quomodo
1309 3670 1516 3724 tertius
1565 3669 1635 3724 ad
1683 3668 1891 3726 distin-

243 3754 491 3813 ctionem
527 3758 768 3829 majoris
797 3757 1190 3831 appellabitur
1222 3758 1433 3827 minor,
1465 3774 1599 3813 cum
1623 3760 1812 3830 major
1838 3762 1898 3814 et

243 3845 452 3917 minor,
488 3864 610 3902 non
640 3848 790 3904 inter
818 3853 957 3916 tres,
991 3849 1091 3904 sed
1120 3847 1275 3903 inter
1299 3848 1447 3904 duos
1471 3847 1698 3904 soleant
1746 3865 1896 3921 prae-

246 3933 377 3991 bere
435 3936 824 4006 distantiam;
861 3941 918 3992 et
949 3937 1126 3994 frater
1173 3937 1407 3994 Domini
1440 3937 1742 4009 apostolus
1799 3937 1897 4009 sit,

241 4021 419 4081 Paulo
451 4026 717 4082 dicente:
753 4027 957 4083 Deinde
976 4035 1098 4098 post
1147 4028 1451 4082 triennium
1498 4029 1624 4082 veni
1679 4029 1898 4084 Jerusa-

249 4113 350 4169 lem
381 4117 582 4172 videre
613 4120 910 4184 Petrum,et
939 4119 1124 4172 mansi
1154 4117 1308 4188 apud
1338 4117 1500 4172 illum
1529 4117 1720 4172 diebus
1741 4119 1900 4189 quin-

250 4202 443 4260 decim.
475 4205 664 4260 Alium
709 4214 890 4261 autem
926 4207 1292 4278 apostolorum
1323 4205 1440 4262 vidi
1467 4209 1764 4274 neminem,
1788 4207 1902 4262 nisi

243 4292 502 4350 Jacobum
531 4297 768 4366 fratrem
798 4296 1023 4350 Domini
1051 4293 1251 4367 (Galat.
1304 4313 1343 4363 1,
1396 4296 1482 4363 18,
1543 4295 1677 4366 l9)?
1726 4297 1794 4352 Et
1840 4296 1898 4350 in

241 4383 446 4439 eadem
495 4382 759 4456 Epistola
791 4400 804 4439 :
836 4385 903 4440 Et
949 4387 1166 4454 cognita
1216 4387 1424 4454 gratia,
1479 4401 1598 4457 qua
1644 4384 1772 4441 data
1821 4389 1904 4442 est

242 4473 396 4540 mihi,
428 4475 628 4530 Petrus
659 4482 708 4530 et
736 4475 968 4531 Jacobus
999 4477 1048 4530 et
1107 4475 1364 4540 Joannes,
1418 4476 1517 4545 qui
1571 4474 1904 4531 videbantur

317 4633 330 4665 ¹
380 4634 531 4709 Hinc
590 4638 842 4702 constat,
894 4635 1102 4709 inquit;
1145 4635 1462 4709 Victorius,
1522 4653 1598 4709 eo,
1645 4641 1906 4708 tempore

247 4719 360 4776 quo
387 4707 669 4781 Christus
703 4723 916 4781 passus
943 4707 1053 4775 est,
1075 4707 1292 4781 Josepb
1324 4708 1513 4764 virum
1546 4708 1744 4766 Marias
1768 4707 1903 4781 jam

246 4781 580 4834 extremum
611 4779 768 4834 diem
801 4779 1039 4837 obiisse.

314 4851 336 4882 ²
393 4850 638 4924 Scilicet
689 4853 993 4924 asserebat
1059 4849 1364 4924 Helvidius
1417 4851 1676 4924 Josepho
1735 4851 1916 4909 fuisse

247 4925 512 4994 quatuor
561 4921 735 4994 ﬁlios,
761 4927 818 4978 et
864 4923 1017 4979 tilias
1063 4923 1429 4979 innumeras.
1477 4921 1914 4980 Et'innumeras

290 4993 494 5068 uidem
530 4993 644 5050 dici
694 4995 970 5068 opinatur
1026 4994 1370 5062 Cotelerius,
1406 4995 1583 5068 iquod
1645 4997 1706 5051 in
1767 5014 1913 5053 novo

297 5071 635 5122 estamento
666 5066 783 5122 non
815 5074 1220 5134 numerentur,
1253 5083 1360 5138 nec
1405 5066 1611 5122 Matth.
1664 5085 1788 5137 χιιι,
1820 5071 1911 5138 56,

249 5153 356 5210 nec
390 5138 580 5194 Marc.
615 5155 698 5206 vr,
730 5140 784 5194 3.
837 5139 949 5195 Sed
984 5139 1215 5194 variant
1262 5137 1457 5210 reipsa
1494 5143 1734 5210 veteres
1787 5137 1913 5197 tum

249 5208 406 5265 circa
431 5227 752 5266 numerum
783 5215 912 5267 tum
958 5211 1114 5266 circa
1161 5208 1402 5266 nomina
1450 5209 1706 5266 filiarum
1752 5212 1916 5269 Jose-

251 5279 375 5356 pbi,
417 5282 484 5338 In
521 5282 806 5356 Chronico
836 5281 1145 5356 Hippolyti
1163 5280 1730 5356 Thebaniacanisio
1752 5284 1918 5356 editi,

249 5353 512 5418 Τέσσαρας
571 5356 664 5419 γὰρ
728 5354 858 5411 υἱοὺς
912 5352 1070 5420 ’ἔὰχεῦ
1128 5352 1154 5401 ὁ
1218 5354 1416 5418 Ἰωσὴφ,
1477 5355 1560 5402 καὶ
1622 5354 1708 5403 δύο
1772 5352 1918 5419 Θυγαὲ

250 5424 412 5488 τέρας.
477 5425 580 5484 τήν
641 5441 692 5473 τε
746 5425 918 5491 Ἐσϐὴρ
973 5442 1056 5473 και
1107 5425 1200 5485 τήν
1256 5424 1455 5489 Μάρθαν
1513 5424 1570 5473 ἐκ
1611 5427 1698 5484 τῆς
1752 5443 1918 5490 γυναι-

251 5496 333 5551 to:
422 5495 584 5545 αὐτοῦ
677 5499 763 5556 τῆς
855 5497 1117 5560 Σαλώμης.
1210 5496 1443 5560 Θυγατρὸς
1525 5496 1749 5560 ’Δγ-γαίου
1829 5501 1916 5547 τοῦ

250 5573 474 5643 ﬁdem?
536 5577 826 5643 Ζαχαρίου,ί
857 5576 966 5625 etc.
1037 5571 1240 5643 Quator
1304 5576 1460 5643 qum
1529 5568 1672 5639 ﬁlios
1729 5571 1919 5626 habuit

249 5639 558 5714 Josejgh,ﬁet
586 5639 723 5697 duas
770 5642 936 5714 ﬁlias.
985 5641 1174 5714 Esther
1201 5648 1254 5697 et
1300 5640 1572 5696 Martham
1617 5658 1688 5714 ex
1742 5659 1920 5700 uxore

249 5726 351 5767 sua
368 5711 632 5782 Salome,
656 5711 796 5785 ante
831 5716 942 5785 fuit
970 5713 1092 5784 ﬁlia
1136 5714 1329 5784 Aggaei
1373 5713 1567 5783 fratris
1610 5713 1915 5783 Zachariae,

251 5787 360 5839 etc.
398 5785 563 5857 Bina:
593 5784 767 5841 etiam
797 5784 866 5842 ab
901 5785 1230 5857 Epiphanio
1263 5787 1768 5857 recens_entur,sed
1788 5787 1918 5844 aliis

166 5909 175 5922 ,
251 5856 608 5917 nominibus
635 5857 811 5918 Maria
839 5861 890 5918 et
917 5854 1162 5920 S'alome.
1197 5862 1272 5915 At
1297 5857 1350 5913 S.
1388 5854 1653 5916 Hilarius
1678 5858 1739 5918 in
1768 5859 1919 5922 Mat-

1999 3489 2180 3544 noris.
2215 3490 2350 3555 Quae
2383 3489 2432 3544 si
2463 3493 2620 3545 esset
2651 3492 2835 3545 mater
2873 3489 3129 3558 Domini,
3162 3490 3352 3563 magis
3380 3506 3531 3559 eam,
3585 3493 3651 3546 ut

1999 3578 2060 3633 in
2092 3577 2368 3634 omnibus
2397 3577 2562 3648 locis,
2597 3583 2844 3635 matrem
2878 3578 3038 3636 illius
3069 3578 3422 3652 appellasset
3452 3583 3510 3636 et
3535 3595 3652 3636 non

2003 3666 2252 3723 aliorum
2285 3667 2532 3722 dicendo
2565 3671 2836 3735 matrem,
2872 3665 3111 3724 alterius
3155 3669 3436 3725 voluisset
3480 3666 3654 3723 intel-

2005 3757 2124 3830 ligi.
2158 3757 2374 3812 Verum
2407 3755 2465 3812 in
2499 3756 2608 3812 hac
2638 3761 2802 3829 parte
2832 3757 3262 3813 contentiosum
3292 3757 3493 3813 funem
3538 3773 3658 3812 non

2007 3845 2197 3914 traho,
2231 3846 2346 3902 alia
2377 3847 2550 3902 fuerit
2582 3845 2766 3902 Maria
2796 3845 3083 3918 Cleophaa,
3113 3845 3230 3901 alia
3255 3845 3436 3903 Maria
3455 3843 3661 3901 Jacobi

2006 3941 2063 3993 et
2091 3936 2330 4002 Josetis,
2383 3935 2706 3991 dummodo
2755 3939 3002 4002 constet,
3053 3951 3170 3989 non
3216 3935 3483 3990 eamdem
3535 3934 3658 3990 Ma-

2009 4027 2157 4082 riam
2188 4025 2390 4081 Jacobi
2423 4029 2480 4081 et
2507 4024 2724 4080 Josetis
2753 4039 3089 4096 esse,quam
3120 4027 3367 4080 matrem
3403 4023 3659 4079 Domini.

2009 4116 2078 4170 Et
2103 4116 2260 4170 unde
2286 4113 2398 4183 ais,
2430 4114 2639 4169 fratres
2696 4113 2928 4168 Domini
2987 4113 3125 4168 dicti
3187 4117 3346 4180 sunt,
3393 4113 3495 4185 qui
3546 4127 3665 4168 non

2009 4209 2178 4262 erant
2205 4204 2411 4260 fratres
2442 4203 2470 4257 ?
2494 4203 2525 4258 J
2533 4220 2627 4259 am
2661 4219 2817 4258 nunc
2847 4202 3441 4274 doceberis,quatuor
3471 4202 3664 4258 modis

2010 4295 2070 4350 in
2101 4294 2417 4366 Scripturis
2470 4292 2686 4348 divinis
2735 4293 2944 4349 fratres
2994 4291 3131 4362 dici,
3182 4299 3413 4358 natura,
3461 4295 3654 4366 gente,

2012 4384 2379 4457 cognatione,
2412 4381 2644 4438 aﬂectu.
2677 4382 2919 4450 Natura,
2967 4382 3142 4450 Esau,
3189 4380 3392 4451 Jacob,
3442 4381 3663 4438 duode-

2011 4473 2126 4529 cim
2155 4471 2499 4545 patriarchae
2530 4471 2572 4538 ⁵,
2602 4471 2866 4528 Andreas
2919 4476 2976 4527 et
3027 4471 3257 4540 Petrus,
3303 4471 3558 4528 Jacobus
3600 4476 3659 4527 et

2017 4633 2151 4691 theai
2201 4650 2330 4706 cap.
2369 4650 2381 4706 ς
2418 4653 2447 4706 «_
2501 4632 2799 4706 Homines,
2857 4631 3072 4706 inquit,
3128 4629 3462 4706 pravissimi
3510 4647 3667 4706 pre-

2017 4703 2586 4777 sumunt'opinionis
2616 4721 2736 4760 suae
2788 4703 3220 4777 aucturitatem,
3267 4703 3421 4777 quod
3471 4703 3670 4777 plures

1937 4767 1983 4831 D
2019 4767 2347 4835 Dominum
2375 4781 2645 4832 nostrum
2679 4776 2888 4832 fratres
2915 4767 3215 4831 habuisse
3236 4767 3314 4830 si't
3360 4767 3669 4830 traditum.

2025 4849 2134 4916 Qui
2164 4849 2215 4906 si
2247 4848 2441 4904 Marize
2472 4848 2575 4902 filii
2627 4848 2899 4914 fuissent,
2948 4851 3005 4903 et
3050 4863 3167 4903 non
3207 4845 3404 4918 potius
3453 4845 3672 4918 Joseph

2025 4940 2094 4979 ex
2124 4921 2314 5002 priore
2335 4920 2611 5002 cpnjugio
2643 4919 2921 5002 suscepti,
2964 4916 3270 5002 nunquam
3304 4916 3365 4972 in
3405 4916 3677 5002 tempore

2027 4987 2320 5068 passionis
2349 4987 2561 5048 Joanni
2594 4987 2856 5064 apostolo
2885 4987 3242 5063 transcripta
3267 4993 3423 5045 esset
3449 4987 3510 5045 in
3539 4987 3676 5046 ina-

2025 5074 2196 5123 trem.
2232 5087 2259 5114 »
2290 5069 2398 5120 etc.

2098 5109 2538 5209 iniiidewivpsum
2592 5134 3013 5209 Hieronymum
3065 5134 3122 5189 in
3167 5132 3566 5209 Commentar.
3619 5133 3682 5209 in

2031 5209 2242 5267 Isaiam
2290 5205 2417 5281 cap.
2447 5223 2586 5281 x_vu.
2613 5205 2827 5281 _V_etus'
2840 5206 3004 5281 enim
3044 5222 3109 5261 ac
3157 5205 3397 5262 rancida
3439 5205 3681 5277 quaestio

2029 5288 2119 5340 est
2148 5283 2219 5338 de
2247 5277 2441 5336 trib—us
2470 5277 2936 5346 Jacobis,multis
2967 5283 3095 5333 tum
3123 5281 3546 5346 veterum,tum
3593 5293 3680 5333 re-

2028 5355 2356 5411 centiorum
2386 5349 2884 5422 disputationibus
2913 5350 3150 5422 agitata.

2099 5428 2120 5460 ⁴
2151 5421 2526 5490 Veronensis,
2573 5422 2860 5478 nonnullis
2911 5421 3093 5478 causis
3142 5421 3474 5478 immutandi
3501 5423 3680 5478 nomi-

2025 5500 2116 5553 nis
2143 5501 2249 5553 etc.

2099 5569 2119 5604 ⁸
2151 5571 2380 5640 Locum
2396 5566 2556 5640 hunc
2587 5581 2657 5622 ex
2697 5565 3050 5640 Hieronymo
3083 5566 3364 5640 Arecitans
3422 5564 3680 5640 Isidorus

2028 5641 2334 5714 Originum
2367 5638 2480 5714 lib._
2507 5656 2581 5703 ix,
2614 5655 2740 5714 cap.
2775 5640 2832 5714 6_,
2853 5635 2972 5694 duo
3004 5637 3206 5694 istbaec
3233 5636 3436 5714 verba,
3481 5635 3680 5714 duode-

2027 5708 2160 5769 cim'
2207 5711 2566 5786 patriarcha,
2625 5708 2864 5786 omittit.
2925 5709 3466 5786 Veronensisrvero
3536 5708 3685 5767 liber

2029 5781 2241 5844 Natura
2270 5787 2330 5841 ut
2357 5783 2522 5852 Esau,
2548 5786 2600 5841 et
2621 5783 2811 5856 Jacob,
2842 5786 2895 5840 et
2921 5781 3224 5852 duodecim,
3257 5785 3366 5838 etc.
3447 5831 3450 5836 .
