3944 6440
334 511 454 576 20⁸1

1572 513 1633 577 S.
1682 511 1992 578 EUSEBII
2033 504 2505 579 lllERONYMI.

3609 511 3723 578 208

334 644 613 704 Joannes.
644 646 845 715 Gente,
877 661 994 720 qua
1023 662 1230 704 omnes
1254 647 1462 717 (Judaei
1493 647 1646 703 inter
1674 664 1737 704 se
1765 648 1975 705 fratres
2002 657 2060 725 Α
2089 649 2468 722 stringendus
2488 665 2550 705 es
2575 647 2923 719 vinculis,ne
2944 646 3225 721 querulus
3245 644 3527 713 sibiles,et
3544 646 3720 716 dicas,

306 739 639 804 'voeantur,
689 740 755 791 ut
798 736 860 791 in
926 736 1412 805 Deuteronomio;
1446 739 1510 793 Si
1554 744 1749 792 autem
1783 738 1978 793 emeris

334 825 566 895 fratrem
597 832 769 891 tuum,
801 822 901 897 qui
923 828 1003 882 est
1028 826 1304 893 Hebraeus,
1330 827 1414 881 vel
1462 842 1581 897 qua
1618 830 1697 881 est
1725 826 1974 893 Hebraea,

333 914 529 969 serviet
548 913 649 969 tibi
677 929 776 970 sese
798 915 963 970 annis
980 931 1003 978 ;
1031 922 1086 971 et
1120 916 1345 988 septimo
1378 930 1523 970 anno
1568 914 1808 970 dimittes
1853 930 1979 971 eum

337 1002 575 1058 liberum
602 1003 697 1059 abs
725 1004 974 1075 te(Deut.
1006 1021 1098 1072 xv,
1149 1003 1258 1075 12).
1312 1004 1381 1059 Et
1426 1003 1486 1058 in
1530 1003 1734 1058 eodem
1780 1021 1800 1059 :
1849 1003 1981 1060 Con-

334 1091 609 1150 stituendo
638 1094 929 1149 constitues
952 1107 1119 1165 super
1169 1097 1221 1150 te
1271 1094 1598 1165 principem,
1657 1108 1815 1163 quem
1871 1093 1977 1149 ele-

334 1182 480 1252 gerit
513 1180 777 1237 Dominus
804 1182 943 1239 Deus
975 1186 1117 1251 tuus,
1153 1199 1277 1237 eum
1301 1183 1399 1253 qui
1442 1198 1511 1237 ea:
1555 1182 1824 1253 fratribus
1869 1184 1980 1238 tuis

336 1270 426 1326 sit.
456 1270 575 1326 Non
601 1269 747 1325 enim
796 1272 1000 1342 poteris
1027 1271 1354 1327 constituere
1401 1286 1567 1342 super
1620 1278 1672 1326 te
1704 1268 1977 1327 hominem

335 1358 726 1430 alienigenam,
776 1360 905 1431 quia
952 1357 1126 1430 [Fort.
1180 1360 1296 1430 qui]
1358 1375 1471 1415 non
1517 1362 1594 1415 est
1639 1362 1816 1430 frater
1857 1363 1981 1415 tuus

338 1446 514 1517 (Deut.
548 1464 652 1514 xu,
685 1449 737 1519 1,
782 1448 861 1519 2).
908 1448 976 1503 Et
1019 1465 1255 1504 rursum
1299 1466 1313 1505 :
1364 1448 1442 1504 Ne
1485 1450 1599 1503 viso
1645 1448 1821 1504 vitulo
1863 1448 1982 1518 fra-

339 1536 439 1592 tris
467 1537 573 1603 tui,
603 1536 687 1592 vel
715 1552 809 1593 ove
855 1538 974 1610 ejus
1021 1538 1341 1593 errantibus
1378 1553 1479 1610 per
1517 1539 1690 1607 viam,
1738 1537 1984 1609 negligas

336 1640 400 1683 ea
429 1643 449 1681 :
477 1628 790 1683 reversione
818 1627 1039 1683 reduces
1073 1643 1139 1683 ea
1183 1629 1356 1698 fratri
1402 1635 1493 1683 tuo
1525 1627 1564 1681 ¹.
1618 1626 1763 1695 Quod
1795 1628 1846 1682 si
1872 1642 1982 1683 non

332 1717 736 1787 appropinquat
782 1716 885 1771 tibi
921 1717 1099 1787 frater
1158 1719 1305 1785 tuus,
1354 1732 1527 1788 neque
1574 1717 1789 1771 noveris
1836 1730 1980 1786 eum,

334 1805 555 1876 colliges
582 1821 648 1861 ea
689 1807 838 1861 intra
884 1805 1103 1861 domum
1150 1810 1344 1873 tuam;
1376 1809 1429 1861 et
1473 1812 1642 1860 erunt
1666 1807 1842 1861 tecum
1888 1804 1981 1860 do-

331 1909 434 1950 nec
464 1903 676 1966 qumrat
694 1911 760 1950 ea
785 1897 965 1966 frater
992 1903 1137 1964 tuus,
1178 1902 1231 1951 et
1277 1893 1466 1950 reddes
1513 1895 1566 1949 ei
1604 1897 1794 1961 (Deut.
1846 1911 1981 1949 xvu.

333 1983 447 2055 Η).
499 1982 565 2039 Et
609 1982 910 2055 apostolus
969 1983 1204 2048 Paulus,
1272 1983 1558 2056 Optabam,
1618 1982 1831 2054 inquit,
1889 1999 1984 2055 ego

335 2076 453 2146 ipse
486 2073 779 2130 anathema
833 2089 946 2129 esse
994 2090 1029 2128 a
1085 2072 1295 2129 Christo
1349 2088 1449 2145 pro
1497 2074 1764 2143 fratribus
1822 2072 1979 2138 meis,

334 2163 580 2235 cognatis
607 2162 901 2219 secundum
929 2178 1169 2231 carnem,
1202 2162 1297 2234 qui
1323 2165 1451 2217 sunt
1498 2162 1766 2219 lsraelitae
1804 2162 1976 2233 (Rom.

334 2269 413 2320 1x,
443 2252 499 2321 3,
532 2252 609 2325 4),
660 2252 835 2307 Porro
877 2250 1222 2324 cognatione
1265 2251 1476 2306 fratres
1523 2253 1824 2315 vocantur,
1878 2250 1978 2321 qui

337 2348 479 2402 sunt
508 2343 579 2399 de
609 2359 727 2397 una
754 2339 996 2407 familia,
1029 2339 1088 2395 id
1121 2345 1230 2407 est,
1277 2341 1465 2411 patria
1498 2339 1519 2373 ²
1548 2356 1561 2395 :
1595 2355 1741 2411 quas
1791 2337 1979 2394 Latini

334 2432 485 2491 221
516 2432 877 2505 paternitates
906 2429 1370 2502 interpretantur
1402 2445 1416 2484 :
1450 2444 1584 2483 cum
1614 2445 1683 2485 ex
1722 2445 1839 2484 una
1888 2444 1979 2483 ra-

335 2524 463 2582 dice
493 2522 681 2579 multa
707 2518 937 2594 generis
966 2517 1139 2573 turba
1162 2515 1531 2584 diffunditur,
1564 2520 1630 2572 ut
1655 2515 1716 2571 in
1748 2514 1977 2572 Genesi.

335 2614 490 2670 Dixit
517 2620 701 2668 autem
752 2608 1026 2665 Abraham
1081 2606 1152 2661 ad
1198 2611 1333 2662 Lot:
1362 2607 1483 2661 Non
1537 2607 1612 2660 sit
1663 2606 1789 2660 rixa
1838 2606 1983 2660 inter

335 2717 424 2759 me
448 2709 498 2758 et
558 2704 628 2769 te,
682 2702 732 2754 et
790 2700 935 2753 inter
986 2703 1225 2769 pastores
1249 2710 1394 2750 meos
1448 2701 1499 2749 et
1544 2697 1790 2765 pastores
1842 2697 1979 2760 tuos,

333 2791 471 2865 quia
502 2789 755 2846 homines
783 2790 982 2858 fratres
1012 2786 1034 2819 ³
1060 2800 1159 2841 nos
1188 2799 1395 2840 sumus.
1445 2782 1646 2854 Ibique
1697 2783 1780 2849 ,Et
1824 2782 1984 2853 elegit

338 2879 470 2937 sibit
499 2880 594 2935 Lot
615 2877 897 2949 regionem
927 2873 1201 2944 Iordanis,
1233 2876 1284 2928 et
1312 2873 1543 2928 elevavit
1568 2872 1663 2928 Lot
1684 2872 1751 2926 ab
1788 2870 1981 2926 Orien-

338 2974 411 3037 te,
442 2976 494 3026 et
518 2968 879 3024 discesserunt
918 2962 1293 3034 unusquisque
1357 2979 1391 3016 a
1446 2962 1623 3032 fratre
1675 2976 1772 3016 suo
1826 2959 1980 3029 (Gen.

335 3075 462 3128 xm,
494 3060 549 3125 8,
581 3056 691 3130 Η).
726 3058 795 3111 Et
823 3059 975 3110 certe
1007 3053 1113 3109 Lot
1167 3067 1284 3107 non
1339 3055 1425 3106 est
1479 3050 1658 3106 frater
1715 3049 1981 3116 Abrahae,

308 3148 439 3206 'sed
464 3147 622 3203 ﬁlius
650 3144 849 3202 fratris
874 3145 1003 3216 ejus
1031 3144 1227 3197 Aram.
1272 3139 1468 3196 Thara
1515 3139 1732 3212 quippe
1782 3139 1985 3211 genuit

335 3237 630 3294 Abraham
663 3239 719 3290 et
746 3232 976 3289 Nachor
1006 3237 1065 3287 et
1091 3232 1261 3285 Aram
1289 3247 1302 3285 :
1336 3234 1393 3285 et
1410 3231 1586 3284 Aram
1618 3228 1821 3300 genuit
1856 3227 1979 3283 Lot.

332 3324 409 3384 Et
436 3341 675 3382 rursum
717 3323 993 3378 Abraham
1039 3328 1223 3376 autem
1268 3326 1388 3374 erat
1439 3334 1716 3374 annorum
1771 3321 1983 3390 septua-

2009 2033 2059 2098 B

2085 741 2141 792 te
2170 739 2358 810 magis
2391 737 3001 809 argumentationibus
3029 737 3330 806 tortuosis,
3365 752 3545 808 quam
3574 736 3720 791 Scri-

2086 829 2392 898 pturarum
2426 826 2666 882 veritate
2697 830 3062 899 superatum.
3112 825 3315 892 Jacob,
3361 824 3523 881 Isaac
3569 823 3722 881 illius

2087 931 2153 971 ac
2184 915 2475 982 Rebeccae,
2509 931 2643 971 cum
2676 915 2873 971 fratris
2919 914 3167 972 insidias
3198 918 3484 973 metuens.
3537 913 3718 970 Meso-

2088 1004 2405 1075 potamiam
2459 1005 2830 1077 perrexisset,
2900 1004 3147 1060 accessit
3195 1009 3252 1060 et
3294 1002 3543 1060 devolvit
3581 1001 3722 1075 lapi-

2046 1166 2047 1169 η
2090 1092 2223 1147 dem
2257 1092 2328 1147 ab
2362 1109 2459 1148 ore
2488 1094 2669 1164 putei,
2705 1099 2761 1148 et
2790 1094 3104 1165 adaquavit
3132 1110 3265 1149 oves
3296 1092 3492 1148 Lab‘an
3537 1090 3729 1148 fratris

2089 1181 2294 1236 matris
2341 1197 2459 1237 suae
2490 1181 2646 1251 (Gen.
2680 1199 2858 1237 xxvm
2896 1187 2951 1237 et
2981 1182 3157 1254 χχιχ).
3189 1183 3257 1237 Et
3308 1182 3589 1239 osculatus
3647 1189 3729 1237 est

2086 1270 2255 1327 Iacob
2288 1270 2510 1333 Rachel,
2542 1273 2592 1325 et
2622 1272 2941 1326 exclamans
2993 1286 3125 1327 voce
3172 1286 3298 1339 sua,
3354 1270 3617 1343 ploravit,
3672 1274 3727 1325 et

2088 1359 2367 1415 indicavit
2398 1357 2619 1424 Rachel,
2653 1361 2787 1432 quia
2814 1362 3001 1431 frater
3030 1368 3112 1415 est
3133 1360 3316 1432 patris
3336 1363 3482 1433 ejus,
3513 1362 3567 1415 et
3596 1360 3729 1431 quia

2090 1448 2240 1517 filius
2270 1449 2527 1505 Rebeccae
2554 1455 2636 1504 est
2664 1452 2822 1519 (Gen.
2855 1465 3011 1518 xxxx,
3062 1450 3172 1521 11).
3225 1450 3368 1505 Ecce
3413 1453 3470 1504 et
3513 1448 3606 1505 hic
3634 1463 3728 1506 ea-

2090 1538 2220 1592 dem
2253 1535 2378 1609 lege
2409 1554 2525 1609 qua
2552 1554 2752 1609 supra,
2787 1538 2983 1606 frater,
3016 1538 3236 1595 sororis
3267 1537 3425 1593 filius
3473 1536 3731 1611 appella-

2090 1629 2207 1681 tur.
2269 1625 2339 1680 Et
2394 1625 2636 1694 iterum;
2672 1628 2833 1682 Dixit
2891 1635 3083 1683 autem
3142 1627 3343 1683 Laban
3401 1626 3471 1683 ad
3523 1628 3726 1684 Iacob:

2089 1716 2375 1785 Quoniam
2400 1716 2595 1786 frater
2641 1730 2797 1770 meus
2838 1733 2914 1784 es,
2962 1732 3073 1773 non
3113 1716 3323 1773 servies
3358 1717 3505 1774 mihi
3550 1718 3735 1786 gratis

2092 1803 2242 1874 (Gen.
2270 1820 2428 1870 xxxx,
2463 1806 2571 1877 19).
2605 1804 2706 1861 Dic
2738 1804 2904 1875 mihi,
2937 1822 3066 1877 quae
3094 1804 3170 1862 sit
3200 1822 3425 1862 merces
3474 1810 3595 1861 tua.
3628 1805 3735 1861 Ex-

2091 1892 2263 1965 pletis
2294 1893 2490 1965 itaque
2519 1893 2720 1965 viginti
2753 1895 2943 1962 annis,
2976 1912 3110 1950 cum
3144 1895 3451 1968 ignorante
3500 1910 3721 1961 socero,

2093 1982 2371 2037 uxoribus
2414 1981 2671 2054 filiisque
2719 1982 3033 2039 comitatus
3081 1987 3465 2039 reverteretur
3510 1983 3579 2039 ad
3630 1999 3732 2056 pa-

2090 2069 2287 2138 triam,
2321 2076 2676 2127 consecutus
2707 2076 2796 2126 est
2826 2071 2980 2128 22‘!
3012 2087 3144 2127 cum
3180 2073 3377 2128 Laban
3432 2072 3492 2127 in
3536 2076 3732 2129 monte

2088 2158 2329 2215 Galaad.
2354 2160 2422 2214 Et
2452 2176 2585 2215 cum
2620 2160 2775 2216 idola
2805 2176 2930 2233 qua:
2964 2160 3177 2237 Rachel
3209 2159 3540 2217 occultabat
3579 2177 3734 2233 que-

2092 2249 2206 2303 sita
2234 2264 2348 2303 non
2383 2248 2706 2305 invenisset
2753 2249 2814 2303 in
2866 2249 3136 2317 sarcinis,
3185 2250 3488 2323 respondit
3530 2250 3731 2318 Jacob,

2088 2341 2145 2392 et
2174 2336 2320 2392 dixit
2349 2337 2419 2393 ad
2462 2338 2649 2393 Laban
2687 2354 2700 2393 :
2735 2338 2873 2407 Qua?
2900 2340 3065 2410 culpa
3104 2356 3235 2395 mea
3264 2356 3343 2406 es,
3375 2344 3429 2395 et
3474 2338 3617 2412 quod
3638 2338 3734 2395 de-

2093 2427 2294 2481 lictum
2323 2443 2529 2494 meum,
2582 2428 2736 2499 quod
2787 2437 3117 2499 persecutus
3173 2444 3228 2483 es
3284 2444 3371 2483 me
3400 2430 3507 2483 γει
3561 2443 3737 2500 quare

2086 2516 2362 2572 serulatus
2391 2532 2448 2571 es
2492 2519 2687 2572 omnia
2716 2532 2844 2572 vasa
2862 2532 2990 2574 mea
3010 2521 3034 2570 .9
3059 2516 3202 2586 Quid
3234 2517 3499 2573 invenisti
3524 2516 3593 2573 de
3609 2532 3734 2574 om-

2088 2605 2254 2661 nibus
2276 2605 2388 2660 tuis
2405 2606 2426 2639 ‘
2446 2609 2469 2661 Ρ
2488 2606 2643 2660 Pone
2662 2604 2754 2660 hic
2774 2605 2832 2660 in
2851 2615 3151 2679 conspectu
3169 2608 3432 2677 fratrum
3448 2610 3737 2663 tuorumet

2088 2693 2351 2767 fratrum
2377 2710 2631 2749 meorum
2655 2710 2668 2749 :
2692 2704 2746 2750 et
2768 2694 3113 2769 redarguent
3133 2696 3285 2751 inter
3301 2711 3399 2753 nos
3427 2696 3561 2752 duos
3581 2695 3730 2768 (Gen.

2090 2800 2245 2853 xxxi,
2270 2783 2360 2849 36,
2392 2783 2817 2857 37).Responde
2849 2785 2948 2857 qui
2979 2786 3099 2842 sint
3128 2786 3223 2840 isti
3253 2785 3464 2843 fratres
3482 2786 3656 2842 Jacob
3672 2790 3732 2843 et

2093 2871 2415 2943 Laban,qui
2443 2876 2583 2927 tunc
2616 2874 2848 2929 fuerant
2877 2875 2935 2929 in
2968 2875 3418 2946 praesentiEsau
3450 2880 3602 2931 certe
3622 2874 3734 2933 fra-

2091 2966 2177 3016 ter
2194 2961 2375 3017 Jacob
2397 2961 2609 3017 absens
2630 2966 2837 3030 eratet
2852 2963 3050 3019 Laban
3069 2963 3224 3020 filius
3239 2963 3483 3020 Bathucl
3506 2965 3736 3031 fratres,

2093 3057 2329 3122 excepta
2359 3067 2554 3107 sorore
2582 3052 2857 3120 Rebecca,
2882 3069 2998 3109 non
3033 3050 3257 3108 habuit.

2164 3140 2248 3194 15.
2285 3138 2745 3196 Innumerabilia
2775 3144 2914 3196 sunt
2942 3140 3279 3198 istiusmodi
3318 3140 3486 3198 libris
3519 3142 3742 3199 inserta

2092 3227 2323 3284 divinis.
2360 3229 2472 3283 Sed
2496 3245 2568 3284 ne
2596 3229 2839 3301 longum
2872 3230 3104 3301 faciam,
3137 3231 3209 3286 ad
3240 3234 3561 3301 extremam
3591 3230 3741 3291 divi-

2093 3316 2278 3373 sionis
2308 3322 2533 3390 partem
2561 3323 2835 3382 revertar,
2871 3318 2925 3373 id
2980 3323 3089 3384 est,
3149 3322 3206 3374 et
3262 3319 3471 3375 affectu
3530 3320 3742 3376 fratres

345 3418 503 3487 ginta
538 3416 795 3485 quinque,
840 3426 965 3466 cum
1010 3411 1186 3465 exiret
1232 3407 1297 3464 de
1354 3406 1592 3463 Charon.
1648 3409 1713 3463 Et
1755 3409 1986 3480 sumpsit
2016 3401 2058 3469 C
2098 3405 2231 3473 dici,
2264 3406 2365 3478 qui
2398 3407 2456 3462 in
2483 3407 2598 3463 duo
2630 3407 2937 3473 scinditur,
2969 3406 3028 3462 in
3060 3406 3321 3481 spiritale
3346 3409 3366 3442 ⁸
3397 3412 3453 3464 et
3481 3408 3541 3463 in
3580 3425 3741 3465 com-

347 3505 625 3562 Abraham
655 3502 849 3558 Saram
877 3514 1104 3555 uxorem
1134 3514 1320 3562 suam,
1351 3500 1401 3552 et
1433 3497 1528 3552 Lat
1575 3497 1759 3567 ﬁlium
1792 3498 1987 3567 fratris

346 3596 437 3650 sui
464 3593 598 3665 (Gen
652 3607 753 3659 xu,
804 3591 881 3659 4).
933 3587 1094 3654 Quod
1145 3586 1195 3642 si
1242 3585 1433 3641 adhuc
1479 3584 1714 3641 dubitas
1745 3586 1985 3642 fratrem

343 3683 543 3741 fratris
574 3681 762 3738 filium
811 3676 1161 3749 nuncupari,
1210 3675 1405 3747 accipe
1450 3675 1803 3747 exemplum.
1854 3674 1990 3730 Cum

345 3782 529 3831 autem
558 3771 803 3829 audisset
847 3767 1149 3833 Abraham,
1196 3765 1329 3837 quia
1378 3765 1630 3837 captivus
1675 3763 1866 3820 ductus
1913 3770 1989 3821 est

347 3864 444 3927 Lat
465 3865 645 3935 frater
664 3876 816 3928 suus,
865 3856 1179 3914 numeravit
1228 3853 1549 3910 vernaculos
1576 3868 1699 3909 suos
1728 3862 1990 3911 trecentos

300 3946 533 4019 .decem
576 3964 630 4017 et
685 3966 801 4016 octo
859 3956 1012 4029 (Gen.
1084 3953 1225 4025 xxv).
1284 3952 1354 4007 Et
1414 3968 1548 4008 cum
1608 3951 1823 4007 caedem
1883 3968 1989 4009 no-

344 4051 536 4110 cturni
587 4050 811 4122 impetu
869 4043 1298 4117 descripsisset,
1359 4040 1571 4113 adjecit
1609 4057 1621 4096 :
1657 4043 1725 4097 Et
1764 4042 1988 4099 reduxit

296 4142 301 4145 ’
344 4154 571 4199 omnem
598 4139 921 4210 equitatum
940 4128 1328 4199 deomorum,
1349 4136 1404 4186 et
1426 4130 1527 4186 Lot
1550 4130 1789 4201 fratrem
1820 4148 1989 4188 suum

341 4229 627 4287 revocavit
674 4225 836 4299 (Ibid.
900 4224 1007 4295 16).
1067 4220 1375 4277 Sufficiunt
1430 4218 1552 4275 haec
1609 4219 1679 4275 ad
1741 4235 1809 4276 ea
1860 4237 1990 4293 quae

345 4320 604 4379 diximus
635 4314 1032 4391 approbanda.
1068 4312 1178 4368 Sed
1211 4328 1283 4367 ne
1321 4310 1382 4364 in
1431 4308 1628 4382 aliquo
1678 4309 1987 4378 cavillaris,

344 4415 404 4470 et
431 4414 488 4466 te
518 4407 687 4482 quasi
718 4404 979 4461 lubricus
1010 4400 1220 4475 unguis
1242 4398 1493 4466 evolvas,
1516 4397 1989 4456 testimoniorum

419 4533 637 4592 1Addit
670 4528 1023 4588 Veronensis
1080 4525 1246 4596 liber,
1306 4526 1372 4580 Et
1430 4523 1622 4579 reddes
1694 4540 1766 4581 ea
1814 4524 1993 4599 fratri

341 4616 464 4667 tuo.

288 4722 297 4731 .
374 4666 524 4737 Hild
559 4686 643 4734 est
695 4675 918 4748 patria.
978 4666 1782 4748 Genuinabzecestnlectio
1830 4684 1986 4748 mss.

340 4753 634 4818 codicum,
668 4737 975 4817 facilisque
1003 4741 1203 4818 lectori
1234 4740 1283 4796 si
1304 4737 1729 4818 __s_uhintellig_at
1746 4739 1988 4818 patrias,

340 4810 400 4882 id
431 4828 539 4890 est,
575 4810 725 4894 quas
758 4810 979 4892 patrias
998 4815 1129 4894 _s_i_v_e
1176 4811 1434 4894 familias
1480 4810 1680 4894 Latini
1719 4810 1989 4894 paterni-

340 4881 491 4954 tates
517 4881 1144 4966 interpretantu_r.Vide
1174 4900 1369 4966 supra.
1387 4881 1985 4966 Commentdn'Epist.

340 4969 414 5024 ad
444 4954 812 5039 Ephesfcap.
843 4962 879 5016 3
900 4959 1185 5039 Maurum.
1219 4954 1516 5039 ipsum
1548 4970 1654 5039 ego
1684 4954 1797 5039 legi
1831 4954 1985 5010 Grie-

342 5055 406 5095 ce
434 5026 1167 5109 adepti,'quémadmodum
1195 5032 1253 5109 et
1283 5026 1801 5109 Victorius'habet,
1849 5041 1985 5109 cum

342 5113 518 5165 antea
538 5098 848 5179 ‘perp‘eram
878 5107 1033 5160 esset
1055 5100 1264 5179 patriae
1286 5115 1298 5153 :
1324 5098 1557 5179 tametsi
1582 5098 1783 5153 Latine
1800 5098 1988 5179 patria

345 5197 490 5237 mss.
522 5169 784 5247 efferant,
838 5169 1341 5247 atqueulsidorus.
1396 5172 1585 5247 Atque
1615 5186 1713 5247 _ea_
1746 5169 1985 5240 quidem

341 5269 452 5309 vox
476 5251 698 5324 patria,
749 5241 1211 5324 smel-tulliano
1255 5246 1485 5324 servata
1542 5245 1632 5297 est
1678 5241 1874 5297 Poem.
1931 5257 1987 5294 1v

343 5313 624 5383 adversus
645 5313 1019 5387 Marcionem,
1052 5316 1152 5373 ubi
1179 5315 1251 5371 de
1279 5313 1509 5371 Christo
1534 5329 1546 5368 :

433 5439 512 5489 Ad
541 5450 702 5502 quem
731 5449 787 5484 se
808 5447 1040 5502 curvare
1072 5445 1217 5502 genu
1246 5429 1404 5502 plane
1433 5441 1592 5478 omne
1623 5426 1836 5502 fatetur,

431 5503 509 5553 Ex
537 5494 644 5565 quo
675 5498 851 5548 omnis
880 5496 1051 5547 mm
1081 5499 1140 5545 tu
1175 5494 1310 5544 cmlo
1340 5496 1591 5555 terraque
1609 5494 1848 5548 vocatur,

288 5642 291 5643 ν
342 5611 817 5681 ῡθευωρῐυωᾼθχ
848 5601 1108 5681 Epistula
1134 5602 1204 5679 ad
1238 5598 1519 5681 Ephesios
1550 5614 1676 5681 cap.
1710 5613 1796 5662 III,
1830 5595 1978 5680 v115:

280 5706 285 5709 τ
336 5686 423 5741 Ea:
450 5673 766 5749 quo'omnis
794 5673 1105 5749 paternitas
1126 5674 1186 5729 in
1206 5674 1362 5749 cwlis
1382 5677 1437 5726 et
1470 5673 1528 5725 in
1549 5676 1708 5724 terra
1727 5673 1983 5749 nomina-

336 5700 423 5741 ιω
486 5700 555 5738 uo
584 5700 766 5736 omnis
794 5700 1105 5749 pawruuus
1126 5700 1186 5729 in
1206 5700 1359 5729 virus
1382 5700 1433 5726 σι
1471 5700 1528 5725 m
1549 5700 1562 5724 ι
1577 5700 1622 5724 ω
1639 5700 1656 5724 ι
1675 5700 1708 5723 u
1729 5700 1981 5722 ηυηιυιιι-

334 5700 522 5812 turfin
545 5767 720 5825 quem
737 5749 929 5825 locum
944 5751 1142 5803 noster
1165 5745 1550 5825 Hieronymus
1579 5740 1981 5825 patﬂrnitatem

336 5809 710 5903 inatque
736 5823 797 5903 in
825 5825 1017 5903 σηεερο
1292 5809 1976 5903 ερεηευτέωίςξρρίίῆξιί

336 5882 507 5963 ἰᾶἱάε
533 5882 794 5972 cognatio
818 5894 903 5953 vel
929 5882 1179 5971 familia
1209 5886 1449 5960 dicitur,
1489 5882 1979 5942 etc.Martianasus

2099 3512 2294 3552 mune.
2330 3495 2393 3552 In
2426 3495 2708 3569 spiritale,
2754 3497 2893 3568 quia
2921 3514 3125 3552 omnes
3167 3496 3482 3554 Christiani
3530 3497 3743 3554 fratres

2096 3601 2391 3653 vocamur,
2426 3590 2493 3640 ut
2523 3584 2601 3640 ibi
2632 3602 2644 3640 :
2677 3587 2809 3641 Ecce
2839 3603 3009 3659 quam
3040 3588 3240 3642 bonum
3270 3592 3325 3641 et
3348 3603 3457 3658 qua
3479 3603 3515 3641 η
3530 3587 3743 3658 jucun-

2097 3675 2229 3732 dum
2259 3675 2514 3729 habitare
2538 3677 2754 3745 fratres
2784 3676 2842 3730 in
2900 3693 3073 3731 unum
3104 3676 3273 3747 (Psal.
3332 3691 3602 3744 cxxxvm,
3630 3730 3631 3735 η
3662 3677 3741 3748 1).

2099 3764 2169 3819 Et
2198 3764 2257 3817 in
2290 3761 2402 3817 alio
2450 3762 2677 3833 psalmo
2734 3762 3033 3821 Salvator:
3074 3765 3341 3835 Narrabo,
3398 3763 3593 3837 inquit
3649 3781 3749 3821 no-

2096 3868 2223 3907 men
2252 3853 2410 3906 tuum
2446 3852 2717 3922 fratribus
2772 3855 2909 3908 meis
2966 3854 3137 3926 (Psal.
3194 3870 3273 3925 x1,
3321 3853 3429 3922 23).
3464 3853 3533 3908 Et
3562 3851 3745 3909 alibi:

2103 3941 2259 4010 Vade,
2299 3939 2388 3995 die
2414 3941 2682 4011 fratribus
2709 3944 2846 3996 meis
2900 3942 3078 4013 (Joan.
3138 3960 3234 4011 xx,
3296 3942 3405 4014 17).
3465 3945 3638 3998 Porro
3682 3942 3747 3999 in

2099 4046 2431 4095 commune,
2465 4029 2603 4101 quia
2633 4046 2834 4087 omnes
2865 4048 2933 4087 ex
2963 4049 3081 4087 uno
3112 4037 3273 4105 patre
3304 4031 3445 4099 nati,
3493 4030 3619 4103 pari
3650 4031 3751 4089 in-

2100 4124 2186 4175 ter
2212 4136 2318 4175 nos
2364 4119 2748 4191 germanitate
2796 4120 3232 4193 conjungimur.
3283 4121 3458 4177 Dicite
3503 4120 3605 4188 ait,
3656 4122 3750 4177 his

2099 4212 2196 4281 qui
2222 4208 2452 4264 oderunt
2475 4224 2584 4275 vos,
2620 4212 2824 4280 fratres
2880 4212 3058 4266 nostri
3096 4212 3222 4266 estis
3253 4211 3382 4282 (lsa.
3445 4209 3550 4265 ult.
3611 4226 3751 4283 cap.

2097 4315 2205 4356 sec.
2241 4297 2412 4369 LXX).
2471 4298 2541 4352 Et
2594 4297 2909 4370 Apostolus
2971 4300 3042 4355 ad
3074 4297 3403 4357 Corinthios
3434 4299 3492 4354 6:
3526 4298 3587 4354 Si
3623 4301 3760 4372 quis

2097 4391 2273 4461 frater
2300 4388 2624 4443 nominatur
2644 4389 2969 4459 fornicator,
3002 4396 3101 4445 aut
3154 4405 3375 4457 avarus,
3438 4396 3533 4444 aut
3582 4387 3760 4447 idolis

2102 4514 2197 4587 qui
2232 4513 2325 4568 hic
2355 4510 2465 4587 loci
2498 4510 2861 4587 subintelligi
2896 4514 3063 4584 jubet
3116 4515 3348 4585 patrias,
3391 4514 3446 4569 id
3488 4520 3569 4570 est
3610 4529 3761 4586 quas

2096 4585 2334 4668 patrias,
2366 4585 2479 4638 sive
2520 4585 2772 4668 familias
2818 4586 3021 4668 .Latini
3065 4587 3434 4668 paternitates.
3461 4585 3765 4668 .interpre-

2096 4657 2310 4727 tantur,
2340 4670 2580 4710 sensum
2612 4657 2865 4712 auctoris
2897 4657 3081 4713 nostri
3112 4657 3355 4714 minime
3383 4657 3616 4714 videtur
3659 4674 3764 4715 as-

2104 4735 2360 4787 secutus.
3144 4785 3152 4787 Α

2022 4780 2066 4845 D
2104 4780 2413 4858 "(Falso
2471 4802 2641 4854 antea
2700 4797 3003 4856 obtinebat
3065 4785 3272 4867 omnes,
3347 4815 3482 4857 cum
3554 4799 3764 4858 Graece

2097 4873 2272 4930 etiam
2300 4874 2379 4930 Sit
2406 4877 2650 4940 ἅνθρωποι
2676 4876 2898 4940 ἀδελφοί.

2168 4896 2272 4929 ιᾶω
2300 4896 2379 4930 διῐ,
2406 4896 2650 4940 ανῠρωποι
2676 4896 2797 4926 αοεΛ
2836 4896 2898 4926 οι.

2168 4944 2188 4978 ⁴
2218 4940 2565 5002 Veronensis
2597 4940 2762 5008 liber,
2794 4896 2859 4997 de
2886 4942 3137 5000 omnibus
3165 4942 3328 4999 rebus
3356 4945 3488 4999 tuis.

2166 5017 2187 5050 ⁵
2238 5015 2518 5082 Isidorus,
2560 5013 2643 5086 ,In
2692 5015 2948 5085 spiritale
3001 5018 3055 5069 et
3108 5031 3416 5081 commune,
3474 5012 3763 5086 Spiritale

2093 5104 2197 5163 quo
2225 5103 2408 5163 omnes
2441 5085 2769 5163 Christiani,
2801 5089 2909 5163 etc.
2942 5086 3013 5141 Et
3047 5087 3221 5163 infra,
3271 5085 3565 5163 Commune
3614 5102 3759 5163 cum

2094 5157 2276 5287 birtines
2310 5162 2552 5287 homines
2583 5172 2651 5211 ex
2680 5173 2785 5212 uno
2807 5161 2966 5229 patre
3006 5161 3148 5227 nati,
3202 5161 3361 5231 patri
3414 5157 3548 5231 (leg.
3592 5161 3765 5231 pari)

2094 5249 2151 5287 in
2179 5248 2240 5287 er
2265 5249 2384 5287 nos.
2416 5249 2447 5287 e
2476 5246 2525 5285 c.

2093 5246 2240 5288 inter
2265 5249 2384 5288 nos.
2416 5246 2505 5287 etc
2514 5270 2525 5283 .

2162 5249 2819 5377 :e’fziéiifiigointerpres
2846 5299 3024 5377 habet
3068 5299 3224 5370 ﬁliis,
3276 5303 3372 5373 qui
3414 5304 3591 5377 frater
3646 5317 3763 5358 no-

2093 5373 2366 5444 minatur,
2400 5378 2476 5431 est
2512 5374 2835 5445 fornicator,
2879 5375 2974 5427 aut
3026 5389 3248 5445 avarus.
3299 5373 3422 5429 etc.
3461 5373 3770 5445 Hierony-

2093 5448 2301 5503 mianaz
2330 5444 2599 5503 lectionis
2620 5443 2925 5505 diversitas
2955 5460 3024 5498 ex
3053 5444 3234 5499 Graeci
3283 5450 3478 5502 textus
3504 5453 3539 5513 ἥ
3567 5443 3770 5501 vocu-

2092 5518 2149 5575 la
2177 5519 2515 5583 derivatur;
2550 5514 2599 5572 si
2629 5515 2785 5570 enim
2816 5517 2850 5576 ἥ
2894 5514 3141 5587 legatur,
3197 5516 3495 5588 significat
3542 5524 3692 5584 aut;
3730 5518 3773 5582 ᾗ

2091 5595 2289 5647 autem
2346 5588 2777 5662 signiﬁcabat.
2835 5594 2951 5662 _'Eav
3010 5610 3078 5652 τις
3150 5594 3333 5662 ᾁδλῃὸς
3387 5595 3771 5662 ὀνομοζόμενᾳς

2089 5670 2154 5753 ξιτ..
2177 5663 2283 5753 (vel
2313 5663 2367 5731 ᾖ)
2397 5656 2591 5753 ἷτόθξος.
2632 5656 2909 5753 Apposite
2939 5674 3087 5753 Ivero
3146 5656 3453 5753 lectionem
3473 5656 3483 5659 ⁷
3503 5656 3778 5753 expotnit

2089 5727 3155 5817 Νξόορὴόὶυυεςϐοηξρξιξῑὶηορριὶξτιηυε
3188 5727 3607 5817 cap.‘3‘7.,aptud
3645 5732 3777 5788 Co-

2088 5800 2642 5873 telerium,volum.3
2673 5802 3185 5858 Monumentorum
3208 5800 3770 5861 Ecclesia—Gracia:

2086 5884 2144 5940 Εἴ
2191 5901 2261 5948 τις
2313 5883 2518 5957 ἀδελφὸς
2572 5878 2930 5947 ὀνομαζόμενος
2983 5876 3018 5945 ἦ
3071 5881 3263 5954 πὸρνος·
3330 5880 3426 5951 οὐχ
3479 5881 3536 5935 ὃν
3604 5877 3775 5934 Salva
