3944 6430
995 342 1099 413 DE
1141 344 1564 414 pauperes
1607 342 2122 413 VIRGINITATE
2165 342 2238 413 Β.
2284 346 2582 415 ΜΑιιιλΕ.
2624 304 2893 414 ΠΜ]ηέ

3638 257 3667 275 ε

3508 334 3633 409 ne

234 481 587 552 semens,aut
637 479 957 550 maledicus,
1006 486 1101 538 aut
1154 483 1417 549 ebriosus,
1493 492 1591 539 aut
1667 498 1867 555 rapax,
1900 483 1955 550 Α
1982 482 2240 558 Virginis
2268 489 2433 543 tuam
2466 486 2689 543 rabiem
2716 483 3037 555 contulisti,
3059 483 3120 542 in
3141 466 3475 558 exemplum
3494 479 3631 556 ejus

235 568 346 629 cum
372 569 640 641 eiusmodi
667 587 767 627 nec
794 573 979 628 cibum
1017 587 1232 630 sumere
1259 573 1307 645 (I
1362 572 1482 628 Cor.
1544 589 1582 627 ν
1634 571 1748 645 lt),
1809 577 1866 629 et

236 665 425 718 cetera
452 661 547 717 his
595 660 833 718 similia.
892 661 1186 734 Interrogo
1234 679 1411 730 nunc,
1462 662 1633 735 juxta
1685 662 1864 734 quem

234 749 458 807 modum
491 750 702 808 fratres
723 750 954 807 Domini
977 750 1037 806 in
1064 750 1370 825 Evangelia
1409 750 1706 824 intelligas
1762 769 1864 824 ap-

235 839 441 915 pellari.
473 840 650 896 Juxta
679 840 989 897 naturam!
1024 840 1135 898 Sed
1168 841 1471 913 Scriptura
1525 858 1642 897 non
1699 841 1862 908 dicit,

235 945 327 986 nec
351 929 541 986 Mariae
580 946 680 987 eos
735 945 949 986 vocans
1008 929 1184 999 filios,
1239 947 1343 986 nec
1400 930 1640 1004 Joseph.
1689 931 1867 987 Juxta

235 1019 501 1092 gentem?
527 1019 640 1075 Sed
670 1019 995 1076 absurdum
1026 1023 1136 1086 est,
1171 1023 1235 1075 ut
1292 1020 1461 1092 pauci
1521 1036 1591 1076 ex
1644 1020 1865 1077 Judaeis

233 1108 404 1166 vocati
434 1109 555 1165 sint
584 1108 793 1165 fratres
824 1125 959 1164 cum
1020 1125 1223 1165 omnes
1282 1110 1382 1182 qui
1434 1109 1513 1165 ibi
1559 1114 1727 1166 erant
1756 1110 1865 1166 hac

236 1196 347 1272 lege
368 1197 576 1267 Judaei,
606 1199 816 1254 fratres
849 1199 1148 1271 potuerint
1179 1198 1479 1271 appellari.
1514 1200 1696 1255 Juxta
1726 1200 1862 1255 affe-

234 1292 378 1345 ctum
407 1287 828 1359 humanijuris
862 1304 927 1344 ac
957 1288 1199 1361 spiritus
1219 1289 1247 1344 ?
1278 1289 1494 1344 Verum
1530 1289 1580 1346 si
1609 1289 1715 1355 sic,
1763 1290 1862 1363 qui

234 1377 408 1451 magis
441 1378 649 1434 fratres
680 1392 855 1450 quam
887 1377 1156 1450 apostoli,
1190 1394 1339 1450 quos
1367 1378 1609 1434 docebat
1656 1378 1864 1434 intrin-

233 1482 407 1536 secus,
440 1484 592 1540 quos
622 1471 840 1523 matres
863 1466 1110 1523 vocabat
1140 1472 1196 1524 et
1229 1467 1435 1524 fratres
1466 1467 1493 1522 ?
1520 1470 1635 1523 Aut
1663 1467 1712 1525 si
1741 1484 1865 1524 om-

232 1572 324 1613 nes
367 1556 507 1629 quia
563 1555 831 1613 homines
862 1558 901 1622 ί,
963 1557 1171 1613 fratres
1226 1557 1379 1615 228
1440 1557 1688 1613 stultum
1758 1558 1867 1613 fuit

231 1646 475 1703 nuntiari
506 1645 677 1718 quasi
709 1646 1034 1719 proprium,
1058 1647 1189 1702 Ecce
1215 1648 1418 1717 fratres
1451 1648 1535 1703 tui
1563 1655 1867 1720 quaerentes

230 1737 329 1808 [Αἰι
348 1734 637 1809 quierunt]
666 1739 751 1791 te:
786 1752 921 1791 cum
952 1734 1302 1808 generaliter
1334 1752 1541 1792 omnes
1597 1736 1867 1793 homines

229 1824 472 1926 hocjure
499 1826 621 1882 sint
641 1825 870 1928 fratres.
907 1825 1116 1928 Pestat
1145 1825 1345 1926 igitur,
1468 1826 1639 1897 juxta
1694 1842 1867 1928 supe-
1902 1862 1950 1928 B

226 1915 424 1972 riorem
455 1913 880 1989 expositionem
901 1914 1111 1970 fratres
1134 1931 1234 1971 eos
1283 1914 1579 1989 intelligas
1619 1914 1872 1990 appella-

228 2008 333 2073 tos,
362 2003 727 2079 cognatione,
770 2020 886 2060 non
916 2004 1164 2072 affectu;
1193 2020 1308 2060 non
1340 2006 1362 2039 ²
1398 2004 1587 2079 gentis
1646 2004 1873 2078 privile-

227 2095 454 2168 gio,non
485 2098 714 2151 natura.
742 2095 1042 2161 Quomodo
1094 2095 1200 2151 Lot
1264 2095 1530 2164 Abrahae,
1575 2096 1870 2167 quomodo

226 2184 392 2240 Jacoh
425 2184 623 2240 Laban
655 2188 744 2240 est
772 2183 1100 2256 appellatus
1131 2185 1326 2252 frater,
1364 2186 1659 2257 quomodo
1700 2190 1758 2240 et
1807 2186 1869 2240 fi-

225 2272 310 2329 liae
337 2273 632 2347 Salphaad
662 2273 959 2346 accipiunt
987 2273 1219 2330 Clerum
1248 2273 1404 2330 inter
1451 2275 1661 2330 fratres
1706 2292 1866 2339 suos,

229 2362 513 2436 quomodo
540 2366 598 2420 et
621 2362 920 2419 Abraham
950 2362 1078 2436 ipse
1126 2364 1331 2419 Saram
1386 2380 1648 2420 sororem
1697 2381 1867 2420 suam

226 2451 423 2509 habuit
446 2452 958 2509 uxorem.Etenim
991 2452 1091 2520 ait,
1125 2453 1257 2509 Vere
1283 2469 1441 2509 soror
1492 2469 1617 2508 mea
1672 2456 1750 2509 est
1805 2453 1871 2509 de

223 2551 390 2615 patre,
423 2542 517 2599 sed
537 2557 647 2597 mm
679 2541 744 2597 de
785 2550 960 2598 matre
988 2541 1143 2610 (Gen.
1194 2560 1291 2612 xx,
1343 2542 1539 2615 11),id
1595 2546 1702 2612 est,
1752 2543 1866 2598 fra-

221 2631 322 2688 tris
350 2635 440 2689 est
468 2630 736 2700 ﬁlia,non
758 2630 996 2687 sororis.
1029 2631 1262 2705 Alioqui
1293 2632 1463 2704 quale
1483 2636 1667 2701 est,ut
1686 2633 1866 2688 Abra-

222 2719 353 2777 ham
383 2721 474 2777 vir
486 2721 900 2793 justus,patris
930 2719 1023 2777 sui
1054 2720 1236 2776 filiam
1269 2722 1583 2795 conjugem
1602 2737 1869 2795 sumpse-

225 2811 295 2867 rit
321 2812 364 2878 ⁸,
392 2826 530 2867 cum
589 2811 648 2865 in
704 2810 912 2883 primis
958 2809 1300 2867 hominibus
1338 2817 1577 2884 propter
1633 2812 1865 2867 aurium

222 2896 585 2958 sanctitatem
616 2900 877 2973 idipsum
914 2900 1181 2973 Scriptur
1229 2917 1343 2956 non
1395 2901 1677 2968 nominet,
1738 2917 1867 2956 ma-

219 2988 341 3048 lens
371 2988 643 3063 intelligi,
678 3006 856 3062 quam
880 2988 1159 3061 proferri;
1193 2994 1249 3046 et
1277 2990 1432 3046 Deus
1478 2989 1606 3063 lege
1669 2993 1869 3063 postea

222 3080 461 3149 sanciat,
486 3096 555 3135 ac
581 3078 868 3135 minetur:
920 3081 1037 3153 Qui
1094 3082 1359 3152 acceperit
1415 3096 1656 3136 sororem
1711 3096 1872 3135 suam

220 3168 284 3226 de
301 3173 463 3242 patre
495 3184 616 3237 suo,
642 3168 724 3224 vel
748 3168 817 3225 de
845 3177 1018 3225 matre
1044 3185 1167 3237 sua,
1214 3172 1266 3225 et
1317 3168 1515 3226 viderit
1573 3169 1869 3242 turpitudzi

217 3238 340 3316 nem
377 3260 517 3331 ejus,
563 3259 684 3330 ipsa
726 3257 935 3314 viderit
980 3257 1379 3330 turpitudinem
1438 3260 1617 3325 illius,
1664 3238 1866 3332 toppro—
1897 3238 1940 3306 (ἶ

221 3349 398 3405 brium
425 3356 543 3404 est:
573 3351 624 3403 et
652 3349 1212 3405 exterminanbuntur
1232 3364 1418 3404 coram
1458 3349 1594 3419 ﬁliis
1650 3351 1867 3418 generis

217 3440 317 3495 sui.
378 3437 797 3510 Turpitudinem
851 3440 1054 3494 sororis
1103 3453 1223 3496 suae
1289 3439 1517 3507 detexit,
1586 3448 1869 3511 peccatum

214 3543 367 3584 suum
394 3527 841 3600 recipict(Levit.
874 3544 1036 3597 xvm,
1068 3529 1150 3601 9).

283 3617 369 3673 16.
395 3615 846 3689 Imperitissime
873 3615 1204 3686 hominum,
1239 3617 1353 3674 ista
1384 3634 1500 3674 non
1542 3617 1790 3690 legeras,
1813 3622 1871 3674 et

218 3710 330 3764 toto
374 3706 744 3779 Scripturam
804 3706 1010 3781 pelago
1081 3706 1380 3777 derelicto,
1443 3707 1517 3763 ad
1592 3706 1869 3780 injuriam

221 3917 322 3978 εἶδε
348 3920 705 3999 πρρνεύοντα,
738 3919 941 3999 λέγειν-
975 3920 1147 3993 δοκεῖ,
1190 3920 1336 3999 ᾀλλὰ
1390 3923 1481 3999 τὸν
1530 3922 1871 3999 ὀνομαζόμε-

221 4014 328 4063 νον,
360 3992 499 4069 circa
531 3999 662 4049 πᾶσι
707 3992 1133 4069 γινώσκόμενον.
1191 3995 1253 4052 Si
1305 3997 1428 4069 quis
1483 3992 1659 4067 frater
1702 3992 1877 4054 nanti-

222 4068 542 4139 natur(sive
571 4068 748 4123 notus
778 4068 884 4139 est)
915 4070 1249 4139 fornicator:
1282 4068 1393 4123 non
1422 4069 1652 4125 videtur
1696 4069 1874 4126 dicere

222 4156 376 4213 quem
402 4155 681 4213 nonnemo
709 4141 1075 4211 fornicantem
1114 4140 1289 4209 vidit;
1348 4140 1441 4196 sed
1500 4142 1873 4210 nominatum,

221 4212 327 4269 sive
353 4213 421 4267 ab
452 4212 709 4268 omnibus
737 4213 1041 4281 cognitum.

289 4285 306 4319 ¹
337 4283 689 4356 Isthmcitut
714 4284 978 4356 siomncs
1035 4284 1166 4356 quia
1223 4283 1487 4350 homines,
1536 4287 1761 4355 fratres,
1815 4283 1874 4339 in

222 4352 549 4413 Veronensi
573 4354 721 4410 libro
753 4352 1180 4412 desiderantur.

288 4428 401 4511 ’_In
436 4427 646 4484 eodem
678 4442 789 4482 ms.
822 4443 935 4483 non
979 4428 1135 4484 istud
1187 4426 1567 4501 expungitur,
1628 4426 1876 4484 fortasse

223 4514 413 4556 νει-ωε
424 4542 437 4554 .

289 4572 312 4606 ³
338 4570 534 4643 Sentit
563 4569 882 4626 Abrahami
934 4574 1217 4643 tempore,
1251 4571 1433 4643 nefas,
1474 4570 1657 4627 fuisse
1715 4586 1874 4626 soro-

227 4659 314 4715 res
334 4623 895 4715 essetisessetis
941 4623 1618 4715 assuetasaiosua
1634 4623 1877 4715 quassa
1909 4623 1955 4687 D

227 4714 459 4772 Patrum
493 4714 789 4770 sententia
809 4719 917 4785 est,
942 4720 1001 4771 et
1032 4714 1355 4788 praesertim
1409 4714 1718 4788 Augustini
1771 4714 1873 4788 lib.

225 4803 343 4869 xxix
369 4790 564 4869 contra
592 4788 874 4869 Faustum,
900 4786 1131 4869 cap
1166 4787 1319 4869 ‘Sed
1342 4786 1728 4869 refragantur_
1760 4786 1879 4869 ple-

229 4858 389 4931 rique
418 4857 545 4931 alii,
593 4858 695 4930 qui
741 4857 1329 4931 Saramltbrahami
1381 4857 1642 4914 sororem
1703 4857 1883 4931 fuisse

229 4929 341 4987 non
371 4929 671 5003 dubitant,
701 4931 856 5003 quod
904 4932 1278 5003 Ahrahamus
1317 4929 1443 5003 ipse
1495 4933 1637 4985 Gen.
1697 4947 1775 4996 x1,
1815 4930 1880 5003 9,

229 5003 441 5059 diserte
463 5001 791 5075 profitetur.
826 5003 977 5075 Quin
1012 5005 1188 5075 etiam
1220 5001 1457 5075 Davidivs
1498 5006 1761 5075 tempore
1814 5001 1883 5075 li:

230 5075 421 5132 cuisse
451 5072 562 5148 alii
586 5073 826 5148 volunt:
863 5074 1084 5148 alioqui
1115 5074 1375 5130 Thamar
1422 5072 1656 5129 Amnon
1718 5072 1883 5129 fratri

230 5156 334 5220 suo
355 5162 476 5220 non
506 5144 771 5220 dixisset,
803 5151 867 5202 ut
897 5164 959 5202 se
989 5144 1301 5220 conjugem
1328 5162 1375 5220 Aa
1396 5149 1634 5220 parente
1683 5151 1883 5220 postu-

231 5217 396 5286 laret,
422 5217 475 5274 Il
505 5217 645 5291 Reg.
687 5234 816 5286 xm,
866 5216 1235 5302 quanquam.
1257 5216 1493 5302 scim'us‘
1539 5217 1659 5300 hinc
1688 5216 1889 5273 aliter

231 5307 334 5365 pro
363 5306 479 5347 sua
513 5305 869 5362 quemquem
902 5293 1193 5348 sententia
1220 5293 1617 5372 interpretari,

298 5362 494 5417 ‘Vide
545 5361 889 5419 Strabonem
938 5362 1041 5432 lib,
1098 5379 1217 5429 XIV,
1267 5361 1531 5418 Solmum
1583 5360 1684 5416 lib.
1730 5377 1887 5429 xuu,

231 5433 545 5509 ValLMax.
580 5432 681 5509 lib.
713 5450 841 5501 vm,
868 5436 1041 5509 0515,
1075 5439 1185 5491 etc.
1280 5504 1281 5509 η

299 5509 321 5542 ⁸
350 5506 551 5562 Codex
624 5504 995 5573 Veronensis,
1074 5509 1144 5564 Tu
1231 5504 1623 5562 cantaminasti
1702 5521 1888 5561 sacra-

234 5580 381 5634 rium
418 5593 493 5634 επ
523 5591 649 5648 quo,
681 5583 791 5634 etc.

300 5646 547 5707 “sum
579 5656 641 5704 ut
696 5651 876 5706 aiunt.
937 5650 1134 5708 Cicero
1195 5650 1304 5706 hoc
1387 5648 1468 5703 ait
1538 5646 1788 5717 Philipp.
1814 5665 1891 5717 11;

300 5664 527 5707 manus
579 5664 641 5704 ut
696 5664 876 5706 aiunt.
937 5664 1134 5708 Cicero
1196 5664 1304 5706 hoc
1387 5664 1468 5703 an.
1539 5664 1683 5703 rem
1777 5665 1855 5705 ,ιι

235 5719 643 5797 Quintilianus
654 5719 765 5797 lib.
799 5740 865 5797 ri,
893 5728 1020 5797 cap.
1051 5726 1125 5793 2;
1176 5722 1316 5778 item
1347 5718 1653 5797 _I_ioratius_
1830 5737 1869 5777 ιι

235 5796 403 5871 epist.
437 5792 517 5853 ad
548 5792 775 5853 Julium
806 5791 1070 5867 Florum,
1103 5791 1213 5854 etc.
1246 5825 1316 5837 —-
1346 5791 1506 5851 Idem
1533 5792 1763 5851 curiose
1797 5808 1890 5850 sa-

1974 590 2149 646 quem
2181 574 2389 631 fabulae
2441 576 2656 643 ferunt,
2698 592 2832 633 cum
2864 574 3039 649 vulgo
3073 578 3229 633 esset
3282 573 3542 647 ignotus,
3566 574 3626 629 et

1975 663 2121 719 nihil
2156 664 2294 719 boni
2326 669 2528 737 posset
2558 665 2834 722 facinoris
2863 665 3207 738 excogitare,
3241 680 3358 738 quo
3411 659 3625 719 nobilis

1975 753 2158 821 ﬂeret,
2190 752 2385 810 Dianae
2416 753 2749 812 incendisse
2806 754 3135 828 templum:
3171 758 3228 811 et
3275 752 3438 810 nullo
3492 768 3625 825 pro-

1975 843 2147 898 dente
2177 843 2570 917 sacrilegium,
2598 845 2784 901 fertur
2810 844 2935 915 ipse
2981 844 3040 899 in
3090 844 3352 900 medium
3391 858 3627 915 proces-

1974 932 2145 998 sisse,
2178 932 2486 990 clamitans
2502 950 2630 990 sese
2651 932 2990 991 incendium
3017 933 3343 1006 subjecisse
3374 948 3388 988 :
3432 930 3628 988 scisci-

1972 1022 2235 1079 tantibus
2265 1022 2478 1095 Ephesi
2511 1023 2900 1096 principibus,
2927 1039 3106 1097 quam
3138 1023 3211 1080 ob
3232 1036 3474 1079 causam
3504 1019 3620 1076 hoc

1974 1111 2163 1169 facere
2190 1112 2492 1181 voluisset,
2516 1113 2935 1185 respondisse:
2982 1113 3056 1170 Ut
3113 1112 3253 1186 quia
3305 1112 3454 1168 bene
3505 1126 3625 1167 non

1975 1205 2257 1273 poteram,
2292 1200 2444 1258 male
2466 1202 2742 1259 omnibus
2771 1202 3224 1260 innotescerem.
3258 1201 3326 1258 Et
3347 1201 3456 1259 hoc
3495 1198 3625 1272 qui-

1976 1290 2107 1345 dem
2148 1290 2345 1347 Graeca
2401 1295 2602 1347 narrat
2633 1291 2883 1349 historia
2916 1293 2956 1346 ‘.
3003 1293 3093 1348 Tu
3147 1306 3281 1348 vero
3338 1289 3627 1363 templum

1976 1379 2132 1437 224
2163 1379 2448 1436 Dominici
2480 1382 2742 1454 corporis
2795 1380 3174 1449 succendisti,
3234 1384 3298 1436 tu
3340 1379 3626 1436 contami-

1977 1468 2132 1525 nasti
2164 1469 2568 1526 sanctuarium
2617 1470 2875 1543 Spiritus
2933 1469 3141 1539 sancti,
3197 1484 3267 1524 ex
3324 1484 3439 1541 quo
3470 1468 3493 1504 ⁵
3539 1468 3629 1524 vis

1977 1558 2328 1632 quadrigam
2360 1558 2639 1629 fratuum,
2673 1566 2728 1615 et
2757 1575 3028 1616 sororum
3071 1557 3431 1632 processisse
3482 1570 3626 1614 con-

1976 1646 2217 1721 geriem.
2250 1647 2514 1720 Denique
2537 1664 2672 1705 cum
2707 1647 2927 1704 Judaais
2977 1664 3115 1705 voce
3167 1648 3409 1714 sociata,
3437 1646 3625 1704 dicis:

1974 1738 2163 1794 Nonne
2194 1737 2284 1793 hic
2312 1742 2391 1793 est
2428 1738 2585 1813 fabri
2611 1738 2761 1808 ﬁlius
2781 1742 2806 1792 .9
2832 1741 3028 1796 Nonne
3054 1745 3230 1794 mater
3256 1738 3372 1809 ejus
3421 1736 3632 1794 dicitur

1978 1827 2172 1893 Maria,
2209 1830 2261 1883 et
2287 1830 2490 1899 fratres
2521 1827 2637 1900 ejus
2664 1829 2920 1896 Iacobus,
2980 1832 3033 1884 et
3084 1828 3250 1894 loses,
3308 1830 3360 1883 et
3416 1825 3628 1894 Simon,

1979 1924 2031 1973 et
2050 1917 2236 1985 ludas,
2270 1921 2320 1973 et
2376 1933 2585 1973 sorores
2641 1933 2824 1974 omnes
2874 1917 3024 1989 apud
3073 1933 3172 1974 nos
3226 1920 3357 1972 sunt
3420 1915 3628 1986 (Matth.

1980 2022 2106 2069 xm.
2137 2007 2245 2074 55;
2278 2006 2441 2063 Marc.
2470 2024 2548 2076 v1,
2580 2006 2688 2079 3)?
2713 2007 2952 2076 Omnes,
2986 2005 3101 2063 nisi
3132 2006 3203 2062 de
3256 2005 3453 2072 turba,
3513 2020 3629 2060 non

1979 2095 2213 2151 dicitur.
2246 2095 2406 2164 Quis,
2433 2103 2486 2151 te
2512 2113 2633 2164 oro,
2671 2101 2805 2153 ante
2855 2096 3009 2153 hanc
3048 2094 3483 2168 blasphemiam
3533 2100 3634 2150 no-

1978 2189 2159 2241 verat.
2201 2185 2337 2257 quis
2369 2184 2653 2258 dupondii
2684 2187 3049 2259 supputabat
3073 2185 3104 2240 ?
3151 2186 3513 2242 Consecutus
3568 2199 3630 2240 es

1978 2274 2135 2346 quod
2165 2273 2418 2342 volebas,
2446 2274 2661 2330 nobilis
2690 2291 2753 2331 es
2783 2275 2970 2330 factus
2997 2273 3058 2330 in
3087 2273 3323 2330 scelere.
3357 2273 3476 2347 Ego
3506 2271 3632 2345 ipse

1979 2362 2080 2435 qui
2111 2367 2316 2419 contra
2346 2367 2401 2419 te
2432 2363 2645 2431 scribo,
2714 2379 2849 2419 cum
2899 2364 2961 2418 in
3019 2363 3225 2420 eadem
3282 2365 3479 2419 tecum
3528 2378 3631 2417 ur-

1978 2453 2048 2508 be
2069 2453 2395 2509 consistam
2427 2451 2598 2509 albus
2628 2453 2669 2521 6,
2704 2456 2770 2508 ut
2798 2452 2987 2519 aiunt,
3030 2458 3223 2509 aterve
3279 2448 3627 2520 sis,nescio.

1976 2541 2362 2598 Praetermitto
2411 2541 2552 2597 vitia
2602 2540 2914 2609 sermonis,
2966 2540 3184 2614 quibus
3235 2540 3428 2598 omnis
3480 2539 3633 2597 liber

1976 2634 2116 2687 tuus
2138 2635 2342 2687 scatet.
2374 2631 2559 2687 Taceo
2582 2630 2899 2687 ridiculum
2938 2630 3264 2688 exordium.
3307 2630 3352 2687 Ο
3410 2633 3634 2704 tempo-

1977 2738 2043 2777 ra
2075 2721 2086 2776 ι
2119 2738 2151 2777 o
2185 2719 2410 2777 mores!
2444 2721 2571 2777 Non
2603 2737 2799 2793 quaero
2824 2719 3220 2794 eloquentiam
3257 2738 3270 2789 ;
3299 2734 3477 2794 quam
3501 2719 3630 2793 ipse

1977 2826 2094 2867 non
2138 2810 2383 2882 habens,
2430 2810 2491 2866 in
2541 2810 2720 2867 fratre
2769 2811 3055 2867 Craterio"
3110 2809 3431 2883 requisisti.
3482 2807 3631 2877 Non,

1977 2899 2242 2972 inquam,
2269 2900 2466 2974 ﬂagito
2487 2899 2700 2973 linguae
2723 2900 2996 2967 nitorem,
3029 2899 3238 2956 animae
3291 2914 3489 2971 quaero
3528 2913 3635 2971 pu-

1978 2989 2208 3045 ritatem
2228 2991 2269 3045 θ.
2299 2989 2468 3063 Apud
2499 2989 2860 3046 Christianos
2890 2990 3048 3046 enim
3089 2988 3459 3047 soloecismus
3479 2988 3501 3027 ³
3546 2990 3636 3043 est

1979 3095 2230 3152 magnus
2261 3082 2315 3134 et
2346 3078 2575 3144 vitium,
2610 3083 2780 3151 turpe
2808 3078 2951 3151 quid
2982 3076 3071 3133 vel
3117 3093 3375 3144 narrare,
3405 3064 3503 3134 Vel
3553 3076 3632 3133 fa-

1977 3184 2125 3225 cere.
2160 3169 2244 3223 Ad
2277 3167 2495 3225 calcem
2526 3168 2716 3235 venio,
2744 3171 2802 3225 et
2828 3172 2886 3223 te
2908 3170 3154 3223 cornuta
3177 3166 3634 3238 interrogatione

1977 3257 2488 3330 concludo,sicque
2518 3262 2711 3313 tecum
2743 3272 2937 3330 agam,
2969 3256 3140 3330 quasi
3172 3254 3446 3329 superius
3480 3253 3632 3311 nihil

1975 3348 2193 3420 egerim
2220 3364 2232 3403 :
2258 3347 2461 3403 eodem
2494 3348 2664 3403 modo
2697 3346 2884 3403 dictos
2934 3362 3063 3403 esse
3122 3345 3332 3402 fratres
3370 3343 3629 3401 Domini.

1977 3453 2092 3509 quo
2121 3437 2340 3510 Joseph
2373 3437 2571 3494 dictus
2601 3440 2689 3493 est
2709 3441 2895 3511 pater,
2928 3438 3060 3506 Ego,
3108 3434 3322 3508 inquit,
3369 3437 3420 3492 et
3470 3436 3633 3507 pater

1979 3535 2120 3594 tuus,
2153 3527 2391 3583 dolentes
2420 3527 2798 3600 quarebamus
2818 3532 2869 3583 te
2896 3528 3049 3596 (Luc.
3083 3542 3122 3594 ι,
3157 3525 3269 3597 48).
3296 3525 3482 3581 Mater
3509 3524 3634 3581 hec

1977 3615 2259 3689 loquitur,
2292 3632 2407 3672 non
2435 3616 2646 3673 Judzei.
2675 3616 2745 3672 Et
2773 3615 2900 3689 ipse
2930 3613 3293 3688 evangelista
3320 3614 3580 3671 referens
3617 3629 3632 3669 :

1979 3708 2044 3763 Et
2070 3713 2231 3764 erant
2254 3714 2412 3778 pater
2437 3709 2489 3762 et
2514 3714 2694 3762 mater
2722 3706 2879 3762 illius
2936 3704 3276 3761 admirantes
3328 3718 3496 3776 super
3548 3701 3636 3760 his

1983 3924 2081 3992 tis,
2108 3924 2285 3989 alvus,
2318 3926 2377 3978 ut
2405 3924 2588 3990 aiunt,
2638 3924 2823 3977 uterve
2877 3922 2974 3992 sis,
2996 3922 3156 3992 ﬂeta,
3183 3917 3396 3992 ‘quasi
3439 3915 3635 3974 alvum

1984 3988 2101 4051 utri
2133 3988 2451 4064 comparet.
2484 3988 2662 4049 Vetus
2694 3993 2846 4048 Edit.
2901 3990 3063 4047 addit
3118 3988 3296 4046 etiam
3343 3988 3641 4064 glgssema

1984 4012 2101 4051 ιλιι-ι
2133 4012 2261 4051 com
2309 4012 2451 4050 aret.
2493 4012 2662 4049 νθῑυε
2698 4012 2846 4048 ωαιῑ.
2901 4012 3063 4047 ειααιῐ,
3118 4012 3296 4046 suam
3343 4012 3638 4064 8108881118

1984 4012 2344 4132 istiusmodi,
2403 4080 2575 4137 quare
2624 4064 2862 4137 baibutis
2913 4071 2962 4121 et
3020 4064 3341 4137 erubescis?
3399 4061 3638 4137 Prover-

1985 4138 2148 4195 bium
2171 4128 2553 4193 illud'no'tum
2587 4152 2655 4192 ex
2684 4136 2975 4202 Cicerone,
3017 4134 3398 4200 Quintiliano,
3458 4128 3638 4190 Hora-

1983 4211 2087 4279 tio,
2120 4210 2392 4282 aliisque,
2420 4213 2660 4265 notante
2688 4208 2916 4282 Cravio,
2953 4206 3138 4282 Paulo,
3163 4210 3298 4282 post
3337 4218 3442 4279 pro
3496 4203 3637 4282 ridi-

1984 4275 2173 4338 culum
2227 4275 2536 4346 eiordium,
2598 4279 2823 4353 malim,
2863 4295 2968 4353 ego
3026 4275 3357 4353 ridiculum'
3380 4275 3639 4353 exodium

1984 4353 2119 4428 legi.
2148 4354 2297 4409 Nota
2351 4353 2581 4410 scenica
2630 4351 2868 4409 exordia
2898 4347 2967 4408 'et
3015 4350 3287 4409 ridicula.
3373 4347 3639 4406 Catullus

1986 4428 2178 4483 Carm.
2211 4442 2304 4483 χει
2325 4440 2338 4481 :

2110 4543 2191 4592 Nil
2220 4541 2448 4591 nimium
2479 4539 2692 4599 studeo,
2721 4540 2912 4599 Caesar,
2940 4539 3039 4590 tibi
3068 4538 3202 4589 velle
3231 4538 3457 4602 placere,

2234 4606 2340 4655 Nec
2369 4603 2503 4655 scire
2535 4607 2716 4653 utrum
2748 4602 2821 4653 sis
2846 4602 3000 4654 albus
3029 4615 3097 4652 an
3125 4600 3243 4652 ater
3267 4600 3456 4652 homo.

2059 4714 2078 4748 ⁷
2114 4714 2174 4768 In
2235 4710 2366 4767 aliis
2423 4708 2589 4765 libris
2646 4709 2897 4765 habetur
2953 4709 3220 4765 Carterio.
3289 4706 3646 4765 Veronensis

1988 4802 2123 4843 cum
2146 4781 2502 4856 aspiratione
2528 4783 2829 4856 Cartherio.
2850 4781 3004 4856 Num
3025 4778 3443 4856 Cauteriusille
3473 4778 3631 4856 inde-

1992 4864 2158 4914 catur
2187 4850 2256 4911 de
2288 4872 2402 4927 quo
2435 4854 2492 4908 in
2526 4852 2793 4927 epistolis
2818 4854 2890 4909 ad
2951 4850 3306 4927 Marcellam,
3341 4855 3399 4908 et
3445 4852 3517 4927 ad

1992 4920 2413 5038 Augpstimim,
2446 4931 2503 4981 et
2534 4920 2591 4981 in
2622 4924 3071 4983 Commentariis
3102 4926 3161 4980 in
3192 4924 3404 4980 Jonam
3458 4920 3647 4995 loqui-

1992 5006 2090 5038 {nr
2120 5005 2133 5023 "

1992 5006 2090 5059 tur
2120 5005 2139 5056 ‘2

2064 5074 2085 5107 ⁸
2115 5069 2485 5127 Martianzeus
2509 5071 2642 5142 post
2680 5068 2990 5124 Erasmum
3035 5065 3492 5142 pietatemulegit
3540 5081 3648 5140 pro

1991 5138 2627 5229 puritatem..Vic‘toi—'ius
2660 5156 2897 5229 veronex
2944 5138 3645 5229 emenrdati’oribu’shmss,

1995 5211 2081 5274 ita
2108 5213 2338 5273 restitui
2368 5214 2572 5286 voluit,
2606 5212 2946 5285 notavitque
2975 5212 3059 5269 sic
3091 5211 3281 5285 magis
3320 5225 3648 5286 congruere

1998 5306 2132 5347 cum
2163 5285 2444 5344 vocabulo
2471 5288 2725 5341 nitorem.

2069 5362 2091 5397 ⁸
2113 5361 2309 5416 Cicero
2342 5358 2414 5413 ad
2458 5358 2714 5413 Atticum
2746 5354 2847 5411 lib.
2883 5372 2949 5421 Il,
2990 5355 3160 5428 epist.
3193 5354 3270 5428 Η⁸
3307 5353 3477 5412 Ludos
3532 5354 3649 5412 Δη-

1998 5434 2069 5488 tii
2090 5436 2335 5504 spectare
2356 5446 2465 5485 non
2493 5429 2693 5504 placet,
2718 5432 2820 5504 est
2877 5423 3042 5483 enim'
3085 5423 3467 5504 ὑπᾳσᾴλοικον,
3494 5442 3651 5504 “cum

1999 5498 2166 5561 velim
2195 5506 2371 5558 vitare
2401 5498 2617 5557 omnem
2644 5499 2999 5573 deticiarum_
3030 5502 3419 5573 suspicionem.
3483 5498 3650 5555 Sido-

2003 5576 2137 5631 nius
2170 5575 2352 5647 Epist.
2389 5573 2459 5629 ad
2488 5573 2798 5647 Faustum.
2862 5571 3095 5641 Quidam
3119 5571 3655 5647 ibarbarismusfst

2001 5643 2238 5717 morum,
2271 5659 2447 5717 sermo
2468 5643 2768 5717 jucundus,
2797 5647 2847 5699 et
2876 5646 3095 5717 animus
3124 5646 3388 5717 afflictus,
3436 5647 3495 5717 et
3535 5643 3673 5717 Lu_-,

2064 5711 2545 5792 anus'Heroulém
2578 5715 2638 5771 in
2694 5731 2872 5773 scena
2915 5711 3193 5789 μονῳδεῖῖ
3234 5711 3514 5771 σολοικίαν
3572 5713 3658 5773 ait

2002 5789 2212 5861 videri,
2245 5793 2353 5847 etc.
