  <div class='ocr_page' id='page_1' title='image "/cluster/home/n/w/nwhite01/storage/ocr_20150623/23/umn.31951d034773078/116.png"; bbox 0 0 3944 6398; ppageno 0'>
   <div class='ocr_carea' id='block_1_1' title="bbox 225 296 333 371">
    <p class='ocr_par' dir='ltr' id='par_1_1' title="bbox 225 296 333 371">
     <span class='ocr_line' id='line_1_1' title="bbox 225 296 333 371; baseline 0.019 -2"><span class='ocrx_word' id='word_1_1' title='bbox 225 296 333 371; x_wconf 67' lang='lat'><strong>“3</strong></span> 
     </span>
    </p>
   </div>
   <div class='ocr_carea' id='block_1_2' title="bbox 981 296 2838 371">
    <p class='ocr_par' dir='ltr' id='par_1_2' title="bbox 981 296 2838 371">
     <span class='ocr_line' id='line_1_2' title="bbox 981 296 2838 371; baseline -0.001 -1"><span class='ocrx_word' id='word_1_2' title='bbox 981 298 1084 370; x_wconf 87' lang='lat' dir='ltr'><strong>DE</strong></span> <span class='ocrx_word' id='word_1_3' title='bbox 1129 300 1549 371; x_wconf 79' lang='lat' dir='ltr'><strong>PERPETUA</strong></span> <span class='ocrx_word' id='word_1_4' title='bbox 1589 296 2108 368; x_wconf 75' lang='lat' dir='ltr'><strong>VIRGINITATE</strong></span> <span class='ocrx_word' id='word_1_5' title='bbox 2148 300 2220 365; x_wconf 89' lang='lat' dir='ltr'><strong>B.</strong></span> <span class='ocrx_word' id='word_1_6' title='bbox 2268 300 2541 369; x_wconf 69' lang='lat' dir='ltr'><strong>MARI/E</strong></span> <span class='ocrx_word' id='word_1_7' title='bbox 2582 299 2838 371; x_wconf 81' lang='lat' dir='ltr'><strong>LIBER.</strong></span> 
     </span>
    </p>
   </div>
   <div class='ocr_carea' id='block_1_3' title="bbox 3493 294 3616 375">
    <p class='ocr_par' dir='ltr' id='par_1_3' title="bbox 3493 294 3616 375">
     <span class='ocr_line' id='line_1_3' title="bbox 3493 294 3616 375; baseline -0.049 -1"><span class='ocrx_word' id='word_1_8' title='bbox 3493 294 3616 375; x_wconf 68' lang='grc'><strong>214</strong></span> 
     </span>
    </p>
   </div>
   <div class='ocr_carea' id='block_1_4' title="bbox 226 412 3617 516">
    <p class='ocr_par' dir='ltr' id='par_1_4' title="bbox 226 412 3617 516">
     <span class='ocr_line' id='line_1_4' title="bbox 226 412 3617 516; baseline 0.001 -21"><span class='ocrx_word' id='word_1_9' title='bbox 226 435 306 496; x_wconf 87' lang='lat' dir='ltr'><strong>illi</strong></span> <span class='ocrx_word' id='word_1_10' title='bbox 331 437 529 498; x_wconf 89' lang='lat' dir='ltr'><strong>debeo.</strong></span> <span class='ocrx_word' id='word_1_11' title='bbox 561 438 631 499; x_wconf 82' lang='lat' dir='ltr'><strong>Et</strong></span> <span class='ocrx_word' id='word_1_12' title='bbox 658 455 794 499; x_wconf 90' lang='lat' dir='ltr'><strong>cum</strong></span> <span class='ocrx_word' id='word_1_13' title='bbox 833 442 1033 499; x_wconf 84' lang='lat' dir='ltr'><strong>omnia</strong></span> <span class='ocrx_word' id='word_1_14' title='bbox 1077 440 1469 515; x_wconf 89' lang='lat' dir='ltr'><strong>replicaveris,</strong></span> <span class='ocrx_word' id='word_1_15' title='bbox 1493 455 1663 496; x_wconf 83' lang='lat' dir='ltr'><strong>cruce</strong></span> <span class='ocrx_word' id='word_1_16' title='bbox 1705 435 1852 492; x_wconf 91' lang='lat' dir='ltr'>nihil</span> <span class='ocrx_word' id='word_1_17' title='bbox 1879 436 1938 504; x_wconf 75' lang='grc' dir='ltr'><strong>Α</strong></span> <span class='ocrx_word' id='word_1_18' title='bbox 1962 438 2183 505; x_wconf 79' lang='lat' dir='ltr'><strong>mulier,</strong></span> <span class='ocrx_word' id='word_1_19' title='bbox 2214 446 2266 495; x_wconf 87' lang='lat' dir='ltr'><strong>et</strong></span> <span class='ocrx_word' id='word_1_20' title='bbox 2298 412 2471 512; x_wconf 58' lang='lat' dir='ltr'><strong>cingo.</strong></span> <span class='ocrx_word' id='word_1_21' title='bbox 2504 440 2645 499; x_wconf 85' lang='lat' dir='ltr'><strong>Vide</strong></span> <span class='ocrx_word' id='word_1_22' title='bbox 2664 447 2896 516; x_wconf 62' lang='lat' dir='ltr'><strong>quantas</strong></span> <span class='ocrx_word' id='word_1_23' title='bbox 2926 440 3220 500; x_wconf 82' lang='lat' dir='ltr'><strong>felicitatis</strong></span> <span class='ocrx_word' id='word_1_24' title='bbox 3248 440 3344 512; x_wconf 91' lang='lat' dir='ltr'><strong>sit,</strong></span> <span class='ocrx_word' id='word_1_25' title='bbox 3377 458 3505 516; x_wconf 64' lang='lat' dir='ltr'><strong>qua</strong></span> <span class='ocrx_word' id='word_1_26' title='bbox 3557 441 3617 500; x_wconf 86' lang='lat' dir='ltr'><strong>et</strong></span> 
     </span>
    </p>
   </div>
   <div class='ocr_carea' id='block_1_5' title="bbox 224 529 1860 605">
    <p class='ocr_par' dir='ltr' id='par_1_5' title="bbox 224 529 1860 605">
     <span class='ocr_line' id='line_1_5' title="bbox 224 529 1860 605; baseline -0.001 -20"><span class='ocrx_word' id='word_1_27' title='bbox 224 529 690 588; x_wconf 76' lang='lat' dir='ltr'><strong>contumeliosius</strong></span> <span class='ocrx_word' id='word_1_28' title='bbox 721 530 1015 605; x_wconf 87' lang='lat' dir='ltr'><strong>proferes:</strong></span> <span class='ocrx_word' id='word_1_29' title='bbox 1051 547 1229 603; x_wconf 90' lang='lat' dir='ltr'><strong>quam</strong></span> <span class='ocrx_word' id='word_1_30' title='bbox 1246 530 1613 603; x_wconf 85' lang='lat' dir='ltr'><strong>proﬁtemur,</strong></span> <span class='ocrx_word' id='word_1_31' title='bbox 1641 530 1700 583; x_wconf 89' lang='lat' dir='ltr'><strong>et</strong></span> <span class='ocrx_word' id='word_1_32' title='bbox 1729 542 1860 583; x_wconf 87' lang='lat' dir='ltr'><strong>cre-</strong></span> 
     </span>
    </p>
   </div>
   <div class='ocr_carea' id='block_1_6' title="bbox 226 617 1654 693">
    <p class='ocr_par' dir='ltr' id='par_1_6' title="bbox 226 617 1654 693">
     <span class='ocr_line' id='line_1_6' title="bbox 226 617 1654 693; baseline -0.001 -19"><span class='ocrx_word' id='word_1_33' title='bbox 226 617 430 688; x_wconf 88' lang='lat' dir='ltr'><strong>dimus,</strong></span> <span class='ocrx_word' id='word_1_34' title='bbox 462 623 520 676; x_wconf 92' lang='lat' dir='ltr'><strong>et</strong></span> <span class='ocrx_word' id='word_1_35' title='bbox 546 620 607 676; x_wconf 92' lang='lat' dir='ltr'><strong>in</strong></span> <span class='ocrx_word' id='word_1_36' title='bbox 638 638 757 693; x_wconf 87' lang='lat' dir='ltr'><strong>qua</strong></span> <span class='ocrx_word' id='word_1_37' title='bbox 784 621 857 677; x_wconf 91' lang='lat' dir='ltr'><strong>de</strong></span> <span class='ocrx_word' id='word_1_38' title='bbox 884 620 1157 677; x_wconf 79' lang='lat' dir='ltr'><strong>hostibus</strong></span> <span class='ocrx_word' id='word_1_39' title='bbox 1194 618 1654 692; x_wconf 84' lang='lat' dir='ltr'><strong>triumphamus.</strong></span> 
     </span>
    </p>
   </div>
   <div class='ocr_carea' id='block_1_7' title="bbox 291 708 1857 784">
    <p class='ocr_par' dir='ltr' id='par_1_7' title="bbox 291 708 1857 784">
     <span class='ocr_line' id='line_1_7' title="bbox 291 708 1857 784; baseline -0.003 -19"><span class='ocrx_word' id='word_1_40' title='bbox 291 708 373 765; x_wconf 87' lang='grc'><strong>19.</strong></span> <span class='ocrx_word' id='word_1_41' title='bbox 404 709 517 767; x_wconf 86' lang='lat' dir='ltr'><strong>Sed</strong></span> <span class='ocrx_word' id='word_1_42' title='bbox 549 713 614 766; x_wconf 91' lang='lat' dir='ltr'><strong>ut</strong></span> <span class='ocrx_word' id='word_1_43' title='bbox 641 709 764 767; x_wconf 68' lang='lat' dir='ltr'><strong>haec</strong></span> <span class='ocrx_word' id='word_1_44' title='bbox 794 727 923 784; x_wconf 85' lang='lat' dir='ltr'><strong>quae</strong></span> <span class='ocrx_word' id='word_1_45' title='bbox 949 710 1169 783; x_wconf 89' lang='lat' dir='ltr'><strong>scripta</strong></span> <span class='ocrx_word' id='word_1_46' title='bbox 1193 713 1353 775; x_wconf 91' lang='lat' dir='ltr'><strong>sunt,</strong></span> <span class='ocrx_word' id='word_1_47' title='bbox 1400 725 1516 764; x_wconf 91' lang='lat' dir='ltr'><strong>non</strong></span> <span class='ocrx_word' id='word_1_48' title='bbox 1548 723 1857 780; x_wconf 79' lang='lat' dir='ltr'><strong>negamus,</strong></span> 
     </span>
    </p>
   </div>
   <div class='ocr_carea' id='block_1_8' title="bbox 224 795 1857 872">
    <p class='ocr_par' dir='ltr' id='par_1_8' title="bbox 224 795 1857 872">
     <span class='ocr_line' id='line_1_8' title="bbox 224 795 1857 872; baseline -0.002 -19"><span class='ocrx_word' id='word_1_49' title='bbox 224 795 300 853; x_wconf 90' lang='lat' dir='ltr'><strong>ita</strong></span> <span class='ocrx_word' id='word_1_50' title='bbox 324 814 389 854; x_wconf 91' lang='lat' dir='ltr'><strong>ea</strong></span> <span class='ocrx_word' id='word_1_51' title='bbox 416 815 544 871; x_wconf 66' lang='lat' dir='ltr'><strong>qua</strong></span> <span class='ocrx_word' id='word_1_52' title='bbox 574 815 692 856; x_wconf 90' lang='lat' dir='ltr'><strong>non</strong></span> <span class='ocrx_word' id='word_1_53' title='bbox 739 799 975 872; x_wconf 90' lang='lat' dir='ltr'><strong>scripta,</strong></span> <span class='ocrx_word' id='word_1_54' title='bbox 1028 798 1354 856; x_wconf 79' lang='lat' dir='ltr'><strong>tenuimus.</strong></span> <span class='ocrx_word' id='word_1_55' title='bbox 1404 801 1621 853; x_wconf 89' lang='lat' dir='ltr'><strong>Natum</strong></span> <span class='ocrx_word' id='word_1_56' title='bbox 1671 796 1857 852; x_wconf 90' lang='lat' dir='ltr'><strong>Deum</strong></span> 
     </span>
    </p>
   </div>
   <div class='ocr_carea' id='block_1_9' title="bbox 225 884 1862 963">
    <p class='ocr_par' dir='ltr' id='par_1_9' title="bbox 225 884 1862 963">
     <span class='ocr_line' id='line_1_9' title="bbox 225 884 1862 963; baseline -0.003 -18"><span class='ocrx_word' id='word_1_57' title='bbox 225 902 345 946; x_wconf 86' lang='lat' dir='ltr'><strong>esse</strong></span> <span class='ocrx_word' id='word_1_58' title='bbox 369 888 439 946; x_wconf 89' lang='lat' dir='ltr'><strong>de</strong></span> <span class='ocrx_word' id='word_1_59' title='bbox 462 888 700 963; x_wconf 84' lang='lat' dir='ltr'><strong>Virgine</strong></span> <span class='ocrx_word' id='word_1_60' title='bbox 731 890 882 948; x_wconf 73' lang='lat'><strong>227</strong></span> <span class='ocrx_word' id='word_1_61' title='bbox 917 887 1234 957; x_wconf 88' lang='lat' dir='ltr'><strong>credimus,</strong></span> <span class='ocrx_word' id='word_1_62' title='bbox 1269 887 1410 961; x_wconf 89' lang='lat' dir='ltr'><strong>quia</strong></span> <span class='ocrx_word' id='word_1_63' title='bbox 1435 885 1708 961; x_wconf 87' lang='lat' dir='ltr'><strong>legimus.</strong></span> <span class='ocrx_word' id='word_1_64' title='bbox 1744 884 1862 940; x_wconf 90' lang='lat' dir='ltr'><strong>Ma-</strong></span> 
     </span>
    </p>
   </div>
   <div class='ocr_carea' id='block_1_10' title="bbox 228 975 1861 1053">
    <p class='ocr_par' dir='ltr' id='par_1_10' title="bbox 228 975 1861 1053">
     <span class='ocr_line' id='line_1_10' title="bbox 228 975 1861 1053; baseline -0.002 -20"><span class='ocrx_word' id='word_1_65' title='bbox 228 977 365 1035; x_wconf 88' lang='lat' dir='ltr'><strong>riam</strong></span> <span class='ocrx_word' id='word_1_66' title='bbox 389 978 663 1051; x_wconf 83' lang='lat' dir='ltr'><strong>nupsisse</strong></span> <span class='ocrx_word' id='word_1_67' title='bbox 681 985 813 1052; x_wconf 86' lang='lat' dir='ltr'><strong>post</strong></span> <span class='ocrx_word' id='word_1_68' title='bbox 832 982 1088 1053; x_wconf 88' lang='lat' dir='ltr'><strong>partum,</strong></span> <span class='ocrx_word' id='word_1_69' title='bbox 1112 995 1229 1035; x_wconf 90' lang='lat' dir='ltr'><strong>non</strong></span> <span class='ocrx_word' id='word_1_70' title='bbox 1246 977 1566 1043; x_wconf 86' lang='lat' dir='ltr'><strong>credimus,</strong></span> <span class='ocrx_word' id='word_1_71' title='bbox 1588 975 1727 1049; x_wconf 85' lang='lat' dir='ltr'><strong>quia</strong></span> <span class='ocrx_word' id='word_1_72' title='bbox 1743 990 1861 1030; x_wconf 89' lang='lat' dir='ltr'><strong>non</strong></span> 
     </span>
    </p>
   </div>
   <div class='ocr_carea' id='block_1_11' title="bbox 227 1065 1862 1140">
    <p class='ocr_par' dir='ltr' id='par_1_11' title="bbox 227 1065 1862 1140">
     <span class='ocr_line' id='line_1_11' title="bbox 227 1065 1862 1140; baseline -0.002 -18"><span class='ocrx_word' id='word_1_73' title='bbox 227 1065 485 1140; x_wconf 80' lang='lat' dir='ltr'><strong>legimus.</strong></span> <span class='ocrx_word' id='word_1_74' title='bbox 515 1066 631 1125; x_wconf 90' lang='lat' dir='ltr'><strong>Nec</strong></span> <span class='ocrx_word' id='word_1_75' title='bbox 674 1067 785 1124; x_wconf 92' lang='lat' dir='ltr'><strong>hoc</strong></span> <span class='ocrx_word' id='word_1_76' title='bbox 824 1068 953 1124; x_wconf 88' lang='lat' dir='ltr'><strong>ideo</strong></span> <span class='ocrx_word' id='word_1_77' title='bbox 995 1067 1271 1134; x_wconf 88' lang='lat' dir='ltr'><strong>dicimus,</strong></span> <span class='ocrx_word' id='word_1_78' title='bbox 1309 1084 1424 1140; x_wconf 90' lang='lat' dir='ltr'><strong>quo</strong></span> <span class='ocrx_word' id='word_1_79' title='bbox 1455 1066 1692 1138; x_wconf 89' lang='lat' dir='ltr'><strong>nuptias</strong></span> <span class='ocrx_word' id='word_1_80' title='bbox 1723 1081 1862 1121; x_wconf 90' lang='lat' dir='ltr'><strong>con-</strong></span> 
     </span>
    </p>
   </div>
   <div class='ocr_carea' id='block_1_12' title="bbox 228 1156 1861 1232">
    <p class='ocr_par' dir='ltr' id='par_1_12' title="bbox 228 1156 1861 1232">
     <span class='ocr_line' id='line_1_12' title="bbox 228 1156 1861 1232; baseline -0.002 -19"><span class='ocrx_word' id='word_1_81' title='bbox 228 1156 581 1229; x_wconf 88' lang='lat' dir='ltr'><strong>demnemus,</strong></span> <span class='ocrx_word' id='word_1_82' title='bbox 604 1157 736 1232; x_wconf 87' lang='lat' dir='ltr'><strong>ipsa</strong></span> <span class='ocrx_word' id='word_1_83' title='bbox 769 1157 989 1231; x_wconf 88' lang='lat' dir='ltr'><strong>quippe</strong></span> <span class='ocrx_word' id='word_1_84' title='bbox 1028 1156 1334 1231; x_wconf 79' lang='lat' dir='ltr'><strong>virginitas</strong></span> <span class='ocrx_word' id='word_1_85' title='bbox 1365 1156 1593 1212; x_wconf 88' lang='lat' dir='ltr'><strong>fructus</strong></span> <span class='ocrx_word' id='word_1_86' title='bbox 1635 1158 1724 1210; x_wconf 90' lang='lat' dir='ltr'><strong>est</strong></span> <span class='ocrx_word' id='word_1_87' title='bbox 1754 1171 1861 1210; x_wconf 88' lang='lat' dir='ltr'><strong>nu-</strong></span> 
     </span>
    </p>
   </div>
   <div class='ocr_carea' id='block_1_13' title="bbox 229 1244 1863 1321">
    <p class='ocr_par' dir='ltr' id='par_1_13' title="bbox 229 1244 1863 1321">
     <span class='ocr_line' id='line_1_13' title="bbox 229 1244 1863 1321; baseline -0.003 -19"><span class='ocrx_word' id='word_1_88' title='bbox 229 1246 509 1319; x_wconf 86' lang='lat' dir='ltr'><strong>ptiarum:</strong></span> <span class='ocrx_word' id='word_1_89' title='bbox 544 1247 645 1304; x_wconf 90' lang='lat' dir='ltr'><strong>sed</strong></span> <span class='ocrx_word' id='word_1_90' title='bbox 679 1246 836 1321; x_wconf 86' lang='lat' dir='ltr'><strong>quod</strong></span> <span class='ocrx_word' id='word_1_91' title='bbox 867 1246 1038 1304; x_wconf 91' lang='lat' dir='ltr'><strong>nobis</strong></span> <span class='ocrx_word' id='word_1_92' title='bbox 1077 1248 1149 1303; x_wconf 92' lang='lat' dir='ltr'><strong>de</strong></span> <span class='ocrx_word' id='word_1_93' title='bbox 1198 1247 1417 1302; x_wconf 77' lang='lat' dir='ltr'><strong>sanctis</strong></span> <span class='ocrx_word' id='word_1_94' title='bbox 1466 1244 1607 1300; x_wconf 90' lang='lat' dir='ltr'><strong>viris</strong></span> <span class='ocrx_word' id='word_1_95' title='bbox 1646 1247 1863 1300; x_wconf 90' lang='lat' dir='ltr'><strong>temere</strong></span> 
     </span>
    </p>
   </div>
   <div class='ocr_carea' id='block_1_14' title="bbox 229 1333 1865 1395">
    <p class='ocr_par' dir='ltr' id='par_1_14' title="bbox 229 1333 1865 1395">
     <span class='ocr_line' id='line_1_14' title="bbox 229 1333 1865 1395; baseline -0.003 -3"><span class='ocrx_word' id='word_1_96' title='bbox 229 1335 505 1394; x_wconf 67' lang='lat' dir='ltr'><strong>estimare</strong></span> <span class='ocrx_word' id='word_1_97' title='bbox 532 1336 679 1394; x_wconf 88' lang='lat' dir='ltr'><strong>nihil</strong></span> <span class='ocrx_word' id='word_1_98' title='bbox 711 1335 905 1394; x_wconf 89' lang='lat' dir='ltr'><strong>liceat.</strong></span> <span class='ocrx_word' id='word_1_99' title='bbox 935 1337 1260 1395; x_wconf 89' lang='lat' dir='ltr'><strong>Possumus</strong></span> <span class='ocrx_word' id='word_1_100' title='bbox 1291 1336 1446 1393; x_wconf 92' lang='lat' dir='ltr'><strong>enim</strong></span> <span class='ocrx_word' id='word_1_101' title='bbox 1479 1334 1589 1391; x_wconf 91' lang='lat' dir='ltr'><strong>hac</strong></span> <span class='ocrx_word' id='word_1_102' title='bbox 1618 1333 1865 1389; x_wconf 62' lang='lat' dir='ltr'><strong>aestima-</strong></span> 
     </span>
    </p>
   </div>
   <div class='ocr_carea' id='block_1_15' title="bbox 227 1425 1865 1500">
    <p class='ocr_par' dir='ltr' id='par_1_15' title="bbox 227 1425 1865 1500">
     <span class='ocr_line' id='line_1_15' title="bbox 227 1425 1865 1500; baseline -0.002 -18"><span class='ocrx_word' id='word_1_103' title='bbox 227 1426 374 1483; x_wconf 83' lang='lat' dir='ltr'><strong>tione</strong></span> <span class='ocrx_word' id='word_1_104' title='bbox 400 1425 807 1500; x_wconf 80' lang='lat' dir='ltr'><strong>possibilitatis</strong></span> <span class='ocrx_word' id='word_1_105' title='bbox 835 1427 1206 1493; x_wconf 85' lang='lat' dir='ltr'><strong>contendere,</strong></span> <span class='ocrx_word' id='word_1_106' title='bbox 1238 1426 1435 1499; x_wconf 90' lang='lat' dir='ltr'><strong>plures</strong></span> <span class='ocrx_word' id='word_1_107' title='bbox 1465 1440 1699 1497; x_wconf 87' lang='lat' dir='ltr'><strong>quoque</strong></span> <span class='ocrx_word' id='word_1_108' title='bbox 1730 1439 1865 1479; x_wconf 87' lang='lat' dir='ltr'><strong>uxo-</strong></span> 
     </span>
    </p>
   </div>
   <div class='ocr_carea' id='block_1_16' title="bbox 228 1513 1863 1590">
    <p class='ocr_par' dir='ltr' id='par_1_16' title="bbox 228 1513 1863 1590">
     <span class='ocr_line' id='line_1_16' title="bbox 228 1513 1863 1590; baseline -0.002 -17"><span class='ocrx_word' id='word_1_109' title='bbox 228 1531 312 1573; x_wconf 85' lang='lat' dir='ltr'><strong>res</strong></span> <span class='ocrx_word' id='word_1_110' title='bbox 331 1515 610 1577; x_wconf 87' lang='lat' dir='ltr'><strong>habuisse</strong></span> <span class='ocrx_word' id='word_1_111' title='bbox 628 1516 869 1590; x_wconf 85' lang='lat' dir='ltr'><strong>Joseph,</strong></span> <span class='ocrx_word' id='word_1_112' title='bbox 893 1515 1034 1589; x_wconf 90' lang='lat' dir='ltr'><strong>quia</strong></span> <span class='ocrx_word' id='word_1_113' title='bbox 1053 1515 1250 1589; x_wconf 90' lang='lat' dir='ltr'><strong>plures</strong></span> <span class='ocrx_word' id='word_1_114' title='bbox 1262 1513 1863 1583; x_wconf 84' lang='lat' dir='ltr'><strong>habueritAbraham,</strong></span> 
     </span>
    </p>
   </div>
   <div class='ocr_carea' id='block_1_17' title="bbox 226 1602 1864 1678">
    <p class='ocr_par' dir='ltr' id='par_1_17' title="bbox 226 1602 1864 1678">
     <span class='ocr_line' id='line_1_17' title="bbox 226 1602 1864 1678; baseline -0.004 -17"><span class='ocrx_word' id='word_1_115' title='bbox 226 1603 414 1678; x_wconf 85' lang='lat' dir='ltr'><strong>plures</strong></span> <span class='ocrx_word' id='word_1_116' title='bbox 462 1604 737 1663; x_wconf 84' lang='lat' dir='ltr'><strong>habuerit</strong></span> <span class='ocrx_word' id='word_1_117' title='bbox 782 1606 998 1674; x_wconf 89' lang='lat' dir='ltr'><strong>Jacob;</strong></span> <span class='ocrx_word' id='word_1_118' title='bbox 1047 1609 1105 1662; x_wconf 91' lang='lat' dir='ltr'><strong>et</strong></span> <span class='ocrx_word' id='word_1_119' title='bbox 1150 1606 1221 1661; x_wconf 90' lang='lat' dir='ltr'><strong>de</strong></span> <span class='ocrx_word' id='word_1_120' title='bbox 1272 1605 1366 1662; x_wconf 91' lang='lat' dir='ltr'><strong>his</strong></span> <span class='ocrx_word' id='word_1_121' title='bbox 1410 1621 1535 1661; x_wconf 87' lang='lat' dir='ltr'><strong>esse</strong></span> <span class='ocrx_word' id='word_1_122' title='bbox 1585 1602 1864 1659; x_wconf 86' lang='lat' dir='ltr'><strong>uxoribus</strong></span> 
     </span>
    </p>
   </div>
   <div class='ocr_carea' id='block_1_18' title="bbox 227 1692 1865 1767">
    <p class='ocr_par' dir='ltr' id='par_1_18' title="bbox 227 1692 1865 1767">
     <span class='ocr_line' id='line_1_18' title="bbox 227 1692 1865 1767; baseline -0.002 -18"><span class='ocrx_word' id='word_1_123' title='bbox 227 1693 424 1751; x_wconf 82' lang='lat' dir='ltr'><strong>fratres</strong></span> <span class='ocrx_word' id='word_1_124' title='bbox 454 1694 711 1761; x_wconf 88' lang='lat' dir='ltr'><strong>Domini,</strong></span> <span class='ocrx_word' id='word_1_125' title='bbox 741 1695 894 1767; x_wconf 93' lang='lat' dir='ltr'><strong>quod</strong></span> <span class='ocrx_word' id='word_1_126' title='bbox 941 1694 1205 1767; x_wconf 88' lang='lat' dir='ltr'><strong>plerique</strong></span> <span class='ocrx_word' id='word_1_127' title='bbox 1253 1711 1369 1751; x_wconf 89' lang='lat' dir='ltr'><strong>non</strong></span> <span class='ocrx_word' id='word_1_128' title='bbox 1400 1698 1522 1750; x_wconf 91' lang='lat' dir='ltr'><strong>tam</strong></span> <span class='ocrx_word' id='word_1_129' title='bbox 1546 1692 1643 1765; x_wconf 87' lang='lat' dir='ltr'><strong>pia</strong></span> <span class='ocrx_word' id='word_1_130' title='bbox 1683 1707 1865 1765; x_wconf 87' lang='lat' dir='ltr'><strong>quam</strong></span> 
     </span>
    </p>
   </div>
   <div class='ocr_carea' id='block_1_19' title="bbox 226 1780 1864 1858">
    <p class='ocr_par' dir='ltr' id='par_1_19' title="bbox 226 1780 1864 1858">
     <span class='ocr_line' id='line_1_19' title="bbox 226 1780 1864 1858; baseline -0.003 -19"><span class='ocrx_word' id='word_1_131' title='bbox 226 1783 424 1840; x_wconf 84' lang='lat' dir='ltr'><strong>audaci</strong></span> <span class='ocrx_word' id='word_1_132' title='bbox 450 1783 780 1841; x_wconf 90' lang='lat' dir='ltr'><strong>temeritate</strong></span> <span class='ocrx_word' id='word_1_133' title='bbox 808 1784 1169 1858; x_wconf 88' lang='lat' dir='ltr'><strong>conﬁngunt.</strong></span> <span class='ocrx_word' id='word_1_134' title='bbox 1204 1785 1292 1840; x_wconf 92' lang='lat' dir='ltr'><strong>Tu</strong></span> <span class='ocrx_word' id='word_1_135' title='bbox 1313 1783 1461 1840; x_wconf 91' lang='lat' dir='ltr'><strong>dicis</strong></span> <span class='ocrx_word' id='word_1_136' title='bbox 1483 1783 1728 1839; x_wconf 88' lang='lat' dir='ltr'><strong>Mariam</strong></span> <span class='ocrx_word' id='word_1_137' title='bbox 1749 1780 1864 1835; x_wconf 90' lang='lat' dir='ltr'><strong>vir-</strong></span> 
     </span>
    </p>
   </div>
   <div class='ocr_carea' id='block_1_20' title="bbox 226 1870 1868 1947">
    <p class='ocr_par' dir='ltr' id='par_1_20' title="bbox 226 1870 1868 1947">
     <span class='ocr_line' id='line_1_20' title="bbox 226 1870 1868 1947; baseline -0.002 -19"><span class='ocrx_word' id='word_1_138' title='bbox 226 1872 413 1946; x_wconf 86' lang='lat' dir='ltr'><strong>ginem</strong></span> <span class='ocrx_word' id='word_1_139' title='bbox 448 1890 567 1930; x_wconf 89' lang='lat' dir='ltr'><strong>non</strong></span> <span class='ocrx_word' id='word_1_140' title='bbox 615 1874 1049 1947; x_wconf 88' lang='lat' dir='ltr'><strong>permansisse:</strong></span> <span class='ocrx_word' id='word_1_141' title='bbox 1102 1890 1209 1947; x_wconf 90' lang='lat' dir='ltr'><strong>ego</strong></span> <span class='ocrx_word' id='word_1_142' title='bbox 1257 1873 1404 1929; x_wconf 85' lang='lat' dir='ltr'><strong>mihi</strong></span> <span class='ocrx_word' id='word_1_143' title='bbox 1452 1871 1588 1947; x_wconf 92' lang='lat' dir='ltr'><strong>plus</strong></span> <span class='ocrx_word' id='word_1_144' title='bbox 1635 1870 1868 1926; x_wconf 91' lang='lat' dir='ltr'><strong>vindico</strong></span> 
     </span>
    </p>
   </div>
   <div class='ocr_carea' id='block_1_21' title="bbox 226 1960 1868 2037">
    <p class='ocr_par' dir='ltr' id='par_1_21' title="bbox 226 1960 1868 2037">
     <span class='ocr_line' id='line_1_21' title="bbox 226 1960 1868 2037; baseline -0.002 -18"><span class='ocrx_word' id='word_1_145' title='bbox 226 1961 396 2019; x_wconf 82' lang='lat' dir='ltr'><strong>etiam</strong></span> <span class='ocrx_word' id='word_1_146' title='bbox 425 1963 624 2036; x_wconf 89' lang='lat' dir='ltr'><strong>ipsum</strong></span> <span class='ocrx_word' id='word_1_147' title='bbox 652 1962 874 2036; x_wconf 87' lang='lat' dir='ltr'><strong>Joseph</strong></span> <span class='ocrx_word' id='word_1_148' title='bbox 904 1963 1192 2037; x_wconf 88' lang='lat' dir='ltr'><strong>virginem</strong></span> <span class='ocrx_word' id='word_1_149' title='bbox 1236 1962 1422 2020; x_wconf 84' lang='lat' dir='ltr'><strong>fuisse</strong></span> <span class='ocrx_word' id='word_1_150' title='bbox 1464 1980 1566 2035; x_wconf 89' lang='lat' dir='ltr'><strong>per</strong></span> <span class='ocrx_word' id='word_1_151' title='bbox 1596 1960 1868 2027; x_wconf 86' lang='lat' dir='ltr'><strong>Mariam,</strong></span> 
     </span>
    </p>
   </div>
   <div class='ocr_carea' id='block_1_22' title="bbox 226 2050 1867 2126">
    <p class='ocr_par' dir='ltr' id='par_1_22' title="bbox 226 2050 1867 2126">
     <span class='ocr_line' id='line_1_22' title="bbox 226 2050 1867 2126; baseline -0.002 -19"><span class='ocrx_word' id='word_1_152' title='bbox 226 2056 289 2107; x_wconf 88' lang='lat' dir='ltr'><strong>ut</strong></span> <span class='ocrx_word' id='word_1_153' title='bbox 315 2068 382 2108; x_wconf 80' lang='lat' dir='ltr'><strong>ex</strong></span> <span class='ocrx_word' id='word_1_154' title='bbox 407 2050 682 2125; x_wconf 84' lang='lat' dir='ltr'><strong>virginali</strong></span> <span class='ocrx_word' id='word_1_155' title='bbox 710 2052 986 2125; x_wconf 87' lang='lat' dir='ltr'><strong>conjugio</strong></span> <span class='ocrx_word' id='word_1_156' title='bbox 1025 2054 1190 2126; x_wconf 84' lang='lat' dir='ltr'><strong>virgo</strong></span> <span class='ocrx_word' id='word_1_157' title='bbox 1222 2051 1383 2109; x_wconf 90' lang='lat' dir='ltr'><strong>ﬁlius</strong></span> <span class='ocrx_word' id='word_1_158' title='bbox 1414 2055 1773 2108; x_wconf 90' lang='lat' dir='ltr'><strong>nasceretur.</strong></span> <span class='ocrx_word' id='word_1_159' title='bbox 1806 2050 1867 2106; x_wconf 90' lang='lat' dir='ltr'><strong>Si</strong></span> 
     </span>
    </p>
   </div>
   <div class='ocr_carea' id='block_1_23' title="bbox 227 2138 1867 2208">
    <p class='ocr_par' dir='ltr' id='par_1_23' title="bbox 227 2138 1867 2208">
     <span class='ocr_line' id='line_1_23' title="bbox 227 2138 1867 2208; baseline -0.002 -11"><span class='ocrx_word' id='word_1_160' title='bbox 227 2141 376 2198; x_wconf 88' lang='lat' dir='ltr'><strong>enim</strong></span> <span class='ocrx_word' id='word_1_161' title='bbox 394 2141 456 2196; x_wconf 92' lang='lat' dir='ltr'><strong>in</strong></span> <span class='ocrx_word' id='word_1_162' title='bbox 479 2141 670 2198; x_wconf 90' lang='lat' dir='ltr'><strong>virum</strong></span> <span class='ocrx_word' id='word_1_163' title='bbox 686 2147 957 2198; x_wconf 90' lang='lat' dir='ltr'><strong>sanctum</strong></span> <span class='ocrx_word' id='word_1_164' title='bbox 974 2141 1282 2199; x_wconf 86' lang='lat' dir='ltr'><strong>fornicatio</strong></span> <span class='ocrx_word' id='word_1_165' title='bbox 1298 2159 1413 2198; x_wconf 90' lang='lat' dir='ltr'><strong>non</strong></span> <span class='ocrx_word' id='word_1_166' title='bbox 1432 2141 1609 2208; x_wconf 91' lang='lat' dir='ltr'><strong>cadit,</strong></span> <span class='ocrx_word' id='word_1_167' title='bbox 1624 2144 1680 2196; x_wconf 91' lang='lat' dir='ltr'><strong>et</strong></span> <span class='ocrx_word' id='word_1_168' title='bbox 1692 2138 1867 2196; x_wconf 89' lang='lat' dir='ltr'><strong>aliam</strong></span> 
     </span>
    </p>
   </div>
   <div class='ocr_carea' id='block_1_24' title="bbox 224 2230 1867 2288">
    <p class='ocr_par' dir='ltr' id='par_1_24' title="bbox 224 2230 1867 2288">
     <span class='ocr_line' id='line_1_24' title="bbox 224 2230 1867 2288; baseline -0.002 -1"><span class='ocrx_word' id='word_1_169' title='bbox 224 2246 354 2287; x_wconf 88' lang='lat' dir='ltr'><strong>eum</strong></span> <span class='ocrx_word' id='word_1_170' title='bbox 386 2247 627 2288; x_wconf 85' lang='lat' dir='ltr'><strong>uxorem</strong></span> <span class='ocrx_word' id='word_1_171' title='bbox 658 2230 937 2288; x_wconf 88' lang='lat' dir='ltr'><strong>habuisse</strong></span> <span class='ocrx_word' id='word_1_172' title='bbox 959 2247 1075 2288; x_wconf 92' lang='lat' dir='ltr'><strong>non</strong></span> <span class='ocrx_word' id='word_1_173' title='bbox 1096 2232 1405 2288; x_wconf 89' lang='lat' dir='ltr'><strong>scribitur:</strong></span> <span class='ocrx_word' id='word_1_174' title='bbox 1441 2230 1637 2286; x_wconf 74' lang='lat' dir='ltr'><strong>Marias</strong></span> <span class='ocrx_word' id='word_1_175' title='bbox 1669 2234 1867 2285; x_wconf 87' lang='lat' dir='ltr'><strong>autem</strong></span> 
     </span>
    </p>
   </div>
   <div class='ocr_carea' id='block_1_25' title="bbox 226 2320 1867 2393">
    <p class='ocr_par' dir='ltr' id='par_1_25' title="bbox 226 2320 1867 2393">
     <span class='ocr_line' id='line_1_25' title="bbox 226 2320 1867 2393; baseline -0.002 -16"><span class='ocrx_word' id='word_1_176' title='bbox 226 2335 395 2393; x_wconf 88' lang='lat' dir='ltr'><strong>quam</strong></span> <span class='ocrx_word' id='word_1_177' title='bbox 412 2324 657 2393; x_wconf 88' lang='lat' dir='ltr'><strong>putatus</strong></span> <span class='ocrx_word' id='word_1_178' title='bbox 674 2324 765 2377; x_wconf 88' lang='lat' dir='ltr'><strong>est</strong></span> <span class='ocrx_word' id='word_1_179' title='bbox 784 2320 1085 2388; x_wconf 88' lang='lat' dir='ltr'><strong>habuisse,</strong></span> <span class='ocrx_word' id='word_1_180' title='bbox 1104 2326 1303 2378; x_wconf 90' lang='lat' dir='ltr'><strong>custos</strong></span> <span class='ocrx_word' id='word_1_181' title='bbox 1322 2320 1517 2393; x_wconf 88' lang='lat' dir='ltr'><strong>potius</strong></span> <span class='ocrx_word' id='word_1_182' title='bbox 1536 2320 1664 2386; x_wconf 87' lang='lat' dir='ltr'><strong>fuit,</strong></span> <span class='ocrx_word' id='word_1_183' title='bbox 1689 2335 1867 2391; x_wconf 89' lang='lat' dir='ltr'><strong>quam</strong></span> 
     </span>
    </p>
   </div>
   <div class='ocr_carea' id='block_1_26' title="bbox 224 2408 1868 2484">
    <p class='ocr_par' dir='ltr' id='par_1_26' title="bbox 224 2408 1868 2484">
     <span class='ocr_line' id='line_1_26' title="bbox 224 2408 1868 2484; baseline -0.001 -19"><span class='ocrx_word' id='word_1_184' title='bbox 224 2409 471 2466; x_wconf 90' lang='lat' dir='ltr'><strong>maritus</strong></span> <span class='ocrx_word' id='word_1_185' title='bbox 496 2426 510 2466; x_wconf 91' lang='lat'><strong>:</strong></span> <span class='ocrx_word' id='word_1_186' title='bbox 537 2408 908 2483; x_wconf 88' lang='lat' dir='ltr'><strong>relinquitur,</strong></span> <span class='ocrx_word' id='word_1_187' title='bbox 930 2409 1216 2484; x_wconf 89' lang='lat' dir='ltr'><strong>virginem</strong></span> <span class='ocrx_word' id='word_1_188' title='bbox 1243 2427 1378 2467; x_wconf 91' lang='lat' dir='ltr'><strong>eum</strong></span> <span class='ocrx_word' id='word_1_189' title='bbox 1410 2408 1703 2465; x_wconf 88' lang='lat' dir='ltr'><strong>mansisse</strong></span> <span class='ocrx_word' id='word_1_190' title='bbox 1731 2424 1868 2464; x_wconf 88' lang='lat' dir='ltr'><strong>cum</strong></span> 
     </span>
    </p>
   </div>
   <div class='ocr_carea' id='block_1_27' title="bbox 224 2497 1589 2573">
    <p class='ocr_par' dir='ltr' id='par_1_27' title="bbox 224 2497 1589 2573">
     <span class='ocr_line' id='line_1_27' title="bbox 224 2497 1589 2573; baseline -0.002 -18"><span class='ocrx_word' id='word_1_191' title='bbox 224 2498 419 2569; x_wconf 81' lang='lat' dir='ltr'><strong>Maria,</strong></span> <span class='ocrx_word' id='word_1_192' title='bbox 450 2498 556 2572; x_wconf 90' lang='lat' dir='ltr'><strong>qui</strong></span> <span class='ocrx_word' id='word_1_193' title='bbox 587 2503 753 2573; x_wconf 90' lang='lat' dir='ltr'><strong>pater</strong></span> <span class='ocrx_word' id='word_1_194' title='bbox 781 2499 1011 2556; x_wconf 90' lang='lat' dir='ltr'><strong>Domini</strong></span> <span class='ocrx_word' id='word_1_195' title='bbox 1042 2499 1258 2556; x_wconf 90' lang='lat' dir='ltr'><strong>meruit</strong></span> <span class='ocrx_word' id='word_1_196' title='bbox 1288 2497 1589 2573; x_wconf 89' lang='lat' dir='ltr'><strong>appellari.</strong></span> 
     </span>
    </p>
   </div>
   <div class='ocr_carea' id='block_1_28' title="bbox 285 2588 1868 2670">
    <p class='ocr_par' dir='ltr' id='par_1_28' title="bbox 285 2588 1868 2670">
     <span class='ocr_line' id='line_1_28' title="bbox 285 2588 1868 2670; baseline -0.002 -24"><span class='ocrx_word' id='word_1_197' title='bbox 285 2589 376 2647; x_wconf 80' lang='lat'><strong>20.</strong></span> <span class='ocrx_word' id='word_1_198' title='bbox 408 2590 487 2646; x_wconf 86' lang='lat' dir='ltr'><strong>Et</strong></span> <span class='ocrx_word' id='word_1_199' title='bbox 514 2588 654 2670; x_wconf 86' lang='lat' dir='ltr'><strong>quia</strong></span> <span class='ocrx_word' id='word_1_200' title='bbox 697 2589 770 2644; x_wconf 91' lang='lat' dir='ltr'><strong>de</strong></span> <span class='ocrx_word' id='word_1_201' title='bbox 814 2588 1248 2663; x_wconf 88' lang='lat' dir='ltr'><strong>comparatione</strong></span> <span class='ocrx_word' id='word_1_202' title='bbox 1289 2588 1644 2662; x_wconf 88' lang='lat' dir='ltr'><strong>virginitatis</strong></span> <span class='ocrx_word' id='word_1_203' title='bbox 1673 2591 1731 2644; x_wconf 92' lang='lat' dir='ltr'><strong>et</strong></span> <span class='ocrx_word' id='word_1_204' title='bbox 1760 2604 1868 2643; x_wconf 88' lang='lat' dir='ltr'><strong>nu-</strong></span> 
     </span>
    </p>
   </div>
   <div class='ocr_carea' id='block_1_29' title="bbox 222 2676 1871 2752">
    <p class='ocr_par' dir='ltr' id='par_1_29' title="bbox 222 2676 1871 2752">
     <span class='ocr_line' id='line_1_29' title="bbox 222 2676 1871 2752; baseline -0.002 -17"><span class='ocrx_word' id='word_1_205' title='bbox 222 2679 478 2752; x_wconf 88' lang='lat' dir='ltr'><strong>ptiarum</strong></span> <span class='ocrx_word' id='word_1_206' title='bbox 502 2695 636 2735; x_wconf 91' lang='lat' dir='ltr'><strong>sum</strong></span> <span class='ocrx_word' id='word_1_207' title='bbox 651 2676 848 2751; x_wconf 84' lang='lat' dir='ltr'><strong>aliqua</strong></span> <span class='ocrx_word' id='word_1_208' title='bbox 863 2678 1402 2749; x_wconf 88' lang='lat' dir='ltr'><strong>dicturus,obsecro</strong></span> <span class='ocrx_word' id='word_1_209' title='bbox 1414 2677 1671 2734; x_wconf 77' lang='lat' dir='ltr'><strong>lecturos</strong></span> <span class='ocrx_word' id='word_1_210' title='bbox 1689 2694 1760 2732; x_wconf 92' lang='lat' dir='ltr'><strong>ne</strong></span> <span class='ocrx_word' id='word_1_211' title='bbox 1777 2693 1871 2733; x_wconf 90' lang='lat' dir='ltr'><strong>me</strong></span> 
     </span>
    </p>
   </div>
   <div class='ocr_carea' id='block_1_30' title="bbox 223 2766 1869 2841">
    <p class='ocr_par' dir='ltr' id='par_1_30' title="bbox 223 2766 1869 2841">
     <span class='ocr_line' id='line_1_30' title="bbox 223 2766 1869 2841; baseline -0.002 -17"><span class='ocrx_word' id='word_1_212' title='bbox 223 2771 425 2841; x_wconf 87' lang='lat' dir='ltr'><strong>putent</strong></span> <span class='ocrx_word' id='word_1_213' title='bbox 447 2766 673 2841; x_wconf 89' lang='lat' dir='ltr'><strong>nuptiis</strong></span> <span class='ocrx_word' id='word_1_214' title='bbox 694 2767 1014 2825; x_wconf 83' lang='lat' dir='ltr'><strong>detraxisse</strong></span> <span class='ocrx_word' id='word_1_215' title='bbox 1037 2767 1098 2824; x_wconf 89' lang='lat' dir='ltr'><strong>in</strong></span> <span class='ocrx_word' id='word_1_216' title='bbox 1128 2768 1428 2841; x_wconf 88' lang='lat' dir='ltr'><strong>virginum</strong></span> <span class='ocrx_word' id='word_1_217' title='bbox 1451 2766 1647 2834; x_wconf 89' lang='lat' dir='ltr'><strong>laude,</strong></span> <span class='ocrx_word' id='word_1_218' title='bbox 1686 2771 1745 2822; x_wconf 91' lang='lat' dir='ltr'><strong>et</strong></span> <span class='ocrx_word' id='word_1_219' title='bbox 1764 2766 1869 2822; x_wconf 87' lang='lat' dir='ltr'><strong>ali-</strong></span> 
     </span>
    </p>
   </div>
   <div class='ocr_carea' id='block_1_31' title="bbox 223 2855 1871 2931">
    <p class='ocr_par' dir='ltr' id='par_1_31' title="bbox 223 2855 1871 2931">
     <span class='ocr_line' id='line_1_31' title="bbox 223 2855 1871 2931; baseline -0.002 -16"><span class='ocrx_word' id='word_1_220' title='bbox 223 2875 394 2931; x_wconf 88' lang='lat' dir='ltr'><strong>quam</strong></span> <span class='ocrx_word' id='word_1_221' title='bbox 421 2857 634 2915; x_wconf 80' lang='lat' dir='ltr'><strong>fecisse</strong></span> <span class='ocrx_word' id='word_1_222' title='bbox 660 2857 1001 2914; x_wconf 88' lang='lat' dir='ltr'><strong>distantiam</strong></span> <span class='ocrx_word' id='word_1_223' title='bbox 1040 2857 1194 2914; x_wconf 91' lang='lat' dir='ltr'><strong>inter</strong></span> <span class='ocrx_word' id='word_1_224' title='bbox 1240 2862 1475 2915; x_wconf 88' lang='lat' dir='ltr'><strong>sanctos</strong></span> <span class='ocrx_word' id='word_1_225' title='bbox 1518 2855 1728 2912; x_wconf 85' lang='lat' dir='ltr'><strong>veteris</strong></span> <span class='ocrx_word' id='word_1_226' title='bbox 1757 2857 1871 2912; x_wconf 89' lang='lat' dir='ltr'><strong>Te-</strong></span> 
     </span>
    </p>
   </div>
   <div class='ocr_carea' id='block_1_32' title="bbox 223 2945 1871 3019">
    <p class='ocr_par' dir='ltr' id='par_1_32' title="bbox 223 2945 1871 3019">
     <span class='ocr_line' id='line_1_32' title="bbox 223 2945 1871 3019; baseline -0.004 -13"><span class='ocrx_word' id='word_1_227' title='bbox 223 2947 501 3005; x_wconf 87' lang='lat' dir='ltr'><strong>stamenti</strong></span> <span class='ocrx_word' id='word_1_228' title='bbox 532 2950 590 3003; x_wconf 92' lang='lat' dir='ltr'><strong>et</strong></span> <span class='ocrx_word' id='word_1_229' title='bbox 618 2946 771 3015; x_wconf 87' lang='lat' dir='ltr'><strong>novi,</strong></span> <span class='ocrx_word' id='word_1_230' title='bbox 799 2945 860 3003; x_wconf 91' lang='lat' dir='ltr'><strong>id</strong></span> <span class='ocrx_word' id='word_1_231' title='bbox 890 2951 1002 3015; x_wconf 91' lang='lat' dir='ltr'><strong>est,</strong></span> <span class='ocrx_word' id='word_1_232' title='bbox 1025 2948 1177 3004; x_wconf 89' lang='lat' dir='ltr'><strong>inter</strong></span> <span class='ocrx_word' id='word_1_233' title='bbox 1195 2963 1295 3003; x_wconf 91' lang='lat' dir='ltr'><strong>eos</strong></span> <span class='ocrx_word' id='word_1_234' title='bbox 1326 2947 1427 3019; x_wconf 91' lang='lat' dir='ltr'><strong>qui</strong></span> <span class='ocrx_word' id='word_1_235' title='bbox 1450 2946 1706 3003; x_wconf 87' lang='lat' dir='ltr'><strong>habuere</strong></span> <span class='ocrx_word' id='word_1_236' title='bbox 1729 2962 1871 3001; x_wconf 92' lang='lat' dir='ltr'><strong>con-</strong></span> 
     </span>
    </p>
   </div>
   <div class='ocr_carea' id='block_1_33' title="bbox 1969 531 3615 606">
    <p class='ocr_par' dir='ltr' id='par_1_33' title="bbox 1969 531 3615 606">
     <span class='ocr_line' id='line_1_33' title="bbox 1969 531 3615 606; baseline 0.005 -25"><span class='ocrx_word' id='word_1_237' title='bbox 1969 542 2182 583; x_wconf 89' lang='lat' dir='ltr'><strong>nomen</strong></span> <span class='ocrx_word' id='word_1_238' title='bbox 2215 545 2387 586; x_wconf 88' lang='lat' dir='ltr'><strong>sexus</strong></span> <span class='ocrx_word' id='word_1_239' title='bbox 2414 531 2699 588; x_wconf 90' lang='lat' dir='ltr'><strong>amiserit.</strong></span> <span class='ocrx_word' id='word_1_240' title='bbox 2720 532 2895 606; x_wconf 87' lang='lat' dir='ltr'><strong>Virgo</strong></span> <span class='ocrx_word' id='word_1_241' title='bbox 2919 534 3045 605; x_wconf 90' lang='lat' dir='ltr'><strong>jam</strong></span> <span class='ocrx_word' id='word_1_242' title='bbox 3070 532 3283 589; x_wconf 88' lang='lat' dir='ltr'><strong>mulier</strong></span> <span class='ocrx_word' id='word_1_243' title='bbox 3305 550 3420 589; x_wconf 93' lang='lat' dir='ltr'><strong>non</strong></span> <span class='ocrx_word' id='word_1_244' title='bbox 3440 549 3615 591; x_wconf 89' lang='lat' dir='ltr'><strong>voca-</strong></span> 
     </span>
    </p>
   </div>
   <div class='ocr_carea' id='block_1_34' title="bbox 1967 618 3615 696">
    <p class='ocr_par' dir='ltr' id='par_1_34' title="bbox 1967 618 3615 696">
     <span class='ocr_line' id='line_1_34' title="bbox 1967 618 3615 696; baseline 0.004 -26"><span class='ocrx_word' id='word_1_245' title='bbox 1967 620 2083 671; x_wconf 90' lang='lat' dir='ltr'><strong>tur.</strong></span> <span class='ocrx_word' id='word_1_246' title='bbox 2118 618 2246 685; x_wconf 68' lang='lat' dir='ltr'><strong>Quae</strong></span> <span class='ocrx_word' id='word_1_247' title='bbox 2272 635 2383 674; x_wconf 91' lang='lat' dir='ltr'><strong>non</strong></span> <span class='ocrx_word' id='word_1_248' title='bbox 2411 628 2490 676; x_wconf 88' lang='lat' dir='ltr'><strong>est</strong></span> <span class='ocrx_word' id='word_1_249' title='bbox 2517 626 2708 693; x_wconf 80' lang='lat' dir='ltr'><strong>nupta,</strong></span> <span class='ocrx_word' id='word_1_250' title='bbox 2741 626 2945 691; x_wconf 77' lang='lat' dir='ltr'><strong>cogitat</strong></span> <span class='ocrx_word' id='word_1_251' title='bbox 2975 638 3100 696; x_wconf 79' lang='lat' dir='ltr'><strong>quae</strong></span> <span class='ocrx_word' id='word_1_252' title='bbox 3126 632 3253 679; x_wconf 86' lang='lat' dir='ltr'><strong>sunt</strong></span> <span class='ocrx_word' id='word_1_253' title='bbox 3282 624 3522 690; x_wconf 78' lang='lat' dir='ltr'><strong>Domini,</strong></span> <span class='ocrx_word' id='word_1_254' title='bbox 3556 623 3615 677; x_wconf 87' lang='lat' dir='ltr'><strong>ut</strong></span> 
     </span>
    </p>
   </div>
   <div class='ocr_carea' id='block_1_35' title="bbox 1966 706 3616 785">
    <p class='ocr_par' dir='ltr' id='par_1_35' title="bbox 1966 706 3616 785">
     <span class='ocr_line' id='line_1_35' title="bbox 1966 706 3616 785; baseline 0.005 -26"><span class='ocrx_word' id='word_1_255' title='bbox 1966 706 2038 760; x_wconf 90' lang='lat' dir='ltr'><strong>sit</strong></span> <span class='ocrx_word' id='word_1_256' title='bbox 2068 711 2257 762; x_wconf 90' lang='lat' dir='ltr'><strong>sancta</strong></span> <span class='ocrx_word' id='word_1_257' title='bbox 2285 724 2506 780; x_wconf 89' lang='lat' dir='ltr'><strong>corpore</strong></span> <span class='ocrx_word' id='word_1_258' title='bbox 2533 718 2585 766; x_wconf 88' lang='lat' dir='ltr'><strong>et</strong></span> <span class='ocrx_word' id='word_1_259' title='bbox 2609 712 2830 783; x_wconf 76' lang='lat' dir='ltr'><strong>spiritu.</strong></span> <span class='ocrx_word' id='word_1_260' title='bbox 2864 712 3121 785; x_wconf 88' lang='lat' dir='ltr'><strong>Virginis</strong></span> <span class='ocrx_word' id='word_1_261' title='bbox 3153 712 3438 781; x_wconf 91' lang='lat' dir='ltr'><strong>deﬁnitio,</strong></span> <span class='ocrx_word' id='word_1_262' title='bbox 3477 729 3616 768; x_wconf 84' lang='lat' dir='ltr'><strong>san-</strong></span> 
     </span>
    </p>
   </div>
   <div class='ocr_carea' id='block_1_36' title="bbox 1968 798 3616 874">
    <p class='ocr_par' dir='ltr' id='par_1_36' title="bbox 1968 798 3616 874">
     <span class='ocr_line' id='line_1_36' title="bbox 1968 798 3616 874; baseline 0.004 -25"><span class='ocrx_word' id='word_1_263' title='bbox 1968 798 2122 850; x_wconf 89' lang='lat' dir='ltr'><strong>ctam</strong></span> <span class='ocrx_word' id='word_1_264' title='bbox 2154 812 2284 852; x_wconf 88' lang='lat' dir='ltr'><strong>esse</strong></span> <span class='ocrx_word' id='word_1_265' title='bbox 2321 815 2562 871; x_wconf 89' lang='lat' dir='ltr'><strong>corpore</strong></span> <span class='ocrx_word' id='word_1_266' title='bbox 2609 804 2667 855; x_wconf 89' lang='lat' dir='ltr'><strong>et</strong></span> <span class='ocrx_word' id='word_1_267' title='bbox 2721 801 2971 874; x_wconf 86' lang='lat' dir='ltr'><strong>spiritu;</strong></span> <span class='ocrx_word' id='word_1_268' title='bbox 3028 801 3167 874; x_wconf 88' lang='lat' dir='ltr'><strong>quia</strong></span> <span class='ocrx_word' id='word_1_269' title='bbox 3222 801 3369 857; x_wconf 88' lang='lat' dir='ltr'><strong>nihil</strong></span> <span class='ocrx_word' id='word_1_270' title='bbox 3427 801 3616 873; x_wconf 85' lang='lat' dir='ltr'><strong>prosit</strong></span> 
     </span>
    </p>
   </div>
   <div class='ocr_carea' id='block_1_37' title="bbox 1968 885 3614 964">
    <p class='ocr_par' dir='ltr' id='par_1_37' title="bbox 1968 885 3614 964">
     <span class='ocr_line' id='line_1_37' title="bbox 1968 885 3614 964; baseline 0.004 -26"><span class='ocrx_word' id='word_1_271' title='bbox 1968 898 2204 941; x_wconf 89' lang='lat' dir='ltr'><strong>carnem</strong></span> <span class='ocrx_word' id='word_1_272' title='bbox 2235 885 2450 943; x_wconf 90' lang='lat' dir='ltr'><strong>habere</strong></span> <span class='ocrx_word' id='word_1_273' title='bbox 2480 889 2785 961; x_wconf 87' lang='lat' dir='ltr'><strong>virginem,</strong></span> <span class='ocrx_word' id='word_1_274' title='bbox 2811 890 2861 947; x_wconf 89' lang='lat' dir='ltr'><strong>si</strong></span> <span class='ocrx_word' id='word_1_275' title='bbox 2893 895 3087 947; x_wconf 86' lang='lat' dir='ltr'><strong>mente</strong></span> <span class='ocrx_word' id='word_1_276' title='bbox 3133 891 3269 964; x_wconf 88' lang='lat' dir='ltr'><strong>quis</strong></span> <span class='ocrx_word' id='word_1_277' title='bbox 3326 890 3614 964; x_wconf 89' lang='lat' dir='ltr'><strong>nupserit.</strong></span> 
     </span>
    </p>
   </div>
   <div class='ocr_carea' id='block_1_38' title="bbox 1971 975 3617 1053">
    <p class='ocr_par' dir='ltr' id='par_1_38' title="bbox 1971 975 3617 1053">
     <span class='ocr_line' id='line_1_38' title="bbox 1971 975 3617 1053; baseline 0.002 -21"><span class='ocrx_word' id='word_1_278' title='bbox 1971 975 2106 1043; x_wconf 74' lang='lat' dir='ltr'><strong>Quae</strong></span> <span class='ocrx_word' id='word_1_279' title='bbox 2134 991 2255 1031; x_wconf 85' lang='lat' dir='ltr'><strong>vero</strong></span> <span class='ocrx_word' id='word_1_280' title='bbox 2280 980 2451 1048; x_wconf 88' lang='lat' dir='ltr'><strong>nupta</strong></span> <span class='ocrx_word' id='word_1_281' title='bbox 2480 987 2578 1047; x_wconf 91' lang='lat' dir='ltr'><strong>est,</strong></span> <span class='ocrx_word' id='word_1_282' title='bbox 2617 981 2818 1051; x_wconf 82' lang='lat' dir='ltr'><strong>cogitat</strong></span> <span class='ocrx_word' id='word_1_283' title='bbox 2859 996 2984 1053; x_wconf 62' lang='lat' dir='ltr'><strong>quae</strong></span> <span class='ocrx_word' id='word_1_284' title='bbox 3027 989 3155 1037; x_wconf 86' lang='lat' dir='ltr'><strong>sunt</strong></span> <span class='ocrx_word' id='word_1_285' title='bbox 3208 981 3426 1047; x_wconf 85' lang='lat' dir='ltr'><strong>mundi,</strong></span> <span class='ocrx_word' id='word_1_286' title='bbox 3484 996 3617 1053; x_wconf 89' lang='lat' dir='ltr'><strong>quo-</strong></span> 
     </span>
    </p>
   </div>
   <div class='ocr_carea' id='block_1_39' title="bbox 1971 1064 3622 1142">
    <p class='ocr_par' dir='ltr' id='par_1_39' title="bbox 1971 1064 3622 1142">
     <span class='ocr_line' id='line_1_39' title="bbox 1971 1064 3622 1142; baseline 0.003 -23"><span class='ocrx_word' id='word_1_287' title='bbox 1971 1064 2131 1121; x_wconf 86' lang='lat' dir='ltr'><strong>modo</strong></span> <span class='ocrx_word' id='word_1_288' title='bbox 2154 1065 2535 1137; x_wconf 84' lang='lat' dir='ltr'><strong>placeatviro.</strong></span> <span class='ocrx_word' id='word_1_289' title='bbox 2573 1068 2727 1129; x_wconf 90' lang='lat' dir='ltr'><strong>Idem</strong></span> <span class='ocrx_word' id='word_1_290' title='bbox 2760 1073 2822 1125; x_wconf 90' lang='lat' dir='ltr'><strong>tu</strong></span> <span class='ocrx_word' id='word_1_291' title='bbox 2881 1073 3054 1142; x_wconf 90' lang='lat' dir='ltr'><strong>putas</strong></span> <span class='ocrx_word' id='word_1_292' title='bbox 3112 1087 3241 1127; x_wconf 90' lang='lat' dir='ltr'><strong>esse</strong></span> <span class='ocrx_word' id='word_1_293' title='bbox 3298 1070 3506 1126; x_wconf 89' lang='lat' dir='ltr'><strong>diebus</strong></span> <span class='ocrx_word' id='word_1_294' title='bbox 3563 1073 3622 1126; x_wconf 88' lang='lat' dir='ltr'><strong>et</strong></span> 
     </span>
    </p>
   </div>
   <div class='ocr_carea' id='block_1_40' title="bbox 1973 1154 3621 1232">
    <p class='ocr_par' dir='ltr' id='par_1_40' title="bbox 1973 1154 3621 1232">
     <span class='ocr_line' id='line_1_40' title="bbox 1973 1154 3621 1232; baseline 0.004 -24"><span class='ocrx_word' id='word_1_295' title='bbox 1973 1154 2244 1210; x_wconf 88' lang='lat' dir='ltr'><strong>noctibus</strong></span> <span class='ocrx_word' id='word_1_296' title='bbox 2274 1172 2478 1212; x_wconf 88' lang='lat' dir='ltr'><strong>vacare</strong></span> <span class='ocrx_word' id='word_1_297' title='bbox 2518 1158 2785 1223; x_wconf 89' lang='lat' dir='ltr'><strong>orationi,</strong></span> <span class='ocrx_word' id='word_1_298' title='bbox 2850 1176 3052 1216; x_wconf 90' lang='lat' dir='ltr'><strong>vacare</strong></span> <span class='ocrx_word' id='word_1_299' title='bbox 3102 1159 3384 1232; x_wconf 88' lang='lat' dir='ltr'><strong>jejuniis;</strong></span> <span class='ocrx_word' id='word_1_300' title='bbox 3442 1163 3500 1215; x_wconf 91' lang='lat' dir='ltr'><strong>et</strong></span> <span class='ocrx_word' id='word_1_301' title='bbox 3550 1160 3621 1214; x_wconf 89' lang='lat' dir='ltr'><strong>ad</strong></span> 
     </span>
    </p>
   </div>
   <div class='ocr_carea' id='block_1_41' title="bbox 1973 1243 3621 1322">
    <p class='ocr_par' dir='ltr' id='par_1_41' title="bbox 1973 1243 3621 1322">
     <span class='ocr_line' id='line_1_41' title="bbox 1973 1243 3621 1322; baseline 0.003 -23"><span class='ocrx_word' id='word_1_302' title='bbox 1973 1243 2289 1301; x_wconf 85' lang='lat' dir='ltr'><strong>adventum</strong></span> <span class='ocrx_word' id='word_1_303' title='bbox 2313 1245 2504 1302; x_wconf 88' lang='lat' dir='ltr'><strong>mariti</strong></span> <span class='ocrx_word' id='word_1_304' title='bbox 2520 1246 2776 1320; x_wconf 83' lang='lat' dir='ltr'><strong>expolire</strong></span> <span class='ocrx_word' id='word_1_305' title='bbox 2789 1248 3017 1316; x_wconf 85' lang='lat' dir='ltr'><strong>faciem,</strong></span> <span class='ocrx_word' id='word_1_306' title='bbox 3038 1265 3310 1321; x_wconf 89' lang='lat' dir='ltr'><strong>gressum</strong></span> <span class='ocrx_word' id='word_1_307' title='bbox 3333 1250 3621 1322; x_wconf 83' lang='lat' dir='ltr'><strong>frangere,</strong></span> 
     </span>
    </p>
   </div>
   <div class='ocr_carea' id='block_1_42' title="bbox 1972 1331 3625 1411">
    <p class='ocr_par' dir='ltr' id='par_1_42' title="bbox 1972 1331 3625 1411">
     <span class='ocr_line' id='line_1_42' title="bbox 1972 1331 3625 1411; baseline 0.004 -23"><span class='ocrx_word' id='word_1_308' title='bbox 1972 1331 2252 1390; x_wconf 89' lang='lat' dir='ltr'><strong>simulare</strong></span> <span class='ocrx_word' id='word_1_309' title='bbox 2274 1333 2589 1391; x_wconf 87' lang='lat' dir='ltr'><strong>blanditias</strong></span> <span class='ocrx_word' id='word_1_310' title='bbox 2609 1336 2637 1390; x_wconf 81' lang='lat' dir='ltr'><strong>‘l</strong></span> <span class='ocrx_word' id='word_1_311' title='bbox 2657 1335 2765 1392; x_wconf 90' lang='lat' dir='ltr'><strong>Illa</strong></span> <span class='ocrx_word' id='word_1_312' title='bbox 2785 1337 2894 1393; x_wconf 90' lang='lat' dir='ltr'><strong>hoc</strong></span> <span class='ocrx_word' id='word_1_313' title='bbox 2924 1337 3064 1410; x_wconf 89' lang='lat' dir='ltr'><strong>agit,</strong></span> <span class='ocrx_word' id='word_1_314' title='bbox 3099 1342 3165 1394; x_wconf 93' lang='lat' dir='ltr'><strong>ut</strong></span> <span class='ocrx_word' id='word_1_315' title='bbox 3191 1338 3420 1411; x_wconf 91' lang='lat' dir='ltr'><strong>turpior</strong></span> <span class='ocrx_word' id='word_1_316' title='bbox 3449 1355 3625 1411; x_wconf 88' lang='lat' dir='ltr'><strong>appa-</strong></span> 
     </span>
    </p>
   </div>
   <div class='ocr_carea' id='block_1_43' title="bbox 1972 1424 3622 1500">
    <p class='ocr_par' dir='ltr' id='par_1_43' title="bbox 1972 1424 3622 1500">
     <span class='ocr_line' id='line_1_43' title="bbox 1972 1424 3622 1500; baseline 0.004 -24"><span class='ocrx_word' id='word_1_317' title='bbox 1972 1424 2116 1489; x_wconf 86' lang='lat' dir='ltr'><strong>reat,</strong></span> <span class='ocrx_word' id='word_1_318' title='bbox 2151 1427 2207 1478; x_wconf 89' lang='lat' dir='ltr'><strong>et</strong></span> <span class='ocrx_word' id='word_1_319' title='bbox 2237 1427 2458 1479; x_wconf 82' lang='lat' dir='ltr'><strong>naturae</strong></span> <span class='ocrx_word' id='word_1_320' title='bbox 2490 1424 2708 1481; x_wconf 90' lang='lat' dir='ltr'><strong>bonum</strong></span> <span class='ocrx_word' id='word_1_321' title='bbox 2740 1426 3472 1498; x_wconf 59' lang='lat' dir='ltr'><strong>infuscetiniuriaﬂaccad</strong></span> <span class='ocrx_word' id='word_1_322' title='bbox 3491 1443 3622 1500; x_wconf 89' lang='lat' dir='ltr'><strong>spe-</strong></span> 
     </span>
    </p>
   </div>
   <div class='ocr_carea' id='block_1_44' title="bbox 1974 1510 3625 1585">
    <p class='ocr_par' dir='ltr' id='par_1_44' title="bbox 1974 1510 3625 1585">
     <span class='ocr_line' id='line_1_44' title="bbox 1974 1510 3625 1585; baseline 0.003 -20"><span class='ocrx_word' id='word_1_323' title='bbox 1974 1510 2172 1567; x_wconf 90' lang='lat' dir='ltr'><strong>culum</strong></span> <span class='ocrx_word' id='word_1_324' title='bbox 2187 1511 2470 1585; x_wconf 87' lang='lat' dir='ltr'><strong>pingitur,</strong></span> <span class='ocrx_word' id='word_1_325' title='bbox 2486 1519 2543 1569; x_wconf 90' lang='lat' dir='ltr'><strong>et</strong></span> <span class='ocrx_word' id='word_1_326' title='bbox 2573 1514 2633 1570; x_wconf 90' lang='lat' dir='ltr'><strong>in</strong></span> <span class='ocrx_word' id='word_1_327' title='bbox 2664 1514 3081 1572; x_wconf 88' lang='lat' dir='ltr'><strong>contumeliam</strong></span> <span class='ocrx_word' id='word_1_328' title='bbox 3116 1516 3356 1573; x_wconf 87' lang='lat' dir='ltr'><strong>artiﬁcis</strong></span> <span class='ocrx_word' id='word_1_329' title='bbox 3378 1520 3625 1573; x_wconf 88' lang='lat' dir='ltr'><strong>conatur</strong></span> 
     </span>
    </p>
   </div>
   <div class='ocr_carea' id='block_1_45' title="bbox 1974 1599 3619 1678">
    <p class='ocr_par' dir='ltr' id='par_1_45' title="bbox 1974 1599 3619 1678">
     <span class='ocr_line' id='line_1_45' title="bbox 1974 1599 3619 1678; baseline 0.004 -24"><span class='ocrx_word' id='word_1_330' title='bbox 1974 1599 2274 1671; x_wconf 89' lang='lat' dir='ltr'><strong>pulchrior</strong></span> <span class='ocrx_word' id='word_1_331' title='bbox 2286 1617 2416 1659; x_wconf 87' lang='lat' dir='ltr'><strong>esse</strong></span> <span class='ocrx_word' id='word_1_332' title='bbox 2438 1620 2616 1675; x_wconf 86' lang='lat' dir='ltr'><strong>quam</strong></span> <span class='ocrx_word' id='word_1_333' title='bbox 2637 1607 2775 1660; x_wconf 89' lang='lat' dir='ltr'><strong>nata</strong></span> <span class='ocrx_word' id='word_1_334' title='bbox 2787 1609 2892 1661; x_wconf 91' lang='lat' dir='ltr'><strong>est.</strong></span> <span class='ocrx_word' id='word_1_335' title='bbox 2914 1606 3050 1661; x_wconf 91' lang='lat' dir='ltr'><strong>[nde</strong></span> <span class='ocrx_word' id='word_1_336' title='bbox 3065 1605 3318 1661; x_wconf 83' lang='lat' dir='ltr'><strong>infantes</strong></span> <span class='ocrx_word' id='word_1_337' title='bbox 3331 1604 3619 1678; x_wconf 87' lang='lat' dir='ltr'><strong>garriunt,</strong></span> 
     </span>
    </p>
   </div>
   <div class='ocr_carea' id='block_1_46' title="bbox 1974 1686 3622 1764">
    <p class='ocr_par' dir='ltr' id='par_1_46' title="bbox 1974 1686 3622 1764">
     <span class='ocr_line' id='line_1_46' title="bbox 1974 1686 3622 1764; baseline 0.005 -22"><span class='ocrx_word' id='word_1_338' title='bbox 1974 1686 2199 1746; x_wconf 87' lang='lat' dir='ltr'><strong>familia</strong></span> <span class='ocrx_word' id='word_1_339' title='bbox 2229 1692 2561 1764; x_wconf 88' lang='lat' dir='ltr'><strong>perstrepit,</strong></span> <span class='ocrx_word' id='word_1_340' title='bbox 2594 1692 2762 1750; x_wconf 87' lang='lat' dir='ltr'><strong>liberi</strong></span> <span class='ocrx_word' id='word_1_341' title='bbox 2793 1696 2814 1728; x_wconf 82' lang='grc'><strong>³</strong></span> <span class='ocrx_word' id='word_1_342' title='bbox 2845 1694 2917 1750; x_wconf 89' lang='lat' dir='ltr'><strong>ab</strong></span> <span class='ocrx_word' id='word_1_343' title='bbox 2948 1693 3133 1750; x_wconf 91' lang='lat' dir='ltr'><strong>oculis</strong></span> <span class='ocrx_word' id='word_1_344' title='bbox 3163 1700 3219 1763; x_wconf 84' lang='lat' dir='ltr'><strong>et</strong></span> <span class='ocrx_word' id='word_1_345' title='bbox 3267 1696 3337 1750; x_wconf 87' lang='lat' dir='ltr'><strong>ab</strong></span> <span class='ocrx_word' id='word_1_346' title='bbox 3370 1711 3469 1751; x_wconf 91' lang='lat' dir='ltr'><strong>ore</strong></span> <span class='ocrx_word' id='word_1_347' title='bbox 3523 1695 3622 1750; x_wconf 92' lang='lat' dir='ltr'><strong>de-</strong></span> 
     </span>
    </p>
   </div>
   <div class='ocr_carea' id='block_1_47' title="bbox 1896 1780 3628 1883">
    <p class='ocr_par' dir='ltr' id='par_1_47' title="bbox 1896 1780 3628 1883">
     <span class='ocr_line' id='line_1_47' title="bbox 1896 1780 3628 1883; baseline 0.003 -48"><span class='ocrx_word' id='word_1_348' title='bbox 1896 1817 1946 1883; x_wconf 80' lang='lat' dir='ltr'><strong>B</strong></span> <span class='ocrx_word' id='word_1_349' title='bbox 1976 1780 2705 1883; x_wconf 44' lang='lat' dir='ltr'><strong>pendenthomputantur</strong></span> <span class='ocrx_word' id='word_1_350' title='bbox 2734 1789 3031 1857; x_wconf 88' lang='lat' dir='ltr'><strong>sumptus,</strong></span> <span class='ocrx_word' id='word_1_351' title='bbox 3062 1784 3365 1857; x_wconf 86' lang='lat' dir='ltr'><strong>impendia</strong></span> <span class='ocrx_word' id='word_1_352' title='bbox 3403 1801 3628 1857; x_wconf 68' lang='lat' dir='ltr'><strong>praepa-</strong></span> 
     </span>
    </p>
   </div>
   <div class='ocr_carea' id='block_1_48' title="bbox 1977 1870 3627 1940">
    <p class='ocr_par' dir='ltr' id='par_1_48' title="bbox 1977 1870 3627 1940">
     <span class='ocr_line' id='line_1_48' title="bbox 1977 1870 3627 1940; baseline 0.003 -16"><span class='ocrx_word' id='word_1_353' title='bbox 1977 1873 2203 1926; x_wconf 91' lang='lat' dir='ltr'><strong>rantur.</strong></span> <span class='ocrx_word' id='word_1_354' title='bbox 2238 1870 2384 1926; x_wconf 85' lang='lat' dir='ltr'><strong>Hinc</strong></span> <span class='ocrx_word' id='word_1_355' title='bbox 2411 1888 2683 1928; x_wconf 91' lang='lat' dir='ltr'><strong>cocorum</strong></span> <span class='ocrx_word' id='word_1_356' title='bbox 2714 1873 2975 1930; x_wconf 89' lang='lat' dir='ltr'><strong>accincta</strong></span> <span class='ocrx_word' id='word_1_357' title='bbox 3003 1890 3217 1930; x_wconf 87' lang='lat' dir='ltr'><strong>manus</strong></span> <span class='ocrx_word' id='word_1_358' title='bbox 3236 1891 3441 1930; x_wconf 88' lang='lat' dir='ltr'><strong>carnes</strong></span> <span class='ocrx_word' id='word_1_359' title='bbox 3468 1874 3627 1940; x_wconf 91' lang='lat' dir='ltr'><strong>terit,</strong></span> 
     </span>
    </p>
   </div>
   <div class='ocr_carea' id='block_1_49' title="bbox 1976 1958 3632 2019">
    <p class='ocr_par' dir='ltr' id='par_1_49' title="bbox 1976 1958 3632 2019">
     <span class='ocr_line' id='line_1_49' title="bbox 1976 1958 3632 2019; baseline 0.001 -4"><span class='ocrx_word' id='word_1_360' title='bbox 1976 1958 2116 2015; x_wconf 90' lang='lat' dir='ltr'><strong>hinc</strong></span> <span class='ocrx_word' id='word_1_361' title='bbox 2172 1959 2478 2016; x_wconf 87' lang='lat' dir='ltr'><strong>textricum</strong></span> <span class='ocrx_word' id='word_1_362' title='bbox 2532 1963 2707 2019; x_wconf 88' lang='lat' dir='ltr'><strong>turba</strong></span> <span class='ocrx_word' id='word_1_363' title='bbox 2763 1967 3262 2019; x_wconf 89' lang='lat' dir='ltr'><strong>commurmurat:</strong></span> <span class='ocrx_word' id='word_1_364' title='bbox 3325 1963 3632 2019; x_wconf 90' lang='lat' dir='ltr'><strong>nuntiatur</strong></span> 
     </span>
    </p>
   </div>
   <div class='ocr_carea' id='block_1_50' title="bbox 1978 2048 3633 2109">
    <p class='ocr_par' dir='ltr' id='par_1_50' title="bbox 1978 2048 3633 2109">
     <span class='ocr_line' id='line_1_50' title="bbox 1978 2048 3633 2109; baseline 0.002 -6"><span class='ocrx_word' id='word_1_365' title='bbox 1978 2048 2215 2105; x_wconf 88' lang='lat' dir='ltr'><strong>interim</strong></span> <span class='ocrx_word' id='word_1_366' title='bbox 2246 2049 2335 2105; x_wconf 87' lang='lat' dir='ltr'><strong>vir</strong></span> <span class='ocrx_word' id='word_1_367' title='bbox 2361 2051 2592 2107; x_wconf 85' lang='lat' dir='ltr'><strong>venisse</strong></span> <span class='ocrx_word' id='word_1_368' title='bbox 2622 2068 2756 2107; x_wconf 89' lang='lat' dir='ltr'><strong>cum</strong></span> <span class='ocrx_word' id='word_1_369' title='bbox 2789 2052 2983 2109; x_wconf 90' lang='lat' dir='ltr'><strong>sociis.</strong></span> <span class='ocrx_word' id='word_1_370' title='bbox 3019 2052 3124 2108; x_wconf 89' lang='lat' dir='ltr'><strong>Illa</strong></span> <span class='ocrx_word' id='word_1_371' title='bbox 3161 2053 3232 2109; x_wconf 89' lang='lat' dir='ltr'><strong>ad</strong></span> <span class='ocrx_word' id='word_1_372' title='bbox 3291 2052 3633 2108; x_wconf 88' lang='lat' dir='ltr'><strong>hirundinis</strong></span> 
     </span>
    </p>
   </div>
   <div class='ocr_carea' id='block_1_51' title="bbox 1979 2138 3632 2215">
    <p class='ocr_par' dir='ltr' id='par_1_51' title="bbox 1979 2138 3632 2215">
     <span class='ocr_line' id='line_1_51' title="bbox 1979 2138 3632 2215; baseline 0.002 -22"><span class='ocrx_word' id='word_1_373' title='bbox 1979 2138 2220 2194; x_wconf 90' lang='lat' dir='ltr'><strong>modum</strong></span> <span class='ocrx_word' id='word_1_374' title='bbox 2246 2139 2459 2196; x_wconf 88' lang='lat' dir='ltr'><strong>lustrat</strong></span> <span class='ocrx_word' id='word_1_375' title='bbox 2491 2141 2763 2198; x_wconf 90' lang='lat' dir='ltr'><strong>universa</strong></span> <span class='ocrx_word' id='word_1_376' title='bbox 2792 2142 3131 2214; x_wconf 88' lang='lat' dir='ltr'><strong>penetralia,</strong></span> <span class='ocrx_word' id='word_1_377' title='bbox 3165 2142 3215 2199; x_wconf 88' lang='lat' dir='ltr'><strong>si</strong></span> <span class='ocrx_word' id='word_1_378' title='bbox 3235 2146 3393 2198; x_wconf 88' lang='lat' dir='ltr'><strong>totus</strong></span> <span class='ocrx_word' id='word_1_379' title='bbox 3424 2142 3632 2215; x_wconf 88' lang='lat' dir='ltr'><strong>rigeat,</strong></span> 
     </span>
    </p>
   </div>
   <div class='ocr_carea' id='block_1_52' title="bbox 1978 2228 3634 2303">
    <p class='ocr_par' dir='ltr' id='par_1_52' title="bbox 1978 2228 3634 2303">
     <span class='ocr_line' id='line_1_52' title="bbox 1978 2228 3634 2303; baseline 0.001 -20"><span class='ocrx_word' id='word_1_380' title='bbox 1978 2229 2028 2283; x_wconf 90' lang='lat' dir='ltr'><strong>si</strong></span> <span class='ocrx_word' id='word_1_381' title='bbox 2060 2228 2396 2301; x_wconf 86' lang='lat' dir='ltr'><strong>pavimenta</strong></span> <span class='ocrx_word' id='word_1_382' title='bbox 2422 2228 2725 2299; x_wconf 84' lang='lat' dir='ltr'><strong>verrerint,</strong></span> <span class='ocrx_word' id='word_1_383' title='bbox 2760 2232 2810 2288; x_wconf 89' lang='lat' dir='ltr'><strong>si</strong></span> <span class='ocrx_word' id='word_1_384' title='bbox 2850 2236 3056 2288; x_wconf 89' lang='lat' dir='ltr'><strong>ornata</strong></span> <span class='ocrx_word' id='word_1_385' title='bbox 3101 2232 3221 2288; x_wconf 90' lang='lat' dir='ltr'><strong>sint</strong></span> <span class='ocrx_word' id='word_1_386' title='bbox 3244 2230 3451 2303; x_wconf 88' lang='lat' dir='ltr'><strong>pocula</strong></span> <span class='ocrx_word' id='word_1_387' title='bbox 3478 2233 3522 2300; x_wconf 77' lang='lat'><strong>‘,</strong></span> <span class='ocrx_word' id='word_1_388' title='bbox 3582 2228 3634 2286; x_wconf 89' lang='lat' dir='ltr'><strong>si</strong></span> 
     </span>
    </p>
   </div>
   <div class='ocr_carea' id='block_1_53' title="bbox 1978 2318 3632 2393">
    <p class='ocr_par' dir='ltr' id='par_1_53' title="bbox 1978 2318 3632 2393">
     <span class='ocr_line' id='line_1_53' title="bbox 1978 2318 3632 2393; baseline 0.001 -21"><span class='ocrx_word' id='word_1_389' title='bbox 1978 2318 2293 2390; x_wconf 89' lang='lat' dir='ltr'><strong>prandium</strong></span> <span class='ocrx_word' id='word_1_390' title='bbox 2315 2325 2727 2392; x_wconf 70' lang='lat' dir='ltr'><strong>praeparatum.</strong></span> <span class='ocrx_word' id='word_1_391' title='bbox 2752 2322 3078 2392; x_wconf 86' lang='lat' dir='ltr'><strong>Responde,</strong></span> <span class='ocrx_word' id='word_1_392' title='bbox 3104 2338 3322 2393; x_wconf 71' lang='lat' dir='ltr'><strong>quaeso,</strong></span> <span class='ocrx_word' id='word_1_393' title='bbox 3346 2320 3501 2376; x_wconf 92' lang='lat' dir='ltr'><strong>inter</strong></span> <span class='ocrx_word' id='word_1_394' title='bbox 3517 2320 3632 2376; x_wconf 90' lang='lat' dir='ltr'><strong>ista</strong></span> 
     </span>
    </p>
   </div>
   <div class='ocr_carea' id='block_1_54' title="bbox 1977 2406 3629 2481">
    <p class='ocr_par' dir='ltr' id='par_1_54' title="bbox 1977 2406 3629 2481">
     <span class='ocr_line' id='line_1_54' title="bbox 1977 2406 3629 2481; baseline 0.002 -20"><span class='ocrx_word' id='word_1_395' title='bbox 1977 2406 2079 2462; x_wconf 90' lang='lat' dir='ltr'><strong>ubi</strong></span> <span class='ocrx_word' id='word_1_396' title='bbox 2111 2407 2191 2463; x_wconf 91' lang='lat' dir='ltr'><strong>sit</strong></span> <span class='ocrx_word' id='word_1_397' title='bbox 2220 2408 2321 2464; x_wconf 78' lang='lat' dir='ltr'><strong>Dei</strong></span> <span class='ocrx_word' id='word_1_398' title='bbox 2352 2409 2671 2481; x_wconf 81' lang='lat' dir='ltr'><strong>cogitatio?</strong></span> <span class='ocrx_word' id='word_1_399' title='bbox 2696 2411 2765 2465; x_wconf 87' lang='lat' dir='ltr'><strong>Et</strong></span> <span class='ocrx_word' id='word_1_400' title='bbox 2795 2410 2882 2465; x_wconf 81' lang='lat' dir='ltr'><strong>hac</strong></span> <span class='ocrx_word' id='word_1_401' title='bbox 2922 2409 3123 2467; x_wconf 79' lang='lat' dir='ltr'><strong>felices</strong></span> <span class='ocrx_word' id='word_1_402' title='bbox 3157 2411 3371 2466; x_wconf 91' lang='lat' dir='ltr'><strong>domus</strong></span> <span class='ocrx_word' id='word_1_403' title='bbox 3399 2408 3427 2464; x_wconf 85' lang='lat'><strong>‘?</strong></span> <span class='ocrx_word' id='word_1_404' title='bbox 3447 2408 3629 2465; x_wconf 83' lang='lat' dir='ltr'><strong>Caete-</strong></span> 
     </span>
    </p>
   </div>
   <div class='ocr_carea' id='block_1_55' title="bbox 1980 2497 3629 2573">
    <p class='ocr_par' dir='ltr' id='par_1_55' title="bbox 1980 2497 3629 2573">
     <span class='ocr_line' id='line_1_55' title="bbox 1980 2497 3629 2573; baseline 0.001 -22"><span class='ocrx_word' id='word_1_405' title='bbox 1980 2513 2112 2552; x_wconf 90' lang='lat' dir='ltr'><strong>rum</strong></span> <span class='ocrx_word' id='word_1_406' title='bbox 2130 2497 2228 2553; x_wconf 90' lang='lat' dir='ltr'><strong>ubi</strong></span> <span class='ocrx_word' id='word_1_407' title='bbox 2250 2500 2527 2571; x_wconf 86' lang='lat' dir='ltr'><strong>tympana</strong></span> <span class='ocrx_word' id='word_1_408' title='bbox 2549 2503 2782 2567; x_wconf 89' lang='lat' dir='ltr'><strong>sonant,</strong></span> <span class='ocrx_word' id='word_1_409' title='bbox 2809 2498 2955 2554; x_wconf 90' lang='lat' dir='ltr'><strong>tibia</strong></span> <span class='ocrx_word' id='word_1_410' title='bbox 2974 2499 3255 2569; x_wconf 90' lang='lat' dir='ltr'><strong>clamitat,</strong></span> <span class='ocrx_word' id='word_1_411' title='bbox 3278 2499 3405 2571; x_wconf 85' lang='lat' dir='ltr'><strong>lyra</strong></span> <span class='ocrx_word' id='word_1_412' title='bbox 3421 2498 3629 2573; x_wconf 87' lang='lat' dir='ltr'><strong>garrit,</strong></span> 
     </span>
    </p>
   </div>
   <div class='ocr_carea' id='block_1_56' title="bbox 1979 2585 3630 2661">
    <p class='ocr_par' dir='ltr' id='par_1_56' title="bbox 1979 2585 3630 2661">
     <span class='ocr_line' id='line_1_56' title="bbox 1979 2585 3630 2661; baseline 0.001 -20"><span class='ocrx_word' id='word_1_413' title='bbox 1979 2585 2336 2658; x_wconf 75' lang='lat' dir='ltr'><strong>cymballum</strong></span> <span class='ocrx_word' id='word_1_414' title='bbox 2380 2592 2708 2661; x_wconf 88' lang='lat' dir='ltr'><strong>concrepat.</strong></span> <span class='ocrx_word' id='word_1_415' title='bbox 2753 2589 2886 2661; x_wconf 80' lang='lat' dir='ltr'><strong>quis</strong></span> <span class='ocrx_word' id='word_1_416' title='bbox 2932 2588 3012 2644; x_wconf 92' lang='lat' dir='ltr'><strong>ibi</strong></span> <span class='ocrx_word' id='word_1_417' title='bbox 3060 2588 3163 2645; x_wconf 87' lang='lat' dir='ltr'><strong>Dei</strong></span> <span class='ocrx_word' id='word_1_418' title='bbox 3213 2588 3435 2645; x_wconf 83' lang='lat' dir='ltr'><strong>timor?</strong></span> <span class='ocrx_word' id='word_1_419' title='bbox 3456 2593 3630 2643; x_wconf 89' lang='lat' dir='ltr'><strong>Para-</strong></span> 
     </span>
    </p>
   </div>
   <div class='ocr_carea' id='block_1_57' title="bbox 1981 2676 3631 2751">
    <p class='ocr_par' dir='ltr' id='par_1_57' title="bbox 1981 2676 3631 2751">
     <span class='ocr_line' id='line_1_57' title="bbox 1981 2676 3631 2751; baseline 0.002 -21"><span class='ocrx_word' id='word_1_420' title='bbox 1981 2676 2132 2731; x_wconf 92' lang='lat' dir='ltr'><strong>situs</strong></span> <span class='ocrx_word' id='word_1_421' title='bbox 2166 2676 2225 2731; x_wconf 92' lang='lat' dir='ltr'><strong>in</strong></span> <span class='ocrx_word' id='word_1_422' title='bbox 2261 2677 2636 2733; x_wconf 88' lang='lat' dir='ltr'><strong>contumeliis</strong></span> <span class='ocrx_word' id='word_1_423' title='bbox 2668 2677 2991 2751; x_wconf 87' lang='lat' dir='ltr'><strong>gloriatur:</strong></span> <span class='ocrx_word' id='word_1_424' title='bbox 3025 2678 3437 2751; x_wconf 88' lang='lat' dir='ltr'><strong>ingrediuntur</strong></span> <span class='ocrx_word' id='word_1_425' title='bbox 3458 2695 3631 2750; x_wconf 79' lang='lat' dir='ltr'><strong>expo-</strong></span> 
     </span>
    </p>
   </div>
   <div class='ocr_carea' id='block_1_58' title="bbox 1981 2765 3631 2835">
    <p class='ocr_par' dir='ltr' id='par_1_58' title="bbox 1981 2765 3631 2835">
     <span class='ocr_line' id='line_1_58' title="bbox 1981 2765 3631 2835; baseline -0.001 -13"><span class='ocrx_word' id='word_1_426' title='bbox 1981 2766 2105 2823; x_wconf 74' lang='lat' dir='ltr'><strong>sita:</strong></span> <span class='ocrx_word' id='word_1_427' title='bbox 2136 2765 2450 2822; x_wconf 91' lang='lat' dir='ltr'><strong>libidinum</strong></span> <span class='ocrx_word' id='word_1_428' title='bbox 2473 2766 2743 2835; x_wconf 70' lang='lat' dir='ltr'><strong>victimae,</strong></span> <span class='ocrx_word' id='word_1_429' title='bbox 2781 2772 2837 2823; x_wconf 90' lang='lat' dir='ltr'><strong>et</strong></span> <span class='ocrx_word' id='word_1_430' title='bbox 2877 2768 3165 2824; x_wconf 88' lang='lat' dir='ltr'><strong>tenuitate</strong></span> <span class='ocrx_word' id='word_1_431' title='bbox 3202 2767 3451 2825; x_wconf 88' lang='lat' dir='ltr'><strong>vestium</strong></span> <span class='ocrx_word' id='word_1_432' title='bbox 3477 2768 3631 2823; x_wconf 92' lang='lat' dir='ltr'><strong>unde</strong></span> 
     </span>
    </p>
   </div>
   <div class='ocr_carea' id='block_1_59' title="bbox 1980 2854 3634 2929">
    <p class='ocr_par' dir='ltr' id='par_1_59' title="bbox 1980 2854 3634 2929">
     <span class='ocr_line' id='line_1_59' title="bbox 1980 2854 3634 2929; baseline 0.001 -18"><span class='ocrx_word' id='word_1_433' title='bbox 1980 2854 2296 2928; x_wconf 89' lang='lat' dir='ltr'><strong>impudicis</strong></span> <span class='ocrx_word' id='word_1_434' title='bbox 2347 2855 2533 2912; x_wconf 89' lang='lat' dir='ltr'><strong>oculis</strong></span> <span class='ocrx_word' id='word_1_435' title='bbox 2564 2854 2935 2929; x_wconf 84' lang='lat' dir='ltr'><strong>ingeruntur.</strong></span> <span class='ocrx_word' id='word_1_436' title='bbox 2968 2857 3070 2912; x_wconf 90' lang='lat' dir='ltr'><strong>His</strong></span> <span class='ocrx_word' id='word_1_437' title='bbox 3100 2856 3303 2914; x_wconf 81' lang='lat' dir='ltr'><strong>infelix</strong></span> <span class='ocrx_word' id='word_1_438' title='bbox 3334 2874 3498 2926; x_wconf 88' lang='lat' dir='ltr'><strong>uxor,</strong></span> <span class='ocrx_word' id='word_1_439' title='bbox 3531 2860 3634 2912; x_wconf 92' lang='lat' dir='ltr'><strong>aut</strong></span> 
     </span>
    </p>
   </div>
   <div class='ocr_carea' id='block_1_60' title="bbox 1980 2944 3629 3018">
    <p class='ocr_par' dir='ltr' id='par_1_60' title="bbox 1980 2944 3629 3018">
     <span class='ocr_line' id='line_1_60' title="bbox 1980 2944 3629 3018; baseline 0.001 -18"><span class='ocrx_word' id='word_1_440' title='bbox 1980 2944 2229 3014; x_wconf 66' lang='lat' dir='ltr'><strong>laetatur,</strong></span> <span class='ocrx_word' id='word_1_441' title='bbox 2280 2948 2336 3001; x_wconf 91' lang='lat' dir='ltr'><strong>et</strong></span> <span class='ocrx_word' id='word_1_442' title='bbox 2401 2944 2588 3017; x_wconf 90' lang='lat' dir='ltr'><strong>perit:</strong></span> <span class='ocrx_word' id='word_1_443' title='bbox 2639 2950 2742 3002; x_wconf 92' lang='lat' dir='ltr'><strong>aut</strong></span> <span class='ocrx_word' id='word_1_444' title='bbox 2792 2947 3126 3018; x_wconf 77' lang='lat' dir='ltr'><strong>offenditur,</strong></span> <span class='ocrx_word' id='word_1_445' title='bbox 3185 2953 3242 3004; x_wconf 91' lang='lat' dir='ltr'><strong>et</strong></span> <span class='ocrx_word' id='word_1_446' title='bbox 3290 2947 3539 3003; x_wconf 88' lang='lat' dir='ltr'><strong>maritus</strong></span> <span class='ocrx_word' id='word_1_447' title='bbox 3570 2946 3629 3001; x_wconf 90' lang='lat' dir='ltr'><strong>in</strong></span> 
     </span>
    </p>
   </div>
   <div class='ocr_carea' id='block_1_61' title="bbox 216 3034 3631 3112">
    <p class='ocr_par' dir='ltr' id='par_1_61' title="bbox 216 3034 3631 3112">
     <span class='ocr_line' id='line_1_61' title="bbox 216 3034 3631 3112; baseline -0.001 -19"><span class='ocrx_word' id='word_1_448' title='bbox 216 3036 398 3112; x_wconf 88' lang='lat' dir='ltr'><strong>jngia,</strong></span> <span class='ocrx_word' id='word_1_449' title='bbox 438 3040 503 3094; x_wconf 84' lang='lat' dir='ltr'><strong>et</strong></span> <span class='ocrx_word' id='word_1_450' title='bbox 542 3036 650 3093; x_wconf 89' lang='lat' dir='ltr'><strong>hos</strong></span> <span class='ocrx_word' id='word_1_451' title='bbox 692 3035 795 3110; x_wconf 90' lang='lat' dir='ltr'><strong>qui</strong></span> <span class='ocrx_word' id='word_1_452' title='bbox 833 3053 868 3093; x_wconf 90' lang='lat' dir='ltr'><strong>a</strong></span> <span class='ocrx_word' id='word_1_453' title='bbox 914 3035 1222 3110; x_wconf 85' lang='lat' dir='ltr'><strong>complexu</strong></span> <span class='ocrx_word' id='word_1_454' title='bbox 1272 3036 1587 3093; x_wconf 89' lang='lat' dir='ltr'><strong>mulierum</strong></span> <span class='ocrx_word' id='word_1_455' title='bbox 1639 3034 1872 3107; x_wconf 89' lang='lat' dir='ltr'><strong>penitus</strong></span> <span class='ocrx_word' id='word_1_456' title='bbox 1973 3035 2175 3107; x_wconf 90' lang='lat' dir='ltr'><strong>jurgia</strong></span> <span class='ocrx_word' id='word_1_457' title='bbox 2205 3034 2585 3091; x_wconf 61' lang='lat' dir='ltr'><strong>concitatur“.</strong></span> <span class='ocrx_word' id='word_1_458' title='bbox 2619 3035 2766 3091; x_wconf 90' lang='lat' dir='ltr'><strong>Hinc</strong></span> <span class='ocrx_word' id='word_1_459' title='bbox 2796 3036 3516 3101; x_wconf 84' lang='lat' dir='ltr'><strong>discordia,seminarium</strong></span> <span class='ocrx_word' id='word_1_460' title='bbox 3539 3050 3631 3091; x_wconf 89' lang='lat' dir='ltr'><strong>re-</strong></span> 
     </span>
    </p>
   </div>
   <div class='ocr_carea' id='block_1_62' title="bbox 221 3123 3632 3199">
    <p class='ocr_par' dir='ltr' id='par_1_62' title="bbox 221 3123 3632 3199">
     <span class='ocr_line' id='line_1_62' title="bbox 221 3123 3632 3199; baseline -0.001 -16"><span class='ocrx_word' id='word_1_461' title='bbox 221 3130 607 3193; x_wconf 88' lang='lat' dir='ltr'><strong>recesserunt,</strong></span> <span class='ocrx_word' id='word_1_462' title='bbox 634 3141 838 3182; x_wconf 89' lang='lat' dir='ltr'><strong>verum</strong></span> <span class='ocrx_word' id='word_1_463' title='bbox 871 3143 975 3199; x_wconf 91' lang='lat' dir='ltr'><strong>pro</strong></span> <span class='ocrx_word' id='word_1_464' title='bbox 1024 3124 1358 3183; x_wconf 84' lang='lat' dir='ltr'><strong>conditione</strong></span> <span class='ocrx_word' id='word_1_465' title='bbox 1403 3130 1737 3198; x_wconf 89' lang='lat' dir='ltr'><strong>temporum</strong></span> <span class='ocrx_word' id='word_1_466' title='bbox 1771 3123 1869 3180; x_wconf 89' lang='lat' dir='ltr'><strong>alii</strong></span> <span class='ocrx_word' id='word_1_467' title='bbox 1910 3193 1941 3199; x_wconf 77' lang='lat'>_</span> <span class='ocrx_word' id='word_1_468' title='bbox 1982 3123 2166 3197; x_wconf 91' lang='lat' dir='ltr'><strong>pudii.</strong></span> <span class='ocrx_word' id='word_1_469' title='bbox 2200 3127 2315 3179; x_wconf 92' lang='lat' dir='ltr'><strong>Aut</strong></span> <span class='ocrx_word' id='word_1_470' title='bbox 2346 3124 2396 3181; x_wconf 89' lang='lat' dir='ltr'><strong>si</strong></span> <span class='ocrx_word' id='word_1_471' title='bbox 2428 3124 2628 3197; x_wconf 89' lang='lat' dir='ltr'><strong>aliqua</strong></span> <span class='ocrx_word' id='word_1_472' title='bbox 2655 3124 2950 3182; x_wconf 87' lang='lat' dir='ltr'><strong>invenitur</strong></span> <span class='ocrx_word' id='word_1_473' title='bbox 2994 3126 3229 3192; x_wconf 90' lang='lat' dir='ltr'><strong>domus,</strong></span> <span class='ocrx_word' id='word_1_474' title='bbox 3277 3125 3337 3181; x_wconf 87' lang='lat' dir='ltr'><strong>in</strong></span> <span class='ocrx_word' id='word_1_475' title='bbox 3369 3143 3487 3198; x_wconf 87' lang='lat' dir='ltr'><strong>qua</strong></span> <span class='ocrx_word' id='word_1_476' title='bbox 3517 3126 3632 3196; x_wconf 87' lang='lat' dir='ltr'><strong>ista</strong></span> 
     </span>
    </p>
   </div>
   <div class='ocr_carea' id='block_1_63' title="bbox 220 3193 3629 3288">
    <p class='ocr_par' dir='ltr' id='par_1_63' title="bbox 220 3193 3629 3288">
     <span class='ocr_line' id='line_1_63' title="bbox 220 3193 3629 3288; baseline -0.001 -15"><span class='ocrx_word' id='word_1_477' title='bbox 220 3233 315 3274; x_wconf 89' lang='lat' dir='ltr'><strong>eos</strong></span> <span class='ocrx_word' id='word_1_478' title='bbox 342 3220 488 3274; x_wconf 90' lang='lat' dir='ltr'><strong>tunc</strong></span> <span class='ocrx_word' id='word_1_479' title='bbox 520 3213 887 3288; x_wconf 89' lang='lat' dir='ltr'><strong>subjacuisse</strong></span> <span class='ocrx_word' id='word_1_480' title='bbox 912 3215 1234 3283; x_wconf 70' lang='lat' dir='ltr'><strong>sententias,</strong></span> <span class='ocrx_word' id='word_1_481' title='bbox 1254 3219 1313 3271; x_wconf 89' lang='lat' dir='ltr'><strong>et</strong></span> <span class='ocrx_word' id='word_1_482' title='bbox 1341 3214 1439 3271; x_wconf 89' lang='lat' dir='ltr'><strong>alii</strong></span> <span class='ocrx_word' id='word_1_483' title='bbox 1470 3230 1596 3283; x_wconf 90' lang='lat' dir='ltr'><strong>nos,</strong></span> <span class='ocrx_word' id='word_1_484' title='bbox 1629 3212 1690 3269; x_wconf 91' lang='lat' dir='ltr'><strong>in</strong></span> <span class='ocrx_word' id='word_1_485' title='bbox 1721 3229 1869 3285; x_wconf 91' lang='lat' dir='ltr'><strong>quos</strong></span> <span class='ocrx_word' id='word_1_486' title='bbox 1900 3193 1943 3260; x_wconf 63' lang='grc' dir='ltr'><strong>(ἶ</strong></span> <span class='ocrx_word' id='word_1_487' title='bbox 1984 3230 2100 3270; x_wconf 91' lang='lat' dir='ltr'><strong>non</strong></span> <span class='ocrx_word' id='word_1_488' title='bbox 2122 3214 2286 3282; x_wconf 87' lang='lat' dir='ltr'><strong>ﬁant,</strong></span> <span class='ocrx_word' id='word_1_489' title='bbox 2310 3231 2438 3286; x_wconf 74' lang='lat' dir='ltr'><strong>qua:</strong></span> <span class='ocrx_word' id='word_1_490' title='bbox 2460 3231 2593 3270; x_wconf 88' lang='lat' dir='ltr'><strong>rara</strong></span> <span class='ocrx_word' id='word_1_491' title='bbox 2613 3215 2735 3270; x_wconf 88' lang='lat' dir='ltr'><strong>avis</strong></span> <span class='ocrx_word' id='word_1_492' title='bbox 2775 3220 2865 3271; x_wconf 89' lang='lat' dir='ltr'><strong>est</strong></span> <span class='ocrx_word' id='word_1_493' title='bbox 2893 3233 2906 3284; x_wconf 92' lang='lat'><strong>;</strong></span> <span class='ocrx_word' id='word_1_494' title='bbox 2938 3219 3136 3272; x_wconf 85' lang='lat' dir='ltr'><strong>tamen</strong></span> <span class='ocrx_word' id='word_1_495' title='bbox 3171 3215 3301 3287; x_wconf 82' lang='lat' dir='ltr'><strong>ipsa</strong></span> <span class='ocrx_word' id='word_1_496' title='bbox 3326 3193 3629 3287; x_wconf 51' lang='lat' dir='ltr'><strong>dispensaQ</strong></span> 
     </span>
    </p>
   </div>
   <div class='ocr_carea' id='block_1_64' title="bbox 221 3302 3639 3381">
    <p class='ocr_par' dir='ltr' id='par_1_64' title="bbox 221 3302 3639 3381">
     <span class='ocr_line' id='line_1_64' title="bbox 221 3302 3639 3381; baseline -0.001 -18"><span class='ocrx_word' id='word_1_497' title='bbox 221 3307 362 3364; x_wconf 86' lang='lat' dir='ltr'><strong>fines</strong></span> <span class='ocrx_word' id='word_1_498' title='bbox 391 3303 749 3364; x_wconf 66' lang='lat' dir='ltr'><strong>seculorum</strong></span> <span class='ocrx_word' id='word_1_499' title='bbox 777 3306 1181 3363; x_wconf 88' lang='lat' dir='ltr'><strong>decurrerunt.</strong></span> <span class='ocrx_word' id='word_1_500' title='bbox 1213 3305 1481 3370; x_wconf 87' lang='lat' dir='ltr'><strong>Quandiu</strong></span> <span class='ocrx_word' id='word_1_501' title='bbox 1506 3303 1597 3361; x_wconf 84' lang='lat' dir='ltr'><strong>lex</strong></span> <span class='ocrx_word' id='word_1_502' title='bbox 1627 3303 1728 3359; x_wconf 90' lang='lat' dir='ltr'><strong>illa</strong></span> <span class='ocrx_word' id='word_1_503' title='bbox 1746 3319 1872 3375; x_wconf 91' lang='lat' dir='ltr'><strong>per-</strong></span> <span class='ocrx_word' id='word_1_504' title='bbox 1980 3303 2062 3358; x_wconf 89' lang='lat' dir='ltr'><strong>tio</strong></span> <span class='ocrx_word' id='word_1_505' title='bbox 2094 3303 2325 3370; x_wconf 88' lang='lat' dir='ltr'><strong>domus,</strong></span> <span class='ocrx_word' id='word_1_506' title='bbox 2351 3302 2665 3361; x_wconf 71' lang='lat' dir='ltr'><strong>liberorum</strong></span> <span class='ocrx_word' id='word_1_507' title='bbox 2689 3304 2980 3371; x_wconf 89' lang='lat' dir='ltr'><strong>educatio,</strong></span> <span class='ocrx_word' id='word_1_508' title='bbox 3006 3305 3388 3361; x_wconf 87' lang='lat' dir='ltr'><strong>necessitates</strong></span> <span class='ocrx_word' id='word_1_509' title='bbox 3410 3303 3639 3381; x_wconf 84' lang='lat' dir='ltr'><strong>mariti,</strong></span> 
     </span>
    </p>
   </div>
   <div class='ocr_carea' id='block_1_65' title="bbox 222 3390 3631 3468">
    <p class='ocr_par' dir='ltr' id='par_1_65' title="bbox 222 3390 3631 3468">
     <span class='ocr_line' id='line_1_65' title="bbox 222 3390 3631 3468; baseline -0.001 -15"><span class='ocrx_word' id='word_1_510' title='bbox 222 3395 474 3453; x_wconf 84' lang='lat' dir='ltr'><strong>mansit:</strong></span> <span class='ocrx_word' id='word_1_511' title='bbox 542 3394 792 3463; x_wconf 81' lang='lat' dir='ltr'><strong>Crescite,</strong></span> <span class='ocrx_word' id='word_1_512' title='bbox 836 3399 889 3451; x_wconf 89' lang='lat' dir='ltr'><strong>et</strong></span> <span class='ocrx_word' id='word_1_513' title='bbox 935 3396 1415 3468; x_wconf 82' lang='lat' dir='ltr'><strong>multiplicamini,</strong></span> <span class='ocrx_word' id='word_1_514' title='bbox 1446 3398 1499 3450; x_wconf 90' lang='lat' dir='ltr'><strong>et</strong></span> <span class='ocrx_word' id='word_1_515' title='bbox 1528 3393 1728 3466; x_wconf 83' lang='lat' dir='ltr'><strong>replete</strong></span> <span class='ocrx_word' id='word_1_516' title='bbox 1764 3395 1872 3448; x_wconf 89' lang='lat' dir='ltr'><strong>ter-</strong></span> <span class='ocrx_word' id='word_1_517' title='bbox 1982 3391 2263 3448; x_wconf 92' lang='lat' dir='ltr'><strong>correctio</strong></span> <span class='ocrx_word' id='word_1_518' title='bbox 2286 3390 2672 3460; x_wconf 89' lang='lat' dir='ltr'><strong>servulorum,</strong></span> <span class='ocrx_word' id='word_1_519' title='bbox 2703 3409 2882 3465; x_wconf 89' lang='lat' dir='ltr'><strong>quam</strong></span> <span class='ocrx_word' id='word_1_520' title='bbox 2921 3411 2956 3450; x_wconf 89' lang='lat' dir='ltr'><strong>a</strong></span> <span class='ocrx_word' id='word_1_521' title='bbox 2996 3394 3097 3450; x_wconf 90' lang='lat' dir='ltr'><strong>Dei</strong></span> <span class='ocrx_word' id='word_1_522' title='bbox 3135 3393 3487 3467; x_wconf 88' lang='lat' dir='ltr'><strong>cogitatione</strong></span> <span class='ocrx_word' id='word_1_523' title='bbox 3514 3410 3631 3449; x_wconf 88' lang='lat' dir='ltr'><strong>non</strong></span> 
     </span>
    </p>
   </div>
   <div class='ocr_carea' id='block_1_66' title="bbox 221 3481 3636 3559">
    <p class='ocr_par' dir='ltr' id='par_1_66' title="bbox 221 3481 3636 3559">
     <span class='ocr_line' id='line_1_66' title="bbox 221 3481 3636 3559; baseline -0 -18"><span class='ocrx_word' id='word_1_524' title='bbox 221 3502 337 3542; x_wconf 89' lang='lat' dir='ltr'><strong>ram</strong></span> <span class='ocrx_word' id='word_1_525' title='bbox 382 3485 524 3559; x_wconf 85' lang='lat' dir='ltr'><strong>(Gen</strong></span> <span class='ocrx_word' id='word_1_526' title='bbox 580 3502 619 3540; x_wconf 86' lang='grc' dir='ltr'><strong>ι.</strong></span> <span class='ocrx_word' id='word_1_527' title='bbox 661 3485 790 3558; x_wconf 87' lang='lat'><strong>28);</strong></span> <span class='ocrx_word' id='word_1_528' title='bbox 850 3489 926 3554; x_wconf 91' lang='lat' dir='ltr'><strong>et,</strong></span> <span class='ocrx_word' id='word_1_529' title='bbox 980 3486 1269 3542; x_wconf 77' lang='lat' dir='ltr'><strong>Maledicta</strong></span> <span class='ocrx_word' id='word_1_530' title='bbox 1322 3484 1547 3550; x_wconf 89' lang='lat' dir='ltr'><strong>sterilis,</strong></span> <span class='ocrx_word' id='word_1_531' title='bbox 1605 3496 1732 3556; x_wconf 64' lang='lat' dir='ltr'><strong>quae</strong></span> <span class='ocrx_word' id='word_1_532' title='bbox 1758 3498 1869 3537; x_wconf 89' lang='lat' dir='ltr'><strong>non</strong></span> <span class='ocrx_word' id='word_1_533' title='bbox 1982 3481 2268 3537; x_wconf 88' lang='lat' dir='ltr'><strong>avocent?</strong></span> <span class='ocrx_word' id='word_1_534' title='bbox 2297 3483 2858 3555; x_wconf 83' lang='lat' dir='ltr'><strong>Defeccrunt,inquit</strong></span> <span class='ocrx_word' id='word_1_535' title='bbox 2886 3483 3210 3557; x_wconf 88' lang='lat' dir='ltr'><strong>Scriptura,</strong></span> <span class='ocrx_word' id='word_1_536' title='bbox 3250 3482 3408 3541; x_wconf 66' lang='lat' dir='ltr'><strong>Sara:</strong></span> <span class='ocrx_word' id='word_1_537' title='bbox 3428 3481 3636 3540; x_wconf 85' lang='lat' dir='ltr'><strong>mulie-</strong></span> 
     </span>
    </p>
   </div>
   <div class='ocr_carea' id='block_1_67' title="bbox 217 3571 3683 3656">
    <p class='ocr_par' dir='ltr' id='par_1_67' title="bbox 217 3571 3683 3656">
     <span class='ocr_line' id='line_1_67' title="bbox 217 3571 3683 3656; baseline -0.001 -25"><span class='ocrx_word' id='word_1_538' title='bbox 217 3576 361 3653; x_wconf 75' lang='lat' dir='ltr'><strong>parit</strong></span> <span class='ocrx_word' id='word_1_539' title='bbox 386 3575 657 3656; x_wconf 64' lang='lat' dir='ltr'><strong>semenin</strong></span> <span class='ocrx_word' id='word_1_540' title='bbox 707 3575 880 3631; x_wconf 82' lang='lat' dir='ltr'><strong>Israel</strong></span> <span class='ocrx_word' id='word_1_541' title='bbox 911 3592 930 3630; x_wconf 82' lang='grc' dir='ltr'><strong>ι</strong></span> <span class='ocrx_word' id='word_1_542' title='bbox 973 3574 1163 3647; x_wconf 74' lang='lat' dir='ltr'><strong>(Exod.</strong></span> <span class='ocrx_word' id='word_1_543' title='bbox 1214 3591 1377 3643; x_wconf 82' lang='lat' dir='ltr'><strong>xxm,</strong></span> <span class='ocrx_word' id='word_1_544' title='bbox 1410 3574 1523 3647; x_wconf 83' lang='lat'><strong>26),</strong></span> <span class='ocrx_word' id='word_1_545' title='bbox 1574 3572 1875 3629; x_wconf 87' lang='lat' dir='ltr'><strong>nubebant</strong></span> <span class='ocrx_word' id='word_1_546' title='bbox 1985 3571 2108 3627; x_wconf 87' lang='lat' dir='ltr'><strong>bria</strong></span> <span class='ocrx_word' id='word_1_547' title='bbox 2138 3571 2298 3644; x_wconf 85' lang='lat' dir='ltr'><strong>(Gen.</strong></span> <span class='ocrx_word' id='word_1_548' title='bbox 2339 3589 2502 3642; x_wconf 81' lang='lat' dir='ltr'><strong>xvm,</strong></span> <span class='ocrx_word' id='word_1_549' title='bbox 2554 3572 2612 3627; x_wconf 87' lang='grc'><strong>11</strong></span> <span class='ocrx_word' id='word_1_550' title='bbox 2643 3588 2656 3626; x_wconf 89' lang='lat'><strong>:</strong></span> <span class='ocrx_word' id='word_1_551' title='bbox 2687 3577 2819 3645; x_wconf 88' lang='lat' dir='ltr'><strong>post</strong></span> <span class='ocrx_word' id='word_1_552' title='bbox 2868 3573 3022 3645; x_wconf 92' lang='lat' dir='ltr'><strong>quod</strong></span> <span class='ocrx_word' id='word_1_553' title='bbox 3072 3572 3286 3629; x_wconf 91' lang='lat' dir='ltr'><strong>dicitur</strong></span> <span class='ocrx_word' id='word_1_554' title='bbox 3330 3573 3405 3629; x_wconf 89' lang='lat' dir='ltr'><strong>ad</strong></span> <span class='ocrx_word' id='word_1_555' title='bbox 3453 3572 3637 3628; x_wconf 84' lang='lat' dir='ltr'><strong>Abra-</strong></span> <span class='ocrx_word' id='word_1_556' title='bbox 3677 3632 3683 3637; x_wconf 89' lang='lat'><strong><em>_</em></strong></span> 
     </span>
    </p>
   </div>
   <div class='ocr_carea' id='block_1_68' title="bbox 224 3650 3635 3736">
    <p class='ocr_par' dir='ltr' id='par_1_68' title="bbox 224 3650 3635 3736">
     <span class='ocr_line' id='line_1_68' title="bbox 224 3650 3635 3736; baseline -0.001 -16"><span class='ocrx_word' id='word_1_557' title='bbox 224 3650 962 3735; x_wconf 55' lang='lat' dir='ltr'><strong>omnes,“mﬁbebantur,</strong></span> <span class='ocrx_word' id='word_1_558' title='bbox 984 3667 1042 3720; x_wconf 89' lang='lat' dir='ltr'><strong>et</strong></span> <span class='ocrx_word' id='word_1_559' title='bbox 1064 3663 1371 3721; x_wconf 89' lang='lat' dir='ltr'><strong>derelectis</strong></span> <span class='ocrx_word' id='word_1_560' title='bbox 1391 3662 1755 3736; x_wconf 89' lang='lat' dir='ltr'><strong>parentibus,</strong></span> <span class='ocrx_word' id='word_1_561' title='bbox 1778 3662 1875 3717; x_wconf 87' lang='lat' dir='ltr'><strong>ﬁe-</strong></span> <span class='ocrx_word' id='word_1_562' title='bbox 1984 3660 2166 3717; x_wconf 89' lang='lat' dir='ltr'><strong>ham:</strong></span> <span class='ocrx_word' id='word_1_563' title='bbox 2215 3663 2415 3719; x_wconf 86' lang='lat' dir='ltr'><strong>Omnia</strong></span> <span class='ocrx_word' id='word_1_564' title='bbox 2459 3678 2795 3734; x_wconf 77' lang='lat' dir='ltr'><strong>qua&#39;cunpue</strong></span> <span class='ocrx_word' id='word_1_565' title='bbox 2838 3663 2973 3718; x_wconf 81' lang='lat' dir='ltr'><strong>dicit</strong></span> <span class='ocrx_word' id='word_1_566' title='bbox 3019 3663 3124 3719; x_wconf 85' lang='lat' dir='ltr'><strong>tibi</strong></span> <span class='ocrx_word' id='word_1_567' title='bbox 3160 3668 3325 3732; x_wconf 89' lang='lat' dir='ltr'><strong>Sara,</strong></span> <span class='ocrx_word' id='word_1_568' title='bbox 3375 3662 3513 3718; x_wconf 88' lang='lat' dir='ltr'><strong>audi</strong></span> <span class='ocrx_word' id='word_1_569' title='bbox 3540 3677 3635 3717; x_wconf 88' lang='lat' dir='ltr'><strong>vo-</strong></span> 
     </span>
    </p>
   </div>
   <div class='ocr_carea' id='block_1_69' title="bbox 222 3750 3636 3826">
    <p class='ocr_par' dir='ltr' id='par_1_69' title="bbox 222 3750 3636 3826">
     <span class='ocr_line' id='line_1_69' title="bbox 222 3750 3636 3826; baseline -0.001 -16"><span class='ocrx_word' id='word_1_570' title='bbox 222 3752 361 3810; x_wconf 90' lang='lat' dir='ltr'><strong>bant</strong></span> <span class='ocrx_word' id='word_1_571' title='bbox 389 3770 517 3810; x_wconf 83' lang='lat' dir='ltr'><strong>una</strong></span> <span class='ocrx_word' id='word_1_572' title='bbox 553 3768 709 3809; x_wconf 88' lang='lat' dir='ltr'><strong>caro.</strong></span> <span class='ocrx_word' id='word_1_573' title='bbox 760 3752 1002 3820; x_wconf 87' lang='lat' dir='ltr'><strong>Quando</strong></span> <span class='ocrx_word' id='word_1_574' title='bbox 1049 3769 1183 3809; x_wconf 90' lang='lat' dir='ltr'><strong>vero</strong></span> <span class='ocrx_word' id='word_1_575' title='bbox 1230 3770 1339 3809; x_wconf 86' lang='lat' dir='ltr'><strong>vox</strong></span> <span class='ocrx_word' id='word_1_576' title='bbox 1387 3752 1487 3808; x_wconf 89' lang='lat' dir='ltr'><strong>illa</strong></span> <span class='ocrx_word' id='word_1_577' title='bbox 1540 3750 1873 3826; x_wconf 88' lang='lat' dir='ltr'><strong>pertonuit:</strong></span> <span class='ocrx_word' id='word_1_578' title='bbox 1950 3768 2098 3826; x_wconf 65' lang='lat' dir='ltr'><strong>,cem</strong></span> <span class='ocrx_word' id='word_1_579' title='bbox 2144 3753 2261 3824; x_wconf 85' lang='lat' dir='ltr'><strong>ejus</strong></span> <span class='ocrx_word' id='word_1_580' title='bbox 2309 3751 2459 3824; x_wconf 72' lang='lat' dir='ltr'><strong>(Gen.</strong></span> <span class='ocrx_word' id='word_1_581' title='bbox 2512 3767 2628 3820; x_wconf 70' lang='lat' dir='ltr'><strong>xxr,</strong></span> <span class='ocrx_word' id='word_1_582' title='bbox 2676 3753 2785 3821; x_wconf 83' lang='grc'><strong>12).</strong></span> <span class='ocrx_word' id='word_1_583' title='bbox 2838 3752 2971 3817; x_wconf 58' lang='lat' dir='ltr'><strong>Quae</strong></span> <span class='ocrx_word' id='word_1_584' title='bbox 3023 3769 3138 3808; x_wconf 90' lang='lat' dir='ltr'><strong>non</strong></span> <span class='ocrx_word' id='word_1_585' title='bbox 3187 3756 3276 3808; x_wconf 91' lang='lat' dir='ltr'><strong>est</strong></span> <span class='ocrx_word' id='word_1_586' title='bbox 3320 3751 3381 3807; x_wconf 92' lang='lat' dir='ltr'><strong>in</strong></span> <span class='ocrx_word' id='word_1_587' title='bbox 3430 3754 3636 3823; x_wconf 90' lang='lat' dir='ltr'><strong>partus</strong></span> 
     </span>
    </p>
   </div>
   <div class='ocr_carea' id='block_1_70' title="bbox 225 3789 3637 3925">
    <p class='ocr_par' dir='ltr' id='par_1_70' title="bbox 225 3789 3637 3925">
     <span class='ocr_line' id='line_1_70' title="bbox 226 3789 3636 3826; baseline -0.001 -17"><span class='ocrx_word' id='word_1_588' title='bbox 226 3789 361 3810; x_wconf 71' lang='grc' dir='ltr'><strong>νων</strong></span> <span class='ocrx_word' id='word_1_589' title='bbox 393 3789 517 3810; x_wconf 74' lang='grc' dir='ltr'><strong>αμα.</strong></span> <span class='ocrx_word' id='word_1_590' title='bbox 553 3789 709 3809; x_wconf 73' lang='grc' dir='ltr'><strong>νωυ.</strong></span> <span class='ocrx_word' id='word_1_591' title='bbox 760 3789 1002 3820; x_wconf 59' lang='grc' dir='ltr'>νυαυυυ</span> <span class='ocrx_word' id='word_1_592' title='bbox 1057 3789 1183 3809; x_wconf 70' lang='grc' dir='ltr'>νειυ</span> <span class='ocrx_word' id='word_1_593' title='bbox 1239 3789 1339 3809; x_wconf 52' lang='lat' dir='ltr'><strong>ma</strong></span> <span class='ocrx_word' id='word_1_594' title='bbox 1388 3789 1487 3808; x_wconf 70' lang='grc' dir='ltr'><strong>μω.</strong></span> <span class='ocrx_word' id='word_1_595' title='bbox 1540 3789 1873 3826; x_wconf 56' lang='lat' dir='ltr'><strong>psum”...</strong></span> <span class='ocrx_word' id='word_1_596' title='bbox 1984 3789 2098 3807; x_wconf 68' lang='grc' dir='ltr'><strong>ου...</strong></span> <span class='ocrx_word' id='word_1_597' title='bbox 2144 3789 2259 3824; x_wconf 49' lang='lat' dir='ltr'><strong>sp...</strong></span> <span class='ocrx_word' id='word_1_598' title='bbox 2309 3789 2459 3824; x_wconf 59' lang='lat' dir='ltr'><strong>(us...</strong></span> <span class='ocrx_word' id='word_1_599' title='bbox 2512 3789 2628 3820; x_wconf 58' lang='grc' dir='ltr'><strong>λιιι,</strong></span> <span class='ocrx_word' id='word_1_600' title='bbox 2679 3789 2785 3821; x_wconf 60' lang='grc' dir='ltr'><strong>μη.</strong></span> <span class='ocrx_word' id='word_1_601' title='bbox 2840 3789 2971 3817; x_wconf 59' lang='grc' dir='ltr'><strong>,μω</strong></span> <span class='ocrx_word' id='word_1_602' title='bbox 3023 3789 3138 3808; x_wconf 52' lang='lat' dir='ltr'><strong>ut...</strong></span> <span class='ocrx_word' id='word_1_603' title='bbox 3187 3789 3276 3808; x_wconf 65' lang='grc' dir='ltr'><strong>νο.</strong></span> <span class='ocrx_word' id='word_1_604' title='bbox 3321 3789 3381 3807; x_wconf 76' lang='grc' dir='ltr'>ω</span> <span class='ocrx_word' id='word_1_605' title='bbox 3430 3789 3636 3823; x_wconf 55' lang='lat' dir='ltr'><strong>pum...</strong></span> 
     </span>
     <span class='ocr_line' id='line_1_71' title="bbox 225 3789 3637 3925; baseline -0.002 -25"><span class='ocrx_word' id='word_1_606' title='bbox 225 3844 445 3917; x_wconf 84' lang='lat' dir='ltr'><strong>Tempus</strong></span> <span class='ocrx_word' id='word_1_607' title='bbox 473 3843 784 3900; x_wconf 82' lang='lat' dir='ltr'><strong>breviatum</strong></span> <span class='ocrx_word' id='word_1_608' title='bbox 806 3851 923 3900; x_wconf 86' lang='lat' dir='ltr'><strong>est:</strong></span> <span class='ocrx_word' id='word_1_609' title='bbox 970 3841 1255 3915; x_wconf 87' lang='lat' dir='ltr'><strong>reliquum</strong></span> <span class='ocrx_word' id='word_1_610' title='bbox 1303 3851 1402 3910; x_wconf 87' lang='lat' dir='ltr'><strong>est,</strong></span> <span class='ocrx_word' id='word_1_611' title='bbox 1449 3846 1511 3897; x_wconf 88' lang='lat' dir='ltr'><strong>ut</strong></span> <span class='ocrx_word' id='word_1_612' title='bbox 1556 3846 1609 3898; x_wconf 93' lang='lat' dir='ltr'><strong>et</strong></span> <span class='ocrx_word' id='word_1_613' title='bbox 1647 3842 1744 3914; x_wconf 87' lang='lat' dir='ltr'><strong>qui</strong></span> <span class='ocrx_word' id='word_1_614' title='bbox 1786 3840 1879 3896; x_wconf 61' lang='grc' dir='ltr'><strong>Ιιαέ</strong></span> <span class='ocrx_word' id='word_1_615' title='bbox 1950 3789 2379 3925; x_wconf 54' lang='lat' dir='ltr'><strong>ianxietatibus</strong></span> <span class='ocrx_word' id='word_1_616' title='bbox 2406 3844 2462 3896; x_wconf 91' lang='lat' dir='ltr'><strong>et</strong></span> <span class='ocrx_word' id='word_1_617' title='bbox 2491 3839 2708 3907; x_wconf 90' lang='lat' dir='ltr'><strong>dolore,</strong></span> <span class='ocrx_word' id='word_1_618' title='bbox 2740 3857 2865 3912; x_wconf 73' lang='lat' dir='ltr'><strong>qua:</strong></span> <span class='ocrx_word' id='word_1_619' title='bbox 2918 3840 3326 3896; x_wconf 89' lang='lat' dir='ltr'><strong>deﬁcientibus</strong></span> <span class='ocrx_word' id='word_1_620' title='bbox 3349 3840 3637 3896; x_wconf 89' lang='lat' dir='ltr'><strong>menstrui</strong></span> 
     </span>
    </p>
   </div>
   <div class='ocr_carea' id='block_1_71' title="bbox 226 3918 1861 4004">
    <p class='ocr_par' dir='ltr' id='par_1_71' title="bbox 226 3932 1861 4004">
     <span class='ocr_line' id='line_1_72' title="bbox 226 3932 1861 4004; baseline -0.002 -14"><span class='ocrx_word' id='word_1_621' title='bbox 226 3932 347 3990; x_wconf 83' lang='lat' dir='ltr'><strong>bent</strong></span> <span class='ocrx_word' id='word_1_622' title='bbox 376 3949 605 4002; x_wconf 72' lang='lat' dir='ltr'><strong>uxores,</strong></span> <span class='ocrx_word' id='word_1_623' title='bbox 654 3933 735 3989; x_wconf 89' lang='lat' dir='ltr'><strong>sic</strong></span> <span class='ocrx_word' id='word_1_624' title='bbox 776 3933 906 4000; x_wconf 87' lang='lat' dir='ltr'><strong>sint,</strong></span> <span class='ocrx_word' id='word_1_625' title='bbox 955 3934 1117 4004; x_wconf 80' lang='lat' dir='ltr'><strong>quasi</strong></span> <span class='ocrx_word' id='word_1_626' title='bbox 1193 3949 1306 3990; x_wconf 87' lang='lat' dir='ltr'><strong>non</strong></span> <span class='ocrx_word' id='word_1_627' title='bbox 1353 3932 1627 3989; x_wconf 77' lang='lat' dir='ltr'><strong>habeant:</strong></span> <span class='ocrx_word' id='word_1_628' title='bbox 1697 3932 1861 3988; x_wconf 71' lang='lat' dir='ltr'><strong>adhae-</strong></span> 
     </span>
    </p>
   </div>
   <div class='ocr_carea' id='block_1_72' title="bbox 2070 3918 3642 4004">
    <p class='ocr_par' dir='ltr' id='par_1_72' title="bbox 2070 3918 3642 3996">
     <span class='ocr_line' id='line_1_73' title="bbox 2070 3918 3642 3996; baseline 0 -11"><span class='ocrx_word' id='word_1_629' title='bbox 2070 3918 2474 3996; x_wconf 62' lang='grc' dir='ltr'><strong>ἷὸἑῖξῖῐΐῖὸἱίε,</strong></span> <span class='ocrx_word' id='word_1_630' title='bbox 2497 3928 2709 3985; x_wconf 89' lang='lat' dir='ltr'><strong>mulier</strong></span> <span class='ocrx_word' id='word_1_631' title='bbox 2728 3946 2855 3985; x_wconf 92' lang='lat' dir='ltr'><strong>esse</strong></span> <span class='ocrx_word' id='word_1_632' title='bbox 2878 3929 3072 3996; x_wconf 88' lang='lat' dir='ltr'><strong>desiit,</strong></span> <span class='ocrx_word' id='word_1_633' title='bbox 3093 3946 3126 3984; x_wconf 89' lang='lat' dir='ltr'><strong>a</strong></span> <span class='ocrx_word' id='word_1_634' title='bbox 3148 3928 3250 3986; x_wconf 93' lang='lat' dir='ltr'><strong>Dei</strong></span> <span class='ocrx_word' id='word_1_635' title='bbox 3270 3927 3642 3985; x_wconf 86' lang='lat' dir='ltr'><strong>maledictio-</strong></span> 
     </span>
    </p>
   </div>
   <div class='ocr_carea' id='block_1_73' title="bbox 224 4018 3639 4094">
    <p class='ocr_par' dir='ltr' id='par_1_73' title="bbox 224 4018 3639 4094">
     <span class='ocr_line' id='line_1_74' title="bbox 224 4018 3639 4094; baseline -0.001 -17"><span class='ocrx_word' id='word_1_636' title='bbox 224 4027 400 4079; x_wconf 85' lang='lat' dir='ltr'><strong>rentes</strong></span> <span class='ocrx_word' id='word_1_637' title='bbox 423 4023 683 4093; x_wconf 84' lang='lat' dir='ltr'><strong>Domino,</strong></span> <span class='ocrx_word' id='word_1_638' title='bbox 717 4037 859 4077; x_wconf 89' lang='lat' dir='ltr'><strong>unus</strong></span> <span class='ocrx_word' id='word_1_639' title='bbox 888 4038 1014 4077; x_wconf 91' lang='lat' dir='ltr'><strong>cum</strong></span> <span class='ocrx_word' id='word_1_640' title='bbox 1033 4037 1094 4078; x_wconf 89' lang='lat' dir='ltr'><strong>eo</strong></span> <span class='ocrx_word' id='word_1_641' title='bbox 1122 4021 1401 4094; x_wconf 77' lang='lat' dir='ltr'><strong>efﬁcimur</strong></span> <span class='ocrx_word' id='word_1_642' title='bbox 1418 4022 1651 4094; x_wconf 85' lang='lat' dir='ltr'><strong>spiritus</strong></span> <span class='ocrx_word' id='word_1_643' title='bbox 1671 4022 1717 4090; x_wconf 87' lang='lat'><strong>(1</strong></span> <span class='ocrx_word' id='word_1_644' title='bbox 1754 4020 1874 4076; x_wconf 81' lang='lat' dir='ltr'><strong>Cor.</strong></span> <span class='ocrx_word' id='word_1_645' title='bbox 1960 4037 2061 4085; x_wconf 82' lang='lat' dir='ltr'><strong>ne</strong></span> <span class='ocrx_word' id='word_1_646' title='bbox 2110 4019 2175 4074; x_wconf 89' lang='lat' dir='ltr'><strong>ﬁt</strong></span> <span class='ocrx_word' id='word_1_647' title='bbox 2221 4018 2440 4075; x_wconf 90' lang='lat' dir='ltr'><strong>libera:</strong></span> <span class='ocrx_word' id='word_1_648' title='bbox 2502 4033 2607 4074; x_wconf 89' lang='lat' dir='ltr'><strong>nec</strong></span> <span class='ocrx_word' id='word_1_649' title='bbox 2655 4023 2746 4074; x_wconf 89' lang='lat' dir='ltr'><strong>est</strong></span> <span class='ocrx_word' id='word_1_650' title='bbox 2791 4019 2864 4074; x_wconf 88' lang='lat' dir='ltr'><strong>ad</strong></span> <span class='ocrx_word' id='word_1_651' title='bbox 2917 4019 3108 4075; x_wconf 89' lang='lat' dir='ltr'><strong>virum</strong></span> <span class='ocrx_word' id='word_1_652' title='bbox 3158 4018 3457 4075; x_wconf 89' lang='lat' dir='ltr'><strong>conversio</strong></span> <span class='ocrx_word' id='word_1_653' title='bbox 3488 4019 3639 4091; x_wconf 86' lang='lat' dir='ltr'><strong>ejus,</strong></span> 
     </span>
    </p>
   </div>
   <div class='ocr_carea' id='block_1_74' title="bbox 226 4108 3640 4185">
    <p class='ocr_par' dir='ltr' id='par_1_74' title="bbox 226 4108 3640 4185">
     <span class='ocr_line' id='line_1_75' title="bbox 226 4108 3640 4185; baseline -0.001 -17"><span class='ocrx_word' id='word_1_654' title='bbox 226 4128 324 4185; x_wconf 83' lang='lat' dir='ltr'><strong>vn,</strong></span> <span class='ocrx_word' id='word_1_655' title='bbox 355 4112 471 4185; x_wconf 88' lang='lat'><strong>29).</strong></span> <span class='ocrx_word' id='word_1_656' title='bbox 506 4111 580 4168; x_wconf 91' lang='lat' dir='ltr'><strong>Et</strong></span> <span class='ocrx_word' id='word_1_657' title='bbox 608 4115 834 4185; x_wconf 83' lang='lat' dir='ltr'><strong>quare?</strong></span> <span class='ocrx_word' id='word_1_658' title='bbox 864 4111 1005 4180; x_wconf 87' lang='lat' dir='ltr'><strong>Quia</strong></span> <span class='ocrx_word' id='word_1_659' title='bbox 1034 4112 1132 4182; x_wconf 88' lang='lat' dir='ltr'><strong>qui</strong></span> <span class='ocrx_word' id='word_1_660' title='bbox 1165 4113 1286 4167; x_wconf 84' lang='lat' dir='ltr'><strong>sine</strong></span> <span class='ocrx_word' id='word_1_661' title='bbox 1332 4127 1503 4168; x_wconf 75' lang='lat' dir='ltr'><strong>uxore</strong></span> <span class='ocrx_word' id='word_1_662' title='bbox 1549 4114 1650 4180; x_wconf 87' lang='lat' dir='ltr'><strong>est,</strong></span> <span class='ocrx_word' id='word_1_663' title='bbox 1678 4112 1883 4180; x_wconf 82' lang='lat' dir='ltr'><strong>cogitat</strong></span> <span class='ocrx_word' id='word_1_664' title='bbox 1989 4110 2090 4165; x_wconf 82' lang='lat' dir='ltr'><strong>sed</strong></span> <span class='ocrx_word' id='word_1_665' title='bbox 2122 4126 2153 4165; x_wconf 94' lang='lat' dir='ltr'><strong>e</strong></span> <span class='ocrx_word' id='word_1_666' title='bbox 2179 4108 2468 4165; x_wconf 90' lang='lat' dir='ltr'><strong>contrario</strong></span> <span class='ocrx_word' id='word_1_667' title='bbox 2498 4109 2586 4163; x_wconf 91' lang='lat' dir='ltr'><strong>vir</strong></span> <span class='ocrx_word' id='word_1_668' title='bbox 2613 4108 2927 4178; x_wconf 86' lang='lat' dir='ltr'><strong>subjicitur</strong></span> <span class='ocrx_word' id='word_1_669' title='bbox 2956 4108 3030 4171; x_wconf 87' lang='lat' dir='ltr'><strong>ei,</strong></span> <span class='ocrx_word' id='word_1_670' title='bbox 3064 4113 3120 4165; x_wconf 90' lang='lat' dir='ltr'><strong>et</strong></span> <span class='ocrx_word' id='word_1_671' title='bbox 3149 4108 3383 4165; x_wconf 90' lang='lat' dir='ltr'><strong>Domini</strong></span> <span class='ocrx_word' id='word_1_672' title='bbox 3416 4109 3469 4165; x_wconf 90' lang='lat' dir='ltr'><strong>ei</strong></span> <span class='ocrx_word' id='word_1_673' title='bbox 3501 4124 3640 4164; x_wconf 89' lang='lat' dir='ltr'><strong>voce</strong></span> 
     </span>
    </p>
   </div>
   <div class='ocr_carea' id='block_1_75' title="bbox 228 4197 3643 4275">
    <p class='ocr_par' dir='ltr' id='par_1_75' title="bbox 228 4197 3643 4275">
     <span class='ocr_line' id='line_1_76' title="bbox 228 4197 3643 4275; baseline -0.001 -18"><span class='ocrx_word' id='word_1_674' title='bbox 228 4216 289 4257; x_wconf 85' lang='lat' dir='ltr'><strong>ea</strong></span> <span class='ocrx_word' id='word_1_675' title='bbox 316 4218 435 4275; x_wconf 59' lang='lat' dir='ltr'><strong>qua</strong></span> <span class='ocrx_word' id='word_1_676' title='bbox 462 4202 570 4259; x_wconf 90' lang='lat' dir='ltr'><strong>Dei</strong></span> <span class='ocrx_word' id='word_1_677' title='bbox 602 4205 752 4274; x_wconf 86' lang='lat' dir='ltr'><strong>sunt,</strong></span> <span class='ocrx_word' id='word_1_678' title='bbox 798 4200 1064 4275; x_wconf 85' lang='lat' dir='ltr'><strong>quomodo</strong></span> <span class='ocrx_word' id='word_1_679' title='bbox 1105 4202 1332 4274; x_wconf 84' lang='lat' dir='ltr'><strong>placeat</strong></span> <span class='ocrx_word' id='word_1_680' title='bbox 1378 4202 1503 4257; x_wconf 90' lang='lat' dir='ltr'><strong>Deo.</strong></span> <span class='ocrx_word' id='word_1_681' title='bbox 1547 4201 1654 4269; x_wconf 83' lang='lat' dir='ltr'><strong>Qui</strong></span> <span class='ocrx_word' id='word_1_682' title='bbox 1697 4207 1880 4257; x_wconf 86' lang='lat' dir='ltr'><strong>autem</strong></span> <span class='ocrx_word' id='word_1_683' title='bbox 1989 4197 2345 4272; x_wconf 78' lang='lat' dir='ltr'><strong>praecipitur,</strong></span> <span class='ocrx_word' id='word_1_684' title='bbox 2378 4199 2532 4256; x_wconf 87' lang='lat'><strong>229</strong></span> <span class='ocrx_word' id='word_1_685' title='bbox 2566 4198 2764 4255; x_wconf 89' lang='lat' dir='ltr'><strong>Omnia</strong></span> <span class='ocrx_word' id='word_1_686' title='bbox 2795 4215 3130 4272; x_wconf 76' lang='lat' dir='ltr'><strong>qua’cunque</strong></span> <span class='ocrx_word' id='word_1_687' title='bbox 3169 4200 3273 4255; x_wconf 82' lang='lat' dir='ltr'><strong>tibi</strong></span> <span class='ocrx_word' id='word_1_688' title='bbox 3319 4199 3455 4254; x_wconf 83' lang='lat' dir='ltr'><strong>dicit</strong></span> <span class='ocrx_word' id='word_1_689' title='bbox 3483 4199 3643 4265; x_wconf 86' lang='lat' dir='ltr'><strong>Sara,</strong></span> 
     </span>
    </p>
   </div>
   <div class='ocr_carea' id='block_1_76' title="bbox 226 4288 3645 4362">
    <p class='ocr_par' dir='ltr' id='par_1_76' title="bbox 226 4288 3645 4362">
     <span class='ocr_line' id='line_1_77' title="bbox 226 4288 3645 4362; baseline -0.001 -17"><span class='ocrx_word' id='word_1_690' title='bbox 226 4302 347 4346; x_wconf 81' lang='lat' dir='ltr'><strong>cum</strong></span> <span class='ocrx_word' id='word_1_691' title='bbox 376 4306 558 4348; x_wconf 70' lang='lat' dir='ltr'><strong>uxore</strong></span> <span class='ocrx_word' id='word_1_692' title='bbox 585 4298 682 4358; x_wconf 87' lang='lat' dir='ltr'><strong>est,</strong></span> <span class='ocrx_word' id='word_1_693' title='bbox 707 4290 979 4347; x_wconf 85' lang='lat' dir='ltr'><strong>sollicitus</strong></span> <span class='ocrx_word' id='word_1_694' title='bbox 1006 4292 1104 4358; x_wconf 88' lang='lat' dir='ltr'><strong>est,</strong></span> <span class='ocrx_word' id='word_1_695' title='bbox 1136 4305 1265 4362; x_wconf 62' lang='lat' dir='ltr'><strong>que</strong></span> <span class='ocrx_word' id='word_1_696' title='bbox 1298 4292 1431 4346; x_wconf 87' lang='lat' dir='ltr'><strong>sunt</strong></span> <span class='ocrx_word' id='word_1_697' title='bbox 1468 4290 1631 4362; x_wconf 83' lang='lat' dir='ltr'><strong>hujus</strong></span> <span class='ocrx_word' id='word_1_698' title='bbox 1660 4288 1877 4355; x_wconf 85' lang='lat' dir='ltr'><strong>mundi,</strong></span> <span class='ocrx_word' id='word_1_699' title='bbox 1988 4288 2131 4345; x_wconf 85' lang='lat' dir='ltr'><strong>audi</strong></span> <span class='ocrx_word' id='word_1_700' title='bbox 2160 4305 2342 4345; x_wconf 86' lang='lat' dir='ltr'><strong>vocem</strong></span> <span class='ocrx_word' id='word_1_701' title='bbox 2363 4290 2483 4361; x_wconf 86' lang='lat' dir='ltr'><strong>ejus</strong></span> <span class='ocrx_word' id='word_1_702' title='bbox 2514 4289 2666 4358; x_wconf 83' lang='lat' dir='ltr'><strong>(Gen.</strong></span> <span class='ocrx_word' id='word_1_703' title='bbox 2703 4288 2825 4359; x_wconf 81' lang='lat' dir='ltr'><strong>In):</strong></span> <span class='ocrx_word' id='word_1_704' title='bbox 2872 4294 2927 4344; x_wconf 90' lang='lat' dir='ltr'><strong>et</strong></span> <span class='ocrx_word' id='word_1_705' title='bbox 2977 4289 3063 4345; x_wconf 85' lang='lat' dir='ltr'><strong>sic</strong></span> <span class='ocrx_word' id='word_1_706' title='bbox 3108 4288 3399 4361; x_wconf 89' lang='lat' dir='ltr'><strong>incipiunt</strong></span> <span class='ocrx_word' id='word_1_707' title='bbox 3441 4303 3645 4345; x_wconf 89' lang='lat' dir='ltr'><strong>vacare</strong></span> 
     </span>
    </p>
   </div>
   <div class='ocr_carea' id='block_1_77' title="bbox 229 4380 1879 4465">
    <p class='ocr_par' dir='ltr' id='par_1_77' title="bbox 229 4380 1879 4465">
     <span class='ocr_line' id='line_1_78' title="bbox 229 4380 1879 4465; baseline -0.005 -24"><span class='ocrx_word' id='word_1_708' title='bbox 229 4380 488 4451; x_wconf 80' lang='lat' dir='ltr'><strong>quomodo</strong></span> <span class='ocrx_word' id='word_1_709' title='bbox 515 4381 735 4453; x_wconf 87' lang='lat' dir='ltr'><strong>placeat</strong></span> <span class='ocrx_word' id='word_1_710' title='bbox 761 4381 949 4437; x_wconf 76' lang='lat' dir='ltr'><strong>uxori.</strong></span> <span class='ocrx_word' id='word_1_711' title='bbox 978 4384 1047 4437; x_wconf 87' lang='lat' dir='ltr'><strong>Et</strong></span> <span class='ocrx_word' id='word_1_712' title='bbox 1073 4381 1260 4437; x_wconf 82' lang='lat' dir='ltr'><strong>divisa</strong></span> <span class='ocrx_word' id='word_1_713' title='bbox 1287 4388 1365 4437; x_wconf 85' lang='lat' dir='ltr'><strong>est</strong></span> <span class='ocrx_word' id='word_1_714' title='bbox 1394 4380 1626 4465; x_wconf 83' lang='lat' dir='ltr'><strong>mulier,</strong></span> <span class='ocrx_word' id='word_1_715' title='bbox 1671 4387 1723 4435; x_wconf 89' lang='lat' dir='ltr'><strong>et</strong></span> <span class='ocrx_word' id='word_1_716' title='bbox 1764 4381 1879 4435; x_wconf 87' lang='lat' dir='ltr'><strong>vir-</strong></span> 
     </span>
    </p>
   </div>
   <div class='ocr_carea' id='block_1_78' title="bbox 227 4469 1883 4544">
    <p class='ocr_par' dir='ltr' id='par_1_78' title="bbox 227 4469 1883 4544">
     <span class='ocr_line' id='line_1_79' title="bbox 227 4469 1883 4544; baseline -0.001 -18"><span class='ocrx_word' id='word_1_717' title='bbox 227 4483 291 4540; x_wconf 73' lang='lat' dir='ltr'><strong>go</strong></span> <span class='ocrx_word' id='word_1_718' title='bbox 320 4470 362 4543; x_wconf 74' lang='grc'><strong>³,</strong></span> <span class='ocrx_word' id='word_1_719' title='bbox 394 4484 530 4544; x_wconf 73' lang='lat' dir='ltr'><strong>quae</strong></span> <span class='ocrx_word' id='word_1_720' title='bbox 555 4471 765 4527; x_wconf 84' lang='lat' dir='ltr'><strong>nonest</strong></span> <span class='ocrx_word' id='word_1_721' title='bbox 791 4472 983 4543; x_wconf 87' lang='lat' dir='ltr'><strong>nupta,</strong></span> <span class='ocrx_word' id='word_1_722' title='bbox 1023 4471 1226 4540; x_wconf 89' lang='lat' dir='ltr'><strong>cogitat</strong></span> <span class='ocrx_word' id='word_1_723' title='bbox 1281 4487 1400 4542; x_wconf 77' lang='lat' dir='ltr'><strong>quae</strong></span> <span class='ocrx_word' id='word_1_724' title='bbox 1455 4473 1586 4527; x_wconf 87' lang='lat' dir='ltr'><strong>sunt</strong></span> <span class='ocrx_word' id='word_1_725' title='bbox 1639 4469 1759 4537; x_wconf 85' lang='lat' dir='ltr'><strong>Dei,</strong></span> <span class='ocrx_word' id='word_1_726' title='bbox 1819 4472 1883 4525; x_wconf 88' lang='lat' dir='ltr'><strong>ut</strong></span> 
     </span>
    </p>
   </div>
   <div class='ocr_carea' id='block_1_79' title="bbox 1990 4374 3646 4451">
    <p class='ocr_par' dir='ltr' id='par_1_79' title="bbox 1990 4374 3646 4451">
     <span class='ocr_line' id='line_1_80' title="bbox 1990 4374 3646 4451; baseline -0.002 -17"><span class='ocrx_word' id='word_1_727' title='bbox 1990 4378 2258 4434; x_wconf 87' lang='lat' dir='ltr'><strong>orationi.</strong></span> <span class='ocrx_word' id='word_1_728' title='bbox 2293 4377 2440 4442; x_wconf 89' lang='lat' dir='ltr'><strong>Quia</strong></span> <span class='ocrx_word' id='word_1_729' title='bbox 2469 4378 2730 4450; x_wconf 90' lang='lat' dir='ltr'><strong>quandiu</strong></span> <span class='ocrx_word' id='word_1_730' title='bbox 2762 4376 2822 4431; x_wconf 91' lang='lat' dir='ltr'><strong>in</strong></span> <span class='ocrx_word' id='word_1_731' title='bbox 2863 4377 3133 4451; x_wconf 84' lang='lat' dir='ltr'><strong>conjugio</strong></span> <span class='ocrx_word' id='word_1_732' title='bbox 3177 4376 3439 4434; x_wconf 89' lang='lat' dir='ltr'><strong>debitum</strong></span> <span class='ocrx_word' id='word_1_733' title='bbox 3468 4374 3646 4433; x_wconf 85' lang='lat' dir='ltr'><strong>solvi-</strong></span> 
     </span>
    </p>
   </div>
   <div class='ocr_carea' id='block_1_80' title="bbox 1988 4466 3044 4540">
    <p class='ocr_par' dir='ltr' id='par_1_80' title="bbox 1988 4466 3044 4540">
     <span class='ocr_line' id='line_1_81' title="bbox 1988 4466 3044 4540; baseline -0.001 -16"><span class='ocrx_word' id='word_1_734' title='bbox 1988 4472 2105 4535; x_wconf 89' lang='lat' dir='ltr'><strong>tur,</strong></span> <span class='ocrx_word' id='word_1_735' title='bbox 2139 4467 2344 4524; x_wconf 89' lang='lat' dir='ltr'><strong>orandi</strong></span> <span class='ocrx_word' id='word_1_736' title='bbox 2372 4466 2701 4540; x_wconf 69' lang='lat' dir='ltr'><strong>praeteritur</strong></span> <span class='ocrx_word' id='word_1_737' title='bbox 2740 4467 3044 4524; x_wconf 86' lang='lat' dir='ltr'><strong>instantia.</strong></span> 
     </span>
    </p>
   </div>
   <div class='ocr_carea' id='block_1_81' title="bbox 227 4554 3645 4633">
    <p class='ocr_par' dir='ltr' id='par_1_81' title="bbox 227 4554 3645 4633">
     <span class='ocr_line' id='line_1_82' title="bbox 227 4554 3645 4633; baseline -0.001 -18"><span class='ocrx_word' id='word_1_738' title='bbox 227 4560 297 4615; x_wconf 80' lang='lat' dir='ltr'><strong>sit</strong></span> <span class='ocrx_word' id='word_1_739' title='bbox 323 4568 521 4617; x_wconf 87' lang='lat' dir='ltr'><strong>sancta</strong></span> <span class='ocrx_word' id='word_1_740' title='bbox 548 4572 770 4633; x_wconf 84' lang='lat' dir='ltr'><strong>carpare</strong></span> <span class='ocrx_word' id='word_1_741' title='bbox 795 4563 847 4633; x_wconf 85' lang='lat' dir='ltr'><strong>et</strong></span> <span class='ocrx_word' id='word_1_742' title='bbox 874 4560 1095 4632; x_wconf 88' lang='lat' dir='ltr'><strong>spiritu.</strong></span> <span class='ocrx_word' id='word_1_743' title='bbox 1126 4559 1265 4615; x_wconf 85' lang='lat' dir='ltr'><strong>Nam</strong></span> <span class='ocrx_word' id='word_1_744' title='bbox 1294 4574 1420 4633; x_wconf 65' lang='lat' dir='ltr'><strong>quae</strong></span> <span class='ocrx_word' id='word_1_745' title='bbox 1448 4567 1619 4632; x_wconf 86' lang='lat' dir='ltr'><strong>nupta</strong></span> <span class='ocrx_word' id='word_1_746' title='bbox 1638 4566 1734 4627; x_wconf 89' lang='lat' dir='ltr'><strong>est,</strong></span> <span class='ocrx_word' id='word_1_747' title='bbox 1792 4574 1880 4615; x_wconf 81' lang='grc' dir='ltr'><strong>σο·</strong></span> <span class='ocrx_word' id='word_1_748' title='bbox 1910 4563 1962 4632; x_wconf 83' lang='lat' dir='ltr'><strong>D</strong></span> <span class='ocrx_word' id='word_1_749' title='bbox 2060 4558 2120 4613; x_wconf 87' lang='grc'><strong>21</strong></span> <span class='ocrx_word' id='word_1_750' title='bbox 2159 4558 2285 4613; x_wconf 89' lang='lat' dir='ltr'><strong>Non</strong></span> <span class='ocrx_word' id='word_1_751' title='bbox 2320 4574 2602 4630; x_wconf 86' lang='lat' dir='ltr'><strong>negamus</strong></span> <span class='ocrx_word' id='word_1_752' title='bbox 2631 4556 2859 4623; x_wconf 89' lang='lat' dir='ltr'><strong>viduas,</strong></span> <span class='ocrx_word' id='word_1_753' title='bbox 2893 4573 3006 4613; x_wconf 89' lang='lat' dir='ltr'><strong>non</strong></span> <span class='ocrx_word' id='word_1_754' title='bbox 3031 4572 3318 4629; x_wconf 85' lang='lat' dir='ltr'><strong>negamus</strong></span> <span class='ocrx_word' id='word_1_755' title='bbox 3339 4554 3645 4612; x_wconf 86' lang='lat' dir='ltr'><strong>maritatas</strong></span> 
     </span>
    </p>
   </div>
   <div class='ocr_carea' id='block_1_82' title="bbox 228 4647 1882 4723">
    <p class='ocr_par' dir='ltr' id='par_1_82' title="bbox 228 4647 1882 4723">
     <span class='ocr_line' id='line_1_83' title="bbox 228 4647 1882 4723; baseline -0.003 -15"><span class='ocrx_word' id='word_1_756' title='bbox 228 4649 380 4721; x_wconf 77' lang='lat' dir='ltr'><strong>gitat,</strong></span> <span class='ocrx_word' id='word_1_757' title='bbox 413 4665 543 4723; x_wconf 71' lang='lat' dir='ltr'><strong>quae</strong></span> <span class='ocrx_word' id='word_1_758' title='bbox 567 4653 697 4707; x_wconf 83' lang='lat' dir='ltr'><strong>sunt</strong></span> <span class='ocrx_word' id='word_1_759' title='bbox 722 4649 938 4718; x_wconf 79' lang='lat' dir='ltr'><strong>mundi,</strong></span> <span class='ocrx_word' id='word_1_760' title='bbox 972 4652 1240 4722; x_wconf 81' lang='lat' dir='ltr'><strong>quomodo</strong></span> <span class='ocrx_word' id='word_1_761' title='bbox 1273 4650 1490 4723; x_wconf 84' lang='lat' dir='ltr'><strong>placeat</strong></span> <span class='ocrx_word' id='word_1_762' title='bbox 1548 4651 1662 4706; x_wconf 87' lang='lat' dir='ltr'><strong>viro</strong></span> <span class='ocrx_word' id='word_1_763' title='bbox 1722 4647 1882 4721; x_wconf 85' lang='lat' dir='ltr'><strong>(Ibid.</strong></span> 
     </span>
    </p>
   </div>
   <div class='ocr_carea' id='block_1_83' title="bbox 229 4737 1876 4813">
    <p class='ocr_par' dir='ltr' id='par_1_83' title="bbox 229 4737 1876 4813">
     <span class='ocr_line' id='line_1_84' title="bbox 229 4737 1876 4813; baseline 0 -19"><span class='ocrx_word' id='word_1_764' title='bbox 229 4737 317 4807; x_wconf 85' lang='lat'><strong>32,</strong></span> <span class='ocrx_word' id='word_1_765' title='bbox 344 4739 417 4796; x_wconf 91' lang='lat'><strong>33</strong></span> <span class='ocrx_word' id='word_1_766' title='bbox 444 4737 624 4812; x_wconf 83' lang='lat' dir='ltr'><strong>seqq.)</strong></span> <span class='ocrx_word' id='word_1_767' title='bbox 653 4737 803 4805; x_wconf 85' lang='lat' dir='ltr'><strong>Quid</strong></span> <span class='ocrx_word' id='word_1_768' title='bbox 830 4738 1056 4796; x_wconf 87' lang='lat' dir='ltr'><strong>oblatas</strong></span> <span class='ocrx_word' id='word_1_769' title='bbox 1076 4739 1104 4794; x_wconf 87' lang='lat'><strong>?</strong></span> <span class='ocrx_word' id='word_1_770' title='bbox 1159 4738 1300 4811; x_wconf 90' lang='lat' dir='ltr'><strong>quid</strong></span> <span class='ocrx_word' id='word_1_771' title='bbox 1358 4756 1653 4813; x_wconf 85' lang='lat' dir='ltr'><strong>repugnas</strong></span> <span class='ocrx_word' id='word_1_772' title='bbox 1671 4739 1700 4794; x_wconf 77' lang='lat' dir='ltr'><strong>‘t</strong></span> <span class='ocrx_word' id='word_1_773' title='bbox 1758 4741 1876 4794; x_wconf 84' lang='lat' dir='ltr'><strong>Vas</strong></span> 
     </span>
    </p>
   </div>
   <div class='ocr_carea' id='block_1_84' title="bbox 231 4824 1882 4902">
    <p class='ocr_par' dir='ltr' id='par_1_84' title="bbox 231 4824 1882 4902">
     <span class='ocr_line' id='line_1_85' title="bbox 231 4824 1882 4902; baseline 0.001 -19"><span class='ocrx_word' id='word_1_774' title='bbox 231 4824 535 4887; x_wconf 88' lang='lat' dir='ltr'><strong>electionis</strong></span> <span class='ocrx_word' id='word_1_775' title='bbox 566 4828 689 4886; x_wconf 79' lang='lat' dir='ltr'><strong>haec</strong></span> <span class='ocrx_word' id='word_1_776' title='bbox 736 4826 1021 4902; x_wconf 86' lang='lat' dir='ltr'><strong>loquitur,</strong></span> <span class='ocrx_word' id='word_1_777' title='bbox 1066 4828 1221 4886; x_wconf 85' lang='lat'><strong>228</strong></span> <span class='ocrx_word' id='word_1_778' title='bbox 1251 4829 1441 4885; x_wconf 84' lang='lat' dir='ltr'><strong>Divisa</strong></span> <span class='ocrx_word' id='word_1_779' title='bbox 1495 4836 1594 4895; x_wconf 91' lang='lat' dir='ltr'><strong>est,</strong></span> <span class='ocrx_word' id='word_1_780' title='bbox 1653 4827 1882 4894; x_wconf 88' lang='lat' dir='ltr'><strong>dicens,</strong></span> 
     </span>
    </p>
   </div>
   <div class='ocr_carea' id='block_1_85' title="bbox 234 5077 1885 5153">
    <p class='ocr_par' dir='ltr' id='par_1_85' title="bbox 234 5077 1885 5153">
     <span class='ocr_line' id='line_1_86' title="bbox 234 5077 1885 5153; baseline -0.001 -17"><span class='ocrx_word' id='word_1_781' title='bbox 234 5083 355 5153; x_wconf 85' lang='lat' dir='ltr'><strong>Non</strong></span> <span class='ocrx_word' id='word_1_782' title='bbox 386 5080 553 5137; x_wconf 87' lang='lat' dir='ltr'><strong>enim</strong></span> <span class='ocrx_word' id='word_1_783' title='bbox 583 5079 927 5153; x_wconf 80' lang='lat' dir='ltr'><strong>pudicitiam</strong></span> <span class='ocrx_word' id='word_1_784' title='bbox 961 5079 1091 5153; x_wconf 84' lang='lat' dir='ltr'><strong>ejus</strong></span> <span class='ocrx_word' id='word_1_785' title='bbox 1120 5079 1180 5153; x_wconf 81' lang='lat' dir='ltr'><strong>in</strong></span> <span class='ocrx_word' id='word_1_786' title='bbox 1211 5077 1408 5153; x_wconf 90' lang='lat' dir='ltr'><strong>aliquo</strong></span> <span class='ocrx_word' id='word_1_787' title='bbox 1438 5077 1638 5135; x_wconf 61' lang='lat' dir='ltr'><strong>laesam</strong></span> <span class='ocrx_word' id='word_1_788' title='bbox 1697 5079 1885 5153; x_wconf 83' lang='lat' dir='ltr'><strong>docet,</strong></span> 
     </span>
    </p>
   </div>
   <div class='ocr_carea' id='block_1_86' title="bbox 236 5149 1891 5232">
    <p class='ocr_par' dir='ltr' id='par_1_86' title="bbox 236 5149 1891 5232">
     <span class='ocr_line' id='line_1_87' title="bbox 236 5149 1891 5232; baseline -0.001 -23"><span class='ocrx_word' id='word_1_789' title='bbox 236 5152 333 5227; x_wconf 84' lang='lat' dir='ltr'><strong>qui</strong></span> <span class='ocrx_word' id='word_1_790' title='bbox 364 5149 605 5232; x_wconf 73' lang='lat' dir='ltr'><strong>tantum</strong></span> <span class='ocrx_word' id='word_1_791' title='bbox 634 5151 693 5232; x_wconf 76' lang='lat' dir='ltr'><strong>in</strong></span> <span class='ocrx_word' id='word_1_792' title='bbox 724 5152 852 5225; x_wconf 87' lang='lat' dir='ltr'><strong>ejus</strong></span> <span class='ocrx_word' id='word_1_793' title='bbox 877 5149 1051 5232; x_wconf 78' lang='lat' dir='ltr'><strong>laude</strong></span> <span class='ocrx_word' id='word_1_794' title='bbox 1079 5149 1446 5232; x_wconf 73' lang='lat' dir='ltr'><strong>triumphat:</strong></span> <span class='ocrx_word' id='word_1_795' title='bbox 1481 5167 1670 5232; x_wconf 85' lang='lat' dir='ltr'><strong>neque</strong></span> <span class='ocrx_word' id='word_1_796' title='bbox 1694 5152 1771 5232; x_wconf 84' lang='lat' dir='ltr'><strong>ad</strong></span> <span class='ocrx_word' id='word_1_797' title='bbox 1790 5150 1891 5207; x_wconf 88' lang='lat' dir='ltr'><strong>ho-</strong></span> 
     </span>
    </p>
   </div>
   <div class='ocr_carea' id='block_1_87' title="bbox 237 5222 1888 5305">
    <p class='ocr_par' dir='ltr' id='par_1_87' title="bbox 237 5222 1888 5305">
     <span class='ocr_line' id='line_1_88' title="bbox 237 5222 1888 5305; baseline -0.002 -23"><span class='ocrx_word' id='word_1_798' title='bbox 237 5222 358 5305; x_wconf 52' lang='lat' dir='ltr'><strong>iam</strong></span> <span class='ocrx_word' id='word_1_799' title='bbox 380 5224 574 5305; x_wconf 65' lang='lat' dir='ltr'><strong>cessit</strong></span> <span class='ocrx_word' id='word_1_800' title='bbox 602 5222 977 5305; x_wconf 74' lang='lat' dir='ltr'><strong>adversariis,</strong></span> <span class='ocrx_word' id='word_1_801' title='bbox 996 5222 1108 5305; x_wconf 82' lang='lat' dir='ltr'><strong>_qui</strong></span> <span class='ocrx_word' id='word_1_802' title='bbox 1137 5238 1242 5305; x_wconf 82' lang='lat' dir='ltr'><strong>pro</strong></span> <span class='ocrx_word' id='word_1_803' title='bbox 1264 5222 1342 5305; x_wconf 53' lang='lat' dir='ltr'><strong>Ea</strong></span> <span class='ocrx_word' id='word_1_804' title='bbox 1370 5227 1625 5305; x_wconf 85' lang='lat' dir='ltr'><strong>tantum,</strong></span> <span class='ocrx_word' id='word_1_805' title='bbox 1655 5227 1712 5305; x_wconf 76' lang='lat' dir='ltr'><strong>et</strong></span> <span class='ocrx_word' id='word_1_806' title='bbox 1770 5240 1888 5305; x_wconf 81' lang='lat' dir='ltr'><strong>tam</strong></span> 
     </span>
    </p>
   </div>
   <div class='ocr_carea' id='block_1_88' title="bbox 237 5293 1890 5368">
    <p class='ocr_par' dir='ltr' id='par_1_88' title="bbox 237 5293 1890 5368">
     <span class='ocr_line' id='line_1_89' title="bbox 237 5293 1890 5368; baseline -0.001 -16"><span class='ocrx_word' id='word_1_807' title='bbox 237 5296 333 5365; x_wconf 85' lang='lat' dir='ltr'><strong>diu</strong></span> <span class='ocrx_word' id='word_1_808' title='bbox 364 5295 672 5353; x_wconf 88' lang='lat' dir='ltr'><strong>dimicavit</strong></span> <span class='ocrx_word' id='word_1_809' title='bbox 690 5295 847 5368; x_wconf 85' lang='lat' dir='ltr'><strong>verbi</strong></span> <span class='ocrx_word' id='word_1_810' title='bbox 878 5293 1109 5368; x_wconf 89' lang='lat' dir='ltr'><strong>gladio:</strong></span> <span class='ocrx_word' id='word_1_811' title='bbox 1138 5293 1237 5368; x_wconf 77' lang='lat' dir='ltr'><strong>cui</strong></span> <span class='ocrx_word' id='word_1_812' title='bbox 1264 5294 1419 5368; x_wconf 85' lang='lat' dir='ltr'><strong>Deus</strong></span> <span class='ocrx_word' id='word_1_813' title='bbox 1449 5300 1671 5368; x_wconf 80' lang='lat' dir='ltr'><strong>contra</strong></span> <span class='ocrx_word' id='word_1_814' title='bbox 1692 5295 1890 5352; x_wconf 88' lang='lat' dir='ltr'><strong>hostes</strong></span> 
     </span>
    </p>
   </div>
   <div class='ocr_carea' id='block_1_89' title="bbox 238 5365 1891 5442">
    <p class='ocr_par' dir='ltr' id='par_1_89' title="bbox 238 5365 1891 5442">
     <span class='ocr_line' id='line_1_90' title="bbox 238 5365 1891 5442; baseline -0.001 -18"><span class='ocrx_word' id='word_1_815' title='bbox 238 5370 385 5442; x_wconf 86' lang='lat' dir='ltr'><strong>ejus,</strong></span> <span class='ocrx_word' id='word_1_816' title='bbox 405 5372 639 5442; x_wconf 79' lang='lat' dir='ltr'><strong>tantam</strong></span> <span class='ocrx_word' id='word_1_817' title='bbox 663 5365 971 5424; x_wconf 76' lang='lat' dir='ltr'><strong>resistendi</strong></span> <span class='ocrx_word' id='word_1_818' title='bbox 993 5365 1242 5423; x_wconf 90' lang='lat' dir='ltr'><strong>contulit</strong></span> <span class='ocrx_word' id='word_1_819' title='bbox 1263 5366 1535 5439; x_wconf 87' lang='lat' dir='ltr'><strong>gratiam,</strong></span> <span class='ocrx_word' id='word_1_820' title='bbox 1560 5366 1891 5442; x_wconf 79' lang='lat' dir='ltr'><strong>revincendi</strong></span> 
     </span>
    </p>
   </div>
   <div class='ocr_carea' id='block_1_90' title="bbox 238 5440 1889 5513">
    <p class='ocr_par' dir='ltr' id='par_1_90' title="bbox 238 5440 1889 5513">
     <span class='ocr_line' id='line_1_91' title="bbox 238 5440 1889 5513; baseline -0.002 -15"><span class='ocrx_word' id='word_1_821' title='bbox 238 5440 487 5513; x_wconf 52' lang='lat' dir='ltr'><strong>p&#39;rzehuit</strong></span> <span class='ocrx_word' id='word_1_822' title='bbox 517 5440 817 5510; x_wconf 89' lang='lat' dir='ltr'><strong>virtutem,</strong></span> <span class='ocrx_word' id='word_1_823' title='bbox 848 5442 916 5495; x_wconf 89' lang='lat' dir='ltr'><strong>ut</strong></span> <span class='ocrx_word' id='word_1_824' title='bbox 946 5455 1118 5495; x_wconf 89' lang='lat' dir='ltr'><strong>nemo</strong></span> <span class='ocrx_word' id='word_1_825' title='bbox 1146 5443 1351 5495; x_wconf 89' lang='lat' dir='ltr'><strong>contra</strong></span> <span class='ocrx_word' id='word_1_826' title='bbox 1379 5455 1511 5496; x_wconf 89' lang='lat' dir='ltr'><strong>eum</strong></span> <span class='ocrx_word' id='word_1_827' title='bbox 1555 5440 1770 5495; x_wconf 90' lang='lat' dir='ltr'><strong>audeat</strong></span> <span class='ocrx_word' id='word_1_828' title='bbox 1798 5440 1889 5494; x_wconf 86' lang='lat' dir='ltr'><strong>in-</strong></span> 
     </span>
    </p>
   </div>
   <div class='ocr_carea' id='block_1_91' title="bbox 240 5528 1895 5667">
    <p class='ocr_par' dir='ltr' id='par_1_91' title="bbox 240 5528 1895 5667">
     <span class='ocr_line' id='line_1_92' title="bbox 240 5528 1895 5667; baseline 0.005 -34"><span class='ocrx_word' id='word_1_829' title='bbox 240 5528 695 5667; x_wconf 26' lang='lat' dir='ltr'><strong>Inflfgilligegqua‘</strong></span> <span class='ocrx_word' id='word_1_830' title='bbox 708 5598 815 5638; x_wconf 89' lang='lat' dir='ltr'><strong>non</strong></span> <span class='ocrx_word' id='word_1_831' title='bbox 841 5583 979 5667; x_wconf 70' lang='lat' dir='ltr'><strong>facit</strong></span> <span class='ocrx_word' id='word_1_832' title='bbox 1003 5597 1206 5667; x_wconf 66' lang='lat' dir='ltr'><strong>semen,</strong></span> <span class='ocrx_word' id='word_1_833' title='bbox 1241 5586 1350 5664; x_wconf 79' lang='lat' dir='ltr'><strong>etc.</strong></span> <span class='ocrx_word' id='word_1_834' title='bbox 1383 5581 1447 5637; x_wconf 89' lang='lat' dir='ltr'><strong>In</strong></span> <span class='ocrx_word' id='word_1_835' title='bbox 1477 5581 1731 5667; x_wconf 60' lang='lat' dir='ltr'><strong>Yulgata</strong></span> <span class='ocrx_word' id='word_1_836' title='bbox 1781 5584 1895 5667; x_wconf 78' lang='lat' dir='ltr'><strong>La-</strong></span> 
     </span>
    </p>
   </div>
   <div class='ocr_carea' id='block_1_92' title="bbox 239 5653 1895 5728">
    <p class='ocr_par' dir='ltr' id='par_1_92' title="bbox 239 5653 1895 5728">
     <span class='ocr_line' id='line_1_93' title="bbox 239 5653 1895 5728; baseline 0 -16"><span class='ocrx_word' id='word_1_837' title='bbox 239 5654 363 5716; x_wconf 85' lang='lat' dir='ltr'><strong>tina</strong></span> <span class='ocrx_word' id='word_1_838' title='bbox 390 5653 657 5715; x_wconf 81' lang='lat' dir='ltr'><strong>editione</strong></span> <span class='ocrx_word' id='word_1_839' title='bbox 678 5653 799 5714; x_wconf 68' lang='lat' dir='ltr'><strong>haec</strong></span> <span class='ocrx_word' id='word_1_840' title='bbox 828 5653 1121 5714; x_wconf 86' lang='lat' dir='ltr'><strong>sententia</strong></span> <span class='ocrx_word' id='word_1_841' title='bbox 1152 5653 1269 5713; x_wconf 80' lang='lat' dir='ltr'><strong>non</strong></span> <span class='ocrx_word' id='word_1_842' title='bbox 1299 5653 1623 5726; x_wconf 62' lang='lat' dir='ltr'><strong>invenitur,</strong></span> <span class='ocrx_word' id='word_1_843' title='bbox 1658 5672 1776 5728; x_wconf 88' lang='lat' dir='ltr'><strong>qua</strong></span> <span class='ocrx_word' id='word_1_844' title='bbox 1824 5656 1895 5712; x_wconf 92' lang='lat' dir='ltr'><strong>de</strong></span> 
     </span>
    </p>
   </div>
   <div class='ocr_carea' id='block_1_93' title="bbox 1995 4643 3643 4720">
    <p class='ocr_par' dir='ltr' id='par_1_93' title="bbox 1995 4643 3643 4720">
     <span class='ocr_line' id='line_1_94' title="bbox 1995 4643 3643 4720; baseline -0.002 -17"><span class='ocrx_word' id='word_1_845' title='bbox 1995 4647 2107 4720; x_wconf 80' lang='grc' dir='ltr'><strong>[Αι.</strong></span> <span class='ocrx_word' id='word_1_846' title='bbox 2146 4645 2430 4719; x_wconf 86' lang='lat' dir='ltr'><strong>maritas],</strong></span> <span class='ocrx_word' id='word_1_847' title='bbox 2464 4650 2696 4703; x_wconf 89' lang='lat' dir='ltr'><strong>sanctas</strong></span> <span class='ocrx_word' id='word_1_848' title='bbox 2730 4646 3008 4702; x_wconf 87' lang='lat' dir='ltr'><strong>mulieres</strong></span> <span class='ocrx_word' id='word_1_849' title='bbox 3040 4643 3325 4713; x_wconf 90' lang='lat' dir='ltr'><strong>inveniri;</strong></span> <span class='ocrx_word' id='word_1_850' title='bbox 3375 4644 3477 4713; x_wconf 85' lang='lat' dir='ltr'><strong>sed</strong></span> <span class='ocrx_word' id='word_1_851' title='bbox 3516 4660 3643 4716; x_wconf 69' lang='lat' dir='ltr'><strong>quae</strong></span> 
     </span>
    </p>
   </div>
   <div class='ocr_carea' id='block_1_94' title="bbox 1998 4733 3648 4808">
    <p class='ocr_par' dir='ltr' id='par_1_94' title="bbox 1998 4733 3648 4808">
     <span class='ocr_line' id='line_1_95' title="bbox 1998 4733 3648 4808; baseline -0.004 -14"><span class='ocrx_word' id='word_1_852' title='bbox 1998 4754 2208 4794; x_wconf 82' lang='lat' dir='ltr'><strong>uxores</strong></span> <span class='ocrx_word' id='word_1_853' title='bbox 2238 4752 2366 4793; x_wconf 87' lang='lat' dir='ltr'><strong>esse</strong></span> <span class='ocrx_word' id='word_1_854' title='bbox 2396 4736 2697 4802; x_wconf 89' lang='lat' dir='ltr'><strong>desierint,</strong></span> <span class='ocrx_word' id='word_1_855' title='bbox 2732 4753 2857 4808; x_wconf 63' lang='lat' dir='ltr'><strong>qua;</strong></span> <span class='ocrx_word' id='word_1_856' title='bbox 2887 4734 2946 4789; x_wconf 90' lang='lat' dir='ltr'><strong>in</strong></span> <span class='ocrx_word' id='word_1_857' title='bbox 2978 4734 3106 4806; x_wconf 90' lang='lat' dir='ltr'><strong>ipsa</strong></span> <span class='ocrx_word' id='word_1_858' title='bbox 3138 4733 3484 4790; x_wconf 83' lang='lat' dir='ltr'><strong>necessitate</strong></span> <span class='ocrx_word' id='word_1_859' title='bbox 3513 4749 3648 4789; x_wconf 89' lang='lat' dir='ltr'><strong>con-</strong></span> 
     </span>
    </p>
   </div>
   <div class='ocr_carea' id='block_1_95' title="bbox 1989 4822 3645 4901">
    <p class='ocr_par' dir='ltr' id='par_1_95' title="bbox 1989 4822 3645 4901">
     <span class='ocr_line' id='line_1_96' title="bbox 1989 4822 3645 4901; baseline -0.004 -17"><span class='ocrx_word' id='word_1_860' title='bbox 1989 4828 2142 4901; x_wconf 88' lang='lat' dir='ltr'><strong>jugii</strong></span> <span class='ocrx_word' id='word_1_861' title='bbox 2176 4826 2473 4900; x_wconf 85' lang='lat' dir='ltr'><strong>virginum</strong></span> <span class='ocrx_word' id='word_1_862' title='bbox 2504 4825 2812 4883; x_wconf 90' lang='lat' dir='ltr'><strong>imitentur</strong></span> <span class='ocrx_word' id='word_1_863' title='bbox 2830 4824 3178 4881; x_wconf 88' lang='lat' dir='ltr'><strong>castitatem.</strong></span> <span class='ocrx_word' id='word_1_864' title='bbox 3202 4823 3320 4880; x_wconf 90' lang='lat' dir='ltr'><strong>Hoc</strong></span> <span class='ocrx_word' id='word_1_865' title='bbox 3348 4827 3460 4893; x_wconf 89' lang='lat' dir='ltr'><strong>est,</strong></span> <span class='ocrx_word' id='word_1_866' title='bbox 3489 4822 3645 4896; x_wconf 91' lang='lat' dir='ltr'><strong>quod</strong></span> 
     </span>
    </p>
   </div>
   <div class='ocr_carea' id='block_1_96' title="bbox 1997 5078 2537 5137">
    <p class='ocr_par' dir='ltr' id='par_1_96' title="bbox 1997 5078 2537 5137">
     <span class='ocr_line' id='line_1_97' title="bbox 1997 5078 2537 5137; baseline -0.009 0"><span class='ocrx_word' id='word_1_867' title='bbox 1997 5098 2059 5137; x_wconf 91' lang='lat' dir='ltr'><strong>re</strong></span> <span class='ocrx_word' id='word_1_868' title='bbox 2089 5078 2230 5135; x_wconf 90' lang='lat' dir='ltr'><strong>alibi</strong></span> <span class='ocrx_word' id='word_1_869' title='bbox 2259 5078 2537 5134; x_wconf 86' lang='lat' dir='ltr'><strong>diximus.</strong></span> 
     </span>
    </p>
   </div>
   <div class='ocr_carea' id='block_1_97' title="bbox 2069 5144 3652 5223">
    <p class='ocr_par' dir='ltr' id='par_1_97' title="bbox 2069 5144 3652 5223">
     <span class='ocr_line' id='line_1_98' title="bbox 2069 5144 3652 5223; baseline -0.003 -15"><span class='ocrx_word' id='word_1_870' title='bbox 2069 5153 2091 5187; x_wconf 86' lang='grc'>²</span> <span class='ocrx_word' id='word_1_871' title='bbox 2122 5150 2329 5207; x_wconf 77' lang='lat' dir='ltr'><strong>Recole</strong></span> <span class='ocrx_word' id='word_1_872' title='bbox 2360 5167 2486 5223; x_wconf 73' lang='lat' dir='ltr'><strong>qua:</strong></span> <span class='ocrx_word' id='word_1_873' title='bbox 2520 5149 2576 5223; x_wconf 88' lang='lat' dir='ltr'><strong>in</strong></span> <span class='ocrx_word' id='word_1_874' title='bbox 2626 5149 2783 5223; x_wconf 83' lang='lat' dir='ltr'><strong>notis</strong></span> <span class='ocrx_word' id='word_1_875' title='bbox 2827 5148 2898 5223; x_wconf 82' lang='lat' dir='ltr'><strong>ad</strong></span> <span class='ocrx_word' id='word_1_876' title='bbox 2932 5145 3165 5223; x_wconf 82' lang='lat' dir='ltr'><strong>epistol.</strong></span> <span class='ocrx_word' id='word_1_877' title='bbox 3213 5150 3284 5202; x_wconf 84' lang='lat'><strong>22</strong></span> <span class='ocrx_word' id='word_1_878' title='bbox 3331 5146 3403 5203; x_wconf 89' lang='lat' dir='ltr'><strong>ad</strong></span> <span class='ocrx_word' id='word_1_879' title='bbox 3439 5144 3652 5203; x_wconf 84' lang='lat' dir='ltr'><strong>Eusto-</strong></span> 
     </span>
    </p>
   </div>
   <div class='ocr_carea' id='block_1_98' title="bbox 1999 5219 3095 5291">
    <p class='ocr_par' dir='ltr' id='par_1_98' title="bbox 1999 5219 3095 5291">
     <span class='ocr_line' id='line_1_99' title="bbox 1999 5219 3095 5291; baseline -0.007 -10"><span class='ocrx_word' id='word_1_880' title='bbox 1999 5223 2201 5281; x_wconf 91' lang='lat' dir='ltr'><strong>chium</strong></span> <span class='ocrx_word' id='word_1_881' title='bbox 2233 5219 2493 5278; x_wconf 83' lang='lat' dir='ltr'><strong>diximus</strong></span> <span class='ocrx_word' id='word_1_882' title='bbox 2525 5222 2595 5276; x_wconf 91' lang='lat' dir='ltr'><strong>de</strong></span> <span class='ocrx_word' id='word_1_883' title='bbox 2625 5221 2803 5291; x_wconf 86' lang='lat' dir='ltr'><strong>hujus</strong></span> <span class='ocrx_word' id='word_1_884' title='bbox 2832 5219 3095 5275; x_wconf 87' lang='lat' dir='ltr'><strong>lectione.</strong></span> 
     </span>
    </p>
   </div>
   <div class='ocr_carea' id='block_1_99' title="bbox 2069 5292 3650 5364">
    <p class='ocr_par' dir='ltr' id='par_1_99' title="bbox 2069 5292 3650 5364">
     <span class='ocr_line' id='line_1_100' title="bbox 2069 5292 3650 5364; baseline -0.002 -15"><span class='ocrx_word' id='word_1_885' title='bbox 2069 5297 2091 5330; x_wconf 81' lang='grc'><strong>³</strong></span> <span class='ocrx_word' id='word_1_886' title='bbox 2121 5293 2775 5357; x_wconf 85' lang='lat' dir='ltr'><strong>Veronensis,Liberiab</strong></span> <span class='ocrx_word' id='word_1_887' title='bbox 2788 5293 3009 5359; x_wconf 87' lang='lat' dir='ltr'><strong>osculis,</strong></span> <span class='ocrx_word' id='word_1_888' title='bbox 3042 5292 3206 5347; x_wconf 87' lang='lat' dir='ltr'><strong>liberi</strong></span> <span class='ocrx_word' id='word_1_889' title='bbox 3239 5292 3306 5346; x_wconf 83' lang='lat' dir='ltr'><strong>ab</strong></span> <span class='ocrx_word' id='word_1_890' title='bbox 3335 5307 3429 5348; x_wconf 90' lang='lat' dir='ltr'><strong>ore</strong></span> <span class='ocrx_word' id='word_1_891' title='bbox 3449 5292 3650 5364; x_wconf 86' lang='lat' dir='ltr'><strong>depen-</strong></span> 
     </span>
    </p>
   </div>
   <div class='ocr_carea' id='block_1_100' title="bbox 2000 5368 2970 5440">
    <p class='ocr_par' dir='ltr' id='par_1_100' title="bbox 2000 5368 2970 5440">
     <span class='ocr_line' id='line_1_101' title="bbox 2000 5368 2970 5440; baseline -0.006 -16"><span class='ocrx_word' id='word_1_892' title='bbox 2000 5369 2147 5437; x_wconf 85' lang='lat' dir='ltr'><strong>dent,</strong></span> <span class='ocrx_word' id='word_1_893' title='bbox 2180 5374 2524 5440; x_wconf 80' lang='lat' dir='ltr'><strong>computatur</strong></span> <span class='ocrx_word' id='word_1_894' title='bbox 2546 5368 2830 5440; x_wconf 14' lang='lat' dir='ltr'><strong>Asumptus,</strong></span> <span class='ocrx_word' id='word_1_895' title='bbox 2861 5369 2970 5419; x_wconf 86' lang='lat' dir='ltr'><strong>etc.</strong></span> 
     </span>
    </p>
   </div>
   <div class='ocr_carea' id='block_1_101' title="bbox 2072 5434 3655 5519">
    <p class='ocr_par' dir='ltr' id='par_1_101' title="bbox 2072 5434 3655 5519">
     <span class='ocr_line' id='line_1_102' title="bbox 2072 5434 3655 5519; baseline -0.005 -23"><span class='ocrx_word' id='word_1_896' title='bbox 2072 5441 2094 5473; x_wconf 78' lang='lat'><strong>‘</strong></span> <span class='ocrx_word' id='word_1_897' title='bbox 2126 5434 2312 5519; x_wconf 57' lang='lat' dir='ltr'><strong>idem:</strong></span> <span class='ocrx_word' id='word_1_898' title='bbox 2338 5438 2400 5494; x_wconf 88' lang='lat' dir='ltr'><strong>Si</strong></span> <span class='ocrx_word' id='word_1_899' title='bbox 2425 5434 2738 5519; x_wconf 78' lang='lat' dir='ltr'><strong>pavimenta</strong></span> <span class='ocrx_word' id='word_1_900' title='bbox 2760 5437 3107 5519; x_wconf 39' lang='lat' dir='ltr'><strong>‘verruerint,</strong></span> <span class='ocrx_word' id='word_1_901' title='bbox 3139 5437 3190 5519; x_wconf 76' lang='lat' dir='ltr'><strong>si</strong></span> <span class='ocrx_word' id='word_1_902' title='bbox 3236 5434 3497 5491; x_wconf 87' lang='lat' dir='ltr'><strong>ordinata</strong></span> <span class='ocrx_word' id='word_1_903' title='bbox 3542 5436 3655 5489; x_wconf 86' lang='lat' dir='ltr'><strong>sint</strong></span> 
     </span>
    </p>
   </div>
   <div class='ocr_carea' id='block_1_102' title="bbox 1999 5507 3656 5653">
    <p class='ocr_par' dir='ltr' id='par_1_102' title="bbox 1999 5507 3656 5653">
     <span class='ocr_line' id='line_1_103' title="bbox 1999 5507 3365 5584; baseline -0.004 -17"><span class='ocrx_word' id='word_1_904' title='bbox 1999 5513 2217 5584; x_wconf 86' lang='lat' dir='ltr'><strong>pocula,</strong></span> <span class='ocrx_word' id='word_1_905' title='bbox 2248 5517 2305 5566; x_wconf 92' lang='lat' dir='ltr'><strong>et</strong></span> <span class='ocrx_word' id='word_1_906' title='bbox 2335 5507 2507 5581; x_wconf 88' lang='lat' dir='ltr'><strong>paulo</strong></span> <span class='ocrx_word' id='word_1_907' title='bbox 2540 5513 2692 5580; x_wconf 90' lang='lat' dir='ltr'><strong>post,</strong></span> <span class='ocrx_word' id='word_1_908' title='bbox 2724 5512 2773 5563; x_wconf 86' lang='lat' dir='ltr'><strong>et</strong></span> <span class='ocrx_word' id='word_1_909' title='bbox 2805 5507 2923 5565; x_wconf 61' lang='lat' dir='ltr'><strong>haec</strong></span> <span class='ocrx_word' id='word_1_910' title='bbox 2954 5509 3132 5579; x_wconf 81' lang='lat' dir='ltr'><strong>[elicis</strong></span> <span class='ocrx_word' id='word_1_911' title='bbox 3156 5508 3365 5563; x_wconf 80' lang='lat' dir='ltr'><strong>domus.</strong></span> 
     </span>
     <span class='ocr_line' id='line_1_104' title="bbox 2075 5579 3656 5653; baseline -0.002 -17"><span class='ocrx_word' id='word_1_912' title='bbox 2075 5585 2094 5617; x_wconf 78' lang='grc'>⁵</span> <span class='ocrx_word' id='word_1_913' title='bbox 2126 5583 2303 5638; x_wconf 86' lang='lat' dir='ltr'><strong>Vetus</strong></span> <span class='ocrx_word' id='word_1_914' title='bbox 2342 5581 2541 5645; x_wconf 85' lang='lat' dir='ltr'><strong>editio,</strong></span> <span class='ocrx_word' id='word_1_915' title='bbox 2602 5582 2703 5635; x_wconf 79' lang='lat' dir='ltr'><strong>Aut</strong></span> <span class='ocrx_word' id='word_1_916' title='bbox 2752 5583 3025 5649; x_wconf 84' lang='lat' dir='ltr'><strong>tristatur,</strong></span> <span class='ocrx_word' id='word_1_917' title='bbox 3074 5579 3373 5653; x_wconf 74' lang='lat' dir='ltr'><strong>offenditur</strong></span> <span class='ocrx_word' id='word_1_918' title='bbox 3421 5579 3656 5635; x_wconf 84' lang='lat' dir='ltr'><strong>maritus</strong></span> 
     </span>
    </p>
   </div>
   <div class='ocr_carea' id='block_1_103' title="bbox 2002 5653 2827 5728">
    <p class='ocr_par' dir='ltr' id='par_1_103' title="bbox 2002 5653 2827 5728">
     <span class='ocr_line' id='line_1_105' title="bbox 2002 5653 2827 5728; baseline -0.006 -16"><span class='ocrx_word' id='word_1_919' title='bbox 2002 5658 2052 5712; x_wconf 89' lang='lat' dir='ltr'><strong>et</strong></span> <span class='ocrx_word' id='word_1_920' title='bbox 2080 5655 2208 5711; x_wconf 82' lang='lat' dir='ltr'><strong>hinc</strong></span> <span class='ocrx_word' id='word_1_921' title='bbox 2228 5655 2433 5728; x_wconf 83' lang='lat' dir='ltr'><strong>jurgia</strong></span> <span class='ocrx_word' id='word_1_922' title='bbox 2464 5653 2827 5709; x_wconf 84' lang='lat' dir='ltr'><strong>concitantur.</strong></span> 
     </span>
    </p>
   </div>
  </div>
