3944 6394
177 331 288 400 2H
844 322 1263 400 ADVERSUS
1307 325 1799 398 JOVINIANUM
1838 325 2055 393 LIBRI
2096 325 2284 394 DUO.
2313 358 2395 377 —
2422 324 2890 396 ADMONITIO.
3458 327 3580 398 218

183 468 342 529 lineis
369 469 428 528 et
450 467 655 530 sericis
676 471 942 538 vestibus,
966 480 1020 528 et
1052 471 1384 527 Atrebatum
1405 475 1462 524 et
1501 467 1803 525 Laodiceae
1831 465 2180 523 Indumentis
2226 472 2475 523 ornatus
2495 466 2743 524 incedis.
2763 465 2915 532 Quin
2946 465 3121 524 etiam
3143 468 3200 524 Β.
3231 468 3580 528 Ambrosius

184 561 236 618 in
268 559 566 634 Rescripto
588 562 661 618 ad
693 561 981 634 Syricium
1017 578 1030 616 :
1062 562 1135 616 Se
1161 559 1380 625 dolent,
1400 557 1616 630 inquit,
1632 557 1730 614 isti
1751 555 2065 628 (Joviniani
2097 555 2354 628 asseclis)
2375 557 2568 630 aliqua
2589 562 2848 629 tempore
2877 573 2994 614 esse
3024 562 3420 628 maceratos,et
3435 569 3578 632 pro-

178 650 361 725 priam
390 652 754 708 ulciscuntur
781 651 1065 723 injuriam
1087 647 1554 722 quotidianisque
1582 645 1854 703 conviviis
1880 661 2094 716 usuque
2126 646 2376 701 luxuria
2399 646 2657 702 laborem
2677 647 3042 705 abstinentiae
3057 649 3404 721 propulsare
3421 650 3581 708 desi-

180 741 386 800 derant.
419 740 536 815 Ego
565 739 628 798 in
663 745 973 813 utramque
1007 744 1229 812 partem
1260 737 1436 810 recipi
1471 736 1675 793 isthasc
1703 741 1761 792 et
1789 736 1998 792 disseri
2031 751 2204 809 posse
2259 734 2374 791 alo.
2434 735 2494 791 Si
2555 737 2652 808 qui
2681 737 3069 794 monasticam
3101 737 3281 796 vitam
3311 739 3579 797 moribus

181 831 475 899 inﬁciatur,
503 829 592 898 illi
622 829 746 886 vale
777 828 992 885 dixisse
1049 827 1349 900 putandus
1405 830 1516 892 est,
1544 824 1890 881 Jovinianus
1947 823 2273 880 monachus
2302 840 2430 880 esse
2481 825 2752 882 destitit:
2789 830 2991 882 contra
3048 826 3099 883 si
3151 828 3578 900 professionem

177 921 307 977 vitia
333 937 444 976 non
476 920 808 986 destruunt,
843 917 1169 974 monachus
1200 915 1475 972 continuo
1505 914 1636 972 fuit.
1668 915 1738 970 Et
1767 911 2124 970 monachum
2157 927 2220 969 se
2251 913 2490 985 quidem
2544 914 2919 987 impudenter
2941 916 3206 987 jactabat
3234 916 3380 990 ipse,
3414 919 3574 991 quod

179 1008 551 1082 Hieronymus
578 1007 758 1080 priori
786 1005 912 1063 loco
940 1005 1106 1079 exagi
1137 1009 1219 1074 at,
1252 1004 1422 1078 quasi
1452 1002 1800 1060 ementitum
1830 1001 2107 1074 operibus
2137 1017 2372 1058 nomen.
2425 1003 2706 1059 Mutatam
2737 1019 2872 1060 vero
2923 1005 2996 1060 ab
3027 1021 3094 1061 eo
3124 1010 3372 1075 vestem,
3434 1011 3578 1064 sunt

180 1097 268 1170 qui
295 1099 374 1154 ita
403 1097 627 1153 dictum
657 1095 1012 1169 intelligant,
1044 1100 1109 1152 ut
1156 1098 1290 1151 ante
1317 1108 1652 1166 perversam
1707 1091 2186 1165 prmdicationem
2245 1092 2522 1148 affectatae
2582 1093 2783 1149 serdes
2835 1107 2970 1150 cum
3018 1099 3326 1169 assumpta
3386 1095 3580 1154 molli-

173 1185 249 1244 tie
317 1187 465 1244 aeris
545 1187 985 1259 exprobrentur.
1048 1183 1336 1242 Fortassis
1383 1186 1580 1239 autem
1639 1183 1750 1239 sub
1805 1197 1922 1256 quo
1980 1181 2231 1254 quisque
2286 1180 2468 1237 voluit
2525 1182 2871 1240 indumento
2921 1184 3278 1242 monachum
3355 1188 3582 1259 pateret

180 1277 441 1350 proﬁteri.

241 1368 290 1422 3.
319 1367 451 1422 Jam
483 1366 721 1423 hmresis
751 1367 879 1438 ejus
908 1365 1104 1439 capita
1134 1363 1258 1420 haec
1287 1366 1456 1420 erant
1489 1381 1501 1421 :
1535 1362 1820 1429 Primum,
1850 1360 2126 1434 virgines,
2156 1360 2382 1426 viduas,
2442 1365 2500 1418 et
2539 1360 2802 1431 maritas,
2833 1379 2961 1435 qum
3019 1363 3198 1440 semel
3254 1364 3312 1420 in
3343 1365 3574 1422 Christo

177 1454 294 1512 lota
318 1461 479 1522 sunt,
505 1457 776 1527 ejusdem
830 1471 959 1511 esse
1016 1453 1233 1522 meriti,
1266 1453 1315 1508 si
1373 1454 1434 1508 in
1491 1450 1733 1523 reliquis
1760 1451 1889 1507 vitae
1945 1451 2220 1522 operibus
2251 1467 2365 1506 non
2398 1450 2818 1523 discreparent.
2851 1451 3129 1524 Alterum,
3159 1469 3259 1509 eos
3290 1453 3391 1526 qui
3446 1470 3579 1511 vere

175 1545 436 1618 baptizati
467 1553 630 1614 sunt,
659 1562 694 1601 a
721 1543 954 1601 diabolo
985 1542 1242 1601 subverti
1272 1543 1428 1599 haud
1461 1558 1650 1614 posse.
1678 1539 2118 1608 Tertium,nihil
2149 1539 2367 1596 distare
2389 1539 2540 1596 inter
2558 1545 2885 1597 vescentem
2909 1540 3078 1609 cibis,
3107 1546 3166 1597 et
3181 1542 3577 1614 jejunantem,

173 1634 220 1692 si
239 1651 365 1690 eum
387 1633 714 1707 gratiarum
735 1633 961 1690 actione
984 1633 1272 1689 comedat.
1299 1631 1690 1700 Postremum,
1713 1629 1774 1686 in
1799 1645 1978 1702 regno
2001 1628 2279 1686 caelorum
2304 1646 2411 1701 par
2440 1629 2708 1685 omnium
2762 1631 2880 1686 fore
2906 1631 3240 1703 praemium,
3273 1631 3376 1704 qui
3398 1649 3576 1689 suum

172 1722 454 1796 baptisma
477 1722 855 1780 servaverint.
886 1726 1136 1778 Sanctus
1157 1719 1522 1794 Augustinus
1539 1720 1687 1776 duas
1719 1723 2239 1791 praeterea,easque
2270 1718 2451 1774 ferme
2467 1716 2827 1775 exitiosiores
2859 1718 3262 1791 blasphemiae
3284 1719 3368 1776 illi
3399 1721 3578 1777 ascri-

172 1813 269 1881 bit,
297 1829 549 1886 quarum
575 1811 760 1870 altera
788 1816 877 1869 est
907 1829 920 1868 :
955 1811 1165 1868 Omnia
1195 1813 1434 1884 peccata
1461 1823 1589 1866 esse
1621 1808 1786 1882 paria
1821 1825 1834 1864 :
1869 1807 2073 1875 altera,
2106 1807 2415 1879 Deiparam
2448 1806 2748 1881 Virginem
2768 1807 2909 1864 Jesu
2934 1812 3185 1864 matrem
3217 1825 3331 1865 non
3359 1808 3420 1866 in
3444 1825 3580 1866 con-

171 1902 420 1975 cipiendo
451 1903 716 1975 quidem,
747 1903 848 1958 sed
882 1902 940 1957 in
975 1901 1254 1974 pariendo
1288 1899 1470 1956 fuisse
1499 1897 1796 1954 violatam.
1858 1897 1986 1953 Haec
2016 1897 2132 1952 duo
2157 1895 2549 1969 Hieronymus
2610 1896 2728 1953 fere
2759 1895 3118 1967 dissimulat,
3151 1901 3254 1954 aut
3282 1902 3441 1955 certe.
3470 1915 3580 1973 pe-

170 1990 360 2047 culiari
381 1992 441 2047 in
473 1991 636 2047 hisce
655 1990 821 2047 libris
852 1988 1233 2063 responsione
1263 2005 1381 2044 non
1413 1987 1723 2061 impugnat
1756 2003 1768 2042 :
1801 2003 1926 2058 quae
1984 1985 2212 2042 Erasmi
2244 1983 2614 2058 aliorumque
2646 1989 2779 2059 post
2807 1985 2978 2066 illum
3011 1987 3157 2043 ratio
3189 1990 3297 2058 est,
3331 1992 3396 2044 ut
3441 1988 3580 2045 inde

173 2081 494 2149 conﬁciant,
521 2080 917 2154 Augustinum
947 2079 1252 2135 Joviniano
1310 2078 1576 2150 quaedam
1624 2076 1920 2132 immerito
1951 2074 2312 2143 attribuisse,
2345 2090 2472 2147 qua:
2517 2091 2750 2130 rumore
2817 2079 3046 2131 tantum
3079 2075 3346 2148 populari
3364 2076 3580 2149 jactari

169 2169 234 2226 de
259 2168 356 2227 illo
386 2173 608 2227 temere
639 2169 961 2226 didicisset.
994 2167 1280 2242 Equidem
1313 2184 1440 2239 qua:
1474 2166 1712 2239 scripsit
1740 2165 1850 2221 hac
1875 2166 1947 2222 de
1977 2163 2182 2220 haeresi
2213 2164 2526 2236 episcopus
2567 2163 2981 2236 Hipponensis,
3015 2165 3088 2219 ab
3145 2164 3278 2222 aliis
3330 2183 3394 2222 se
3451 2182 3579 2239 pro-

170 2259 354 2316 ﬁtetur
405 2260 703 2334 accepisse
730 2277 743 2316 :
778 2258 962 2315 nihilo
1016 2257 1209 2314 secius
1241 2256 1371 2312 falsi
1399 2253 1624 2328 aliquid
1653 2255 1878 2327 imponi
1910 2253 2024 2311 sibi
2053 2263 2319 2327 passum,
2350 2258 2408 2309 et
2437 2269 2619 2325 supra
2648 2254 2803 2325 quod
2832 2269 3038 2310 verum
3067 2259 3243 2324 esset,
3275 2255 3573 2312 Joviniani

165 2365 373 2406 errores
402 2348 760 2417 cumulasse,
795 2365 913 2404 non
943 2352 1102 2420 puto.
1137 2346 1447 2402 Enimvero
1478 2343 1793 2401 ridiculum
1840 2346 1911 2402 de
1965 2347 2339 2417 peccatorum
2395 2343 2728 2414 aequalitate
2787 2348 3184 2400 commentum
3244 2361 3312 2400 ex
3366 2345 3578 2401 iisdem

167 2443 353 2494 manat
382 2438 718 2494 Stoicorum
751 2436 1032 2502 fontibus,
1058 2434 1215 2491 unde
1248 2434 1556 2491 haereticus
1573 2434 1872 2501 hauserat,
1906 2436 2084 2504 atque
2118 2449 2188 2489 ex
2218 2449 2286 2488 ea
2317 2448 2498 2505 quam
2531 2431 3047 2508 impudentissime
3078 2433 3580 2501 asserebat,meri-

165 2532 344 2584 torum
374 2526 710 2601 aequalitate
740 2525 908 2600 qua’si
941 2525 1271 2581 necessario
1302 2524 1431 2581 ﬂuit
1463 2542 1475 2581 :
1511 2524 1662 2580 hanc
1690 2539 1863 2595 porro
1895 2521 2285 2594 Hieronymus
2315 2520 2452 2577 totis
2501 2520 2670 2577 libris
2701 2522 3023 2594 redarguit.
3056 2520 3318 2578 Alteram
3349 2523 3422 2578 de
3451 2538 3578 2582 cor-

166 2621 324 2689 rupta
353 2617 416 2672 Β.
452 2615 648 2672 Mariae
678 2614 997 2687 virginitati
1029 2614 1089 2669 in
1120 2619 1315 2687 partu,
1348 2613 1762 2687 dignissimam
1788 2611 2055 2668 omnium
2079 2610 2475 2667 exsecratione
2504 2615 2680 2683 atque
2709 2611 2841 2666 odio
2875 2609 3330 2684 blasphemiam,
3357 2628 3428 2668 ex
3447 2612 3576 2685 ipso

163 2705 210 2761 S.
238 2705 531 2764 Ambrosii
561 2705 862 2778 Rescripto
895 2705 967 2760 ad
999 2703 1288 2778 Syricium
1319 2702 1606 2760 evincitur
1637 2703 1708 2757 ab
1742 2700 1842 2758 illo
1871 2701 2116 2772 suisque
2145 2699 2386 2756 asseclis
2421 2698 2603 2772 impie
2627 2699 2913 2769 jactatam
2951 2715 2964 2754 :
3001 2699 3122 2767 Sed,
3155 2699 3367 2772 inquit.
3415 2700 3580 2756 devia

159 2798 532 2868 perversitatis
556 2795 887 2869 produntur
916 2795 1119 2860 dicere,
1158 2795 1314 2865 Virgo
1339 2797 1618 2865 concepit,
1653 2791 1748 2848 sed
1776 2808 1892 2846 non
1926 2792 2097 2864 Virgo
2126 2790 2411 2861 generavit
2442 2807 2460 2844 :
2501 2790 2658 2860 quod
2689 2788 2830 2845 item
2871 2790 3172 2845 confutare
3203 2790 3580 2862 persequitur

162 2886 269 2940 toto
299 2884 395 2941 illo
428 2889 492 2942 et
521 2885 785 2958 sequenti
818 2884 1026 2958 capite.
1059 2883 1142 2939 Ad
1174 2883 1296 2939 haec
1355 2879 1745 2955 Hieronymus
1796 2880 1922 2953 ipse
1953 2879 2110 2935 istud
2145 2879 2370 2951 passim
2401 2881 2601 2933 contra
2630 2877 2970 2933 haereticum
2999 2883 3171 2951 urget
3199 2895 3267 2934 ac
3299 2878 3566 2953 replicat,

161 2969 431 3030 illibatam
465 2974 866 3046 permansisse
897 2977 952 3029 et
984 2973 1043 3027 in
1081 2977 1365 3045 conceptu
1397 2977 1454 3028 et
1481 2971 1542 3027 in
1574 2975 1743 3044 partu
1775 2969 2038 3041 Deiparae
2092 2968 2512 3041 integritatem.
2546 2966 2879 3038 Christique
2909 2983 3122 3039 corpus
3171 2967 3390 3025 clausis
3421 2970 3570 3025 mori

161 3063 296 3120 uteri
327 3063 626 3137 repagulis
655 3063 858 3120 eodem
892 3063 1066 3118 modo
1098 3061 1253 3118 foras
1286 3061 1595 3134 prodiisse,
1629 3075 1745 3133 quo
1803 3060 1874 3116 ad
1909 3057 2230 3130 discipulos
2259 3057 2547 3113 obseratis
2589 3057 2814 3112 foribus
2843 3057 3184 3128 penetravit.
3240 3059 3401 3114 Idem
3432 3073 3573 3116 con-

160 3151 238 3206 tra
265 3151 616 3208 Helvidium:
650 3155 709 3208 et
737 3149 1078 3208 Tertulliani
1111 3151 1478 3208 levissimum
1510 3149 1916 3206 testimonium
1945 3147 2096 3204 libro
2126 3147 2193 3203 de
2237 3163 2414 3204 carne
2446 3145 2800 3218 Christi,cap.
2833 3147 2905 3201 32
2938 3162 2950 3199 :
2977 3145 3115 3202 Cum
3132 3149 3431 3219 Apostolus
3452 3162 3572 3204 non

158 3255 219 3296 ei
244 3244 494 3316 virgine,
526 3241 620 3297 sed
645 3257 717 3297 ex
774 3242 1010 3298 muliere
1040 3241 1252 3297 editum
1284 3241 1494 3297 Filium
1524 3240 1622 3297 Dei
1673 3239 2091 3312 pronuntiavit,
2138 3238 2367 3306 agnovit
2423 3236 2724 3307 adapertte
2752 3236 2930 3291 vulvae
2985 3235 3297 3307 nuptialem
3350 3239 3570 3308 passio-

159 3346 291 3399 nem,
325 3331 534 3388 multis
564 3329 995 3404 Scripturarum
1026 3331 1284 3388 oraculis
1314 3330 1793 3403 comprobaverat
1825 3347 1839 3384 :
1871 3328 2048 3400 idque
2081 3327 2328 3383 fortasse
2358 3325 2415 3380 in
2448 3341 2629 3381 causa
2655 3329 2764 3393 est,
2791 3323 2945 3397 quod
2976 3325 3122 3381 satis
3157 3325 3366 3382 habuit
3391 3325 3570 3384 lecto-

159 3435 264 3476 rem
294 3419 363 3478 ad
394 3436 536 3478 eum
567 3411 783 3477 librum
816 3421 1157 3489 amandare,
1195 3437 1268 3476 ne
1299 3421 1567 3477 eamdem
1603 3418 1694 3475 hic
1724 3417 1902 3475 telam
1935 3419 2235 3473 retexeret.

218 3509 264 3565 4.
295 3510 420 3568 Haec
449 3509 638 3584 igitur
667 3509 946 3566 Romanis
979 3510 1220 3566 auribus
1250 3526 1435 3566 novus
1467 3507 1857 3565 Ecclesiarum
1919 3505 2200 3579 magister
2225 3519 2450 3560 venena
2480 3503 2853 3576 propinabat,
2887 3517 3016 3576 quas
3048 3508 3113 3560 ut
3141 3503 3320 3562 latius
3367 3521 3564 3580 serpe-

160 3603 292 3667 rent,
321 3617 508 3658 ausus
543 3603 632 3656 est
660 3599 836 3657 etiam
868 3600 1039 3656 editis
1070 3599 1576 3657 Commentariolis
1607 3597 1857 3672 posteris
1889 3595 2322 3653 commendare.
2378 3591 2458 3650 Ex
2486 3589 2833 3666 fragmentis
2863 3598 3058 3651 autem
3108 3591 3226 3650 illis
3256 3610 3400 3653 sane
3449 3596 3569 3652 exi.

165 3688 302 3761 guis,
359 3703 492 3764 quae
553 3690 940 3764 Hieronymus
987 3694 1180 3747 servat
1235 3691 1345 3746 sub
1399 3687 1636 3745 initium
1692 3685 1852 3756 libri,
1910 3684 2080 3743 facile
2136 3683 2406 3758 colligere
2459 3687 2568 3751 est,
2631 3698 2809 3755 quam
2869 3684 3149 3740 abnorme
3207 3686 3363 3741 esset
3418 3701 3568 3758 opus

164 3774 316 3847 illud,
349 3778 738 3848 ineruditum,
761 3778 1079 3844 insulsum,
1111 3778 1172 3835 in
1230 3796 1346 3852 quo
1403 3783 1460 3835 et
1488 3778 1680 3835 insam
1705 3775 1966 3834 hominis
1996 3775 2294 3832 sententia:
2326 3772 2796 3830 obscurrissimis
2815 3773 3008 3829 verbis
3039 3771 3568 3841 involvebantur,et

160 3864 276 3939 ipsa
301 3867 673 3926 stomachum
705 3870 972 3925 movebat
1001 3868 1350 3942 turpissima
1375 3867 1513 3942 styli
1563 3867 1887 3925 barbaries.
1946 3864 2364 3931 Nihilominus,
2399 3867 2465 3918 ut
2509 3863 2820 3919 usuvenire
2850 3862 3016 3930 solet,
3047 3877 3182 3918 cum
3211 3861 3371 3919 vitiis
3401 3863 3568 3920 frena

159 3953 430 4027 laxantur,
458 3961 528 4016 ut
555 3958 872 4033 Augustini
905 3959 1100 4016 verbis
1133 3963 1285 4026 utar,
1319 3962 1536 4014 tantum
1565 3958 1741 4014 valuit
1771 3959 1832 4012 in
1860 3956 1994 4011 urbe
2025 3957 2214 4023 Roma,
2246 3961 2306 4009 ut
2335 3953 2645 4008 nonnullas
2663 3953 2834 4007 etiam
2862 3952 3338 4020 sanctimoniales,
3369 3950 3438 4008 de
3465 3967 3569 4024 quo
3637 3968 3646 3976 ‘

157 4062 267 4102 rum
284 4049 563 4122 pudicitia
590 4049 829 4121 suspicio
857 4050 1014 4104 nulla
1041 4055 1412 4122 prazcesserat,
1445 4047 1700 4119 dejecissc
1722 4049 1783 4102 in
1815 4047 2037 4118 nuptias
2069 4044 2357 4100 diceretur.
2425 4044 2487 4097 Et
2542 4043 2789 4096 virorum
2845 4042 3013 4096 etiam
3063 4043 3380 4097 sanctor-um
3422 4055 3561 4098 san-

160 4140 291 4192 ctum
317 4137 627 4196 ccelibalum
660 4141 1171 4196 commemoratione
1198 4140 1432 4194 Patrum
1461 4147 1510 4194 et
1552 4139 1962 4210 comparatione
1989 4135 2298 4206 frangeret.
2360 4131 2660 4188 Demirare
2716 4135 2914 4186 autem
2964 4130 3224 4188 hominis
3273 4130 3561 4188 malitiam

155 4225 369 4283 malam.
408 4233 562 4302 Ipse,
586 4228 686 4299 qui
711 4229 985 4300 virginum
1018 4231 1279 4283 meritum
1309 4228 1578 4298 aequando
1605 4227 1898 4300 puditiciw
1926 4224 2224 4296 conjugali,
2259 4221 2538 4278 omnibus
2566 4220 2762 4277 uxoris
2824 4221 3102 4277 ducendas
3131 4226 3339 4277 auctor
3372 4221 3567 4278 fuerat

156 4329 370 4372 uxorem
400 4315 614 4374 adduci
648 4329 760 4373 nen
795 4317 984 4389 potuit
1014 4321 1078 4371 ut
1100 4317 1209 4372 sibi
1235 4316 1597 4390 adiungeret.
1626 4314 1876 4372 Causam
1902 4309 2254 4387 prietexebat
2276 4311 2446 4384 longe
2474 4309 3014 4382 iniquissimam,ne
3035 4309 3258 4366 scilicet
3277 4309 3565 4367 molestiis

160 4405 477 4477 nuptiarum
513 4404 898 4480 impediretur
937 4424 948 4461 :
983 4406 1228 4463 minime
1258 4423 1390 4463 vero
1416 4411 1480 4462 ut
1508 4404 1783 4462 meritum
1818 4404 1928 4461 sibi
1959 4403 2096 4458 inde
2127 4401 2364 4474 aliquod
2400 4404 2785 4472 compararet,
2819 4399 2928 4455 hoc
2958 4404 3066 4468 est,
3118 4416 3230 4456 non
3264 4403 3330 4455 ut
3361 4399 3566 4457 melior

159 4496 416 4569 esset,sed
450 4498 518 4550 ut
546 4491 804 4550 liberior.
837 4495 1012 4551 Porro
1045 4493 1301 4551 asseclas
1331 4495 1538 4550 habuit
1566 4496 1881 4567 aliquantos
1908 4493 2191 4558 Romanos,
2227 4496 2292 4546 ut
2342 4489 2401 4544 in
2433 4488 2638 4563 Syricii
2670 4487 2932 4561 Epistola
2960 4487 3240 4545 scribitur
3274 4503 3286 4544 ε
3322 4489 3394 4544 de
3455 4504 3564 4545 no-

159 4580 297 4638 mine
325 4583 705 4652 Auxentium,
735 4582 1056 4653 Genialem,
1089 4584 1578 4648 Germinatorem,
1612 4581 1883 4648 Felicem,
1918 4581 2236 4649 Plotinum,
2263 4579 2642 4648 Martianum,
2673 4579 3044 4646 Januarium,
3068 4581 3126 4634 et
3154 4577 3560 4651 Ingeniosum.

162 4663 250 4730 His
275 4672 333 4730 S.
365 4673 715 4733 Ambrosius
744 4675 914 4747 epist.
977 4673 1048 4730 ad
1107 4672 1502 4731 Vercellenses
1560 4673 1724 4730 addit
1779 4673 2187 4729 Barbationem
2238 4669 2552 4742 quemdam
2608 4673 2668 4724 et
2722 4669 3173 4732 Sarmationem,
3235 4665 3437 4739 utique
3492 4682 3564 4722 ex

159 4755 260 4830 his,
285 4779 428 4836 quos
459 4779 599 4824 cum
629 4755 1026 4820 Mediolanum
1052 4764 1328 4832 venisset,
1363 4781 1470 4820 suo
1493 4765 1772 4836 junxerat
1802 4760 2096 4819 satellitio.
2129 4763 2345 4817 verum
2377 4757 2676 4832 impendio
2733 4757 2932 4829 plures
2965 4756 3049 4811 illi
3110 4756 3338 4813 censuit
3366 4755 3560 4812 adhae-

161 4847 293 4906 sisse
321 4851 733 4925 Hieronymus,
796 4869 930 4909 cum
990 4853 1102 4910 sub
1167 4853 1301 4910 libri
1360 4853 1602 4910 secundi
1659 4855 1834 4909 finem
1870 4871 1883 4909 :
1918 4852 1996 4908 Nc
2050 4851 2308 4921 glorieris
2365 4849 2577 4920 inquit,
2612 4847 2752 4920 quod
2781 4849 2976 4902 multos
3008 4846 3302 4918 discipulos
3339 4845 3558 4901 habeas.

159 4935 310 4996 Filius
334 4941 434 4998 Dei
458 4942 642 4999 docuit
673 4944 728 4998 in
759 4941 964 5011 Judtw,
997 4952 1047 4999 et
1077 4943 1360 5000 duodecim
1391 4952 1599 4999 tantum
1631 4943 1793 4998 illum
1823 4941 2055 5015 apostoli
2080 4940 2447 5011 sequebantur
2476 4957 2495 4992 :
2527 4943 2593 4992 ut
2621 4941 2816 4992 autem
2867 4935 3037 4991 mulli
3085 4934 3438 5002 exstiterint,
3470 4939 3556 4992 te-

160 5029 328 5086 statur
356 5031 728 5105 Augustinus
760 5031 1052 5089 neminem
1082 5049 1113 5088 e
1143 5032 1531 5113 sacerdotibus,
1564 5037 1660 5088 aut
1691 5033 1928 5104 alicujus
1954 5032 2201 5087 nominis
2229 5030 2444 5084 clericis
2470 5029 2541 5084 ab
2575 5027 2673 5082 illo
2704 5025 2763 5081 in
2791 5039 3046 5081 errorem
3079 5023 3233 5080 trahi
3267 5025 3562 5096 potuisse,

219 5116 267 5172 5.
300 5117 523 5176 lnsanaa
553 5119 758 5177 haeresi
792 5117 946 5177 illico
979 5120 1414 5192 Pammachius,
1450 5121 1794 5178 notissimus
1825 5121 1921 5177 ille
1977 5119 2312 5192 llieronymi
2375 5116 2620 5181 amicus,
2683 5115 3126 5171 Christianorum
3182 5113 3559 5171 nobilissimus

160 5205 408 5266 nobilium
435 5209 954 5281 christianissimus,
988 5229 1055 5268 ex
1085 5197 1326 5293 adverso
1356 5211 1693 5282 insurrexit,
1727 5227 1978 5284 cumque
2028 5209 2180 5275 aliis,
2213 5212 2278 5265 ut
2305 5207 2561 5282 Syricius
2614 5205 2896 5278 loquitur,
2927 5203 3264 5276 ﬁdelissimis
3289 5203 3557 5260 Christ-ia-

160 5298 232 5352 ηις
272 5301 420 5368 viris,
452 5315 650 5374 genere
674 5304 916 5373 Optimis,
983 5302 1250 5374 religione
1278 5301 1566 5375 praclaris,
1600 5299 1805 5358 sedulo
1852 5301 1970 5374 egit
2002 5300 2156 5373 apud
2219 5297 2578 5364 Pontificem,
2609 5301 2673 5351 ut
2729 5296 2909 5351 subito
2964 5297 3243 5367 scriptura
3299 5294 3560 5366 horriﬁca

159 5379 443 5455 (Joviniani
476 5390 911 5462 Commentarii)
969 5391 1304 5449 s:cerdotali
1345 5392 1556 5465 judicio
1606 5391 1812 5448 detecta
1840 5391 2046 5446 divina:
2095 5390 2202 5460 legi
2253 5388 2554 5452 contraria,
2616 5385 2903 5457 spirituali
2953 5385 3224 5440 sententia
3279 5385 3560 5440 deleretur

159 5469 372 5535 Factum
403 5477 464 5535 id
493 5477 791 5554 intelligas
815 5495 883 5537 ex
912 5479 1063 5540 serie
1091 5480 1221 5556 ipsa
1250 5498 1447 5539 rerum
1481 5483 1550 5539 ad
1584 5497 1807 5538 annum
1839 5478 2056 5539 Christi
2087 5478 2214 5548 390,
2249 5477 2322 5532 ad
2354 5493 2529 5548 quem
2561 5480 2618 5530 et
2648 5474 2888 5531 laudata
2919 5473 3124 5547 Syricii
3177 5474 3376 5531 referri
3408 5474 3559 5531 solet

161 5561 400 5636 epistola,
433 5583 568 5624 cum
598 5569 694 5625 vix
723 5574 842 5626 toto
873 5571 1108 5628 biennio
1128 5589 1380 5644 serpens
1413 5571 1634 5628 malum
1669 5588 1817 5644 quas
1848 5568 2183 5626 clanculum
2218 5570 2506 5638 potuerat,
2557 5569 2783 5621 mentes
2815 5564 3123 5621 hominum
3183 5567 3554 5638 occupasset.

160 5647 400 5713 Percussi
431 5653 799 5715 anathemate
830 5657 1487 5734 hmretici,-'expulsique
1518 5663 1724 5730 Roma,
1773 5658 1972 5716 statim
2030 5653 2444 5720 Mediolanum,
2478 5654 2632 5726 quod
2664 5658 2720 5710 et
2778 5667 2959 5727 supra
3016 5657 3282 5710 notatum
3342 5659 3433 5710 est
3482 5654 3554 5710 ad

163 5737 548 5818 imperatorem
575 5743 969 5807 Theodosium
1000 5750 1465 5822 contenderunt;
1498 5747 1794 5824 siquidem
1844 5750 2138 5806 testantur
2167 5744 2448 5803 historica
2477 5758 2679 5801 eorum
2708 5747 3042 5818 temporum
3128 5747 3558 5801 monnumenta

161 5825 410 5897 Kalendis
440 5833 775 5912 Sepembris
802 5840 1127 5914 superioris
1156 5837 1320 5914 anni,
1361 5838 1502 5901 illuc
1554 5837 1972 5916 imperatorem
2007 5837 2252 5897 rediisse
2280 5848 2416 5895 cum
2445 5835 2642 5894 Romae
2674 5833 2903 5893 dudum
2933 5833 3304 5907 triumphum
3334 5829 3553 5904 egisset
