3944 6406
422 305 548 379 233

1665 312 1731 381 8.
1775 314 2092 383 EUSEBH
2135 311 2601 384 MERONYHI.

426 446 684 525 exceptis
703 448 1054 509 testimoniis
1070 448 2074 525 Scripturarnm,quzsillovenustis-
2102 460 2157 522 Α
2186 458 2430 525 expertas
2461 452 2757 526 quondam
2810 450 3129 525 voluptatis
3172 446 3465 510 illecebris
3513 438 3838 519 abstinere,

434 541 670 599 tissime
700 539 1043 614 eloquentiae
1075 558 1194 598 sua
1225 541 1366 598 ﬂore
1384 544 1610 598 mutare
1632 557 1743 597 non
1767 557 1948 597 ausus
1969 546 2078 608 est,

423 629 687 704 reliquus
719 647 912 686 sermo
938 630 1098 687 omni
1129 630 1390 687 materiae
1421 630 1703 697 convenit,
1737 631 1878 702 quia
1933 629 2077 685 nulli

421 736 489 778 eo
521 721 699 776 venit.
733 721 867 785 Quae
901 737 995 776 res
1031 719 1176 777 mihi
1209 720 1467 791 aliquam
1499 719 1887 791 suspicionem
1915 718 2077 774 intel-

420 809 673 883 ligentia:
705 809 886 877 dedit,
914 809 1061 865 velle
1090 825 1223 865 eum
1256 810 1339 865 ita
1386 809 1623 880 nuptias
1642 808 1973 880 praedicare,
2009 811 2075 863 ut

430 898 750 973 virginitati
786 899 1070 955 detrahat.
1099 900 1339 964 Quando
1374 899 1530 953 enim
1574 897 1803 953 minora
1835 897 2072 968 majori-

425 988 540 1045 bus
571 992 969 1059 coaequantur,
1003 978 1295 1045 interimis
1323 985 1698 1060 comparatio,
1752 984 2075 1058 superioris

428 1075 653 1148 injuria
682 1081 791 1131 est.
824 1080 1023 1149 Neque
1051 1066 1185 1131 vero
1216 1094 1322 1133 nos
1353 1074 1662 1132 Marcionis
1682 1070 1743 1130 et
1770 1068 2071 1130 Manichaei

431 1166 647 1238 dogma
675 1169 982 1231 sectantes,
1015 1165 1237 1237 nuptiis
1266 1164 1667 1227 detrahimus;
1702 1179 1805 1219 nec
1843 1162 2071 1220 Tatiani

430 1254 716 1326 principis
774 1253 1201 1310 Encratitarum
1259 1269 1454 1309 errore
1523 1252 1769 1324 decepti,
1837 1267 2069 1307 omnem

420 1344 645 1399 coitum
678 1359 958 1414 spurcum
991 1346 1306 1415 putamus;
1341 1342 1440 1414 qui
1475 1359 1589 1397 non
1621 1341 1812 1398 solum
1830 1341 2069 1412 nuptias

425 1431 529 1488 sed
562 1431 723 1487 cibos
754 1447 985 1504 quoque
1016 1448 1165 1504 quos
1196 1432 1351 1487 Deus
1381 1432 1595 1487 creavit
1640 1430 1711 1485 ad
1761 1430 2066 1496 utendum,

418 1519 663 1577 damnat
692 1524 751 1576 et
781 1520 1073 1593 reprobat.
1104 1520 1340 1577 Scimus
1369 1520 1429 1575 in
1461 1521 1634 1576 domo
1685 1536 1918 1592 magna,
1950 1534 2068 1574 non

418 1608 611 1667 solum
641 1626 781 1666 vasa
812 1626 941 1666 esse
971 1626 1147 1665 aurea
1175 1612 1232 1665 et
1270 1614 1566 1683 argentea,
1619 1610 1719 1664 sed
1773 1614 1830 1665 et
1877 1608 2069 1681 lignea

410 1703 469 1755 et
496 1697 719 1755 ﬁctilia.
771 1699 841 1754 Et
881 1715 1060 1771 super
1114 1698 1567 1754 fundamentum
1615 1697 1849 1764 Christi,
1910 1697 2064 1769 quod

415 1787 630 1845 Paulus
659 1786 1007 1845 architectus
1039 1787 1253 1860 posuit,
1315 1786 1461 1843 alios
1513 1787 1800 1843 aedificare
1831 1803 2062 1843 aurum.

423 1880 753 1949 argentum,
783 1876 1009 1949 lapides
1053 1875 1375 1948 pretiosos:
1411 1876 1558 1932 alios
1590 1893 1619 1932 e
1650 1875 1939 1932 contrario
1984 1876 2066 1932 fe-

414 1982 587 2034 num,
619 1964 803 2039 ligna,
836 1964 1133 2040 stipulam.
1165 1966 1293 2021 Non
1324 1965 2066 2039 ignoramusﬂonorabiles

409 2058 665 2131 nuptias,
720 2063 769 2111 et
819 2060 1000 2112 lorum
1056 2056 1071 2089 ¹
1130 2056 1547 2111 immaculatum
1591 2057 1774 2127 (Hebr.
1803 2073 1923 2121 xm,
1986 2056 2061 2127 ἄ).

416 2144 705 2218 Legimus
735 2142 987 2201 primam
1018 2144 1120 2200 Dei
1146 2143 1516 2211 sententiam,
1551 2145 1706 2202 240
1736 2144 1967 2201 Crescite
2011 2149 2064 2201 ct

409 2234 899 2307 multiplicamini,
929 2238 979 2290 et
1008 2236 1208 2306 replete
1237 2241 1444 2290 terram
1489 2234 1641 2305 (Gen.
1703 2252 1743 2303 ι,
1792 2235 1889 2305 28)
1921 2253 1934 2301 ;
1962 2235 2062 2291 sed

408 2322 494 2379 ita
529 2324 768 2396 nuptias
798 2323 1138 2395 recipimus,
1170 2327 1235 2379 ut
1263 2321 1678 2396 virginitatem,
1714 2341 1838 2397 quae
1870 2324 1939 2380 de
1960 2342 2065 2381 nu-

416 2408 557 2484 ptiis
617 2412 899 2480 nascitUr,
974 2411 1374 2485 praeferamus.
1432 2411 1708 2485 Nunquid
1753 2419 2063 2486 argentum

421 2517 538 2557 non
570 2499 681 2557 erit
710 2501 1099 2573 argentum,si
1124 2518 1333 2556 aurum
1355 2506 1596 2575 argento
1618 2502 1931 2575 pretiosius
1947 2502 2065 2558 est?

410 2591 532 2645 Aut
562 2589 789 2645 arboris
819 2593 876 2645 et
922 2589 1136 2662 segetis
1167 2589 1524 2647 contumelia
1553 2594 1661 2658 est,
1689 2590 1736 2646 si
1786 2591 1965 2647 radici
2009 2594 2067 2647 et

416 2675 793 2747 foliis,cu1mo
822 2681 880 2732 et
908 2676 1303 2751 aristis,poma
1324 2679 1704 2751 praeferantur
1724 2682 1781 2735 et
1810 2679 2065 2736 fructus?

424 2760 499 2824 Ut
526 2782 701 2840 poma
729 2782 797 2821 ex
826 2765 1421 2832 arbore,frumentum
1451 2783 1482 2823 e
1512 2766 1749 2840 stipula,
1781 2768 1862 2825 ita
1889 2768 2064 2842 virgi-

420 2858 597 2911 nutas
624 2872 655 2909 e
686 2854 931 2927 nuptiis.
964 2854 1328 2911 Centesimus
1359 2859 1416 2911 et
1444 2855 1841 2929 sexagesimus
1872 2862 1928 2913 et
1957 2857 2063 2913 tri-

417 2943 674 3001 cesimus
722 2943 947 2999 fructus
998 2960 1336 3016 quanquam
1385 2945 1456 3000 de
1505 2962 1621 3001 una
1666 2950 1837 3014 terra,
1888 2952 1946 3003 et
1992 2946 2063 3003 de

418 3050 538 3089 una
587 3037 846 3089 semente
894 3036 1188 3100 nascatur,
1237 3037 1433 3091 tamen
1477 3033 1729 3091 multum
1779 3036 1972 3092 ditl‘ert
2001 3037 2058 3091 in

2185 545 2349 598 tanto
2382 544 2575 614 majus
2604 547 2694 598 est
2722 542 3232 613 pramium.Porro
3253 542 3844 599 centesimusnume-

2186 647 2287 686 rus
2318 631 2666 704 (diligenter,
2702 647 2917 703 quasso,
2952 631 3150 697 lector,
3184 630 3441 699 attende)
3475 631 3546 686 de
3590 628 3840 685 sinistra

2185 722 2536 778 transfertur
2562 722 2633 778 ad
2666 723 2985 787 dexteram,
3014 727 3071 777 et
3096 722 3303 777 iisdem
3339 721 3578 793 quidem
3609 718 3837 793 digitis,

2186 811 2284 865 sed
2320 826 2434 867 non
2465 826 2598 866 eum
2627 826 2828 875 manu,
2862 811 3081 882 quibus
3110 810 3170 865 in
3201 809 3342 865 laeva
3370 813 3568 881 nupta:
3601 806 3840 880 signiﬁ-

2184 903 2392 953 cantur
2420 902 2477 953 et
2504 898 2709 968 viduae,
2745 897 3031 954 circulum
3062 898 3303 965 faciens,
3337 897 3615 970 exprimit
3657 895 3839 968 virgi-

2184 986 2708 1058 nitatiszcoronam.
2742 987 2872 1042 Hec
2901 987 2972 1043 de
3002 985 3375 1059 impatientia
3414 985 3606 1058 magis
3652 1001 3833 1057 quam

2175 1076 2344 1147 juxta
2373 1075 2639 1132 ordinem
2691 1075 3107 1148 disputationis
3157 1075 3426 1131 dixerim.
3476 1074 3622 1130 Cum
3673 1073 3834 1130 enim

2181 1165 2370 1221 adhuc
2398 1165 2493 1220 vix
2522 1166 2545 1199 ⁶
2570 1166 2642 1221 de
2664 1170 2833 1238 portu
2864 1165 3149 1237 egrediar,
3200 1169 3258 1220 et
3307 1163 3661 1220 rudentibus
3702 1161 3835 1219 vela

2182 1252 2516 1321 sustollam,
2556 1253 2615 1308 in
2675 1252 2937 1309 medium
2996 1270 3088 1308 me
3148 1252 3507 1325 quationum
3565 1250 3834 1325 pelagus,

2180 1342 2413 1398 subitus
2459 1342 2737 1415 loquendi
2788 1346 2963 1397 aestus
3014 1341 3293 1413 abripuit.
3340 1341 3503 1397 Unde
3546 1339 3833 1397 cohibebo

2179 1448 2439 1498 cursum,
2470 1436 2526 1487 et
2550 1430 2851 1503 paulisper
2878 1430 3047 1487 sinus
3077 1430 3420 1487 contraham
3445 1448 3458 1497 ;
3497 1446 3602 1486 nec
3634 1428 3835 1485 indul-

2178 1521 2324 1594 gebo
2354 1521 2642 1587 mucroni,
2668 1521 2794 1592 jam
2826 1537 2981 1576 nunc
3011 1537 3114 1592 pro
3156 1518 3489 1593 virginitate
3519 1518 3693 1575 ferire
3733 1535 3833 1575 cu-

2177 1609 2643 1683 pienti.|Ballista
2664 1613 2884 1682 quanto
2907 1608 3040 1681 plus
3061 1608 3398 1676 retrahitur,
3425 1612 3587 1664 tanto
3615 1607 3830 1663 fortius

2178 1698 2377 1755 mittit.
2410 1698 2534 1755 Non
2568 1704 2655 1755 est
2687 1700 2970 1755 damnum
2993 1697 3222 1765 dilatio,
3256 1698 3355 1753 ubi
3387 1697 3601 1753 certior
3646 1697 3714 1753 fit
3759 1712 3835 1752 ex

2175 1787 2452 1845 dilatione
2501 1788 2762 1844 victoria.
2836 1788 3162 1859 Proponam
3214 1787 3463 1843 breviter
3510 1784 3833 1843 adversarii

2175 1877 2518 1946 sententias,
2552 1882 2608 1933 et
2638 1878 2709 1932 de
2759 1876 3085 1932 tenebrosis
3115 1874 3283 1932 libris
3311 1877 3333 1910 5
3362 1877 3491 1947 ejus
3534 1875 3705 1948 quasi
3757 1874 3834 1931 de

2175 1966 2353 2023 foveis
2386 1970 2684 2038 serpentes
2715 1964 3073 2037 protraham,
3106 1981 3296 2037 neque
3327 1965 3518 2021 sinam
3571 1980 3831 2020 veneno-

2109 2072 2113 2077 ’
2175 2072 2306 2110 sum
2340 2060 2533 2128 caput,
2568 2054 2742 2126 spiris
2774 2051 3057 2108 maculosi
3089 2052 3367 2126 corporis.
3402 2052 3550 2110 2“
3588 2051 3833 2108 Patent6

2175 2146 2330 2216 quod
2361 2145 2598 2201 noxium
2632 2147 2744 2215 est,
2777 2147 2841 2198 ut
2873 2141 3057 2215 possit
3091 2141 3336 2211 conteri,
3364 2159 3499 2197 cum
3551 2140 3827 2215 potuerit.

2246 2257 2273 2283 ‹‹
2308 2232 2477 2301 Dicit,
2512 2232 2789 2307 virgines,
2822 2232 3049 2300 viduas,
3094 2235 3151 2287 et
3186 2231 3514 2298 maritatas,
3548 2246 3675 2303 quas
3726 2246 3826 2286 se-

2175 2323 2288 2380 mel
2320 2323 2379 2378 in
2412 2322 2642 2379 Christo
2671 2320 2799 2378 lotae
2830 2325 2988 2388 sunt,
3023 2320 3069 2375 si
3108 2337 3223 2375 non
3252 2319 3584 2393 discrepent
3599 2319 3830 2375 caeteris

2173 2412 2470 2487 operibus,
2504 2412 2771 2485 ejusdem
2801 2426 2930 2467 esse
2964 2408 3179 2465 meriti.

2247 2524 2276 2553 «
2308 2501 2524 2557 Nititur
2554 2500 2878 2574 approbare
2919 2516 3039 2567 eos,
3090 2498 3191 2570 qui
3227 2497 3399 2571 plena
3449 2497 3562 2554 fide
3610 2497 3668 2552 in
3718 2497 3829 2554 ba-

2174 2590 2449 2663 ptismate
2478 2590 2661 2646 renati
2686 2593 2845 2654 sunt,
2879 2605 2911 2644 a
2942 2588 3172 2646 diabolo
3195 2604 3309 2644 non
3341 2602 3511 2660 posse
3538 2585 3825 2642 subverti.

2246 2703 2273 2729 ‹‹
2306 2678 2567 2735 Tertium
2600 2679 2892 2753 proponit,
2927 2678 3077 2734 inter
3106 2676 3521 2734 abstinentiam
3554 2675 3828 2731 ciborum

2172 2773 2230 2824 et
2258 2785 2393 2824 cum
2453 2769 2774 2842 gratiarum
2833 2768 3062 2824 actione
3119 2765 3549 2839 perceptionem
3594 2780 3828 2835 eorum,

2171 2858 2391 2915 nullam
2418 2874 2546 2915 esse
2576 2858 2938 2914 distantiam.

2243 2969 2271 2997 ‹‹
2312 2948 2596 3013 Quartum
2647 2947 2804 3019 quod
2858 2951 2916 3003 et
2971 2950 3319 3011 extremum,
3377 2961 3506 3001 esse
3551 2943 3823 3001 omnium

2170 3036 2271 3108 qui
2305 3054 2478 3092 suum
2518 3037 2815 3109 baptisma
2866 3035 3247 3104 servaverint,
3302 3051 3481 3090 unam
3529 3033 3586 3089 in
3638 3049 3822 3107 regno

419 3122 959 3195 numero.Triginta
978 3122 1311 3178 referuntur
1329 3124 1400 3178 ad
1429 3122 1837 3196 nuptias.Nam
1859 3128 1914 3180 et
1934 3123 2063 3196 ipsa
2173 3125 2451 3182 caelorum
2486 3125 3039 3182 remunerationem.
3072 3148 3101 3176 »

414 3210 733 3285 digitorum
764 3211 1100 3293 conjunctio
1127 3212 1167 3265 ³.
1202 3211 1367 3283 quasi
1394 3211 1553 3267 molli
1586 3229 1647 3268 se
1686 3213 2059 3286 complexans
2090 3196 2133 3263 C
2243 3216 2272 3269 4
2322 3216 2476 3271 Artes
2514 3215 2744 3272 diaboli.
2804 3216 2982 3271 Virtus
3031 3213 3175 3287 apud
3224 3212 3477 3269 Elhnicos
3512 3212 3827 3287 prxfertur

410 3299 632 3369 osculo,
666 3304 723 3355 et
752 3300 1061 3367 fcederans,
1094 3301 1370 3357 maritum
1403 3299 1589 3374 pingit
1619 3307 1676 3357 et
1721 3305 2051 3375 conjugem.

411 3380 725 3462 Sexaginta
758 3406 890 3446 vero
920 3390 993 3446 ad
1024 3389 1251 3460 viduas,
1284 3408 1349 3446 eo
1391 3390 1546 3463 quod
1579 3391 1638 3447 in
1687 3393 1960 3463 angustia
2000 3397 2056 3448 et

407 3477 785 3534 tribulatione
815 3482 953 3535 sunt
978 3479 1199 3553 positae.
1242 3479 1404 3535 Unde
1434 3484 1490 3536 et
1538 3480 1823 3553 superiori
1873 3481 2054 3555 digito

409 3566 826 3641 deprimuntur
864 3586 878 3638 ;
914 3571 1253 3642 quantoque
1310 3570 1499 3642 major
1554 3574 1644 3625 est
1685 3569 1706 3605 ³
1736 3569 2054 3627 difficultas

483 3693 501 3727 ι
529 3692 585 3748 S.
621 3691 823 3749 Crucis
845 3692 905 3748 in
934 3691 1260 3749 Jerusalem
1288 3693 1361 3749 de
1412 3694 1562 3750 Urbe
1612 3698 1672 3751 et
1703 3693 2054 3752 Veronensis

411 3780 557 3821 mss.
588 3764 769 3820 cubile
798 3764 1236 3820 immaculatum.
1270 3765 1442 3821 Hebr.
1470 3782 1595 3831 xm,
1623 3768 1674 3821 4.

482 3836 505 3871 ²
524 3835 788 3908 Explicat
807 3840 1067 3909 veterum
1082 3852 1304 3909 morem
1326 3853 1430 3908 per
1450 3837 1662 3909 digitos
1683 3838 2052 3907 numerandi,

410 3906 482 3963 de
511 3906 628 3979 quo
659 3906 946 3981 nonnulla
965 3908 1118 3981 apud
1143 3906 1416 3981 antiquos
1436 3906 1775 3965 testimonia
1796 3906 2055 3966 invenire

532 3979 911 4053 :_expressius
934 3979 1129 4053 tamen
1153 3979 1301 4035 ratio
1320 3984 1441 4053 tota
1464 3981 1731 4053 proditur
1751 3998 1785 4037 a
1804 3981 2054 4038 Venera-

411 4049 516 4105 bili
547 4049 720 4117 Beda,
773 4054 830 4107 et
873 4052 1141 4107 omnium
1188 4049 1557 4108 exactissime
1604 4070 1638 4107 a
1672 4053 1867 4109 Graeco
1917 4053 2056 4109 scri-

412 4126 576 4196 ptore
604 4120 840 4196 Nicolao
872 4123 1175 4196 Smyrnae,
1196 4124 1380 4196 cujus
1410 4125 1527 4196 fere
1562 4123 1829 4195 ignotum
1878 4141 2052 4196 opus-

413 4190 611 4248 culum
635 4192 854 4248 editum
873 4197 963 4248 est
978 4190 1026 4249 'a
1045 4190 1303 4251 PosSino'.
1328 4195 1490 4250 Beda:
1512 4190 1637 4251 loc'a
1658 4202 1830 4252 sunt:
1856 4220 1881 4245 ‹‹
1910 4190 2054 4252 Cum

410 4263 654 4339 triginta
684 4268 882 4339 potare
910 4263 1186 4339 volueris,
1218 4282 1445 4338 ungues
1474 4266 1684 4322 indicis
1723 4273 1780 4323 et
1830 4268 2055 4339 pollicis

412 4334 628 4412 blando
659 4334 978 4407 cenjunges
1006 4334 1488 4412 ampl_exu.'_Cum
1534 4339 1680 4412 dicis
1733 4334 2053 4412 seiaaginta,

417 4405 687 4483 pollicem
712 4405 1041 4483 curvatum,
1068 4405 1269 4483 judice
1300 4409 1695 4483 circumﬂexo,
1746 4405 2058 4483 diligenter

411 4477 447 4554 ᾖ
476 4477 667 4554 fronte
714 4477 1092 4554 prfecinges.»3
1123 4479 1464 4554 Videetiam
1495 4481 1817 4552 Apuleium.
1838 4477 1897 4537 in
1920 4485 2056 4554 Apo-

413 4496 447 4541 a
476 4496 666 4534 trante
702 4496 1092 4605 graecmges.»
1132 4496 1267 4536 νιοθ
1289 4496 1464 4535 etiam
1495 4496 1817 4552 Apuleium.
1838 4499 1897 4537 in
1920 4496 2056 4554 Apo-

413 4551 518 4622 log.
551 4553 695 4606 orat.
743 4550 922 4635 ..Ουοᾴ
955 4567 1135 4635 porro.
1159 4550 1239 4607 ait
1268 4550 1678 4635 hieronymus,
1707 4556 2059 4635 centesimum

411 4637 703 4677 numerum
732 4622 799 4678 de
850 4622 1079 4679 sinistra
1103 4624 1395 4693 transferri
1423 4622 1500 4679 ad
1544 4624 2059 4692 dexterammotum

412 4709 482 4750 ex
530 4693 794 4749 Cassiani
825 4694 1183 4761 testimonio,
1215 4694 1406 4750 collat.
1439 4696 1528 4763 24,
1562 4711 1612 4750 c.
1643 4696 1748 4752 26:
1782 4719 1811 4746 «
1862 4702 2060 4754 Cente-

412 4766 618 4837 narius
637 4782 919 4822 numerus
945 4767 1016 4822 de
1035 4766 1715 4823 sinistratransferturin
1739 4769 2058 4837 dexteram;

412 4842 470 4893 et
498 4836 636 4893 licet
664 4838 927 4912 eamdem
951 4838 1015 4912 in
1036 4838 1449 4910 supputatione
1470 4838 1785 4912 digitorum
1812 4841 2061 4912 ﬁguram

411 4913 609 4984 tenere
636 4910 927 4976 videatur,
961 4910 1212 4984 nimium
1242 4914 1438 4984 tamen
1461 4910 1808 4984 quantitatis
1840 4910 2061 4984 magni-

415 4980 621 5037 tudine
652 4981 1061 5053 supercrescit.
1098 5002 1134 5053 n
1158 4981 1459 5037 Juvenalis
1482 4980 1733 5053 quoque
1780 4980 2063 5039 Salirf19-

413 5066 587 5108 versu
617 5051 745 5118 246,
778 5053 849 5108 de
879 5068 1013 5126 rege
1044 5051 1238 5125 Pylio:
1516 5051 1531 5053 “
1636 5051 1651 5053 “
1744 5083 1751 5090 -

436 5163 445 5169 ·
482 5148 725 5213 ._....Felix
754 5150 1012 5199 nimirum
1043 5149 1135 5213 qui
1163 5163 1263 5213 per
1289 5152 1367 5199 tot
1397 5149 1594 5199 saecula
1620 5155 1843 5201 mortem

480 5211 707 5272 Distulit,
736 5217 895 5276 atque
926 5211 1191 5276 suos’jam
1222 5212 1410 5262 dextra
1437 5218 1711 5275 computat
1740 5228 1928 5264 annos.

416 5297 563 5375 Vide
586 5298 853 5375 Nicarchi
885 5298 1096 5375 veteris
1126 5306 1308 5375 poeta:
1371 5302 1427 5357 in
1487 5302 1801 5375 anthologia
1848 5303 1949 5360 lib.
1999 5324 2059 5371 ιι,

552 5370 935 5452 epigramma.
964 5370 1315 5452 Quinetiam
1338 5378 1607 5452 nostrum
1642 5370 2061 5452 Hieronymum

418 5442 817 5518 epistola123,
851 5445 921 5499 ad
944 5445 1359 5518 Ageruchiam,
1409 5446 1528 5509 ubi,
1582 5442 1917 5504 tricenarius
1965 5451 2063 5518 fce-

417 5512 551 5590 dera
579 5515 901 5583 nuptiarum
930 5512 1051 5590 ipsa
1080 5512 1378 5590 digitorum
1411 5519 1791 5590 conjunctione
1811 5512 2061 5576 testatur.

334 5604 341 5619 ι
420 5584 620 5663 Obiter
648 5601 780 5663 vero
809 5584 1101 5663 notandus
1132 5587 1424 5663 Victorius
1456 5584 1562 5656 est,
1615 5592 1715 5663 qui
1766 5591 1941 5663 aliam
1991 5592 2062 5647 ab

414 5656 659 5731 Apuleio
687 5657 824 5713 iniri
855 5663 1057 5730 gestus
1102 5660 1390 5717 rationem
1441 5666 1608 5734 putat
1634 5656 1715 5718 'in
1766 5662 2062 5721 tricesimo

2162 3305 2450 3377 voluptati.
2486 3336 2553 3344 —
2580 3304 2711 3359 Haec
2743 3308 2883 3360 sunt
2913 3303 3085 3360 sibila
3116 3302 3405 3376 serpentis
3440 3301 3686 3375 antiqui,
3722 3301 3821 3359 his

2163 3393 2427 3450 consiliis
2458 3394 2630 3450 draco
2664 3394 2734 3449 de
2766 3392 3037 3466 paradiso
3069 3391 3373 3448 hominem
3403 3390 3641 3464 expulit.
3667 3390 3819 3447 Nam

2163 3487 2220 3539 et
2248 3483 2619 3539 saturitatem
2638 3482 2890 3553 jejuniis
2922 3480 3306 3554 praeferendo,
3341 3477 3679 3552 repromisit
3716 3494 3820 3536 eos

2162 3570 2528 3629 immortales
2559 3572 2813 3640 futuros,
2844 3572 3014 3644 quasi
3059 3584 3369 3643 nunquam
3416 3571 3660 3642 possent
3687 3584 3813 3624 cor-

2164 3712 2432 3763 numero,
2466 3697 2564 3769 ubi
2593 3696 2846 3753 indicem
2876 3700 2935 3753 et
2962 3693 3609 3769 pollicem.aperiend_cs
3649 3692 3813 3762 dicit,

2163 3770 2221 3825 id
2250 3772 2340 3824 est
2369 3767 2620 3825 molliter
2650 3784 2853 3824 eorum
2884 3764 3257 3825 summitates
3282 3764 3647 3822 lambeudas.

2234 3842 2254 3874 ³
2286 3840 2346 3896 In
2377 3839 2637 3913 Epistola
2657 3840 2729 3896 ad
2761 3838 3229 3909 Pammachium,
3252 3839 3384 3911 quia
3412 3840 3615 3911 quanto
3635 3838 3814 3909 major

2299 3918 2405 3967 etc.

2163 3919 2565 4111 ἰδζνοῗυωω
2596 3984 2693 4039 vix
2722 3982 3068 4040 Veronensis
3089 3986 3147 4039 et
3173 3983 3229 4037 S.
3256 3980 3460 4037 Crucis
3485 3995 3634 4037 mss.
3686 3996 3802 4038 non

2211 4072 2241 4111 a
2288 4070 2358 4110 en
2394 4099 2405 4109 .
3293 4083 3305 4092 ·

2211 4070 2405 4111 anent.
3293 4083 3305 4092 .

2234 4127 2255 4160 ⁵
2277 4126 2667 4198 Reposuimus
2700 4125 2857 4198 libris
2886 4141 2954 4180 ex
2981 4121 3674 4198 Casanaten_sis,aliisque
3702 4122 3819 4178 tri-

2163 4198 2276 4254 bus
2308 4195 2450 4254 mss.
2485 4204 2542 4253 et
2570 4196 2746 4252 veteri
2791 4197 3066 4253 editione.
3120 4195 3343 4251 Alludit
3391 4210 3601 4266 nempe
3646 4202 3820 4267 βιϐλία

2165 4278 2410 4337 σκοτεινά,
2446 4274 2509 4324 ut
2547 4268 2617 4324 de
2647 4268 2935 4326 Heraclito
2973 4268 3196 4324 dictum
3241 4271 3330 4325 est
3378 4282 3577 4338 supra.
3626 4269 3823 4323 Antea

2165 4342 2443 4398 mendose
2475 4345 2600 4396 erat
2629 4340 2877 4395 latebris.

2234 4414 2255 4447 θ
2288 4413 2367 4467 De
2397 4428 2557 4467 more
2587 4410 2998 4468 Casanatensis
3034 4410 3320 4483 praponit
3369 4409 3683 4483 Disputatio
3728 4410 3822 4465 lo-

2166 4485 2408 4556 viniani,
2436 4488 2575 4556 tum
2616 4479 3230 4556 proporsitiones'ipsas
3278 4479 3560 4556 Romanis
3608 4496 3823 4556 nume-

2092 4576 2137 4641 D
2169 4555 2303 4611 ricis
2338 4555 2490 4641 notis
2522 4553 2858 4641 distinguit,
2889 4553 3252 4641 tandemque
3274 4554 3339 4638 in
3375 4553 3501 4636 fine.
3542 4554 3677 4641 ptest
3698 4568 3822 4641 re-

2168 4629 2631 4692 munerationem,
2678 4622 2849 4697 Finit
2877 4622 3170 4697 disputatio
3218 4622 3824 4697 Ioviniani.'Synodi-

2171 4715 2240 4778 ea
2264 4702 2459 4778 autem
2491 4696 3146 4778 epistola_S_._Ambrosii
3179 4697 3251 4778 ad
3282 4696 3565 4778 Syricium
3607 4710 3821 4778 papam

2172 4771 2341 4837 duas,
2375 4764 2625 4841 primam
2674 4769 2940 4826 videlicet
2980 4774 3038 4825 et
3084 4764 3466 4841 postremam.
3524 4764 3825 4841 Joviniani

2173 4837 2601 4915 propositiones
2632 4843 2902 4915 exagitat,
2937 4837 3239 4915 nimirum,
3263 4838 3554 4915 «μυιιειω
3579 4837 3829 4909 virgini-

2170 4911 2309 4968 tatis
2340 4912 2610 4994 gratiam,
2644 4911 3188 4994 nullumcastitat‘is
3211 4911 3483 4994 ordinem
3494 4924 3820 4991 reservare,

2173 4981 2509 5058 promiscua
2564 4985 2763 5040 omnia
2819 4984 2967 5058 velle
3012 4984 3389 5050 contundere,
3449 4981 3823 5037 diversorum

2175 5056 2187 5058 ⁷
2215 5056 2393 5111 radus
2422 5056 2703 5128 abrogare
2727 5056 3157 5124 meritorum,et
3183 5058 3584 5129 paupertatem
3607 5068 3825 5126 quam-

2173 5073 2307 5185 ἔδω
2338 5126 2664 5183 ccelestium
2696 5129 3229 5185 remunerationem
3259 5127 3555 5183 inducere.
3602 5144 3633 5175 η
3668 5123 3825 5181 Rur-

2214 5144 2307 5183 am
2338 5123 2664 5183 ccelestium
2696 5123 3229 5185 remuneratiOnefn
3259 5123 3555 5183 inducere.
3602 5123 3642 5175 ἦ
3668 5123 3825 5181 Rur-

2173 5216 2472 5255 sum-vero
2502 5198 2682 5255 alium
2713 5200 3022 5257 Joviniano
3052 5215 3308 5257 errorem
3322 5199 3394 5256 de
3414 5197 3607 5256 soluta
3624 5195 3825 5252 Mariae

2171 5270 2505 5344 integritate
2537 5271 2596 5326 in
2626 5288 2822 5343 par.n,
2855 5289 2912 5328 n.
2949 5274 3001 5327 4.
3035 5273 3365 5344 exprobrat,
3408 5268 3562 5343 quod
3600 5281 3819 5344 nempe

2170 5341 2371 5399 diceret
2403 5341 2678 5398 Christum
2718 5360 2788 5399 ex
2840 5346 3059 5412 virgine
3096 5341 3207 5401 non
3245 5341 3491 5414 potuisse
3535 5341 3820 5414 generari.

2171 5415 2357 5479 Quam
2391 5414 2839 5486 blasphemiam,
2872 5410 3107 5471 tametsi
3138 5432 3172 5471 a
3199 5410 3551 5486 Hieronymo
3580 5410 3824 5486 silentio

2173 5486 2480 5558 premitur,
2513 5483 2782 5543 heretico
2813 5486 2897 5542 illi
2928 5491 3127 5542 tamen
3158 5488 3339 5543 etiam
3391 5483 3824 5558 abAugustino

2174 5556 2389 5613 diserte
2443 5558 2784 5614 attribuitur
2812 5559 2961 5614 libro
2980 5566 3168 5615 contra
3198 5564 3442 5615 Hiereses
3470 5557 3609 5613 her.
3640 5556 3734 5625 82,
3766 5560 3830 5611 et

2174 5633 2375 5686 contra
2401 5629 2707 5687 Julianum
2739 5646 2916 5703 saepe,
2948 5634 3127 5703 atque
3157 5631 3315 5687 alibi.
