3944 6404
131 466 230 533 295

1186 471 1610 542 ADVERSUS
1652 470 2145 546 JOVINIANUM
2190 480 2339 546 LIB.
2386 480 2434 547 Ι.

3399 483 3519 550 226

129 592 316 669 ιιυειιθξ
347 608 406 661 et
436 605 577 663 dum
601 602 966 664 divinitatem
989 607 1271 682 aequalem
1293 610 1409 667 Deo
1424 611 1756 685 pollicetur,
1786 615 1839 681 Α
1874 612 2046 682 Enos,
2076 615 2337 685 Cainam,
2369 615 3517 688 Malaleel,Jared,Enoch,Mathusalem3,

127 693 353 768 expullit
382 710 481 752 eos
512 696 585 752 de
615 697 907 769 paradiso,
942 701 1008 753 ut
1044 698 1142 770 qui
1192 699 1333 755 nudi
1391 705 1450 757 et
1478 702 1751 774 8Xpediti,

126 787 175 839 et
195 784 408 857 absque
439 783 561 842 ulla
600 786 833 843 macula
852 786 1131 860 virgines,
1178 788 1411 845 Domini
1463 791 1755 847 consortio

124 873 469 942 fruebantur,
492 875 701 949 dejecti
726 876 786 932 in
830 876 1039 933 vallem
1088 876 1501 951 lacrymarum,
1536 880 1757 937 tunicis

123 964 365 1020 consutis
413 970 471 1021 et
509 964 771 1038 pelliceis
826 967 1201 1024 vestirentur.
1242 969 1348 1025 Sed
1380 986 1453 1025 ne
1480 969 1755 1026 lectorem

124 1053 329 1109 diutius
348 1056 1076 1130 morer,sequarvestigia‘
1096 1057 1430 1129 partitionis
1459 1060 1752 1133 expositae,

125 1146 177 1198 et
201 1143 473 1200 adversus
502 1143 770 1217 singulas
803 1145 1230 1218 propositiones
1259 1148 1408 1218 ejus,
1434 1147 1759 1221 Scriptura-

128 1248 245 1289 rum
270 1231 355 1289 vel
386 1233 646 1291 maxime
674 1234 831 1290 nitar
888 1235 1283 1292 testimoniis:
1343 1253 1419 1293 ne
1472 1237 1758 1310 querulus

125 1321 320 1394 gurria,
351 1339 414 1379 se
439 1321 777 1395 eloquentia
804 1324 997 1397 magis
1026 1341 1207 1397 quam
1238 1326 1758 1399 veritate:supera-

126 1417 254 1466 tum.
275 1410 439 1474 Quod
472 1411 525 1468 si
556 1411 878 1486 explevero,
911 1417 969 1470 et
1004 1413 1171 1469 illum
1203 1413 1509 1489 utriusque
1539 1415 1757 1472 instru-

126 1499 288 1557 menti
318 1501 476 1557 nube
506 1518 833 1575 epressero,
868 1519 1148 1560 assuman
1195 1505 1462 1578 exempla
1518 1505 1759 1563 saecula-

125 1589 195 1646 ris
221 1605 451 1663 quoque
483 1589 844 1657 litteratura,
878 1592 948 1648 ad
982 1609 1157 1665 quam
1190 1598 1249 1649 et
1289 1593 1415 1667 ipse
1463 1598 1755 1667 provocat.

125 1676 445 1752 Doceboque
476 1680 652 1736 etiam
674 1679 828 1737 inter
859 1679 1241 1755 philosophos
1274 1687 1331 1739 et
1380 1682 1646 1757 egregios
1698 1684 1759 1740 in

123 1766 403 1840 republica
430 1767 613 1838 viros,
643 1769 893 1826 virtutes
921 1769 1408 1843 voluptatibus,id
1441 1772 1763 1845 est,Pytha-

122 1871 325 1929 geram,
358 1856 665 1915 Platonem
700 1862 757 1915 et
783 1859 1125 1927 Aristidem,
1155 1860 1479 1934 Aristippo,
1514 1862 1763 1935 Epicuro

123 1951 171 2002 et
193 1946 476 2005 Alcibiadi
508 1948 581 2005 ab
612 1948 887 2006 omnibus
915 1950 1100 2006 solere
1130 1950 1411 2023 praeferri.
1449 1955 1763 2025 Vos,quas-

123 2053 199 2106 so,
225 2038 536 2112 utriusque
566 2055 738 2095 sexus
767 2032 1025 2112 virgines
1058 2044 1113 2095 et
1146 2040 1530 2106 continentes,
1565 2042 1760 2098 mariti

123 2144 335 2201 quoque
361 2134 418 2185 et
442 2128 766 2203 digami,ut
794 2134 1043 2187 conatus
1082 2146 1245 2186 meos
1268 2131 1634 2188 orationibus
1663 2132 1762 2187 ad-

117 2218 313 2289 juvetis
335 2216 700 2275 Cunctorum
729 2218 791 2274 in
831 2235 1143 2275 commune
1170 2219 1519 2275 Jovinianus
1570 2220 1761 2278 hostis

126 2311 217 2363 est.
247 2308 388 2363 Nam
419 2307 527 2381 qui
560 2306 806 2379 aequalia
835 2307 1103 2364 omnium
1135 2307 1345 2363 asserit
1376 2310 1605 2375 merita,
1637 2314 1758 2366 tam

126 2396 421 2470 virginitati
451 2396 597 2453 facit
626 2396 1075 2467 injuriam,dum
1106 2414 1235 2454 eam
1264 2398 1489 2471 nuptiis
1521 2415 1758 2472 compa-

128 2491 221 2554 rat,
250 2503 422 2560 quam
444 2490 509 2543 et
533 2486 774 2559 nuptiis,
808 2486 894 2542 sic
925 2487 1079 2543 242
1110 2503 1208 2542 eas
1240 2486 1435 2543 licitas
1468 2504 1757 2557 asserens,

130 2580 185 2632 ut
210 2577 462 2633 secunda
495 2580 555 2633 et
583 2575 754 2632 tertia
782 2575 1305 2632 matrimonia.Sed
1339 2581 1396 2633 et
1425 2577 1680 2651 digamis
1705 2581 1763 2634 et

132 2666 375 2740 trigamis
422 2666 799 2723 adversarius
829 2669 938 2735 est,
986 2665 1067 2721 ibi
1127 2683 1351 2739 ponens
1409 2671 1761 2725 scortatores

132 2757 403 2829 quondam
426 2760 494 2812 et
522 2754 1045 2813 libidinosissimos
1077 2759 1206 2829 post
1228 2756 1761 2829 pmnitentiam,uhi

134 2845 401 2920 duplicata
428 2850 494 2903 et
523 2843 817 2918 triplicata
838 2845 1253 2901 matrimonia:
1313 2844 1428 2902 nisi
1486 2846 1640 2918 quod
1700 2846 1759 2902 in

133 2952 187 2991 eo
212 2936 421 3010 digami
453 2940 518 2993 et
544 2934 781 3008 trigami
812 2933 1007 2991 dolere
1038 2951 1153 2991 non
1186 2935 1420 3005 debent,
1445 2934 1759 3008 quiaidem

134 3030 389 3083 scortator
413 3029 471 3081 et
508 3024 797 3097 paenitens
826 3023 888 3079 in
920 3040 1101 3097 regno
1135 3024 1415 3080 oculorum
1448 3024 1625 3081 etiam
1653 3024 1763 3080 vir-

134 3115 1053 3187 ginibusadaequaturProponam
1068 3113 1248 3187 igitur
1260 3113 1762 3171 manifestioribus

136 3205 300 3261 verbis
328 3210 383 3262 et
410 3202 771 3260 habentibus
800 3202 1057 3275 aliquam
1102 3203 1608 3277 consequentiam,
1670 3220 1760 3259 ar-

136 3298 386 3368 gumenta
415 3295 551 3366 ejus
577 3296 634 3349 et
678 3291 943 3365 exempla
998 3292 1070 3349 de
1128 3292 1373 3365 nuptiis,
1434 3294 1761 3365 eodemque

1865 704 2136 774 Lamech,
2166 704 2305 775 Noe,
2339 723 2545 763 omnes
2593 707 2873 764 habuisse
2904 724 3134 776 uxores,
3186 710 3243 763 et
3295 724 3363 764 ex
3416 708 3524 766 Dei

1863 793 2154 849 sententia
2183 794 2336 850 filios
2368 811 2710 868 procreasse
2741 796 2929 868 (quasi
2962 796 3356 868 generationis
3379 798 3522 856 ordo

1864 886 1922 937 et
1952 881 2199 939 historia
2231 883 2582 941 conditionis
2606 883 2896 953 humanis,
2930 885 3057 941 sine
3080 870 3433 958 coniugibus
3465 891 3525 945 et

1864 970 2065 1028 liberis
2098 973 2352 1044 potuerit
2380 974 2663 1046 enarrari)
2690 990 2704 1029 :
2732 995 2758 1024 ‹‹
2795 975 2929 1042 Iste,
2952 975 3165 1046 inquit,
3193 981 3281 1031 est
3302 976 3521 1042 Enoch,

1866 1059 1965 1132 qui
2007 1061 2330 1118 ambulavit
2359 1078 2493 1118 cum
2526 1063 2665 1130 Deo,
2698 1069 2756 1119 et
2784 1067 2988 1135 raptus
3028 1064 3089 1119 in
3147 1062 3356 1120 coelum
3410 1069 3522 1122 est.

1866 1150 1980 1205 Iste
2000 1149 2139 1216 Noe,
2170 1152 2294 1223 qui.
2329 1168 2464 1207 cum
2514 1156 2712 1208 essent
2778 1151 2982 1226 utique
3042 1153 3213 1209 multi
3269 1153 3526 1228 virgines

1866 1243 2103 1311 propter
2130 1243 2381 1309 aetatem,
2412 1239 2575 1297 solus
2608 1258 2741 1296 cum
2776 1241 2914 1297 ﬁliis
2944 1245 3003 1298 et
3031 1241 3315 1300 uxoribus
3380 1260 3527 1301 nau-

1867 1327 2030 1401 frago
2044 1328 2180 1385 orbe
2199 1333 2461 1386 servatus
2488 1335 2595 1385 est.
2622 1330 2848 1385 Rursus
2869 1334 3001 1402 post
3021 1330 3333 1402 diluvium,
3354 1333 3528 1406 quasi

1868 1416 2047 1474 altero
2069 1417 2354 1491 principio
2375 1419 2607 1491 generis
2634 1419 3171 1491 humani,vivorum
3194 1425 3254 1477 et
3275 1438 3524 1478 uxorum

1870 1506 2033 1579 paria
2057 1508 2395 1580 junguntur
2422 1512 2479 1563 et
2507 1524 2575 1564 ex
2606 1508 2831 1581 integro
2871 1508 3267 1581 generationis
3301 1509 3527 1566 instau-

1870 1600 2033 1652 ratur
2062 1595 2387 1653 benedictio
2412 1615 2425 1653 :
2460 1596 2708 1664 Crescite,
2741 1597 3344 1670 etmultiplicamini,et
3367 1598 3522 1656 243

1870 1686 2071 1756 replete
2099 1689 2306 1741 terram
2338 1682 2491 1756 (Gen.
2526 1702 2650 1751 vm,
2681 1687 2767 1752 17,
2824 1687 2876 1740 el
2926 1702 3006 1754 Ix,
3061 1685 3136 1755 l).
3200 1708 3228 1736 ››
3279 1686 3527 1760 Insuper

1869 1774 2046 1829 etiam
2068 1774 2561 1830 comedendarum
2594 1774 2860 1830 carnium
2892 1773 3131 1830 licentia
3187 1774 3522 1831 relaxatur:

1872 1865 1936 1919 Et
1964 1877 2125 1919 omne
2154 1863 2291 1935 quod
2318 1872 2581 1931 movetur,
2626 1865 2731 1920 erit
2788 1864 2941 1921 vobis
2988 1864 3051 1918 in
3109 1878 3330 1926 escam;
3386 1864 3528 1921 sicut

1873 1953 2021 2008 olera
2059 1952 2355 2008 herbarum
2382 1952 2509 2008 dedi
2537 1954 2686 2009 vobis
2716 1953 2976 2009 universa
3018 1952 3179 2025 (Ibid.
3239 1953 3315 2025 9).
3376 1957 3525 2010 Cur-

1873 2041 1949 2097 rit
1977 2043 2047 2098 ad
2082 2040 2403 2111 Abraham,
2439 2043 2620 2108 Isaac,
2653 2048 2708 2099 et
2736 2043 2934 2112 Jacob,
2986 2047 3045 2099 et
3098 2042 3315 2116 quibus
3368 2042 3530 2117 prior

1870 2131 2182 2204 trigamus,
2217 2132 2513 2188 secundus
2565 2148 2978 2205 monogamus,
3010 2131 3219 2189 tertius
3276 2137 3532 2205 quatuor

1872 2236 2121 2277 uxorum
2154 2226 2279 2278 est:
2318 2221 2446 2288 Lien,
2500 2220 2737 2284 Rachel,
2797 2220 2971 2288 Baiae,
3031 2225 3091 2277 et
3146 2220 3411 2294 Zelpbze;
3469 2227 3531 2279 et

1870 2311 2081 2367 asserit
2113 2310 2411 2366 Abraham
2441 2310 2515 2365 ob
2548 2309 2680 2367 fidei
2712 2310 3012 2379 meritum,
3058 2309 3527 2369 benedictionem

1871 2399 1930 2454 in
1962 2399 2334 2472 generatione
2367 2398 2469 2454 lilii
2502 2398 2816 2469 accepisse.
2853 2399 3059 2453 Saram
3094 2398 3150 2453 in
3180 2403 3387 2472 typum
3418 2398 3528 2455 Ec-

1871 2486 2080 2555 clesiaa,
2112 2487 2205 2543 cui
2264 2487 2600 2543 defecerant
2660 2484 2993 2554 muliebria,
3051 2486 3527 2544 maledictionem

1872 2576 2220 2644 sterilitatis;
2296 2581 2501 2649 partus
2559 2576 2963 2634 benedictione
3020 2581 3303 2634 mutasse.
3362 2577 3526 2642 Quod

1871 2666 2272 2723 Rebeccaierit
2288 2668 2455 2739 quasi
2481 2666 2791 2739 prophetes
2808 2666 3170 2740 interrogare
3183 2665 3526 2736 Dominum,

1872 2761 1928 2811 et
1957 2755 2207 2812 audierit
2238 2756 2311 2811 ab
2342 2772 2428 2825 eo,
2460 2757 2597 2814 Dux
2624 2763 2809 2828 gentes
2838 2760 2895 2811 et
2921 2755 3028 2812 duo
3052 2757 3241 2828 populi
3281 2757 3344 2812 in
3373 2764 3527 2812 utero

1838 2850 1843 2855 ’
1873 2850 1962 2902 tuo
1994 2849 2121 2901 sunt
2148 2844 2299 2916 (Gen.
2333 2863 2461 2914 xxv,
2494 2845 2608 2919 23).
2643 2844 2808 2909 Quod
2837 2845 3018 2902 Jacob
3050 2841 3155 2919 pro
3193 2861 3371 2903 uxore
3402 2862 3521 2912 ser,-

1870 2935 2070 2992 vierit:
2106 2940 2163 2991 et
2193 2934 2565 2991 existimante
2600 2933 2837 3003 Rachel,
2870 2933 2977 2990 viri
3006 2951 3135 2991 esse
3183 2934 3320 2992 dare
3377 2935 3524 2993 libe-

1873 3041 1991 3093 ros,
2024 3040 2087 3080 ac
2120 3024 2386 3081 dicente:
2419 3025 2499 3079 Da
2528 3023 2673 3079 mihi
2698 3023 2880 3094 ﬁlios:
2931 3024 3022 3078 sin
3078 3027 3267 3080 autem
3311 3026 3528 3081 moriar

1873 3114 2024 3185 (Gen.
2085 3131 2215 3180 xxx,
2269 3114 2363 3186 4);
2452 3112 2853 3185 responderit:
2936 3112 3213 3184 Numquid
3262 3129 3361 3185 pro
3417 3114 3526 3169 Deo

1873 3220 1967 3276 ego
1989 3220 2131 3271 sum,
2161 3204 2258 3274 qui
2286 3212 2336 3258 te
2363 3203 2630 3258 conclusit
2652 3200 2815 3273 (Ibid.
2846 3200 2947 3273 2)?
3004 3201 3069 3256 In
3125 3205 3382 3271 tantum,
3430 3200 3528 3258 iu-

1873 3293 2021 3365 quit,
2109 3292 2331 3349 sciebat
2396 3292 2622 3347 fructus
2677 3290 3017 3363 nuptiarum
3082 3289 3317 3347 Domini
3374 3308 3528 3359 esse,

136 3383 312 3440 ordine
339 3382 563 3449 omnia,
595 3398 711 3454 quo
742 3382 814 3438 ab
848 3398 914 3438 eo
950 3382 1108 3437 dicta
1138 3387 1296 3451 sunt,
1329 3382 1611 3455 digeram.
1645 3382 1759 3438 Nec
1791 3368 1834 3435 C
1874 3400 1988 3439 non
2020 3381 2238 3438 mariti.
2272 3381 2435 3449 Quod
2465 3379 2680 3453 Joseph
2714 3381 2801 3436 vir
2828 3385 3072 3437 sanctus
3119 3385 3294 3453 atque
3323 3381 3531 3437 castis-

137 3471 420 3530 molestum
450 3472 658 3529 lectori
689 3472 786 3541 sit,
819 3472 868 3528 si
922 3488 1204 3528 nauseam
1233 3472 1361 3544 ejus
1392 3476 1448 3528 et
1475 3471 1760 3528 vomitum

136 3559 298 3633 legere
325 3559 735 3636 compellatur.
792 3560 1095 3617 Libentius
1154 3561 1485 3617 antidotum
1545 3560 1761 3616 Christi

140 3648 453 3722 bibet,cum
511 3648 731 3706 diaboli
788 3666 1009 3706 venena
1068 3649 1493 3723 praecesserint.
1554 3650 1764 3705 Audite

138 3739 415 3810 patienter,
447 3740 740 3814 virgines;
787 3740 1006 3809 audite,
1057 3756 1255 3812 quaeso
1306 3739 1765 3813 voluptuosissi-

140 3844 280 3886 mum
308 3829 799 3898 concionatorem,
832 3829 952 3885 imo
984 3829 1153 3902 quasi
1198 3830 1522 3886 sirenatum
1554 3834 1764 3885 cantus

141 3922 189 3975 et
214 3919 426 3978 fabulas
456 3920 664 3977 clausa
691 3936 832 3976 aure
878 3920 1142 3977 transite.
1176 3920 1415 3977 Vestras
1446 3920 1589 3976 ferte
1620 3936 1762 3993 pau-

142 4004 298 4081 lisper
323 4009 612 4082 injurias;
645 4013 844 4081 putate
874 4026 976 4065 vos
1008 4025 1143 4066 cum
1175 4006 1405 4066 Christo
1431 4010 1761 4078 cruciﬁxas,

144 4094 541 4157 Pharisaeorum
573 4099 777 4155 audire
804 4098 1206 4173 blasphemias
1222 4100 1263 4153 ³.

197 4188 245 4243 5.
272 4189 610 4246 Iovinianus.
646 4190 805 4245 Liber
829 4190 1242 4246 Deuteronomii
1268 4188 1367 4245 sub
1396 4190 1545 4246 Josia
1576 4205 1763 4262 reper-

138 4278 212 4333 tus
238 4279 293 4333 in
321 4280 538 4353 templo.
573 4309 643 4319 —-
672 4282 890 4346 Primo,
922 4278 1138 4352 inquit,
1171 4272 1283 4334 Dei
1305 4279 1598 4335 sententia
1652 4283 1762 4346 est,

138 4363 343 4440 PrOpter
364 4368 505 4441 quod
532 4368 772 4425 dimittet
810 4368 966 4424 homo
992 4372 1205 4441 patrem
1237 4373 1287 4425 et
1344 4376 1579 4425 matrem
1606 4384 1765 4424 suam

136 4457 178 4508 et
200 4455 475 4515 adherebit
503 4459 674 4514 uxori
695 4473 806 4516 sum
833 4467 885 4514 et
932 4462 1098 4514 erunt
1153 4458 1260 4515 duo
1316 4458 1377 4513 in
1435 4473 1604 4515 carne
1650 4475 1765 4514 una

134 4541 261 4613 (Gen.
291 4564 352 4619 ιι,
378 4549 469 4617 24,
502 4552 556 4605 et
581 4546 765 4604 Matth.
792 4565 913 4615 χιχ,
964 4549 1041 4621 5).
1075 4550 1153 4604 Ac
1214 4564 1286 4604 ne
1345 4548 1490 4605 forte
1543 4548 1765 4605 dicere-

134 4645 249 4691 mus
275 4634 379 4693 hoc
409 4636 700 4710 scriptum
732 4637 793 4692 in
818 4636 1001 4693 veteri
1049 4636 1448 4703 Testamento,
1490 4636 1703 4693 asserit
1731 4653 1765 4693 a

135 4722 346 4813 Domino
375 4742 610 4800 quoque
640 4725 900 4801 idipsum
932 4727 990 4783 in
1040 4726 1349 4800 Evangelia
1405 4726 1762 4783 conﬁrmari.
1792 4747 1840 4813 D

135 4809 261 4879 Quod
286 4815 418 4873 Deus
445 4817 762 4886 coniunxit,
792 4816 949 4873 homo
970 4832 1079 4874 non
1129 4824 1381 4890 separet:
1440 4816 1761 4888 statimque

133 4900 414 4974 subnectit,
449 4906 685 4963 Crescite
714 4909 767 4962 et
796 4906 1280 4980 multiplicamini,
1316 4913 1368 4963 et
1417 4907 1619 4979 replete
1651 4909 1758 4963 ter-

134 5004 237 5048 ram
262 4993 407 5065 (Gen.
442 5014 483 5069 1,
514 4999 651 5067 28);
702 5001 759 5054 et
788 5014 893 5070 per
946 4995 1216 5053 ordinem
1276 4994 1540 5069 replicat,
1597 4994 1758 5064 Seth,

196 5188 213 5267 ξ
238 5188 641 5267 Qasanatensis
672 5191 1076 5267 liber,vestigza
1100 5195 1494 5266 propositionis
1514 5196 1758 5267 exposita

144 5259 485 5341 ’I’Rursum
514 5259 931 5341 casanatensis
983 5259 1136 5322 liber
1186 5259 1471 5340 praeponit
1525 5259 1755 5341 epigra-

140 5329 287 5418 phﬁerfn
316 5338 927 5418 Diputatio_._louin_iani,

194 5404 214 5438 ⁸
247 5404 483 5465 Gravius
515 5407 716 5466 mallet
743 5404 1023 5467 Matusale.

196 5477 213 5508 ‘
238 5474 386 5536 Alias
415 5485 559 5537 erat.
594 5498 697 5538 nec
728 5483 896 5551 bene,
954 5498 1136 5538 semen
1190 5482 1513 5553 nuptiarum
1570 5482 1755 5539 dedita

142 5553 571 5635 Mra-perdebat,
604 5554 841 5635 Antiqui
876 5554 1273 5635 libri'xlnnam
1299 5570 1403 5635 pro
1423 5556 1604 5635 Quam
1641 5555 1753 5611 l‘re-

144 5623 379 5684 quentius
434 5623 702 5681 efferunt.
758 5623 938 5684 Recte
992 5623 1350 5682 Veronensis
1409 5625 1627 5681 Annam
1685 5643 1754 5681 ex

145 5658 379 5679 κυυηιιμδ
434 5658 702 5681 σμσιυιιι,
766 5658 938 5684 “suae;
1008 5658 1350 5682 VCIUUCHDID
1409 5658 1627 5681 alluqu
1685 5658 1752 5681 ελ

142 5658 497 5775 (fecundam
531 5701 588 5753 et
616 5697 769 5755 infra
800 5698 1026 5775 Chaber_
1049 5714 1153 5771 pro
1212 5696 1416 5775 Hagbcr-
1479 5729 1545 5739 -·
1606 5698 1752 5767 Qui“

144 5759 547 5842 fratri‘invidens
573 5785 772 5827 semen.
809 5774 871 5827 In
902 5759 1099 5826 codice
1128 5784 1242 5826 ms.
1277 5759 1751 5842 Sangermanen-

147 5832 185 5895 Ii
208 5832 475 5913 legimus:
509 5842 649 5917 Quia
675 5843 847 5921 fratri
876 5842 1153 5920 invidens,
1182 5832 1500 5902 sanctoer
1528 5844 1756 5917 nuptia-

1870 3473 2084 3539 simus,
2117 3477 2176 3527 et
2205 3487 2412 3527 omnes
2442 3469 2789 3543 patriarchae
2818 3485 3030 3526 uxores
3059 3469 3530 3542 habuerint,qui-

1871 3562 1980 3618 hus
2013 3559 2316 3634 aequaliter
2338 3576 2441 3633 per
2469 3558 2707 3632 Moysen
2737 3557 3047 3615 benedicat
3106 3563 3280 3617 Deus.
3308 3559 3527 3616 Judam

1873 3667 2108 3723 quoque
2134 3648 2426 3723 proponii,
2466 3654 2524 3705 et
2573 3648 2866 3704 Thamar:
2921 3653 2979 3705 et
3025 3648 3286 3704 occisum
3340 3646 3529 3704 Onam

1872 3740 2214 3815 perstringit
2241 3757 2274 3795 a
2299 3738 2567 3805 Domino,
2600 3739 2742 3810 quia
2772 3738 2935 3794 fratri
2979 3737 3248 3793 invidens
3304 3752 3528 3804 semen,

1873 3830 2213 3904 nuptiarum
2258 3845 2435 3901 opera
2462 3829 2486 3862 ‘
2534 3827 2833 3900 perdebat.
2884 3830 3118 3899 Moysen
3150 3824 3444 3899 proponit,
3473 3828 3539 3883 et

1871 3920 2060 3975 Maria:
2093 3917 2336 3991 lepram,
2371 3917 2532 3991 quae“
2562 3916 2724 3973 fratri
2794 3932 2899 3989 pro
2960 3930 3134 3971 uxore
3190 3913 3527 3984 detrahens,

1873 4008 2027 4065 illico
2050 4008 2152 4064 Dei
2186 4007 2403 4063 ultione
2435 4021 2714 4078 percussa
2743 4010 2851 4061 est.
2887 4004 3113 4060 Laudat
3168 4004 3445 4071 Samson“,
3472 4007 3533 4060 et

1872 4097 2142 4155 uxorium
2170 4096 2509 4153 Nazaraeum
2541 4094 2708 4150 miris
2739 4094 2909 4150 ati‘ert
2937 4093 3264 4166 praeconiis.
3299 4092 3535 4149 Debbo-

1873 4205 1996 4245 ram
2023 4203 2255 4260 quoque
2286 4184 2527 4259 replicat
2557 4189 2613 4239 et
2644 4182 2887 4252 Barach,
2924 4183 3080 4255 quod
3114 4184 3337 4255 absque
3359 4181 3536 4256 virgi-

1874 4277 2076 4334 nitatis
2108 4275 2276 4332 bonis
2307 4274 2566 4331 Sisaram
2597 4277 2655 4329 et
2681 4272 2877 4328 Jabim
2926 4276 2984 4329 et
3036 4288 3246 4329 currus
3306 4271 3526 4345 ferreos

1872 4365 2239 4423 debellarint.
2270 4363 2437 4421 Jahel
2478 4379 2719 4420 uxorem
2751 4362 2941 4419 Haber
2962 4361 3138 4436 Cynei
3180 4361 3414 4420 adducii
3470 4361 3533 4419 in

1875 4455 2165 4521 medium,
2200 4460 2258 4510 et
2286 4453 2419 4528 palo
2461 4457 2749 4509 armatam
2775 4451 3053 4524 praedicat
3083 4467 3352 4509 manum.
3375 4450 3535 4508 Inter

1872 4545 2081 4619 Jephte
2112 4548 2334 4618 patrem
2368 4547 2427 4599 et
2454 4540 2634 4599 ﬁliam
2664 4540 2973 4616 virginem,
3033 4558 3165 4614 quae
3224 4540 3530 4598 immolata

1874 4636 1952 4691 sit
1979 4633 2249 4698 Domino,
2284 4632 2429 4689 dicit
2455 4629 2679 4688 nullam
2720 4631 2903 4688 fuisse
2936 4630 3322 4699 distantiam;
3384 4628 3528 4702 quin

1874 4724 2071 4797 potius
2102 4724 2279 4780 {idem
2312 4723 2496 4795 putris
2525 4721 2757 4795 praefert
2781 4720 2991 4793 ei,quaa
3025 4736 3175 4776 caesa
3195 4719 3272 4775 sit
3293 4717 3524 4793 lugens.

1871 4813 2043 4870 Venit
2069 4813 2141 4869 ad
2173 4810 2409 4869 Samuel
2441 4810 2692 4867 alterum
2735 4809 3072 4867 Nazaraaum
3128 4806 3386 4877 Domini,
3417 4806 3521 4879 qui

1870 4903 1942 4960 ab
1961 4902 2226 4974 infantia
2256 4900 2515 4957 nutritus
2545 4900 2603 4955 in
2662 4897 3041 4956 tabernaculo
3071 4901 3243 4969 est,et
3270 4894 3520 4954 vestitus

1868 4994 2070 5051 Epnoo
2100 5010 2231 5062 san,
2264 4991 2420 5064 quod
2451 4990 2888 5062 interpretatur,
2920 4988 3163 5047 vestibus
3189 4988 3392 5044 lineis:
3432 4985 3522 5042 di-

1868 5209 1994 5249 rum
2022 5208 2187 5266 opera
2212 5190 2490 5266 perdebat.
2516 5193 2580 5266 In
2613 5205 2729 5245 uno
2762 5185 3523 5266 Gelbergtintepibliothecs,

1864 5257 2065 5321 semen‘
2084 5257 2425 5337 nuptiarum,
2444 5266 2501 5337 in
2534 5265 2681 5318 terra
2708 5260 2990 5333 fundebat.
3032 5258 3145 5315 Alii
3178 5258 3410 5337 codices
3440 5257 3523 5316 le-

1865 5341 2109 5410 gunt_ut
2140 5330 2246 5410 nos
2299 5336 2633 5410 edidimus:
2686 5330 2950 5410 nostram
3006 5330 3519 5410 ve_ro_ge_nuipam

1866 5398 1996 5465 Esse
2029 5407 2335 5464 lectionem
2368 5405 2601 5480 probari
2631 5409 2824 5480 potest
2854 5420 2922 5460 ex
2953 5398 3228 5460 contextu
3259 5402 3399 5463 LXX
3432 5398 3528 5480 In-

1864 5486 2211 5553 terpretum,
2236 5475 2386 5535 Gen.’
2409 5475 2669 5553 xxxvm}
2703 5476 2890 5553 Sciens
2922 5485 3106 5533 autem
3140 5475 3529 5553 Annam,quia

1862 5548 1977 5609 non
2001 5553 2111 5608 sibi
2139 5559 2258 5607 erat
2275 5565 2523 5607 semen...
2573 5548 2768 5675 equdit
2821 5565 2984 5621 super
3041 5554 3268 5616 terram,
3300 5551 3362 5604 ut
3415 5561 3528 5605 non

1862 5624 2016 5675 duret
2046 5640 2229 5675 semen
2261 5630 2421 5675 fratri
2452 5636 2571 5675 suo.
2649 5620 2924 5675 nvidebat
2956 5620 3139 5675 izitur
3173 5637 3372 5675 semen
3407 5620 3525 5675 fra-

1860 5624 2016 5680 duret
2046 5640 2229 5679 semen
2259 5630 2421 5694 fratri
2452 5636 2571 5675 suo.
2624 5620 2924 5676 Invidehat
2956 5620 3139 5691 igitur
3173 5637 3372 5677 semen
3407 5620 3525 5677 fra-

1862 5698 1956 5759 tri,
1990 5702 2047 5751 et
2077 5695 2206 5753 ideo
2238 5696 2578 5767 nuptiarum
2610 5709 2786 5766 opera
2820 5694 3121 5767 perdebat.
3154 5696 3445 5767 Maurum.

1931 5769 1952 5805 ⁸
1981 5767 2076 5825 Sic
2105 5763 2346 5845 corrigit
2373 5763 2621 5824 Vallars.
2649 5763 2665 5825 ξ
2697 5763 2943 5824 Martiali
2975 5782 3031 5841 v,
3064 5766 3137 5825 40
3183 5763 3361 5823 habet
3386 5764 3525 5839 quia

1859 5840 2024 5903 Ευιτ.
