3944 6392
457 443 578 506 22⁸1
1699 444 1761 506 S.
1794 435 2109 507 EUSEBII
2153 435 2624 504 HIERONYMI.
2827 479 2830 482 ~
3745 431 3892 498 928

454 576 652 649 citque
682 590 814 633 eum
848 573 999 631 filios
1029 589 1386 648 procreasse,
1421 591 1525 632 nec
1554 574 1970 632 sacerdotalem
2001 591 2105 646 pu-
2136 575 2186 640 Α
2220 572 2596 639 rhetoricum,
2622 575 2680 627 et
2709 570 2846 626 facit
2873 565 3287 641 apostrOpham
3318 564 3392 622 ad
3422 565 3735 639 virginem,
3773 565 3883 620 di-

455 664 718 722 dicitiam
748 664 950 720 uxoris.
990 664 1364 721 imminutam
1412 682 1540 722 esse
1568 663 1892 737 complexu.
1950 664 2104 719 Booz
2211 677 2382 718 cens:
2418 686 2445 712 ‹‹
2478 662 2603 717 Νοιι
2654 659 2758 715 tibi
2817 659 2984 725 facio,
3042 659 3228 730 virgo,
3256 655 3572 728 injuriam:
3633 653 3882 727 elegisti

453 770 587 810 cum
620 771 730 810 sua
762 753 947 809 Ruth1
979 752 1039 809 in
1071 771 1204 810 area
1234 753 1496 819 collocat,
1525 759 1582 810 et
1636 755 1822 820 Jesse,
1875 770 1940 808 ac
1989 753 2099 808 Da-
2211 750 2554 822 pudicitiam
2583 753 2821 822 propter
2858 752 3202 820 praesentem
3259 742 3667 800 necessitatem
3696 761 3709 799 :
3746 743 3881 817 plac

449 842 542 897 vid
577 843 730 900 24-!
765 843 897 898 inde
928 844 1216 914 producit.
1250 844 1448 916 Ipsum
1481 860 1712 915 quoque
1759 842 1936 898 David
1996 842 2100 896 du-

449 930 634 987 centis
664 931 1020 1004 praeputiis',
1050 931 1225 987 etiam
1258 949 1392 987 cum
1421 933 1550 988 vita:
1593 931 1848 1003 periculo
1866 932 1908 985 ³.
1943 930 2098 1002 regis

449 1019 581 1074 ﬁliis
615 1019 896 1092 quaesisse
925 1020 1292 1076 concubitus.
1319 1020 1466 1086 Quid
1500 1020 1691 1076 dicam
1731 1020 1802 1075 de
1834 1019 2095 1075 Salomo-

449 1124 542 1175 ne,
575 1123 750 1180 quem
776 1124 998 1180 ponens
1021 1109 1078 1163 in
1111 1107 1371 1181 catalogo
1402 1108 2093 1180 maritorum,imaginem

448 1198 656 1253 asserit
687 1196 1001 1252 Salvatoris
1021 1197 1049 1251 ‘I
1076 1201 1133 1252 et
1153 1198 1242 1252 de'
1267 1197 1366 1254 illo
1425 1197 1548 1253 vult
1577 1213 1708 1254 esse
1766 1197 2052 1269 scriptum
2077 1213 2090 1252 :

445 1289 596 1340 Deus
609 1285 888 1356 judicium
907 1289 1068 1340 tuum
1100 1288 1220 1357 regi
1259 1285 1348 1355 da,
1381 1290 1432 1342 et
1461 1287 1743 1358 justitiam
1774 1293 1925 1341 tuam
1978 1285 2096 1357 filio

446 1375 608 1445 regis.
643 1374 733 1442 Et,
775 1374 1006 1430 Dabitur
1034 1376 1088 1430 ei
1141 1374 1206 1429 de
1264 1391 1399 1431 auro
1453 1375 1694 1442 Arabiae,
1756 1383 1806 1429 et
1862 1374 2094 1430 orabunt

437 1479 538 1533 pro
566 1478 630 1518 eo
659 1479 888 1535 semper.
923 1465 1000 1518 Ac
1041 1471 1279 1536 repente
1314 1463 1679 1520 transcendit
1717 1463 1789 1518 ad
1820 1461 2003 1518 Eliam
2038 1468 2095 1518 et

442 1550 751 1619 Eliseaum,
786 1555 843 1608 et
868 1557 1068 1607 narrat
1097 1552 1266 1622 quasi
1299 1552 1519 1624 grande
1535 1551 1903 1624 mysterium,
1937 1553 2090 1624 quod

437 1639 787 1712 requieverit
819 1638 1064 1711 spiritus
1094 1638 1228 1694 Elia:
1259 1639 1318 1694 in
1351 1639 1559 1695 Elissae
1587 1657 1600 1695 :
1635 1644 1690 1694 et
1719 1656 1824 1693 cur
1860 1637 1968 1693 hoc
2003 1638 2090 1692 di-

438 1727 607 1796 xerit,
641 1731 832 1783 tacet:
872 1726 983 1782 nisi
1019 1727 1166 1782 forte
1194 1727 1380 1784 Eliam
1423 1744 1657 1800 quoque
1703 1732 1759 1783 et
1817 1728 2086 1783 Elisaeum

439 1815 719 1872 habuisse
747 1815 1065 1872 arbitretur
1096 1833 1322 1872 uxores.
1357 1816 1594 1872 Transit
1621 1817 1693 1872 ad
1743 1815 2044 1872 Ezechiam
2071 1833 2083 1844 ·

439 1908 497 1960 et
525 1920 660 1962 cum
692 1905 752 1960 in
775 1907 904 1976 ejus
935 1905 1210 1962 laudibus
1232 1905 1796 1975 immoretur,miror
1814 1922 1919 1960 cur
1939 1904 2082 1960 obli-

440 1999 536 2050 tus
561 1993 640 2050 sit
667 1993 859 2050 dicere
884 2011 897 2050 :
932 1996 1131 2051 Amodo
1158 1995 1305 2067 ﬁlios
1326 1996 1540 2065 faciam
1571 1997 1698 2066 (lsa.
1731 2010 1942 2063 xxxm,
1967 2011 2080 2049 sec.

436 2083 602 2154 LXX).
634 2082 857 2141 Josiam
888 2083 1518 2154 virumjustissimum,
1553 2085 1664 2140 sub
1695 2101 1808 2156 quo
1842 2083 1901 2139 in
1921 2088 2083 2139 Tem-

438 2172 533 2244 plo
573 2172 1007 2229 Deuteronomii
1065 2172 1214 2228 liber
1273 2177 1539 2244 repertus
1595 2178 1704 2236 est,
1765 2172 1837 2229 ab
1900 2171 2082 2228 Holda

438 2275 614 2316 uxore
643 2259 863 2317 Selium
895 2261 1248 2317 instructum
1296 2261 1499 2317 refert.
1536 2260 1730 2317 Daniel
1764 2265 2082 2332 quoque,et

436 2354 555 2406 tres
583 2365 796 2421 pueros
827 2349 981 2406 inter
1010 2349 1253 2406 maritos
1285 2350 1446 2422 ponit
1478 2351 1583 2421 [ΑΙ.
1603 2350 1987 2416 numerat].Et
2008 2349 2077 2405 ad

434 2436 811 2511 Evangelium
846 2444 1082 2511 repente
1115 2439 1552 2506 transcendens,
1600 2439 1961 2506 Zachariam,
2023 2444 2081 2494 et

432 2526 750 2595 Elisabeth,
785 2527 1020 2584 Petrum
1052 2528 1238 2600 ponit,
1270 2532 1327 2584 et
1356 2543 1587 2585 socrum
1619 2529 1768 2598 ejus,
1821 2533 2083 2583 caeteros-

434 2633 547 2687 que
577 2615 892 2688 apostolos.
919 2617 988 2671 Et
1022 2622 1448 2688 consequenter
1477 2616 1652 2674 infert
1691 2618 1926 2672 dicens:
1964 2639 1992 2666 ει
2023 2615 2082 2671 Si

437 2709 633 2760 autem
662 2703 954 2761 voluerint
998 2721 1299 2761 assumere
1354 2722 1562 2760 vanam
1622 2705 2079 2772 defensionem‘,

441 2798 500 2848 et
530 2793 1024 2865 obtendere,quod
1057 2793 1492 2850 rudismundus
1515 2794 1738 2866 eguerit
1762 2793 2084 2850 incremen-

437 2887 521 2946 to,
553 2880 795 2937 audiant
823 2881 1069 2938 Paulum
1096 2885 1428 2954 loquentem
1450 2903 1469 2938 :
1514 2883 1967 2939 Adolescentiores
1995 2884 2083 2938 vi-

439 2971 573 3026 duas
601 2971 723 3027 volo
747 2971 1126 3042 nubere,ﬁlios
1151 2988 1447 3044 procreare
1467 2973 1489 3006 ³
1527 2973 1572 3040 (ι
1602 2973 1732 3028 Tim.
1763 2989 1820 3039 ν,
1850 2972 1960 3044 lt).
1995 2973 2082 3028 Et.

439 3061 793 3117 Honorabiles
824 3063 1054 3132 nuptiw,
1087 3065 1139 3115 et
1193 3061 1373 3116 cubile
1428 3061 1844 3117 immaculatum
1901 3061 2079 3131 (Hebr.

435 3165 562 3218 nu,
619 3150 694 3218 ll).
756 3149 840 3217 Et,
898 3148 1096 3205 Mulier
1141 3150 1383 3221 alligata
1458 3159 1537 3206 est
1620 3152 1758 3221 viro,
1841 3150 2087 3222 quandiu

439 3241 576 3295 vivit
602 3241 690 3295 vir
725 3239 861 3310 ejus.
896 3239 957 3294 Si
982 3243 1166 3295 autem
1220 3249 1468 3296 mortuus
1523 3241 1716 3311 fuerit,
1775 3240 1944 3295 nubat
1996 3241 2089 3295 cui

432 3330 575 3394 vult,
609 3332 826 3383 tantum
852 3327 910 3383 in
942 3329 1171 3384 Domino
1199 3331 1250 3398 (I
1277 3329 1396 3385 Cor.
1450 3347 1551 3395 vn,
1600 3331 1712 3400 39).
1773 3331 1863 3397 Et,
1914 3329 2086 3385 Adam
2117 3315 2159 3381 C

436 3433 547 3472 non
601 3425 679 3472 est
740 3415 990 3472 seductus
1013 3435 1031 3470 :
1083 3418 1286 3472 mulier
1359 3422 1538 3474 autem
1622 3419 1862 3484 seducta,
1937 3421 2084 3490 facta

435 3514 513 3562 est
543 3508 600 3560 in
629 3507 1159 3577 praevaricationem.
1189 3507 1354 3562 Salva
1387 3512 1567 3562 autem
1604 3508 1696 3577 fiet
1713 3524 1816 3580 per
1841 3508 2083 3578 filiorum

435 3596 837 3666 generationem
865 3596 916 3648 si
961 3598 1325 3663 permanserit
1383 3597 1443 3650 in
1496 3596 1602 3666 fide
1658 3600 1709 3650 et
1774 3596 2079 3652 dilectione.

435 3688 488 3740 et
515 3685 946 3754 sanctiﬁcatione
971 3701 1094 3739 cum
1123 3685 1416 3740 sobrietate
1445 3684 1491 3755 (l
1521 3685 1652 3739 Tim.
1678 3702 1741 3750 ιι,
1789 3687 1890 3756 14).
1950 3687 2081 3742 Cer-

437 3779 495 3831 te
553 3777 744 3829 cessat
798 3773 894 3828 hic
951 3771 1096 3828 illud
1151 3773 1556 3845 apostolicum,
1611 3776 1674 3829 Et
1731 3777 1829 3847 qui
1885 3775 2082 3830 habent

437 3862 746 3930 uxores,sic
767 3863 882 3917 sint
908 3864 1066 3933 quasi
1092 3879 1203 3918 non
1231 3863 1462 3918 habeant
1489 3881 1502 3930 ;
1536 3863 1649 3918 nisi
1687 3863 1830 3920 forte
1854 3864 2078 3931 dicetis,

437 3954 739 4023 propterea
770 3951 896 4006 vult
926 3967 1025 4006 eas
1057 3952 1294 4019 nubere,
1328 3953 1469 4025 quia
1490 3953 1614 4024 jam
1646 3953 1911 4025 quaedam
1945 3970 2080 4009 con-

435 4055 615 4115 verse
644 4044 783 4095 sunt
814 4043 966 4095 retro
996 4045 1127 4112 post
1156 4041 1468 4096 Satanam:
1515 4042 1683 4114 quasi
1739 4058 1806 4097 ex
1844 4042 2080 4115 virgini-

437 4129 549 4184 bus
581 4127 744 4185 nulla
772 4129 962 4196 cadat,
993 4134 1050 4185 et
1072 4147 1186 4186 non
1219 4130 1294 4187 sit
1335 4147 1536 4186 earum
1571 4132 1759 4202 major
1779 4131 1968 4187 ruina.
2003 4131 2083 4186 Ex

437 4235 553 4291 quo
583 4213 964 4274 manifestum
989 4224 1078 4275 est
1105 4236 1206 4276 vos
1254 4219 1704 4276 Manichaeorum
1749 4220 1961 4292 dogma
1993 4237 2082 4276 se-

437 4306 602 4374 ctari,
635 4306 1070 4380 prohibentium
1123 4309 1363 4377 nubere,
1410 4313 1468 4364 et
1522 4309 1675 4365 vesci
1736 4309 1901 4376 cibis,
1936 4325 2084 4381 quos

436 4401 590 4452 Deus
620 4395 832 4452 creavit
861 4397 933 4454 ad
966 4398 1272 4466 utendum,
1292 4397 1705 4454 cauteriatam‘
1737 4397 2082 4454 habentium

437 4485 938 4543 conscientiam.»
987 4488 1057 4543 Et
1111 4492 1246 4560 post
1302 4488 1454 4544 245
1507 4487 1711 4554 multa,
1768 4505 1894 4560 quas
1927 4504 2082 4543 nunc

436 4575 691 4632 otiosum
723 4579 810 4632 est
846 4575 1154 4646 revolvere,
1186 4577 1406 4633 excutit
1453 4593 1515 4632 se
1545 4577 1712 4650 quasi
1773 4578 1831 4632 in
1889 4576 2078 4633 locum

508 4777 523 4810 ¹
555 4775 619 4831 In
652 4775 784 4832 aliis
813 4775 981 4832 libris
1001 4793 1126 4831 cum
1153 4791 1310 4832 serva
1340 4775 1498 4830 Ruth.

505 4848 527 4882 ¹
556 4848 1160 4919 Ducentispraeputiis.
1196 4846 1364 4903 Falso
1396 4847 1453 4901 in
1512 4845 1685 4901 editis
1743 4847 1968 4903 Erasm.
2028 4853 2084 4904 et

435 4918 678 5002 Marian.
737 4915 990 5002 legimus
1019 4928 1238 4974 centum
1263 4919 1721 5002 praeputiis,cum
1746 4919 1963 5002 fuerint
1983 4921 2086 4976 du-

436 4991 1021 5072 centprumyirorum
1054 4991 1771 5072 praeputiaannumerata.‘
1797 4993 2080 5072 M_ARTI_AN.

507 5063 528 5096 ³
561 5063 624 5117 In
656 5061 849 5118 tribus
884 5061 1097 5118 nostris
1128 5077 1270 5117 mss.
1301 5064 1468 5116 etiam
1503 5078 1626 5116 cum
1649 5063 1916 5133 periculo,
1950 5065 2083 5120 abs-

483 5148 554 5187 ue
574 5135 720 5188 vitm.

483 5149 554 5187 ue
574 5149 720 5188 vim.

441 5149 477 5286 q-
508 5203 540 5286 ξ
561 5203 963 5286 Cisterciensis
987 5203 1104 5261 sive
1132 5204 1190 5260 S.
1225 5203 1426 5260 Crucis
1457 5221 1592 5272 ms.,
1625 5221 1899 5262 assumere
1920 5223 2087 5262 unam

437 5274 825 5331 defensionem.

557 5345 749 5417 Verba
775 5347 919 5417 ﬁlios
950 5364 1235 5406 arosreare
1267 5349 1322 5404 in
1357 5346 1518 5404 nullo
1548 5364 1578 5403 e
1626 5347 1842 5404 nostris
1873 5349 2084 5404 codici-

439 5415 884 5492 bu‘shabentur,
918 5420 1414 5490 quemadmodum
1447 5424 1503 5475 et
1533 5420 1647 5476 duo
1680 5419 1796 5475 alia
1841 5423 1931 5476 vir
1948 5422 2083 5492 ejus.

510 5490 531 5523 ⁸
564 5487 851 5564 l’erdita'n
881 5487 1089 5564 nempe
1115 5508 1185 5564 ac
1210 5493 1608 5564 depravatam.
1654 5494 1899 5564 sumpta
1955 5487 2086 5564 sen-

441 5559 626 5634 tentia
654 5577 721 5616 ex
751 5561 934 5634 Epist.
969 5562 989 5615 Ι
1020 5559 1092 5617 ad
1126 5559 1388 5632 Timfiv,
1420 5565 1470 5632 l,
1515 5563 1613 5634 ubi
1647 5563 1718 5619 ad
1777 5559 1973 5620 servos
2005 5563 2086 5618 al-

439 5631 667 5706 luditur
696 5631 988 5706 qui—noxae
1021 5635 1266 5690 convicti
1296 5631 1564 5691 candenti
1597 5634 1746 5690 ferro
1782 5635 2090 5692 inureban-

441 5709 556 5760 tur.
591 5703 752 5779 Unde
780 5707 1302 5779 κεκαυῖῃριασμένον
1325 5706 1675 5779 transfertur
1694 5706 1779 5779 ad
1801 5707 2089 5763 nefarium

440 5775 778 5860 quempiam
807 5775 1286 5852 signiﬁcandum.
1319 5778 1378 5838 S.
1415 5779 1688 5848 Irenaus,
1719 5776 1824 5836 lib.
1877 5795 1916 5854 1,
1949 5795 2000 5837 c.
2031 5780 2087 5852 9,

2207 838 2328 894 cuit
2357 839 2482 904 tibi,
2517 843 2581 893 ut
2612 839 2695 892 sis
2725 848 2926 892 sancta
2956 852 3192 908 corpore
3221 839 3278 889 et
3308 831 3555 906 spiritu:
3620 847 3694 888 ne
3760 849 3876 889 su-

2207 927 2476 999 perbiae:
2511 926 2774 996 ejusdem
2806 923 3073 980 Ecclesiae
3117 925 3452 978 membrum
3481 937 3565 989 es,
3598 923 3775 992 cujus
3810 927 3876 978 et

2207 1019 2404 1087 nuptae
2436 1016 2633 1071 sunt".
2670 1037 2697 1062 ››

2273 1107 2327 1158 6.
2361 1106 2749 1175 Hieronymus.
2775 1135 2841 1142 —-
2870 1103 3099 1158 Nimius
3131 1103 3376 1159 fortasse
3425 1104 3635 1161 fuerim
3669 1104 3730 1160 in
3760 1121 3871 1160 ex-

2204 1193 2490 1266 positione
2523 1193 2992 1266 propositionum
3026 1193 3173 1264 ejus,
3206 1197 3264 1248 et
3293 1191 3520 1265 legendi
3552 1193 3868 1250 fastidium

2202 1282 2437 1338 fecerim
2463 1301 2476 1350 ;
2505 1281 2605 1338 sed
2633 1280 2774 1337 utile
2794 1286 2958 1337 ratus
2980 1297 3112 1336 sum
3138 1285 3348 1336 cuncta
3367 1281 3675 1338 molimina
3703 1283 3867 1354 ejus,

2202 1371 2369 1443 quasi
2402 1371 2749 1427 instructam
2781 1369 2964 1426 aciem
2993 1373 3195 1425 contra
3226 1385 3318 1425 me
3343 1375 3643 1442 ponere,et
3661 1375 3867 1427 totum

2203 1459 2477 1516 hostilem
2509 1459 2825 1515 exercitum
2857 1476 2990 1514 cum
3023 1457 3146 1513 suis
3203 1458 3418 1514 turmis
3475 1476 3541 1514 ac
3598 1460 3867 1516 ducibus

2199 1564 2572 1621 congregare,
2607 1565 2679 1604 ne
2708 1553 2839 1620 post
2886 1548 3136 1620 primam
3169 1546 3496 1616 victoriam,
3530 1548 3646 1604 alia
3704 1549 3866 1605 mihi

2199 1637 2473 1709 deinceps
2503 1636 2702 1710 praelia
2730 1642 3128 1692 nascerentur.
3163 1636 3349 1708 Igitur
3386 1653 3501 1692 non
3556 1637 3866 1693 dimicabo

2199 1730 2401 1781 contra
2431 1726 2717 1799 singulos,
2753 1741 2858 1780 nec
2891 1741 3210 1797 paucorum
3261 1740 3359 1780 ero
3410 1726 3662 1797 passim‘I
3711 1743 3863 1782 con-

2198 1815 2496 1886 gressione
2526 1820 2872 1870 contentus:
2899 1819 3017 1870 toto
3049 1815 3390 1870 certandum
3450 1819 3539 1870 est
3590 1816 3862 1887 agmine,

2197 1911 2252 1960 et
2285 1905 2652 1976 incompositi
2684 1904 2944 1959 hostium
2978 1904 3167 1967 cunei,
3220 1921 3284 1959 ac
3347 1904 3636 1960 latrocinii
3684 1920 3861 1961 more

2194 1992 2544 2066 pugnantes,
2581 1993 2865 2048 instructa
2895 1998 2952 2047 et
2998 1993 3268 2048 ordinata
3322 1993 3444 2048 acie
3501 1991 3856 2065 repellendi.

2195 2081 2498 2154 Opponam
2527 2082 2584 2137 in
2618 2081 2808 2154 prima
2849 2083 3034 2136 lronte
3083 2081 3412 2152 apostolum
3461 2081 3732 2149 Paulum,
3794 2087 3858 2139 et

2193 2172 2359 2243 quasi
2410 2170 2796 2226 fortissimum
2829 2171 3060 2238 ducem,
3095 2171 3220 2226 suis
3251 2170 3402 2242 telis,
3437 2171 3494 2226 id
3547 2175 3657 2238 est,
3721 2171 3854 2227 suis

2193 2260 2434 2318 armabo
2461 2259 2789 2316 sententiis.
2825 2259 3271 2315 Sciscitantibus
3301 2259 3457 2316 enim
3507 2276 3682 2332 super
3740 2261 3852 2316 hac

2193 2349 2516 2421 quaestione
2545 2347 2882 2416 Corinthiis,
2918 2348 3255 2420 plenissime
3288 2349 3589 2420 respondit
3635 2349 3854 2405 doctor

2193 2439 2479 2512 gentium,
2511 2443 2567 2493 et
2616 2437 2895 2510 magister
2951 2436 3236 2493 Ecclesiae.
3287 2437 3582 2509 Quidquid
3641 2443 3848 2494 autem

2193 2528 2481 2593 statuerit,
2515 2527 2624 2582 hoc
2656 2525 2868 2582 Christi
2901 2525 2959 2580 in
2992 2543 3057 2581 eo
3107 2525 3420 2598 loquentis,
3453 2525 3641 2599 legem
3673 2531 3849 2598 pute-

2194 2633 2346 2670 mus.
2382 2615 2686 2687 Simulque
2737 2632 2808 2670 ne
2860 2614 3090 2670 lectoris
3146 2615 3321 2670 tacita
3367 2615 3639 2687 cogitatio
3700 2632 3848 2672 cum

2193 2704 2540 2777 cmperimus
2572 2704 2824 2777 singula,
2857 2720 2983 2776 quae
3016 2706 3317 2776 proposita
3373 2709 3532 2772 sunt,
3591 2703 3848 2773 diluere,

2194 2811 2424 2866 semper
2452 2795 2522 2849 ad
2558 2792 2897 2866 Apostolum
2932 2809 2994 2849 se
3025 2798 3295 2861 reservet,
3339 2798 3396 2848 et
3454 2793 3650 2849 studio
3702 2793 3855 2851 vali-

2195 2883 2573 2939 dissimarum
2607 2882 3018 2954 questionum,
3054 2883 3247 2954 priora
3278 2880 3613 2955 negligens9
3644 2881 3716 2937 ad
3752 2898 3852 2938 ex-

2197 2976 2382 3028 trema
2412 2973 2662 3028 festinet.

2264 3063 2319 3116 τ.
2348 3062 2501 3119 Nihil
2529 3062 2664 3116 bono
2709 3063 3066 3126 contrarium,
3117 3063 3229 3116 nisi
3291 3061 3524 3116 malum.
3589 3062 3854 3116 Exterior
3908 3136 3912 3138 Π

2196 3153 2350 3207 homo
2380 3153 2684 3223 corruptus.
2729 3182 2792 3191 —
2829 3152 2847 3204 Ι
2857 3155 2984 3206 nter
3012 3155 3215 3205 caetera
3241 3149 3524 3206 Corinthii
3557 3166 3660 3223 per
3688 3150 3852 3207 litte-

2199 3258 2293 3297 ras
2323 3240 2695 3312 qumsierant,
2725 3244 2921 3296 utrum
2955 3244 3086 3311 post
3123 3239 3299 3295 ﬁdem
3329 3238 3545 3295 Christi
3605 3237 3851 3296 cmlibes

2195 3347 2323 3386 esse
2353 3331 2648 3396 deberent,
2681 3334 2736 3384 et
2761 3327 3126 3384 continentiae
3159 3344 3337 3384 causa
3366 3344 3513 3399 quas
3545 3326 3850 3384 habebant

2195 3436 2402 3475 uxores
2434 3419 2750 3488 dimittere,
2784 3435 2855 3473 an
2890 3417 2938 3473 si
2974 3417 3228 3489 virgines
3277 3417 3684 3483 credidissent,
3739 3417 3848 3473 ini-

2196 3513 2321 3563 rent
2353 3509 2458 3578 [ΑΙ.
2503 3507 2669 3580 inire]
2730 3506 3152 3561 matrimonia?
3206 3505 3270 3560 Et
3326 3522 3459 3560 cum
3519 3521 3550 3560 e
3607 3505 3848 3561 duobus

2193 3597 2464 3663 ethnicis,
2500 3613 2653 3651 unus
2681 3595 3024 3651 credidisset
3065 3596 3122 3650 in
3155 3595 3472 3660 Christum,
3497 3599 3848 3653 utrumnam

2195 3687 2436 3742 credens
2468 3684 2778 3758 reliqueret
2810 3702 2924 3740 non
2978 3685 3308 3748 credentem
3331 3685 3359 3739 ?
3387 3685 3457 3740 Et
3515 3685 3562 3740 si
3622 3692 3849 3753 essent,

2196 3776 2472 3830 ducendae
2503 3773 3095 3842 uxores,Christianas
3116 3779 3347 3830 tantum
3380 3773 3562 3846 accipi
3581 3774 3849 3846 juberet,

2198 3883 2272 3922 an
2303 3869 2359 3921 et
2389 3865 2654 3921 ethnicas
2677 3865 3028 3920 ?Videamus
3060 3864 3238 3937 igitur
3263 3864 3401 3937 quid
3435 3865 3507 3920 ad
3542 3864 3663 3920 haec
3692 3865 3851 3921 Pau-

2201 3954 2291 4010 lus
2326 3954 2720 4028 rescripserit:
2753 3955 2828 4009 De
2856 3954 2940 4009 his
2968 3958 3156 4010 autem
3185 3970 3304 4026 qua:
3358 3955 3660 4025 scripsistis
3700 3955 3848 4011 mihi

2199 4047 2399 4100 bonum
2419 4045 2516 4116 zest
2545 4043 2759 4099 homini
2785 4045 3074 4100 mulierem
3102 4059 3211 4099 non
3259 4052 3498 4114 tangere.
3561 4046 3850 4115 Propter"0

2190 4135 2616 4204 fornicationem
2646 4141 2827 4188 autem
2855 4134 3230 4204 unusquisque
3264 4148 3493 4188 uxorem
3541 4149 3702 4188 suam
3749 4133 3849 4190 ha-

2195 4224 2332 4286 beat,
2365 4227 2414 4277 et
2446 4236 2791 4292 unaquaeque
2821 4223 3003 4276 virum
3037 4238 3199 4277 suum
3256 4221 3469 4277 habeat.
3532 4223 3701 4279 Uxori
3757 4225 3849 4278 vir

2193 4311 2434 4368 debitum
2463 4311 2617 4367 240
2647 4310 2856 4377 reddat,
2878 4311 3138 4367 similiter
3184 4320 3242 4366 et
3302 4327 3447 4366 uxor
3500 4313 3638 4367 viro.
3696 4313 3848 4369 Uxor

2193 4402 2414 4472 proprii
2442 4401 2680 4472 corporis
2709 4415 2819 4455 non
2847 4399 3003 4454 habet
3027 4403 3366 4471 potestatem,
3397 4400 3488 4456 sed
3517 4402 3623 4456 vir.
3673 4400 3847 4456 Simi-

2198 4491 2322 4546 liter
2351 4493 2399 4544 et
2427 4491 2514 4544 vir
2566 4489 2815 4560 corporis
2867 4489 2959 4544 sui
3009 4504 3117 4544 non
3177 4488 3334 4544 habet
3384 4491 3721 4560 potestatem,
3752 4489 3848 4546 sed

2194 4596 2353 4635 uror.
2387 4579 2563 4635 Nolite
2591 4577 2860 4649 fraudare
2902 4579 3154 4642 invicem,
3204 4579 3318 4633 nisi
3349 4579 3490 4649 forte
3534 4577 3604 4633 ad
3635 4582 3848 4650 tempus

2193 4777 2440 4834 feminas
2489 4794 2522 4832 a
2561 4775 2937 4848 Marcesianis
2994 4777 3320 4848 deceptas,
3350 4772 3568 4840 αἵτινες,
3629 4774 3847 4846 inquit,

2193 4846 2715 4922 κεκαυστηριαᾳμέναι
2745 4847 2842 4922 τῂν
2888 4843 3230 4922 ,συνείδηᾶιψ
3272 4843 3633 4922 ’ϐαμιενίαιαδ
3679 4843 3847 4922 *σξηλε-

2192 4917 2942 4993 cientias'habentes._Paulo
2977 4924 3107 4992 post
3163 4936 3266 4993 pro
3307 4921 3540 4975 otiosum
3594 4917 3842 4990 quidam

2195 5009 2338 5048 mss.
2372 4992 2616 5047 odiosum
2647 4991 2862 5046 habent.

2264 5065 2283 5098 ⁷
2308 5065 2520 5118 Subdit
2548 5061 2958 5119 Casanatensis
2987 5065 3056 5118 de
3100 5079 3295 5118 more:
3341 5063 3494 5118 Finis
3547 5061 3848 5134 disputatio

2191 5137 2489 5193 Joviniani.

2265 5208 2286 5241 ⁸
2316 5206 2508 5263 Mallet
2536 5205 2780 5261 Gravius
2820 5207 3036 5276 passiva
3093 5207 3489 5276 congressione,
3551 5221 3655 5277 pro
3709 5222 3846 5278 pas-

2195 5281 2322 5344 sim,
2349 5283 2457 5334 etc.

2207 5402 2218 5426 ,
2267 5347 2728 5426 ‘_’_Casanatens_is
2755 5351 2944 5421 priora
2968 5364 3075 5403 non
3100 5351 3310 5426 legens,
3329 5349 3398 5404 ad
3426 5353 3696 5426 extrema,
3730 5353 3844 5404 etc.

2269 5422 2311 5456 ³ο
2340 5426 2501 5496 Mss.,
2544 5420 2798 5496 plurium
2855 5436 3105 5496 numero
3157 5423 3377 5496 prapter
3429 5422 3842 5496 fornicationes.

2197 5494 2400 5553 Graec.,
2423 5493 2518 5553 τὰς
2543 5491 2817 5564 Ξτορνεέας.
2850 5492 3061 5563 Sicque
3095 5491 3268 5547 infra;
3293 5491 3440 5561 MOX,
3492 5494 3577 5547 vir
3603 5494 3846 5564 corporis
3933 5502 3936 5511 ‘

2196 5568 2303 5634 sui,
2350 5566 2569 5636 absque
2626 5564 2832 5620 vocula
2883 5566 3134 5636 proprii:
3197 5565 3434 5636 insuper
3491 5569 3547 5620 et
3586 5564 3845 5636 verbum

2199 5634 2543 5694 revertimini
2566 5653 2702 5710 ‘non
2737 5634 3061 5708 agnoscunt
3080 5634 3376 5708 bic,atqu_e
3405 5634 3847 5710 infra.Denique

2198 5711 2306 5784 Ego
2333 5717 2517 5767 autem
2545 5707 2683 5779 dico,
2720 5707 2846 5782 pro,
2877 5711 2995 5766 Hoc
3023 5715 3224 5779 autem,
3269 5707 3376 5766 etc.
