3944 6396
137 429 234 501 929
1191 434 1607 508 ADVERSUS
1650 435 2139 510 JOVINIANUM
2183 442 2336 508 L'IB.
2379 440 2429 508 l.

3394 446 3518 517 230

135 589 194 630 ex
239 585 516 638 consensu,
544 573 614 629 ut
659 571 858 631 vacetis
907 576 1169 632 orationi.
1213 578 1277 634 Et
1330 579 1536 636 iterum
1564 580 1639 635 ad
1669 579 1751 636 id-
1782 579 1840 648 Α
1868 579 2053 651 canis,
2101 595 2172 635 ne
2219 577 2505 652 paulatim
2553 580 2715 636 virus
2761 584 3038 654 serperet,
3072 581 3316 656 pallium
3358 588 3514 658 quod

137 667 297 738 ipsum
349 663 718 730 revertimini,
763 679 833 721 ne
884 668 1048 722 tentet
1098 683 1189 724 vos
1246 668 1504 737 Satanas,
1535 679 1759 742 propter

136 756 569 814 incontinentiam
627 761 888 812 vestram.
923 759 1040 812 Hoc
1093 766 1276 814 autem
1308 757 1432 815 dico
1465 759 1638 830 juxta
1667 761 1756 815 in-

133 847 467 920 dulgentiam,
501 861 615 901 non
635 844 805 916 juxta
837 847 1151 918 imperium.
1190 847 1317 904 Volo
1359 852 1544 904 autem
1571 865 1759 905 omnes

134 937 351 993 homines
370 950 486 992 esse
515 938 579 990 ut
606 949 693 990 me
711 935 929 1006 ipsum;
950 934 1042 991 sed
1069 938 1443 1010 unusquisque
1467 938 1759 1010 proprium

133 1026 312 1083 donum
338 1025 493 1081 habet
517 1040 592 1080 ea:
622 1024 748 1089 Deo,
780 1023 928 1079 alius
981 1023 1200 1096 quidem
1236 1027 1336 1093 sic,
1368 1026 1516 1081 alius
1574 1029 1759 1081 autem

136 1118 221 1172 sic.
252 1117 366 1172 Dico
393 1116 582 1170 autem
630 1114 876 1185 innuptis
906 1117 962 1168 et
1004 1113 1207 1180 viduis,
1241 1113 1445 1170 bonum
1474 1118 1553 1170 est
1581 1116 1678 1181 eis,
1709 1117 1760 1170 si

133 1206 204 1260 sic
222 1203 622 1278 permanserint
650 1205 709 1257 ut
761 1217 879 1273 ego.
914 1201 975 1258 Si
1002 1209 1181 1258 autem
1211 1218 1268 1259 se
1295 1219 1409 1259 non
1452 1205 1756 1268 continent,

133 1295 336 1351 nubant.
367 1293 560 1349 Melius
616 1299 701 1347 est
751 1292 899 1347 enim
935 1291 1163 1358 nubere,
1213 1309 1380 1364 quam
1435 1294 1530 1348 uri
1558 1293 1606 1364 (I
1631 1294 1755 1350 Cor.

133 1399 217 1452 vn,
247 1383 268 1438 Ι
293 1381 482 1455 scqq.).
509 1381 890 1437 Revertamur
915 1380 989 1436 ad
1020 1385 1196 1454 caput
1250 1381 1573 1438 testimonii
1605 1397 1618 1438 :
1655 1382 1758 1438 Bo-

133 1489 246 1528 num
272 1475 365 1540 est,
412 1469 628 1543 inquit,
659 1470 873 1526 homini
915 1471 1215 1528 mulierem
1259 1487 1371 1528 non
1427 1480 1666 1543 tangere.
1699 1471 1759 1527 Si

131 1562 326 1617 bonum
351 1564 439 1616 est
470 1558 779 1615 mulierem
805 1576 923 1615 non
954 1563 1214 1633 tangere,
1249 1559 1473 1616 malum
1506 1564 1595 1617 est
1623 1577 1760 1634 ergo

132 1657 371 1723 tangere:
388 1647 538 1706 nihil
553 1649 708 1705 enim
726 1649 878 1705 bono
892 1651 1250 1706 contrarium
1274 1655 1364 1706 est
1385 1649 1498 1706 nisi
1513 1648 1755 1706 malum.

131 1740 178 1795 Si
205 1744 390 1795 autem
445 1738 672 1795 malum
705 1741 814 1805 est,
847 1743 906 1795 et
953 1738 1301 1812 ignoscitur,
1332 1739 1463 1796 ideo
1493 1739 1760 1796 concedi-

127 1835 228 1898 tur,
257 1845 324 1884 ne
354 1827 511 1884 malo
536 1827 677 1900 quid
710 1827 972 1884 deterius
1002 1828 1124 1884 ﬁat.
1158 1828 1341 1894 Quale
1367 1834 1564 1885 autem
1619 1828 1760 1884 illud

129 1919 324 1974 bonum
354 1921 466 1986 est,
501 1916 658 1990 quod
688 1917 1019 1974 conditione
1045 1918 1350 1975 deterioris
1381 1918 1759 1976 conceditur?

132 2008 417 2081 Nunquam
483 2007 639 2063 enim
689 2007 1060 2078 subjecisset,
1100 2009 1475 2081 unusquisque
1528 2024 1761 2064 umorem

131 2113 273 2153 suam
299 2096 517 2166 habeat,
559 2095 673 2152 nisi
721 2096 1125 2168 praemisisset,
1155 2105 1373 2170 propter
1429 2097 1758 2174 fornicatio-

132 2202 242 2242 nem
297 2191 506 2242 autem.
555 2184 716 2242 Tolle
775 2184 1242 2256 fornicationem,
1304 2191 1361 2242 et
1406 2203 1523 2242 non
1585 2185 1757 2255 dicet,

131 2277 486 2349 unusquisque
533 2291 766 2332 uxorem
817 2291 976 2331 suam
1032 2274 1245 2331 habeat.
1288 2273 1462 2330 Velut
1517 2274 1567 2331 si
1625 2275 1760 2347 quis

133 2365 348 2421 definiat
377 2383 390 2421 :
425 2365 659 2420 Bonum
689 2369 780 2421 est
809 2363 1034 2420 triticeo
1074 2380 1222 2437 pane
1268 2364 1443 2435 vesci,
1478 2368 1536 2421 et
1591 2366 1761 2421 edere

134 2454 492 2526 purissimam
538 2453 816 2511 similam.
847 2454 1068 2510 Tamen
1113 2471 1186 2510 ne
1229 2454 1364 2525 quis
1415 2453 1759 2527 compulsus

132 2545 268 2602 fame
326 2544 604 2602 comedat
651 2547 881 2600 stercus
919 2544 1236 2612 bubulum,
1287 2545 1542 2601 concedo
1589 2544 1663 2612 ei,
1697 2548 1762 2600 ut

130 2638 370 2690 vescatur
393 2637 451 2690 et
487 2633 726 2690 hordeo.
753 2632 907 2689 Num
953 2633 1169 2690 idcirco
1224 2633 1588 2691 frumentum
1644 2651 1758 2692 non

132 2721 343 2779 habebit
370 2721 694 2796 puritatem
725 2738 916 2788 suam,
949 2721 999 2777 si
1032 2721 1170 2778 ﬁmo
1221 2721 1507 2778 hordeum
1557 2724 1760 2796 praefe-

134 2811 317 2868 ratur?
336 2813 567 2869 Bonum
597 2814 687 2868 est
715 2810 860 2867 illud
893 2810 1258 2880 naturaliter,
1275 2811 1431 2884 quod
1462 2828 1762 2886 compara-

132 2901 327 2959 tionem
355 2919 472 2959 non
510 2900 689 2957 habet
728 2899 890 2969 mali,
923 2901 1080 2975 quod
1134 2901 1470 2973 praelatione
1519 2901 1762 2960 alterius

135 3007 232 3047 non
284 2992 694 3048 obumbratur.
747 2990 1054 3064 Simulque
1103 2989 1620 3048 animadvertenda
1674 2996 1764 3048 est

134 3079 369 3154 Apostoli
398 3080 736 3155 prudentia.
767 3080 894 3138 Non
926 3081 1089 3150 dixit,
1123 3081 1342 3137 bonum
1373 3086 1466 3138 est
1522 3099 1761 3138 uxorem

135 3186 232 3226 non
258 3171 470 3228 habere
502 3187 516 3225 :
551 3170 674 3240 sed,
709 3171 909 3227 bonum
936 3175 1016 3227 est
1043 3171 1334 3226 mulierem
1362 3187 1474 3227 non
1501 3175 1759 3243 tangere:

135 3259 281 3330 quasi
308 3265 364 3316 et
391 3259 450 3316 in
488 3263 654 3316 tactu
700 3258 1029 3332 periculum
1059 3258 1137 3316 sit
1171 3275 1184 3315 :
1218 3259 1387 3332 quasi
1436 3260 1537 3331 qui
1593 3258 1758 3316 illam

133 3324 382 3422 tetigerit,
415 3365 537 3406 non
564 3324 790 3418 evadat,
822 3363 948 3420 quae
974 3351 1222 3405 virorum
1235 3324 1514 3420 pretiosas
1538 3350 1759 3405 animas
1789 3324 1832 3392 δ

135 3441 308 3509 rapit‘,
355 3455 484 3512 quae
544 3438 685 3495 facit
741 3437 1201 3494 adolescentium
1258 3437 1482 3494 evolare
1537 3439 1759 3494 corda:

135 3527 378 3601 Alligabit
405 3531 531 3602 quis
567 3529 624 3583 in
654 3529 781 3584 sinu
811 3529 1027 3602 ignem,
1042 3532 1094 3585 et
1121 3543 1232 3584 non
1256 3527 1645 3584 comburetur?
1666 3531 1763 3583 aut

139 3618 422 3675 ambulabit
484 3634 655 3691 super
726 3618 994 3674 carbones
1049 3619 1220 3688 ignis,
1275 3621 1327 3673 et
1379 3634 1497 3674 non
1553 3619 1768 3675 ardebit

146 3707 306 3776 (Prov.
337 3725 412 3765 v1.
444 3710 539 3778 27,
569 3710 663 3778 28)
683 3707 710 3762 ?
740 3706 1040 3774 Quomodo
1072 3707 1252 3780 igitur
1280 3706 1382 3780 qui
1438 3708 1634 3781 ignem
1679 3713 1762 3766 te-

1865 668 2159 742 tetigerat,
2173 668 2404 740 abjecit.
2428 670 2660 742 Propter
2673 672 3099 742 fornicationem
3125 677 3310 730 autem
3337 691 3518 732 unus-

1867 759 2099 832 quisque
2143 774 2376 814 uxorem
2420 775 2580 815 suam
2624 759 2845 829 habeat,
2877 767 2931 817 et
2955 777 3305 836 unaquaeque
3331 767 3519 821 virum

1865 863 2030 903 suum
2097 847 2318 904 habeat.
2367 848 2491 903 Non
2555 849 2722 918 dixit,
2772 854 3009 922 propter
3072 852 3517 910 fornicationem

1867 937 2280 1009 unusquisque
2310 937 2485 992 ducat
2514 955 2753 995 uxorem
2779 957 2793 1007 ;
2827 939 3086 1011 alioquin
3118 941 3230 998 hac
3269 959 3520 1000 excusa-

1867 1026 2022 1081 tione
2088 1025 2317 1081 libidini
2390 1027 2555 1082 frena
2620 1011 2894 1093 laxasset,
2940 1033 3007 1084 ut
3052 1030 3519 1106 quotiescunque

1870 1129 2016 1171 uxor
2045 1113 2316 1182 moritur,
2346 1113 2519 1170 toties
2561 1115 2830 1172 ducenda
2874 1118 2954 1174 sit
2992 1118 3127 1188 alia,
3153 1136 3226 1176 ne
3271 1121 3519 1178 fornice-

1870 1221 2041 1271 mur;
2074 1203 2197 1269 sed,
2228 1217 2454 1259 uxorem
2483 1219 2642 1259 suam
2672 1205 2886 1262 habeat.
2927 1207 3132 1274 Suam,
3163 1209 3378 1282 inquit,
3411 1209 3522 1266 ha-

1869 1294 2022 1360 beat,
2055 1308 2164 1348 sua
2192 1295 2410 1360 utatur,
2436 1308 2608 1364 quam
2627 1293 2880 1350 habebat
2899 1299 3214 1368 antequam
3240 1298 3520 1367 crederet,

1871 1398 2049 1454 quam
2098 1381 2320 1437 bonum
2367 1386 2492 1436 erat
2551 1398 2666 1439 non
2711 1387 2948 1456 tangere
2967 1386 3009 1452 ‘,
3041 1389 3098 1440 et
3146 1390 3280 1458 post
3344 1387 3521 1443 fidem

1871 1469 2082 1526 Christi
2118 1484 2377 1526 sororem
2409 1474 2637 1526 tantum
2661 1488 2852 1540 nosse,
2889 1490 3005 1529 non
3037 1475 3371 1548 conjugem,
3404 1473 3522 1530 nisi

1873 1559 2178 1616 fornicatio
2217 1562 2440 1614 tactum
2497 1561 2627 1630 ejus
2669 1562 3062 1618 excusabilem
3103 1563 3337 1620 faceret.
3374 1565 3524 1620 Uxor

1870 1653 2086 1723 proprii
2110 1657 2353 1726 corporis
2391 1669 2504 1709 non
2538 1651 2702 1707 habet
2725 1658 3064 1723 potestatem,
3093 1651 3187 1707 sed
3211 1654 3318 1708 vir.
3349 1651 3525 1708 Simi-

1873 1743 2003 1798 liter
2047 1745 2099 1798 et
2143 1745 2234 1799 vir
2275 1747 2364 1800 sui
2410 1743 2651 1816 corporis
2695 1757 2805 1796 non
2858 1740 3015 1796 habet
3063 1743 3400 1814 potestatem,
3429 1741 3524 1797 sed

1871 1847 2029 1888 uxor.
2066 1832 2270 1890 Omnis
2299 1833 2420 1890 hinc
2449 1831 2693 1906 quaestio
2723 1831 2792 1886 de
2825 1829 2918 1886 his
2947 1830 3048 1901 qui
3103 1830 3162 1885 in
3209 1829 3524 1887 matrimo-

1788 1955 1837 2020 Β
1875 1921 1969 1977 nio
2019 1926 2160 1978 sunt
2179 1924 2219 1991 ⁵,
2271 1939 2345 1979 an
2394 1923 2479 1979 eis
2528 1920 2701 1977 liceat
2740 1919 3315 2020 uxores'dir'nittere,
3367 1920 3525 1994 quod

1863 2015 1926 2066 'et
1956 2011 2240 2067 Dominus
2273 2011 2333 2067 in
2374 2010 2683 2084 Evangelio
2715 2008 3032 2081 prohibuit.
3069 2009 3231 2066 Unde
3277 2013 3334 2065 et
3371 2011 3525 2083 Apo-

1870 2099 2076 2168 stolus,
2115 2103 2337 2158 Bonum
2383 2109 2459 2156 est
2517 2100 2754 2166 homini,
2783 2098 2886 2167 ait,
2949 2114 3174 2155 umorem
3229 2114 3340 2155 non
3391 2103 3522 2156 tan-

1868 2205 1995 2262 gere
2012 2192 2053 2246 ⁶.
2087 2191 2198 2247 Sed
2230 2191 2368 2263 quia
2399 2189 2499 2263 qui
2548 2187 2728 2245 semel
2785 2187 2953 2243 duxit
3001 2203 3264 2257 uxorem,
3295 2187 3412 2246 nisi
3455 2204 3527 2246 ex

1869 2295 2182 2346 consensu,
2213 2295 2276 2336 se
2306 2295 2422 2336 non
2461 2277 2617 2335 valet
2662 2277 2980 2344 abstinere,
3015 2293 3122 2334 nec
3165 2278 3305 2334 dare
3354 2293 3526 2350 repu-

1869 2369 2033 2424 dium
2056 2384 2174 2423 non
2201 2367 2486 2440 peccanti,
2505 2365 2711 2422 reddat
2729 2364 2965 2437 conjugi
2996 2364 3290 2422 debitum:
3315 2369 3523 2438 sponte

1871 2457 2086 2531 quippe
2137 2473 2200 2513 se
2248 2455 2526 2529 alligavit,
2560 2471 2625 2510 ut
2674 2453 2914 2510 reddere
2974 2458 3298 2526 cogeretur.
3345 2453 3524 2510 Nolite

1865 2546 2140 2618 fraudare
2163 2547 2418 2612 invicem,
2450 2546 2566 2600 nisi
2592 2547 2734 2615 forte
2763 2559 2836 2599 ea:
2877 2558 3143 2599 consensu
3181 2543 3255 2600 ad
3283 2546 3521 2614 tempus,

1869 2639 1930 2692 ut
1958 2639 2159 2691 vacetis
2187 2635 2446 2691 orationi.
2481 2634 2593 2690 Oro
2624 2638 2700 2700 te,
2729 2633 2903 2706 quale
2942 2631 3089 2688 illud
3138 2633 3362 2689 bonum
3408 2637 3520 2706 est,

1871 2725 2027 2798 quod
2077 2741 2241 2782 orare
2286 2723 2600 2796 prohibet?
2631 2722 2788 2794 quod
2838 2738 3053 2795 corpus
3097 2721 3315 2779 Christi
3363 2722 3518 2779 acci-

1872 2831 2006 2888 pere
2053 2816 2072 2850 7
2121 2830 2236 2870 non
2285 2811 2634 2886 permittit?
2686 2811 2978 2876 Quamdiu
3033 2811 3249 2884 impleo
3322 2811 3520 2869 mariti

1871 2904 2152 2972 officium,
2212 2919 2328 2958 non
2383 2901 2650 2975 impleo“
2699 2901 3072 2958 continentis.
3131 2901 3310 2958 Jubet
3364 2901 3521 2959 idem

1873 2992 2173 3067 apostolus
2240 2993 2300 3049 in
2358 2991 2470 3048 alio
2527 2990 2653 3047 loco
2701 2991 2750 3061 (Ι
2803 2990 2980 3046 Thess.
3028 2992 3112 3062 v),
3158 2995 3226 3046 ut
3289 3006 3524 3064 semper

1871 3099 2128 3140 oremus.
2161 3082 2221 3138 Si
2262 3096 2498 3154 semper
2543 3079 2832 3136 orandum
2871 3083 2984 3146 est,
3037 3095 3345 3151 nunquam
3382 3093 3525 3153 ergo

1871 3172 2144 3245 conjugio
2227 3170 2624 3240 serviendum,
2686 3167 2964 3240 quoniam
3051 3158 3519 3240 quotiescunque

1873 3263 2036 3319 uxori
2082 3260 2348 3317 debitum
2394 3258 2598 3326 reddo,
2630 3273 2795 3313 orare
2833 3273 2950 3312 non
3001 3273 3265 3329 possum.
3313 3260 3521 3314 Petrus

1871 3349 2172 3424 apostolus
2188 3348 2654 3422 experimentum
2685 3346 2910 3402 habens
2951 3345 3352 3420 conjugalium
3391 3347 3519 3404 vin-

1871 3441 2156 3508 culorum,
2189 3440 2319 3496 vide
2356 3437 2651 3512 quomodo
2695 3436 2972 3492 infamet
3008 3435 3345 3504 Ecclesiam,
3377 3436 3520 3510 quid

1872 3532 2077 3588 doceat
2103 3528 2465 3585 Christianos
2499 3543 2512 3581 :
2539 3525 2809 3583 Similiter
2834 3527 2948 3581 viri
2968 3524 3522 3598 cohabitantesjuxm

1871 3622 2181 3685 scientiam,
2227 3619 2385 3692 quasi
2457 3617 2766 3688 inﬁrmiori
2819 3614 3041 3671 vasculo
3095 3615 3372 3671 muliebri
3418 3616 3522 3672 tri-

1873 3711 2090 3767 buentes
2140 3707 2297 3766 248
2341 3709 2621 3774 honorem,
2657 3710 2712 3761 et
2756 3707 2900 3762 sicut
2961 3703 3266 3761 cohaeredes
3313 3704 3521 3760 .multi-

136 3796 338 3868 tigerit,
359 3799 558 3856 statim
583 3797 856 3854 aduritur
897 3814 910 3852 :
962 3795 1044 3852 ita
1071 3796 1181 3852 viri
1211 3800 1403 3852 tactus
1434 3802 1493 3853 et
1533 3797 1764 3854 feminae
1803 3813 1813 3823 '
1868 3801 2032 3873 plicis
2071 3801 2286 3872 gratiae,
2317 3801 2378 3853 ut
2418 3812 2528 3852 non
2577 3794 2960 3868 impediantnr
3004 3794 3280 3849 orationes
3325 3800 3524 3851 vestra!

143 3887 298 3943 sentit
324 3893 600 3944 naturam
631 3903 822 3953 suam,
845 3889 902 3942 et
921 3885 1320 3942 diversitatem
1352 3903 1526 3943 sexus
1557 3886 1766 3944 intelli-

136 3974 224 4046 git.
262 3976 510 4034 Narrant
555 3979 616 4033 et
657 3975 967 4049 gentilium
1016 3974 1270 4031 fabulae'
1301 3976 1446 4032 247
1487 3975 1764 4033 Mithram

141 4070 188 4119 et
228 4066 688 4133 Erichthonium,
716 4064 804 4122 vel
853 4067 915 4120 in
963 4064 1157 4138 lapide
1177 4065 1220 4131 ³,
1248 4064 1336 4121 vel
1383 4066 1443 4120 in
1486 4069 1660 4133 terra,
1693 4066 1765 4122 de

137 4153 245 4213 solo
267 4161 404 4213 testu
433 4154 698 4212 libidinis
727 4170 856 4211 esse
905 4157 1230 4227 generatos.
1267 4154 1428 4210 Unde
1464 4159 1522 4211 et
1568 4159 1768 4212 noster

135 4241 350 4318 Joseph,
385 4246 524 4319 quia
553 4249 791 4318 tangere
831 4259 965 4300 eum
1012 4244 1244 4300 volebat
1296 4245 1582 4317 Egyptia,
1615 4244 1768 4318 fugit

141 4348 200 4388 ex
226 4335 492 4392 manibus
516 4335 668 4408 ejus,
698 4339 755 4392 et
780 4334 949 4408 quasi
975 4334 1047 4391 ad
1078 4349 1344 4391 morsum
1374 4333 1764 4392 rabidissimee

1871 4347 2114 4396 vestram
2177 4335 2664 4399 conversationem,
2729 4347 2965 4404 quarum

1875 3892 1922 3963 (1
1937 3893 2084 3946 Petr.
2117 3905 2202 3957 Ill,
2243 3889 2312 3957 7).
2343 3887 2488 3942 Ecce
2537 3885 2742 3941 eodem
2791 3899 2992 3950 sensu,
3027 3882 3164 3954 quia
3211 3882 3414 3938 eodem
3465 3887 3526 3938 et

1875 3981 2106 4054 spiritu,
2142 3976 2413 4050 impediri
2443 3974 2587 4030 dicit
2631 3972 2926 4029 orationes
2965 3970 3156 4027 officio
3203 3970 3521 4044 conjugali.

1874 4068 2037 4136 Quod
2079 4070 2273 4124 autem
2306 4065 2407 4132 ait,
2437 4063 2719 4129 similiter,
2751 4061 2967 4118 idcirco
3017 4060 3090 4115 ad
3130 4059 3523 4118 imitationem

1875 4161 2148 4231 provocat
2174 4155 2351 4220 viros,
2381 4152 2519 4226 quia
2531 4153 2658 4224 jam
2691 4167 2870 4223 supra
2901 4148 3178 4206 uxoribus
3237 4163 3523 4222 praecepe-

1874 4252 1983 4320 rat,
2033 4246 2289 4303 dicens:
2347 4245 2410 4301 Ut
2479 4242 2698 4298 videant
2780 4241 2890 4296 viri
2949 4242 3009 4296 in
3073 4241 3271 4296 timore
3317 4248 3524 4296 castam

3036 4330 3112 4384 sit
3183 4344 3296 4386 non
3372 4336 3523 4387 exte-

194 4496 474 4556 ‘Codices
503 4497 689 4556 nostri
736 4513 962 4570 omnes,
990 4501 1048 4554 et
1092 4502 1260 4554 vetus
1303 4513 1539 4570 quoque
1587 4496 1766 4554 editio
1871 4500 2011 4556 three
2041 4499 2204 4570 initia
2233 4494 2484 4570 tradunt,
2513 4509 2543 4550 e
2565 4500 2726 4570 petra
2761 4508 2889 4570 eum
2916 4499 3108 4570 natum
3153 4507 3269 4548 esse
3314 4505 3524 4548 memo-

130 4573 282 4645 capit_,
304 4572 474 4642 juxta
501 4573 764 4645 Graecum
796 4569 1030 4645 dypebat.

189 4642 208 4674 ³
239 4641 460 4702 Fabulae
525 4644 777 4700 Mithram
823 4641 877 4698 et
921 4642 1358 4700 Erichthonium.
1405 4641 1465 4697 Si
1513 4646 1768 4699 exstaret

133 4709 400 4788 Eubulus,
433 4716 536 4788 qui
559 4714 872 4788 historiam
889 4714 1112 4771 Mithrw
1132 4712 1336 4770 multis
1364 4713 1766 4788 voluminibus
1794 4703 1843 4768 D

135 4783 645 4871 explicavitffacile
679 4785 1142 4869 intelligeremus
1189 4787 1484 4858 quomodo
1533 4786 1758 4843 Mithras

135 4852 207 4932 de
221 4859 339 4916 solo
369 4865 516 4916 aestu
547 4858 916 4932 libidinissit
943 4863 1278 4932 generatus.
1308 4857 1416 4932 Sed
1451 4857 1574 4932 haec
1605 4859 1754 4932 Gen-

132 4925 306 4986 tilium
339 4931 538 4988 fabula
561 4947 665 4987 nec
695 4925 1006 4996 nobis,néc
1025 4930 1164 4985 viris
1185 4929 1372 4986 doctis
1401 4928 1544 4987 satis
1565 4930 1757 4986 adhuc

133 5009 421 5070 comperta.
457 5003 538 5060 De
570 5002 945 5068 Erichthonio,
977 5001 1097 5058 sive
1129 5001 1436 5069 Erichtheo,
1462 5001 1627 5057 nulla
1647 5001 1756 5057 dit”-

135 5067 341 5131 ﬂcultas
367 5075 623 5132 :scimus
651 5074 807 5130 enim
838 5067 1007 5129 illum
1036 5073 1322 5129 creditum
1356 5067 1537 5129 fuisse
1567 5071 1756 5130 filium

136 5141 376 5220 Vulcani,
408 5147 696 5220 qui,,cum
722 5146 993 5220 Minerva
1051 5144 1644 5220 collu‘ctarettsemen
1696 5146 1756 5201 in

136 5216 320 5293 terram
346 5216 676 5293 profudisse
703 5218 954 5286 dicitur;
990 5220 1165 5293 atque
1195 5217 1331 5293 inde
1374 5218 1598 5293 editum
1628 5234 1757 5293 esse

135 5289 277 5342 aiunt
301 5289 548 5363 puerum
577 5291 898 5363 draconum
928 5289 1342 5363 pedibus_,_ge_tc.
1371 5307 1387 5363 ί
1418 5289 1645 5363 primus
1667 5289 1756 5345 in-

136 5361 317 5437 {lentor
359 5363 583 5437 argenti
633 5361 743 5437 fuit
781 5367 838 5418 et
881 5377 1110 5437 currus.
1163 5361 1310 5417 Vide
1358 5361 1522 5437 0vid.
1575 5361 1677 5437 lib.
1715 5379 1756 5416 ιι

136 5425 498 5507 ληξιαηιρνρὴῗς
533 5440 590 5491 et
628 5434 924 5507 Lactant,
952 5433 1076 5507 lib.
1123 5449 1184 5501 η,
1233 5449 1360 5507 cap.
1404 5436 1508 5501 t7;
1540 5437 1598 5489 et
1625 5434 1756 5490 Ser-

137 5498 495 5579 Vigmﬂin'lib.’
526 5505 798 5579 uI_Georg.
825 5498 1052 5579 Vrgilii.
1169 5498 1176 5501 ⁷
1258 5577 1270 5579 _
1305 5498 1322 5507 ’
1369 5498 1645 5579 ΜΑιιέιυιΑδζ.

190 5572 498 5662 iMit‘hram
531 5594 561 5633 e
588 5572 779 5662 lapide
835 5572 1205 5662 generatum.
1240 5577 1754 5662 docentuscrjpto-

138 5650 469 5724 {gs‘antiqui
517 5647 785 5724 passim:
825 5647 1071 5724 e'ratque
1121 5647 1390 5724 solemne
1467 5647 1646 5724 illud'
1697 5649 1754 5724 in

137 5709 427 5796 hlithriaci's
461 5709 760 5796 mysteriis
801 5739 814 5779 :
843 5709 1331 5796 estc'éx_nécpac._
1357 5720 1639 5796 Justinus
1672 5721 1756 5796 Δξιι

137 5782 336 5867 dialogo
365 5811 501 5855 cum
525 5782 856 5874 Tryphone,
890 5782 1137 5867 Quando,
1170 5782 1387 5873 inquit,
1419 5793 1511 5853 illi
1541 5795 1639 5872 qui
1663 5792 1759 5853 lii-

1866 5809 2013 5858 ms.

1874 4579 2020 4628 rant.
2055 4574 2124 4626 Et
2151 4563 2608 4644 Commodianus
2635 4563 2739 4621 lib.
2770 4566 2830 4621 In
2859 4565 3093 4619 truction
3121 4581 3140 4617 :

1968 4687 2201 4737 Invictus
2229 4683 2294 4734 de
2322 4685 2476 4746 petra
2503 4685 2663 4746 natus
2691 4681 2736 4746 si
2760 4680 2900 4746 Deus
2927 4679 3172 4746 habetur,

1966 4753 2119 4801 Nunc
2149 4761 2277 4810 ergo
2306 4741 2452 4810 r'etro
2481 4758 2578 4794 vos
2607 4743 2673 4793 de
2709 4743 2822 4810 istis
2855 4742 2979 4810 date
3006 4741 3272 4810 priorem;

1962 4813 2102 4864 Vicit
2131 4805 2281 4876 petra
2310 4809 2495 4868 Deum,
2527 4806 2854 4872 quaerendus
2882 4809 2963 4856 est
2990 4809 3158 4869 petris
3181 4805 3409 4853 creator.

1867 4930 1948 4986 De
1977 4923 2350 4984 Erichthonio
2382 4919 2581 4978 tabula
2609 4924 2698 4976 est
2719 4920 2926 4976 notior.

1937 5003 1959 5034 ‘
1990 4998 2334 5072 Amavimus
2399 4994 2538 5072 hinc
2603 5008 2834 5072 _vacem_
2881 5006 3134 5058 uxorem,
3180 5005 3312 5072 quas
3369 4987 3515 5072 falso

1868 5071 2299 5130 intrudehatur.
2335 5084 2440 5124 nec
2469 5067 2530 5121 in
2563 5063 2679 5121 ullo
2710 5067 3042 5120 nostrorum
3091 5061 3383 5129 codicum,
3416 5065 3520 5117 aut

1865 5143 2045 5202 veteri
2077 5142 2327 5199 editione
2351 5139 2619 5195 habetur.

1938 5218 1959 5252 ⁵
1984 5212 2417 5280 Casanatensis,
2434 5212 2542 5280 Qui
2565 5211 2627 5265 in
2645 5208 3003 5264 matrimonio
3019 5213 3146 5262 sunt
3168 5205 3514 5280 deprehensi,

1865 5307 1961 5354 an,
1994 5293 2103 5346 etc.

1937 5349 1960 5396 ά
1991 5361 2150 5416 Idem
2181 5372 2316 5414 cum
2345 5355 2525 5412 veteri
2555 5352 2832 5420 editione,
2863 5355 2921 5407 et
2950 5349 3512 5420 rectius,mulierem,

1867 5450 1983 5489 non
2015 5446 2264 5488 uxorem.

1937 5505 1957 5538 τ
1984 5507 2120 5559 Erat
2140 5500 2336 5573 accipi,
2356 5494 2754 5573 renuentibus
2780 5511 2924 5553 mss.

1936 5577 1957 5611 ⁸
1989 5576 2188 5648 lmpleo
2216 5565 2565 5628 continentis.
2593 5566 2794 5624 Plures
2825 5585 2968 5648 mss.
2986 5565 3218 5648 codices
3260 5565 3514 5648 retinent

1864 5637 2196 5722 continentis
2245 5658 2488 5722 vocem,
2539 5657 2642 5714 pro
2699 5641 2901 5722 _v_erbo
2972 5637 3304 5722 Christiani,
3353 5639 3512 5722 quod

1868 5720 2081 5793 legitur
2109 5716 2263 5792 apud
2295 5709 2629 5782 Erasmuin,
2661 5715 2718 5768 et
2747 5713 2808 5770 in
2833 5713 3036 5786 paucis
3081 5709 3514 5783 exemplaribus

3097 5853 3100 5855 λ
3123 5797 3401 5844 summa.
