3944 6444
367 455 484 528 231

1601 460 1668 524 S.
1713 452 2028 524 EUSEBII
2069 453 2542 526 HIEBONYMI.

3651 452 3773 532 238

369 597 494 652 rius
537 594 851 662 compositio
912 587 1174 661 crinium,
1223 595 1277 649 et
1333 592 1619 651 distinctio
1659 594 1808 662 auri,
1860 595 1914 650 et
1953 594 2016 650 in
2043 591 2098 660 Α
2133 593 2271 650 Volo
2293 597 2477 650 autem
2504 606 2693 649 omnes
2723 589 2970 648 homines
2999 605 3111 647 esse
3137 586 3280 645 sicut
3296 590 3574 662 meipsum.
3590 589 3638 662 (Ι
3647 589 3772 648 Cor.

369 685 524 740 cuitu
575 684 737 740 vestis
787 685 1052 742 ornatus;
1081 681 1178 738 sed
1221 681 1572 738 absconditus
1624 681 1802 756 cordis
1837 680 2017 750 homo,

372 774 432 830 in
460 773 884 843 incorruptione
901 771 1058 826 mitis
1075 774 1129 828 et
1150 770 1367 827 silentis
1394 771 1640 842 spiritus.
1664 774 1781 826 Hoc
1826 774 1903 827 est
1931 785 2018 828 co-

367 877 491 917 ram
535 861 642 917 Deo
685 862 908 932 placens
956 859 1006 930 (Ι
1040 860 1189 915 Petr.
1242 876 1327 925 ιιι,
1371 861 1430 926 2,
1460 859 1539 931 3).
1591 858 1816 928 Cernis,
1845 859 2019 932 quale

368 949 713 1024 coniugium
739 948 896 1004 inter
914 947 1069 1003 viros
1086 963 1411 1020 uxoresque
1427 947 1596 1020 praei
1603 947 1762 1020 piat?
1775 947 2020 1005 Cohabi-

365 1043 559 1096 tantes
580 1039 752 1110 juxta
777 1036 1105 1100 scientiam,
1137 1041 1202 1093 ut
1229 1035 1494 1093 noverint
1517 1037 1658 1108 quid
1688 1036 1848 1105 velit,
1873 1036 2013 1108 quid

365 1127 658 1184 desideret
686 1126 862 1193 Deus,
895 1130 960 1180 ut
996 1123 1258 1181 tribuant
1284 1125 1566 1182 honorem
1595 1124 1833 1182 vasculo
1876 1141 2012 1180 mu-

365 1215 558 1274 liebri.
585 1215 646 1271 Si
675 1215 1044 1272 abstinemus
1071 1230 1177 1271 nos
1208 1232 1243 1270 a
1269 1214 1449 1281 coitu,
1481 1214 1764 1272 honorem
1804 1213 2012 1270 tribui-

365 1319 504 1362 mus
529 1303 813 1361 uxoribus
844 1319 859 1358 :
884 1303 934 1359 si
967 1320 1082 1359 non
1113 1303 1502 1369 abstinemus,
1524 1301 1904 1376 perspicuum
1925 1306 2016 1359 est

364 1393 571 1450 honori
614 1393 971 1449 contrariam
1018 1408 1148 1449 esse
1195 1391 1637 1448 contumeliam.
1669 1392 1754 1448 Ad
1803 1407 2013 1448 uxores

364 1498 622 1555 quoque,
669 1485 734 1537 ut
787 1480 1027 1548 videant,
1074 1480 1290 1554 inquit,
1343 1482 1493 1537 viri‘
1523 1489 1731 1536 castam
1786 1495 2012 1536 conver-

362 1573 633 1628 sationem
682 1573 944 1637 vestram,
976 1574 1027 1626 et
1075 1573 1334 1626 ornatum
1371 1571 1432 1625 in
1479 1569 1792 1626 abscondito
1833 1569 2012 1626 cordis

362 1660 658 1729 hominem,
686 1662 748 1716 in
799 1661 1213 1730 incorruptione
1235 1660 1389 1715 mitis
1417 1663 1470 1714 et
1497 1660 1711 1715 silentis
1758 1660 2007 1730 spiritus.

361 1750 408 1806 Ο
433 1765 572 1806 vere
625 1749 806 1822 digna
845 1765 954 1804 vox
974 1748 1272 1820 Apostolo,
1296 1752 1354 1804 et
1382 1747 1551 1803 Petra
1579 1747 1791 1803 Christi
1818 1747 2012 1803 ωδε-ἰ-

361 1839 444 1895 tis
465 1837 864 1909 uxoribusque
895 1837 998 1892 dat
1020 1837 1229 1909 legem,
1261 1841 1318 1893 et
1346 1836 1622 1892 damnato
1673 1837 1867 1893 carnis
1916 1851 2007 1893 or-

2127 698 2231 751 vu,
2260 682 2336 752 7).
2368 685 2584 738 Beatus
2614 681 2715 754 qui
2749 678 2913 736 Pauli
2944 677 3156 737 similis
3185 679 3312 734 erit.
3345 677 3501 735 Felix
3533 679 3632 753 qui
3663 696 3776 737 au-

2127 770 2214 826 dit
2258 770 2604 843 Apostolum
2662 769 3119 842 prmeipientem,
3173 785 3289 825 non
3343 767 3779 841 ignoscentem.

2127 863 2267 926 Hoc,
2299 858 2513 932 inquit,
2543 858 2696 924 volo,
2730 858 2840 914 hoc
2871 857 3162 924 desidero,
3195 862 3260 912 ut
3288 857 3617 915 imitatores
3665 859 3784 916 mei

2125 949 2279 1014 sitis,
2313 948 2466 1004 sicut
2493 952 2551 1004 et
2579 963 2685 1020 ego
2707 947 2944 1004 Christi.
2980 945 3082 1002 Ille
3111 947 3274 1018 virgo
3305 946 3375 1002 de
3407 945 3666 1020 Virgine,
3707 947 3781 1004 de

2125 1036 2461 1108 incorrupta
2489 1035 2888 1108 incorruptus.
2921 1034 3039 1090 Nos
3069 1034 3210 1106 quia
3244 1034 3512 1091 homines
3543 1052 3774 1102 sumus,

2122 1130 2182 1182 et
2212 1125 2575 1184 nativitatem
2627 1124 2944 1180 Salvatoris
2992 1141 3107 1180 non
3158 1140 3477 1197 possumus
3526 1124 3773 1192 imitari,

2123 1215 2427 1272 imitemur
2451 1214 2664 1272 saltem
2690 1213 3214 1271 conversationem.
3247 1211 3398 1269 Illud
3447 1212 3774 1272 divinitatis

2121 1308 2211 1362 est
2238 1307 2296 1360 et
2322 1303 2730 1371 beatitudinis,
2761 1303 2870 1358 hoc
2899 1302 3171 1358 humana:
3204 1301 3560 1358 conditionis
3589 1309 3680 1360 est
3717 1310 3778 1361 et

2120 1391 2359 1449 laboris.
2391 1392 2533 1449 Volo
2563 1408 2767 1449 omnes
2795 1391 3066 1448 homines
3094 1390 3318 1447 similes
3367 1391 3479 1447 mei
3522 1408 3672 1460 esse,
3707 1398 3774 1449 ut

2121 1482 2263 1538 dum
2313 1481 2428 1538 mei
2485 1480 2707 1538 similes
2757 1483 2918 1547 sunt,
2966 1479 3192 1538 similes
3242 1479 3385 1536 ﬁant
3426 1484 3484 1535 et
3530 1481 3772 1549 Christi,

2120 1570 2290 1642 cujus
2320 1585 2426 1643 ego
2456 1569 2666 1626 similis
2695 1585 2850 1625 sum.
2878 1570 2986 1638 Qui
2999 1571 3153 1624 enim
3183 1571 3241 1624 in
3274 1569 3546 1624 Christum
3574 1569 3771 1638 credit,

2118 1661 2273 1716 debet
2315 1662 2456 1717 sicut
2503 1659 2600 1715 ille
2645 1659 2947 1714 ambulavit
2990 1667 3040 1714 et
3073 1660 3188 1727 ipse
3226 1658 3582 1730 ambulareU
3604 1660 3775 1716 Joan.

2119 1765 2160 1810 ι,
2200 1750 2276 1817 6).
2331 1747 2436 1805 Sed
2482 1750 2858 1820 unusquisque
2901 1749 3190 1820 proprium
3248 1747 3451 1803 donum
3501 1747 3658 1805 habet
3702 1765 3777 1804 ex

2121 1838 2225 1892 Deo
2277 1854 2296 1892 :
2345 1837 2491 1894 alius
2555 1837 2774 1909 quidem
2823 1839 2926 1908 sic,
2975 1837 3120 1892 alius
3191 1841 3372 1892 autem
3419 1838 3500 1891 sic
3550 1837 3596 1906 (ι
3647 1838 3772 1892 Cor.

361 1931 526 1994 natu,
570 1926 898 1984 castitatem
947 1927 1244 1998 praedicat,
1289 1930 1346 1982 et
1395 1930 1669 1982 ornatum
1714 1924 2009 1981 interioris
2041 1955 2088 2019 Β
2121 1943 2219 1993 vn,
2250 1927 2327 1997 7).
2361 1925 2530 1990 Quid,
2567 1925 2780 1998 inquit,
2813 1925 3008 1995 velim,
3048 1925 3423 1998 perspicuum
3462 1930 3552 1981 est
3579 1925 3621 1980 ³.
3656 1925 3774 1982 Sed

360 2015 718 2087 hominis,in
747 2015 1184 2088 incorruptione
1216 2015 1378 2070 mitis
1399 2019 1458 2070 et
1481 2013 1712 2071 silentis
1743 2013 2006 2086 spiritus,

361 2105 793 2176 quodammodo
824 2103 934 2159 hoc
965 2103 1204 2158 dicens:
1239 2102 1523 2168 Quoniam
1545 2101 1795 2158 exterior
1824 2107 2012 2159 vester

360 2192 536 2249 homo
565 2196 876 2265 corruptus
904 2197 1014 2262 est,
1046 2196 1103 2247 et
1147 2191 1570 2248 beatitudinem
1617 2190 2009 2263 incorruptio-

362 2282 477 2349 nis,
517 2298 644 2353 qua
691 2281 924 2354 proprie
971 2279 1263 2353 virginum
1305 2286 1415 2347 est,
1458 2281 1670 2337 habere
1730 2279 2007 2345 desiistis,

360 2370 674 2427 imitamini
707 2369 1204 2443 incorruptionem
1235 2369 1478 2442 spiritus
1513 2368 1718 2425 saltem
1767 2385 1869 2440 per
1917 2383 2008 2424 se-

359 2474 486 2516 ram
520 2458 958 2528 abstinentiam,
991 2463 1049 2516 et
1094 2459 1253 2529 quod
1302 2475 1543 2532 corpore
1582 2475 1696 2515 non
1739 2458 2005 2530 potestis,

360 2551 556 2606 mente
587 2551 875 2621 prtestate.
913 2549 1026 2605 [las
1052 2549 1210 2603 enim
1229 2547 1498 2605 Christus
1528 2547 1783 2613 divitias,
1807 2551 1863 2602 et
1899 2545 2008 2603 hos

358 2640 567 2692 vestrm
597 2635 1029 2708 conjunctionis
1060 2636 1269 2709 quaarit
1297 2640 1558 2694 ornatus.

431 2725 468 2779 8
498 2727 716 2780 Verum
748 2741 821 2781 ne
854 2726 988 2796 quis
1013 2730 1179 2796 putet
1207 2741 1276 2780 ex
1305 2741 1374 2782 eo
1398 2726 1552 2797 quod
1585 2723 1855 2798 sequitur
1884 2741 1898 2780 :
1942 2726 2006 2782 Ut

360 2814 562 2870 vacetis
631 2815 889 2881 orationi,
923 2817 976 2869 et
1022 2814 1224 2869 iterum
1278 2815 1625 2870 revertimini
1671 2814 1781 2884 [AL
1823 2813 1893 2869 ad
1945 2813 2004 2869 id

359 2902 579 2974 ipsum]
625 2901 694 2958 ad
757 2903 958 2974 ipsum,
1009 2903 1355 2974 Apostolum
1404 2901 1512 2958 hoc
1575 2901 1741 2967 velle,
1785 2906 1841 2957 et
1889 2919 2003 2958 non

360 2995 595 3064 propter
613 2992 896 3062 majorem
928 2990 1158 3047 ruinam
1190 2991 1523 3059 concedere,
1557 2991 1756 3047 statim
1789 2991 2002 3048 infert:

356 3081 434 3136 Ne
483 3084 650 3137 tentet
701 3097 794 3136 vos
835 3081 1072 3136 Satanas
1118 3089 1341 3152 propter
1404 3081 1860 3137 incontinentiam
1913 3097 2001 3146 pe-

355 3174 552 3225 stram.
585 3169 836 3226 Pulchra
865 3169 1147 3225 nimirum
1179 3168 1567 3241 indulgentia,
1598 3173 1649 3225 et
1696 3172 1893 3226 iterum
1934 3169 2006 3226 ad

2121 2015 2401 2086 quoniam
2441 2015 2500 2070 in
2549 2014 2806 2070 Ecclesia
2853 2015 3081 2071 diversa
3127 2018 3266 2070 sunt
3311 2014 3482 2083 dona,
3516 2015 3775 2071 concedo

2120 2108 2177 2159 et
2207 2104 2566 2176 nuptias,'ne
2596 2103 2793 2160 videar
2832 2103 3107 2159 damnare
3138 2108 3431 2159 naturam.
3461 2093 3774 2175 Simulque

2120 2192 2442 2260 considera,
2476 2192 2631 2264 quod
2663 2192 2821 2249 aliud
2855 2193 3074 2248 donum
3106 2191 3456 2266 virginitatis
3476 2192 3574 2259 sit,
3606 2192 3774 2250 aliud

2119 2281 2479 2353 nuptiarum.
2513 2281 2571 2337 Si
2623 2281 2779 2338 enim
2830 2283 3031 2337 eadem
3074 2287 3228 2338 esset
3257 2297 3479 2339 merces
3509 2283 3530 2316 ‘
3555 2285 3770 2355 nupta-

2119 2374 2312 2427 tarum
2344 2375 2402 2426 et
2430 2371 2746 2442 virginum,
2783 2387 3085 2442 nunquam
3119 2370 3362 2433 dixisset
3390 2375 3524 2444 post
3553 2387 3773 2443 prace-

2118 2463 2284 2532 ptum
2317 2459 2728 2516 continentiae:
2763 2459 2864 2514 Sed
2921 2461 3297 2533 unusquisque
3341 2461 3633 2532 proprium
3663 2459 3772 2516 ha-

2119 2548 2202 2604 bet
2253 2547 2454 2605 donum
2508 2565 2578 2605 ex
2623 2550 2733 2606 Deo
2761 2567 2780 2604 :
2811 2548 2964 2604 alius
3014 2549 3232 2622 quidem
3279 2551 3376 2617 sic,
3410 2549 3555 2604 alius
3585 2553 3776 2606 autem

2120 2637 2216 2693 sic.
2254 2637 2361 2693 Ubi
2385 2637 2709 2710 proprietas
2740 2636 3108 2710 singulorum
3150 2641 3260 2706 est,
3293 2637 3373 2693 ibi
3417 2637 3775 2696 altrinsecus

2115 2726 2441 2783 diversitas.
2491 2727 2750 2783 Concedo
2796 2732 2853 2782 et
2895 2727 3134 2800 nuptias
3171 2726 3272 2782 Dei
3318 2727 3472 2784 250
3511 2727 3767 2796 donum,

2116 2815 2217 2871 sed
2266 2814 2417 2871 inter
2463 2816 2684 2872 donum
2713 2821 2770 2871 et
2807 2817 3027 2871 donum
3056 2832 3270 2888 magna
3303 2816 3615 2872 diversitas
3649 2822 3768 2873 est.

2115 2903 2374 2976 Denique
2403 2908 2460 2960 et
2487 2903 2800 2976 Apostolus
2831 2904 2905 2961 de
2933 2904 3138 2960 eodem
3169 2908 3302 2976 post
3331 2904 3621 2961 incestum
3647 2921 3775 2978 pce-

2115 2993 2355 3063 nitente,
2377 2994 2421 3049 E
2447 2993 2975 3066 eontrario,inquit,
2992 2993 3188 3050 donate
3216 2995 3268 3048 ei
3295 3001 3349 3051 et
3371 2994 3769 3065 consolamini,

2112 3092 2166 3139 et
2203 3085 2255 3139 si
2289 3085 2383 3140 cui
2437 3083 2567 3156 quid
2613 3082 2881 3152 donastis,
2913 3087 2963 3138 et
2993 3099 3087 3155 ego
3118 3083 3189 3154 (ll
3219 3083 3339 3140 Cor.
3382 3100 3442 3150 ιι,
3474 3084 3552 3155 7).
3580 3085 3659 3140 Ac
3692 3101 3772 3142 ne

2113 3177 2455 3244 putaremus
2503 3172 2722 3228 donum
2765 3171 3020 3228 hominis
3069 3188 3196 3229 esse
3240 3173 3771 3246 contemnendum,

356 3260 559 3329 ipsum.
594 3258 757 3322 Quod
809 3257 1104 3315 erubescit
1155 3275 1262 3315 suo
1306 3274 1508 3315 vocare
1555 3258 1814 3329 nomine,
1845 3259 1999 3331 quod
2039 3325 2073 3334 _
2113 3261 2382 3317 addidit:
2417 3262 2556 3318 Nam
2601 3263 2656 3316 ei
2700 3278 2796 3330 ego
2836 3259 2974 3332 quod
3021 3259 3242 3328 donavi,
3283 3263 3332 3317 si
3377 3261 3514 3334 quid
3558 3261 3773 3320 donavi

357 3325 662 3403 tentatinni
695 3345 928 3419 praefert
956 3347 1204 3414 Satanae,
1236 3348 1388 3419 quod
1421 3363 1659 3404 causam
1704 3325 1880 3404 habet
1917 3347 2004 3403 in-
2032 3325 2074 3390 C
2111 3358 2335 3423 propter
2363 3367 2476 3418 vos,
2508 3366 2692 3406 coram
2730 3325 2963 3406 'Christo
2994 3349 3158 3422 (Ibid.
3193 3325 3305 3421 l0).
3336 3325 3574 3407 Diversa
3620 3357 3768 3408 sunt

359 3433 803 3500 continentiam,
836 3435 988 3492 249
1036 3435 1374 3492 laboramus
1443 3436 1612 3508 quasi
1679 3437 1995 3494 obscurum
2107 3439 2260 3496 dona
2289 3438 2524 3495 Christi.
2559 3438 2720 3496 Unde
2748 3443 2806 3495 et
2827 3437 3043 3511 Joseph
3077 3439 3134 3495 in
3177 3443 3311 3513 typo
3359 3439 3487 3511 ejus
3537 3441 3766 3498 variam

355 3523 661 3594 disserere,
694 3540 828 3578 cum
859 3523 1192 3597 exposuerit
1221 3524 1346 3596 ipse
1377 3526 1530 3596 quod
1563 3525 1799 3597 scripsit
1831 3542 1844 3582 :
1878 3530 1998 3584 Hoc

353 3619 557 3682 autem,
589 3612 803 3685 inquit,
837 3612 956 3668 dico
993 3614 1161 3684 juxta
1201 3613 1626 3686 indulgentiam,
1675 3631 1786 3670 non
1831 3617 1998 3687 juxta

355 3702 651 3773 imperium
667 3702 711 3757 ί.
737 3702 808 3756 Et
837 3701 1224 3758 mussitamus
1255 3702 1448 3758 adhuc
1477 3703 1714 3775 nuptias
1743 3720 1859 3761 non
1904 3720 1997 3761 vo-

355 3806 487 3847 care
515 3789 962 3863 indulgentiam,
997 3792 1094 3846 sed
1129 3794 1502 3864 praeceptum,
1537 3793 1710 3864 quasi
1756 3808 1870 3850 non
1929 3809 1996 3850 eo

355 3880 528 3937 modo
548 3883 608 3937 et
636 3881 895 3937 secunda
922 3885 979 3937 et
1014 3880 1184 3936 tertia
1238 3881 1614 3938 matrimonia
1669 3883 1994 3940 concedan-

353 3973 470 4038 tur,
502 3969 672 4041 quasi
704 3986 820 4026 non
853 3973 910 4026 et
939 3969 1389 4028 fornicatoribus
1438 3987 1539 4043 per
1594 3970 1994 4043 pmnitentiam

354 4058 509 4115 fores
537 4057 878 4130 aperiantur
907 4058 1190 4128 Ecclesiae,
1224 4061 1495 4132 quodque
1521 4059 1618 4116 his
1646 4064 1737 4117 est
1778 4062 1993 4132 majus,

355 4150 412 4203 et
440 4147 680 4206 incestis
700 4147 728 4201 ‘t
755 4147 901 4203 Nom
931 4148 1098 4206 illum
1128 4149 1465 4207 violatorem
1520 4166 1794 4217 novercas,
1818 4165 1994 4222 quem

354 4235 416 4292 in
446 4235 638 4308 prima
661 4236 734 4292 ad
764 4236 1092 4295 Corinthios
1124 4237 1379 4312 Epistola
1411 4238 1733 4295 tradiderat
1769 4239 1994 4295 Satanae

353 4326 406 4396 (Ι
433 4325 553 4381 Cor.
585 4329 664 4394 v),
695 4325 755 4380 in
805 4326 1104 4405 interitum
1146 4329 1360 4395 carnis,
1396 4332 1462 4385 ut
1509 4327 1756 4401 spiritus
1797 4327 1996 4386 salvus

353 4414 539 4481 fieret,
569 4415 627 4470 in
651 4416 909 4470 secunda
934 4417 1177 4472 retrahit
1207 4419 1282 4490 (ll
1307 4420 1427 4474 Cor.
1462 4419 1545 4489 ιι),
1580 4422 1637 4473 et
1687 4433 1756 4473 ne
1805 4419 1995 4474 abun-

353 4503 606 4561 dantiori
635 4503 875 4561 tristitia
904 4506 1289 4563 absorbeatur
1318 4507 1513 4575 frater,
1547 4507 1792 4562 laborat.
1820 4506 1992 4566 Aliud

352 4595 461 4660 est,
483 4591 628 4650 velle
677 4593 815 4666 quid
846 4595 1213 4667 Apostolum,
1247 4595 1405 4652 aliud
1453 4600 1541 4653 est
1577 4595 1896 4669 ignoscere.
1929 4601 1992 4654 In

2107 3527 2359 3586 habebat
2370 3529 2651 3584 tunicam.
2668 3526 2806 3584 Elin
2817 3527 3051 3583 Psalmo
3072 3528 3520 3602 quadragesimo
3543 3534 3766 3602 quarto

2107 3615 2358 3688 legimus
2402 3633 2415 3673 :
2463 3618 2649 3672 Astitit
2706 3617 2902 3685 regina
2949 3633 2984 3672 a
3030 3617 3237 3673 dextris
3296 3619 3425 3686 tuis,
3456 3619 3514 3673 in
3563 3621 3768 3676 vestitu

2105 3706 2386 3775 deaurato,
2454 3705 2795 3762 circumdata
2861 3707 3124 3762 varietate
3189 3707 3362 3778 (Psal.
3423 3723 3574 3763 κων.
3649 3710 3762 3780 10).

2106 3794 2172 3849 Et
2216 3797 2426 3851 Petrus
2476 3793 2800 3867 apostolus,
2845 3794 2997 3850 Sicut
3041 3795 3374 3861 coheeredes,
3407 3797 3510 3864 ait,
3559 3799 3759 3854 mutti-

2098 3884 2264 3956 plicis
2308 3886 2507 3955 gratiae
2554 3886 2658 3941 Dei
2704 3885 2749 3955 (Ι
2794 3884 2946 3939 Petr.
2982 3901 3068 3950 ιιι,
3098 3886 3176 3953 7).
3210 3886 3372 3952 Quod
3403 3885 3754 3959 signiﬁcan-

2104 3973 2221 4030 tius
2251 3973 2443 4030 Griece
2471 3973 2686 4030 dicitur
2713 3969 2974 4044 ποικίλης
3006 3975 3046 4054 δ’,
3077 3973 3135 4030 id
3165 3979 3275 4043 est,
3307 3977 3503 4034 varix.

2172 4063 2226 4117 9.
2258 4062 2536 4134 Sequitur
2569 4079 2582 4120 :
2616 4063 2744 4120 Dieo
2771 4067 2954 4119 autem
2999 4065 3248 4136 innuptis
3293 4074 3344 4121 et
3393 4065 3609 4123 viduis:
3644 4067 3754 4125 Bo-

2102 4168 2237 4208 num
2283 4160 2359 4208 est
2384 4154 2484 4222 eis,
2525 4154 2575 4208 si
2606 4153 2686 4208 sic
2719 4153 3142 4225 permanserint,
3182 4163 3245 4211 ut
3287 4170 3403 4224 ego.
3452 4155 3515 4212 Si
3559 4165 3754 4214 autem

2101 4257 2212 4298 non
2245 4257 2304 4297 se
2353 4243 2653 4308 continent,
2691 4242 2920 4298 nubant.
2953 4242 3160 4299 Metius
3216 4245 3366 4299 enim
3416 4253 3494 4301 est
3517 4245 3753 4314 nubere,

2102 4346 2268 4402 quam
2294 4332 2385 4386 uri
2411 4331 2460 4400 (I
2489 4331 2611 4387 Cor.
2643 4330 2745 4399 vxi,
2790 4331 2866 4403 8).
2909 4335 3219 4404 Postquam
3271 4331 3472 4404 nuptis
3507 4349 3750 4391 conces-

2102 4423 2259 4476 serat
2289 4436 2464 4475 usum
2495 4419 2845 4492 conjugii,et
2874 4421 3208 4478 ostenderat
3237 4421 3360 4492 ipse
3382 4422 3520 4495 quid
3553 4421 3753 4493 vellet,

2103 4509 2317 4581 quidve
2347 4509 2706 4576 concederet,
2734 4509 2950 4566 transit
2977 4509 3050 4566 ad
3089 4509 3374 4582 innuptas
3411 4515 3470 4568 et
3517 4511 3752 4582 viduas,

2103 4603 2160 4654 et
2188 4598 2279 4655 sui
2327 4598 2600 4672 proponit
2654 4597 3008 4670 exemplum,
3041 4603 3098 4655 et
3139 4598 3334 4655 felices
3365 4606 3552 4671 vocat,
3585 4601 3635 4658 si
3666 4602 3756 4660 sic

351 4681 650 4739 voluntate
716 4700 1141 4756 promeremur,
1194 4684 1253 4739 in
1300 4685 1470 4741 venia
1516 4685 1846 4742 abutimur:
1891 4686 1993 4744 Vis
2024 4694 2072 4762 D
2102 4687 2552 4761 permanserint.
2584 4687 2649 4742 Si
2684 4691 2869 4743 autem
2913 4704 3025 4746 non
3070 4705 3130 4744 se
3163 4691 3462 4756 continent,
3511 4693 3754 4761 nubant,

352 4770 503 4828 scire
530 4772 671 4844 quid
699 4771 837 4828 velit
864 4773 1220 4846 Apostolus?
1247 4773 1437 4846 Junge
1468 4773 1626 4847 quod
1676 4775 1944 4847 sequitur
1974 4793 1989 4834 :

423 4914 441 4950 ¹
473 4913 676 4971 Denuo
706 4914 1136 4988 Casanatensis.
1169 4916 1411 4981 videant,
1437 4918 1639 4988 inquit,
1675 4919 1735 4973 in
1790 4921 1995 4978 timore

350 4993 574 5054 castam,
621 4989 729 5042 etc.
778 4985 1018 5054 Deinde,
1062 4989 1122 5042 in
1187 4985 1721 5045 abscondito—cordis
1777 4990 1995 5050 homine

350 5062 491 5131 puto
522 5057 863 5131 legendum,
893 5075 1006 5131 pro!
1041 5057 1359 5131 homimem,
1390 5065 1448 5115 et
1493 5077 1690 5131 vocem
1736 5071 1995 5120 ornatum

352 5129 716 5203 substantive
748 5129 927 5203 accipi
978 5129 1205 5186 debere.
1265 5131 1457 5188 Graece
1504 5129 1730 5203 κόσμον.
1777 5135 1992 5192 Suffra-

352 5204 528 5328 gatur
555 5199 908 5283 Veronensis
946 5218 1059 5256 ms.
1093 5199 1633 5272 emendatissimus',
1658 5211 1832 5277 atque
1870 5208 1995 5280 ipse

408 5285 690 5328 ieronvmi
722 5277 1046 5328 contextus.

408 5271 690 5345 ieronymi
722 5277 1046 5345 contextus,

367 5385 381 5426 _.
423 5343 448 5380 ³
474 5343 669 5426 Nostri
719 5344 946 5429 codices
1005 5343 1349 5417 elegantius,
1387 5363 1512 5402 cum
1577 5352 1892 5420 exposuerit
1942 5366 1998 5406 se

354 5423 471 5488 ipse
497 5423 595 5486 qui
620 5423 860 5484 scripsit.

423 5486 446 5520 ⁸
490 5486 550 5541 In
580 5486 896 5542 Veronensi
923 5491 982 5542 et
1011 5488 1069 5543 S.
1103 5488 1302 5545 Crucis
1349 5506 1492 5546 mss.
1529 5491 1795 5548 omnium
1846 5493 1995 5549 anti-

355 5556 1384 5636 quissimisjs‘thsecinterseruntur:
1421 5584 1448 5636 φ(
1483 5563 1542 5618 In
1576 5568 1858 5634 praecepto
1881 5563 1999 5636 glo-

355 5626 465 5708 ria,
480 5629 554 5708 in
587 5626 951 5708 indulgentia
978 5631 1078 5708 vix_
1094 5632 1381 5708 remissio.
1402 5626 1649 5708 Coronat
1669 5626 1822 5708 quod
1863 5626 2000 5708 pra:-

355 5700 516 5773 eipit,
564 5703 728 5776 notat
766 5700 862 5776 ad
926 5702 1328 5775 paenitentiam
1395 5707 1549 5776 quod
1605 5700 1882 5766 rel—exat.‘
1913 5709 2000 5765 lbi

354 5771 592 5838 summa
617 5771 865 5834 actionis
889 5771 1001 5848 est,
1039 5791 1272 5854 poenam
1304 5771 1544 5836 evadere
1569 5776 1694 5850 ;hio
1724 5794 2001 5840 coronam

2061 4823 2066 4830 .
2101 4777 2359 4852 idipsum
2391 4777 2546 4850 quod
2586 4794 2787 4850 supra,
2823 4778 3058 4850 Propter
3103 4779 3493 4850 fornicationes
3541 4790 3754 4850 autem,

2101 4920 2378 4994 adeptum
2409 4919 2612 4994 fuisse,
2644 4937 2736 4977 res
2768 4921 2970 4994 debiti.
3002 4921 3260 4994 Diversis
3312 4921 3622 4980 itineribus
3663 4924 3756 4980 in-

2103 4991 2408 5120 dulgéantia
2437 4992 2620 5048 currit
2650 4996 2707 5049 et
2736 4993 2943 5076 gratia.
2972 4993 3144 5076 Quid,
3175 4994 3388 5067 inquit,
3422 5017 3450 5046 ››
3475 5000 3586 5052 etc.

2173 5065 2194 5098 ‘
2272 5068 2362 5119 rat
2391 5068 2563 5120 antea
2595 5073 2940 5120 nuptiarum.
2974 5082 3172 5120 minus
3204 5066 3372 5120 bene.

2173 5066 2194 5098 ‘
2225 5066 2362 5120 Erat
2391 5068 2563 5120 antea
2595 5066 2940 5136 nuptiarum,
2974 5066 3172 5122 minus
3204 5066 3372 5123 bene.

2173 5136 2195 5171 ⁸
2223 5136 2518 5192 Hodierna
2569 5139 2764 5192 Graeca
2795 5136 3173 5210 exemplaria
3241 5137 3359 5194 fere
3404 5137 3762 5210 praeferunt

2103 5206 2329 5282 χάριτος
2364 5211 2530 5283 ζῳῆς2
2559 5224 2688 5264 raro
2735 5207 2960 5283 χᾴρετος
2988 5206 3282 5283 ίτῖοικξλῃς.
3317 5206 3561 5283 Vulgata
3585 5227 3755 5283 ,quo-

2106 5249 2225 5363 ἔξυὲ
2242 5249 2624 5363 gratixj-iiintx,
2657 5249 3034 5363 qugdt'f‘ra‘udi
3065 5281 3174 5336 fuit
3203 5249 3479 5351 Victoria
3497 5249 3759 5363 q'uj‘ian:

2105 5350 2229 5424 dari
2276 5350 2689 5424 putavitgPetri
2737 5350 2992 5424 epistola:
3034 5369 3082 5408 c.
3143 5370 3218 5419 iv,
3257 5350 3491 5409 versum
3513 5350 3615 5423 '10,
3648 5354 3756 5410 ubi

2106 5421 2339 5478 Graecus
2387 5439 2453 5477 ac
2497 5421 2742 5478 Latinus
2771 5421 3167 5493 —multipticem
3223 5426 3464 5493 gratiam
3524 5421 3752 5483 dicunt.

2107 5493 2245 5549 Inde
2273 5493 2632 5565 superiorem
2664 5510 2862 5550 vocem
2889 5493 3193 5553 cohwderes
3224 5495 3554 5553 necessario
3613 5513 3758 5554 mu-

2108 5564 2362 5648 tandam
2381 5564 2606 5648 censuit
2635 5565 2692 5620 in
2715 5565 3149 5648 dispensatores,
3169 5585 3236 5623 ex
3267 5572 3515 5648 utroque
3565 5572 3753 5648 textu,

2110 5643 2284 5720 atque
2435 5638 2676 5720 hpolog.
2719 5637 3071 5720 quidem_ad
3113 5637 3762 5720 P_ammachium,_’sive

2109 5709 2278 5784 epist.
2311 5709 2399 5781 48,
2433 5709 2515 5769 ita
2535 5726 2603 5768 ex
2630 5709 3028 5787 praconcepta
3071 5711 3341 5787 opinione
3371 5713 3642 5772 mutavit.
