3944 6446
188 364 285 437 238

1233 354 1656 420 ADVERSUS
1699 352 2186 421 JOVINIANUM
2235 355 2381 419 LIB.
2427 356 2479 418 Ι.

3437 355 3562 421 231

179 498 260 564 ~Et,
286 509 347 550 ne
387 495 547 549 tentet
600 470 692 548 vos
740 490 1002 558 Satanas,
1050 493 1275 562 propter
1332 490 1793 546 incontinentiam
1818 490 2150 561 A'eredens
2186 488 2453 561 repudiet
2483 505 2599 545 non
2632 488 2984 546 credentem.
3017 486 3342 562 Causisque
3377 505 3558 563 expo-

186 593 406 645 vestram,
438 580 763 653 Redditque
806 595 1072 647 causam,
1119 593 1224 634 cur
1253 578 1484 647 dixerit,
1522 578 1581 634 Si
1602 595 1659 635 se
1686 595 1796 634 non

185 676 447 741 continent,
476 671 707 727 nubant.
737 670 930 726 Melius
956 677 1036 725 est
1062 670 1214 724 enim
1242 668 1446 724 nubere
1490 685 1654 740 quam
1682 670 1793 725 uri.

170 765 295 833 Ideo
319 759 521 818 melius
548 764 641 816 est
688 760 931 826 nubere,
982 757 1123 830 quia
1153 758 1322 829 pejus
1369 761 1458 815 est
1488 758 1598 814 uri.
1633 756 1797 813 Tolle

183 853 413 911 ardorem
441 848 726 915 libidinis,
757 852 814 904 et
862 864 975 904 non
1008 845 1184 911 dicet,
1216 846 1416 902 melius
1463 855 1540 903 est
1566 847 1790 902 nubere.

179 941 354 1009 Melius
380 940 535 996 enim
565 953 800 1011 semper
828 937 900 993 ad
950 936 1445 1009 comparationem
1488 935 1793 991 deterioris

183 1030 402 1104 respicit,
432 1045 546 1084 non
587 1027 660 1083 ad
693 1024 1130 1098 simplicitatem
1181 1022 1662 1096 incomparabilis
1692 1040 1795 1096 per

168 1138 231 1177 se
255 1118 395 1176 boni.
442 1115 612 1173 Velut
643 1115 693 1173 si
731 1116 989 1171 diceret:
1041 1113 1248 1170 Melius
1290 1117 1380 1169 est
1422 1129 1608 1168 unum
1661 1130 1794 1169 ocu-

174 1208 283 1281 lum
325 1206 553 1273 habere,
602 1220 782 1277 quam
840 1203 1108 1260 nullum:
1143 1202 1403 1259 melius‘
1446 1220 1562 1259 uno
1619 1202 1789 1258 inniti

171 1298 317 1371 pede,
346 1300 401 1352 et
446 1294 688 1352 alteram
726 1298 950 1366 partem
998 1292 1258 1365 corporis
1308 1291 1518 1347 baculo
1565 1296 1793 1348 susten-

177 1393 487 1458 t_are,quam
520 1383 718 1439 fractis
748 1381 1022 1438 cruribus
1052 1396 1271 1453 repere.
1294 1381 1439 1445 Quid
1467 1382 1574 1448 ais,
1608 1383 1790 1453 Apos-

164 1471 310 1549 tole?
336 1474 454 1530 Non
480 1472 585 1529 tibi
611 1472 783 1528 credo
805 1470 1042 1536 dicenti,
1065 1472 1180 1526 Etsi
1209 1471 1497 1542 imperitus
1516 1486 1786 1537 sermone,

168 1580 265 1637 non
302 1572 473 1620 tamen
520 1563 771 1617 scientia.
815 1560 1115 1626 Quomodo
1146 1558 1289 1615 illud
1342 1560 1413 1615 de
1457 1559 1790 1615 humilitate

178 1651 472 1720 descendit,
508 1652 649 1720 Quia
678 1665 786 1707 non
823 1666 947 1704 sum
997 1649 1200 1720 dignus
1257 1649 1443 1703 vocari
1484 1647 1785 1719 Apostolus.

171 1743 243 1811 Et,
272 1741 406 1800 Mihi
430 1741 663 1797 minimo
689 1740 941 1796 omnium
968 1740 1352 1810 apostolorum.
1386 1737 1472 1803 Et,
1509 1737 1791 1808 Tanquam

169 1832 403 1937 abortivo,
473 1831 561 1886 sic
616 1832 674 1886 et
722 1828 832 1885 hoc
889 1826 1239 1937 humilitatis
1296 1826 1518 1937 dictum
1576 1826 1788 1937 put‘oj’.
1821 1869 1868 1937 Β

166 1921 309 1991 Nosti
355 1935 695 1977 sermonum
752 1916 1162 1990 proprietates,
1207 1915 1590 1987 quamobrem
1636 1918 1693 1969 et
1720 1913 1791 1969 de

162 2009 501 2084 Epimenide,
545 2012 603 2064 et
658 2008 728 2064 de
767 2006 1108 2073 Menandro,
1165 2010 1222 2062 et
1283 2005 1428 2062 251
1488 2004 1558 2060 de
1617 2006 1791 2079 Allato

163 2100 408 2171 quaedam
438 2097 628 2154 sumis
664 2094 1022 2153 testimonia.
1065 2093 1173 2150 Ubi
1204 2094 1275 2149 de
1306 2092 1667 2151 continentia
1713 2091 1793 2147 lo-

164 2189 343 2261 queris
375 2195 429 2244 et
455 2186 826 2260 virginitate:
874 2187 1086 2241 Bonum
1114 2192 1210 2249 est,
1254 2183 1363 2251 ais,
1408 2182 1627 2238 homini
1669 2198 1793 2238 mu-

161 2278 337 2335 lierem
387 2292 498 2334 non
544 2281 787 2348 tangere.
837 2275 929 2345 Et,
973 2276 1187 2330 Bonum
1230 2280 1308 2328 est
1337 2274 1437 2340 eis,
1486 2274 1537 2328 si
1563 2273 1643 2327 sic
1663 2287 1791 2344 per-

163 2369 445 2424 manserint
501 2368 564 2422 ut
618 2381 770 2435 ego/
797 2364 884 2431 Et,
934 2368 1075 2420 Puto
1140 2362 1239 2419 hoc
1293 2362 1493 2418 bonum
1547 2362 1629 2417 eis
1679 2376 1792 2417 esse

152 2460 359 2529 propter
386 2457 686 2512 instantem
732 2454 1126 2509 necessitatem.
1172 2452 1261 2518 Et,
1296 2452 1440 2520 Quia
1484 2450 1684 2507 bonum
1712 2453 1791 2505 est

157 2544 354 2600 homini
378 2546 458 2600 sic
507 2558 638 2600 esse.
691 2541 799 2597 Ubi
841 2541 913 2597 ad
956 2540 1191 2615 nuptias
1237 2538 1421 2607 venis,
1467 2555 1582 2595 non
1621 2538 1790 2606 dicis,

151 2633 354 2691 bonum
388 2636 481 2690 est
511 2632 757 2699 nubere,
800 2630 938 2704 quia
968 2647 1083 2686 non
1116 2634 1281 2702 potes
1304 2630 1575 2701 jungere,
1610 2644 1789 2700 quam

150 2723 264 2791 uri;
293 2724 393 2780 sed
425 2721 614 2778 dicis:
646 2720 835 2776 Melius
874 2722 949 2775 est
995 2720 1201 2775 nubere
1244 2736 1412 2791 quam
1439 2719 1556 2781 uri.
1600 2716 1659 2773 Si
1687 2733 1790 2790 per

150 2827 206 2868 se
231 2812 445 2885 nuptis:
477 2814 623 2868 sunt
671 2809 857 2876 bonae,
905 2807 1023 2866 noli
1080 2808 1209 2864 illas
1252 2807 1523 2864 incendio
1554 2822 1788 2878 compa-

148 2917 294 2973 rare:
328 2902 433 2959 sed
466 2900 567 2956 dic
596 2897 964 2972 simpliciter,
987 2898 1207 2955 bonum
1240 2901 1331 2954 est
1371 2897 1609 2952 nubere.
1642 2897 1789 2953 Sus-

150 2994 301 3063 pecta
330 2994 421 3048 est
453 2986 608 3047 mihi
660 2988 892 3047 bonitas
922 2987 1051 3060 ejus
1081 2986 1188 3052 rei,
1231 3002 1409 3058 quam
1444 2985 1788 3059 magnitudo

147 3079 376 3151 alterius
428 3076 577 3135 mali
617 3075 839 3135 malum
887 3093 1015 3134 esse
1045 3077 1199 3149 cogit
1242 3075 1508 3132 inferius.
1543 3075 1662 3148 Ego
1692 3091 1790 3131 au-

146 3172 251 3237 tem
280 3186 396 3226 non
431 3167 621 3226 levius
643 3164 891 3235 malum,
920 3166 1021 3223 sed
1053 3165 1302 3238 simplex
1332 3183 1436 3238 per
1464 3182 1526 3221 se
1564 3165 1785 3223 bonum

145 3257 279 3315 volo.

205 3347 287 3405 lO.
335 3349 600 3405 Mulieres
652 3346 837 3418 ﬁdeles
876 3347 1086 3419 junctae
1143 3344 1485 3416 inﬁdelibus.
1537 3345 1792 3402 Matronae

143 3441 414 3497 servitura
445 3441 510 3494 in
544 3438 967 3508 Hieronymum.
1020 3434 1298 3491 Abraham
1326 3434 1556 3506 adjurat
1578 3449 1794 3489 servum
1850 3472 1857 3473 γ

147 3527 199 3582 in
243 3528 486 3586 Christo.
563 3526 880 3598 Hucusque
944 3524 1201 3598 primum
1261 3521 1584 3595 capitulum
1639 3522 1791 3578 edis-

145 3624 357 3675 serlum
399 3622 516 3685 est,
551 3614 856 3673 veniamus
886 3614 957 3670 ad
990 3613 1315 3686 sequentia.
1359 3614 1454 3668 His
1484 3616 1668 3668 autem
1701 3612 1797 3682 qui

144 3709 495 3765 matrimonio
517 3705 711 3778 juncti
738 3708 885 3774 sunt,
915 3705 1182 3776 praecipio
1227 3718 1339 3759 non
1386 3718 1505 3771 ego,
1550 3702 1641 3758 sed
1692 3702 1797 3758 Do-

143 3798 336 3865 minus,
371 3812 617 3853 uxorem
646 3811 680 3850 a
707 3795 824 3850 viro
862 3809 973 3849 non
1003 3791 1294 3849 discedere.
1331 3791 1481 3861 Quod
1522 3794 1573 3847 si
1599 3791 1797 3847 disces-

145 3888 290 3952 serit,
320 3901 560 3942 manere
605 3886 918 3955 innuptam,
973 3885 1070 3937 aut
1124 3883 1243 3938 viro
1298 3897 1398 3937 suo
1425 3881 1796 3937 reconciliari.

143 3976 203 4030 Et
230 3977 318 4032 vir
344 3991 590 4032 uxorem
620 3974 641 4009 ³
670 3989 780 4029 non
806 3973 1067 4029 dimittat.
1103 3971 1241 4028 Nam
1269 3972 1484 4028 caeteris
1525 3986 1621 4040 ego
1661 3969 1800 4039 dico,

148 4080 248 4121 non
281 4066 591 4122 Dominus:
639 4063 701 4119 Si
745 4063 868 4135 quis
919 4064 1093 4134 frater
1138 4076 1369 4118 uxorem
1401 4060 1558 4116 habet
1609 4059 1802 4130 inﬁde-

148 4153 266 4225 lem,
287 4164 343 4212 et
374 4155 504 4213 haec
532 4154 802 4210 consentit
823 4150 1071 4207 habitare
1117 4167 1243 4207 cum
1275 4150 1394 4219 illo,
1424 4166 1538 4206 non
1568 4149 1805 4204 dimittet

150 4243 335 4309 illam;
367 4249 430 4301 et
463 4246 680 4299 cmtera
728 4257 917 4314 usque
964 4241 1036 4296 ad
1089 4255 1225 4295 eum
1269 4237 1488 4307 locum,
1538 4236 1637 4293 ubi
1686 4238 1803 4293 ait:

67 4354 76 4360 ·
152 4333 540 4408 Unusquisque
561 4333 707 4388 sicut
732 4330 942 4388 vocavit
983 4345 1108 4386 eum
1136 4331 1294 4397 Deus,
1342 4330 1422 4384 ita
1466 4328 1725 4395 ambulet,
1756 4331 1810 4384 et

148 4425 281 4480 sicut
310 4426 371 4481 in
404 4424 674 4481 omnibus
696 4420 951 4478 Ecclesiis
979 4419 1136 4476 doceo
1157 4420 1202 4488 (Ι
1219 4419 1343 4475 Cor.
1376 4435 1475 4486 v11,
1500 4418 1569 4473 l0
1598 4418 1808 4490 seqq).

148 4510 245 4570 Hic
309 4512 488 4570 locus
576 4511 649 4567 ad
734 4512 1082 4584 praesentem
1160 4507 1616 4564 controversiam
1693 4523 1811 4563 non

1815 3241 1858 3308 C

150 4601 418 4674 pertinet.
467 4602 656 4659 Docet
706 4600 885 4664 enim,
931 4599 1101 4670 juxta
1148 4598 1499 4655 sententiam
1556 4595 1810 4666 Domini,
1844 4617 1892 4683 Β

150 4693 682 4763 uxorem,excepta
712 4705 893 4745 causa
909 4686 1330 4756 fornicationis,
1354 4704 1469 4743 non
1502 4686 1816 4759 repudian-

151 4781 304 4851 dam,
347 4788 409 4839 et
450 4779 859 4853 repudiatam,
906 4778 1034 4834 vivo
1089 4776 1321 4845 marito,
1364 4775 1530 4833 alteri
1562 4792 1679 4833 non
1710 4792 1819 4831 nu-

154 4868 304 4939 bere,
338 4874 448 4928 aut
484 4873 648 4927 certe
696 4867 819 4923 viro
867 4883 975 4923 suo
1032 4865 1394 4922 reconciliari
1436 4866 1667 4921 debere.
1719 4864 1821 4920 His

155 4964 354 5017 autem
392 4975 563 5033 quos
590 4956 651 5014 in
694 4955 1071 5013 matrimonio
1125 4954 1609 5029 deprehendisset
1654 4954 1823 5022 ﬁdes,

157 5046 259 5109 hoc
289 5054 406 5119 est,
443 5049 500 5107 si
542 5064 700 5104 unus
743 5045 1089 5103 credidisset
1118 5060 1148 5102 e
1177 5044 1430 5111 duobus,
1462 5043 1724 5118 praecipit
1753 5060 1826 5101 ne

227 5210 601 5277 ‘Martian.,
632 5208 820 5265 Metius
868 5210 947 5264 est
995 5209 1146 5265 enim
1202 5223 1333 5275 uno,
1391 5212 1500 5264 etc.
1560 5207 1641 5263 Ex
1696 5223 1831 5263 mox

155 5285 283 5357 quid
316 5286 473 5355 agis,
507 5281 793 5357 Apostole,
818 5284 928 5336 etc.

226 5356 250 5392 ²
279 5350 481 5413 Antea
509 5350 642 5410 erat
666 5356 822 5425 puta,
856 5350 1237 5409 renuentibus
1258 5366 1403 5407 mss.

227 5427 250 5463 ³
279 5423 713 5503 Εκρυῐῃῐὶωιὶε
760 5423 897 5503 hinc
939 5440 1160 5503 v_ocem_
1195 5439 1376 5503 suam,
1420 5438 1598 5503 quam
1647 5437 1835 5503 neque

164 5503 349 5558 nostri
372 5494 661 5566 'codices,
694 5514 799 5553 nec
847 5496 1099 5569 denique
1146 5494 1427 5551 hodierna
1461 5494 1710 5567 Vulgata
1743 5494 1838 5549 ba—

140 5573 494 5705 -be'?i‘lostri
532 5639 768 5697 codices
798 5642 1137 5697 constanter
1178 5637 1397 5695 habent
1426 5637 1639 5705 Christo
1667 5646 1717 5693 et
1739 5640 1841 5693 De-

1906 579 2058 643 sitis,
2093 580 2248 650 quod
2286 578 2637 636 candidatus
2668 578 2803 634 fidei
2830 578 2908 636 sit
2939 577 3216 649 inﬁdelis,
3247 578 3299 634 si
3328 579 3477 637 nolit
3521 597 3559 637 ει

1905 670 2174 725 credente
2206 668 2544 724 discedere:
2590 685 2621 725 e
2650 668 2940 725 contrario
2962 668 3154 740 jubet,
3203 668 3253 725 si
3298 668 3556 728 inﬁdelis

1905 760 2171 830 repudiet
2206 758 2438 814 ﬁdelem
2484 762 2720 831 propter
2760 757 2937 813 ﬁdem
2988 757 3226 825 Christi,
3257 756 3554 816 discedere

1886 850 2112 909 .debere
2145 848 2506 917 credentem,
2541 864 2614 903 ne
2642 848 2748 916 [AL
2773 846 2898 919 nec]
2931 848 3243 919 conjugem
3290 848 3557 920 praeferat

1906 938 1992 1009 [Al
2072 937 2361 1009 praeferre)
2416 936 2665 1002 Christo,
2717 937 2809 992 cui
2869 935 3048 993 etiam
3087 937 3286 993 anima
3316 940 3553 1009 postpo-

1904 1025 2096 1080 nenda
2115 1029 2222 1081 est.
2250 1027 2322 1081 At
2344 1042 2501 1080 nunc
2522 1024 2815 1097 pleraeque
2837 1029 3280 1081 contemnentes
3292 1024 3554 1094 Apostoli

1893 1114 2246 1185 jussionem,
2270 1114 2612 1187 junguntur
2641 1111 2987 1187 gentilibus,
3015 1119 3072 1171 et
3102 1113 3321 1186 templa
3339 1113 3554 1171 Christi

1902 1205 2073 1260 idolis
2112 1205 2502 1277 prostituunt;
2537 1220 2643 1261 nec
2681 1203 3021 1278 intelligunt
3048 1221 3111 1262 se
3140 1204 3400 1277 corporis
3424 1205 3554 1278 ejus

1901 1298 2127 1365 partem
2159 1309 2310 1362 esse,
2345 1294 2515 1365 cujus
2546 1299 2602 1349 et
2627 1298 2799 1350 costae
2831 1297 2990 1353 sunt.
3020 1293 3277 1366 Ignoscit
3304 1297 3553 1366 Aposto-

1899 1382 1992 1439 lus
2040 1383 2369 1439 inﬁdelium
2411 1382 2830 1455 coniunctioni,
2879 1398 3008 1454 qua:
3066 1382 3351 1440 habentes
3399 1382 3553 1441 262

1900 1471 2167 1540 maritos,
2189 1471 2249 1527 in
2281 1472 2575 1527 Christum
2612 1477 2813 1545 postea
2844 1471 3254 1538 crediderunt;
3288 1488 3404 1528 non
3435 1471 3551 1540 bis,

1902 1578 2029 1633 quae
2060 1578 2194 1616 cum
2225 1561 2570 1618 Christiana:
2601 1566 2816 1629 essent,
2849 1565 3180 1633 nupserunt
3207 1561 3551 1633 gentilibus.

1899 1651 1972 1707 ad
2006 1667 2156 1722 quas
2186 1649 2327 1705 alibi
2386 1649 2674 1722 loquitur:
2727 1651 2906 1707 Nolite
2950 1650 3149 1721 jugum
3178 1649 3373 1706 ducere
3427 1666 3552 1709 cum

1899 1740 2232 1811 inﬁdelibus.
2268 1741 2404 1808 Quae
2431 1742 2583 1797 enim
2607 1741 2966 1812 participatio
3009 1741 3243 1809 iustitia?
3286 1756 3409 1796 cum
3438 1740 3552 1796 ini-

1898 1831 2147 1902 quitate?
2186 1832 2285 1886 aut
2334 1846 2456 1900 quae
2511 1831 2737 1886 societas
2792 1830 2907 1889 luci
2952 1828 3026 1885 ad
3081 1828 3372 1885 tenebras?
3421 1829 3555 1898 Qu

1900 1928 2082 1976 autem
2124 1922 2409 1976 conventio
2441 1919 2646 1976 Christi
2673 1920 2744 1977 ad
2789 1919 2971 1977 Belial
3010 1920 3082 1973 ‘?
3130 1928 3227 1975 aut
3267 1935 3388 1992 quae
3422 1934 3559 1991 pars

1900 2009 2054 2079 ﬁdeli
2083 2026 2203 2064 cum
2236 2008 2452 2079 inﬁdeli
2470 2012 2496 2063 .9
2543 2010 2648 2079 Qui
2672 2015 2866 2066 autem
2912 2024 3205 2085 consensus
3230 2008 3428 2080 templo
3456 2008 3559 2065 Dei

1899 2114 2029 2154 cum
2058 2099 2270 2154 idolis?
2306 2100 2399 2154 Vos
2428 2100 2579 2155 enim
2608 2101 2733 2156 estis
2752 2099 3019 2171 templum
3048 2100 3157 2155 Dei
3184 2100 3298 2154 vivi
3325 2097 3397 2170 (Il
3429 2097 3553 2156 Cor.

1900 2205 1980 2254 vr,
2014 2187 2079 2243 Μ
2112 2195 2162 2244 et
2189 2189 2360 2260 seqq.)
2395 2188 2546 2244 Licet
2577 2187 2735 2244 enim
2768 2189 2827 2244 in
2869 2204 2964 2244 me
3011 2187 3315 2244 saevituros
3364 2187 3550 2249 sciam

1901 2276 2189 2349 plurimas
2247 2280 2682 2345 matronarum;
2741 2276 2878 2333 licet
2918 2277 3124 2333 eadem
3183 2275 3554 2349 impudentia

1902 2383 2022 2439 qua
2072 2366 2391 2422 Dominum
2434 2370 2937 2438 contempserunt,
2988 2365 3046 2421 in
3088 2381 3181 2421 me
3210 2363 3463 2437 pulicem
3494 2369 3553 2422 et

1900 2456 2365 2513 Christianorum
2416 2455 2733 2512 minimum
2780 2455 3280 2515 debacchaturas:
3351 2458 3548 2512 tamen

1901 2545 2094 2602 dicam
2148 2546 2303 2618 quod
2363 2545 2584 2601 sentio:
2628 2544 2836 2617 loquar
2879 2545 3034 2618 quod
3082 2560 3176 2600 me
3234 2542 3551 2616 Apostolus

1900 2634 2118 2702 docuit,
2151 2650 2266 2689 non
2299 2632 2430 2689 illas
2452 2633 2698 2705 justitize
2720 2650 2867 2702 esse,
2900 2634 3001 2690 sed
3034 2632 3398 2706 iniquitatis;
3435 2650 3550 2691 non

1901 2722 2071 2791 lucis,
2102 2724 2223 2789 ,sed
2273 2724 2687 2793 tenebrarum;
2749 2739 2866 2781 non
2904 2722 3140 2791 Christi,
3185 2712 3301 2780 sed,
3330 2722 3548 2792 Belial;

1900 2829 2014 2869 non
2095 2811 2315 2885 templa
2375 2812 2471 2869 Dei
2545 2813 2834 2881 viventis,
2904 2812 3005 2869 sed
3066 2812 3202 2869 fana
3269 2816 3328 2868 et
3395 2811 3553 2870 idola

1900 2904 2290 2957 mortuorum.
2326 2900 2427 2957 Vis
2458 2902 2721 2973 apertius
2743 2903 2989 2970 discere,
3022 2901 3179 2974 quod
3209 2901 3551 2960 Christiana

1899 2989 2139 3047 omnino
2174 3007 2287 3046 non
2318 2989 2489 3046 liceat
2519 2989 2751 3047 ethnico
2803 2990 3071 3047 nubere?
3102 2989 3247 3046 Audi
3276 2991 3550 3051 eumdem

1896 3078 2266 3153 Apo‘stolum,
2298 3080 2513 3147 Mulier,
2547 3078 2756 3151 inquit,
2802 3078 3038 3148 alligata
3066 3082 3143 3135 est
3179 3083 3384 3151 qumito
3414 3087 3551 3136 tem:-

1897 3185 2027 3241 pore
2056 3170 2143 3224 vir
2168 3169 2285 3239 ejus
2314 3169 2448 3225 vivit
2469 3169 2490 3202 ⁵
2508 3186 2528 3229 ,·
2575 3168 2718 3240 quod
2748 3169 2800 3224 si
2833 3167 3066 3223 dormiet
3080 3168 3122 3224 it
3150 3168 3234 3224 vir
3260 3168 3380 3237 ejus
3409 3168 3547 3224 Iibe-

1896 3262 2022 3313 rata
2047 3260 2127 3313 est
2155 3275 2174 3311 :
2206 3259 2299 3312 cui
2327 3257 2445 3313 vult
2487 3256 2676 3324 nubat,
2710 3259 2928 3311 tantum
2954 3257 3014 3311 in
3060 3256 3289 3312 Domino
3335 3257 3383 3328 (Ι
3421 3256 3545 3315 Cor.

1899 3363 2004 3413 vn,
2033 3345 2147 3416 39),
2183 3336 2239 3400 id
2273 3349 2381 3415 est,
2427 3344 2778 3403 Christiano.
2813 3344 2923 3409 Qui
2972 3345 3265 3401 secundas
3311 3346 3551 3405 tertias-

1902 3451 2017 3506 que
2072 3435 2311 3506 nuptias
2376 3434 2643 3490 concedit
2686 3433 2746 3488 in
2806 3432 3076 3501 Domino,
3138 3435 3362 3507 primas
3414 3451 3551 3493 cum

1903 3523 2137 3579 ethnico
2187 3523 2478 3596 prohibet.
2537 3524 2693 3580 Unde
2724 3526 2780 3579 et
2831 3523 3123 3579 Abraham
3168 3524 3405 3596 abjurat
3431 3540 3553 3583 ser-

1903 3630 2042 3669 vum
2076 3613 2134 3668 in
2166 3614 2384 3669 femore
2414 3630 2545 3681 suo,
2567 3612 2676 3669 hoc
2694 3617 2802 3681 est,
2836 3613 2897 3668 in
2919 3612 3171 3680 Christo,
3198 3614 3301 3686 qui
3330 3614 3403 3670 de
3426 3616 3558 3688 ejus

1907 3706 2031 3760 erat
2060 3702 2283 3759 semine
2316 3702 2674 3771 nasciturus,
2707 3707 2774 3758 ut
2803 3701 2923 3759 tilio
2956 3719 3062 3758 suo
3093 3702 3255 3759 Isaac
3285 3702 3561 3778 alienige-

1909 3810 2046 3849 nam
2108 3809 2223 3848 non
2285 3793 2539 3849 adducat
2591 3808 2855 3848 uxorem.
2909 3792 2979 3847 Et
3036 3791 3208 3847 Ezras
3273 3791 3559 3849 offensam

1910 3881 2011 3938 Dei
2042 3881 2453 3953 hujuscemodi
2488 3898 2733 3937 uxorum
2782 3880 3185 3952 repudiatione
3242 3879 3563 3953 compescit

1912 3971 1986 4041 (II
2016 3970 2171 4027 Esdr.
2203 3971 2279 4035 x).
2315 3970 2385 4026 Et
2426 3970 2742 4026 Malac'hias
2790 3968 3109 4043 propheta:
3160 3970 3563 4027 Prmvaricatus

1913 4067 2011 4127 est,
2044 4058 2254 4131 inquit,
2283 4058 2470 4125 Iudas,
2512 4066 2565 4114 et
2610 4058 3075 4114 abominatzonem
3116 4059 3252 4129 fecit
3297 4060 3353 4113 in
3395 4058 3567 4117 Israel

1913 4152 1966 4205 et
1996 4150 2057 4204 in
2098 4147 2424 4204 Jerusalem.
2483 4144 2699 4203 Polluit
2768 4148 2917 4203 enim
2967 4156 3216 4203 sanctum
3267 4149 3487 4218 Donini,
3517 4152 3571 4207 et

1916 4238 2134 4305 dilexit,
2166 4239 2216 4293 et
2246 4236 2438 4293 habuit
2465 4233 2649 4305 ﬁliam
2679 4236 2778 4292 Dei
2835 4235 3034 4292 alieni.
3066 4237 3353 4310 Disperdat
3383 4238 3572 4296 Dami-

1916 4344 2022 4383 nus
2048 4329 2228 4383 virum
2251 4327 2353 4399 qui
2375 4327 2566 4397 fecerit
2594 4326 2718 4392 hoc,
2749 4327 3100 4397 magistrum,
3122 4335 3174 4384 et
3217 4327 3570 4402 discipulum,

1919 4417 1984 4474 de
2013 4416 2381 4473 tabernaculis
2408 4415 2607 4472 Iacob:
2639 4423 2688 4471 et
2739 4415 3054 4487 o/Terentem
3083 4433 3316 4477 numera
3345 4419 3575 4476 Domino

1920 4506 2227 4564 virtutum6
2260 4504 2512 4576 (Malach.
2548 4522 2610 4569 ιι,
2642 4505 2731 4568 11,
2766 4505 2875 4577 12).
2903 4504 3035 4561 Haec
3086 4504 3301 4563 idcirco
3332 4507 3475 4577 dixi,
3507 4511 3574 4564 ut

1923 4596 2026 4669 qui
2057 4595 2294 4668 nuptias
2329 4593 2655 4667 virginitati
2701 4598 3062 4667 comparant,
3122 4595 3574 4659 sciantsaltem

1926 4684 2074 4743 tales
2106 4684 2341 4757 nuptias
2372 4683 2641 4756 digamite
2674 4687 2725 4739 cl
2758 4683 3042 4757 trigamize
3072 4684 3496 4756 subjiciendas.

2001 4776 2089 4832 11.
2148 4774 2585 4844 lntelligentiam
2629 4789 2788 4829 suam
2844 4773 3347 4845 reprehendendam
3398 4782 3578 4848 putat.

1927 4864 2083 4920 Fides
2108 4864 2331 4936 proprie
2362 4862 2807 4919 Christianorum
2848 4866 2949 4918 est.
2981 4893 3050 4902 —
3100 4863 3190 4920 Ad
3222 4864 3584 4937 superiorem

1930 4952 2418 5026 disputationem,
2438 4951 2498 5007 in
2532 4968 2651 5024 qua
2679 4951 2957 5008 docuerat
2989 4951 3220 5011 fidelem
3252 4953 3324 5010 ab
3355 4951 3583 5011 infideli

1936 5060 2052 5101 non
2073 5042 2283 5099 debere
2304 5041 2625 5119 discedere,
2650 5041 2751 5098 sed
2771 5057 3113 5114 permanere
3127 5042 3185 5099 in
3209 5042 3587 5101 matrimonio

1939 5206 2108 5263 Betim
2138 5222 2244 5278 pro
2278 5205 2457 5261 Belial
2488 5202 2839 5278 invenimus.

2014 5279 2035 5313 ⁵
2068 5273 2364 5333 Victorius
2420 5276 2584 5332 addit
2612 5276 2739 5347 legi,
2785 5280 2852 5331 ut
2907 5291 3041 5332 cum
3098 5273 3351 5347 Vulgata
3395 5275 3595 5347 faciat,

1944 5368 2083 5407 nam
2116 5350 2175 5404 in
2203 5345 2871 5421 Grmcis‘exempl‘aribus
2893 5348 3107 5421 saepius
3130 5345 3385 5420 τῷ“νόμῳ
3405 5345 3593 5419 deest,

1944 5439 2049 5478 nec
2109 5419 2539 5493 Hieronymiani
2598 5418 2740 5493 mss.
2775 5419 2883 5493 hoc
2919 5419 3045 5474 loco
3078 5418 3312 5476 habent.
3344 5418 3596 5480 (lasona?

1946 5494 2129 5550 tensis
2175 5492 2347 5565 paulo
2400 5500 2548 5565 posl,
2601 5492 2762 5547 idest
2804 5492 3138 5561 Christiano,
3198 5508 3308 5549 non
3358 5493 3594 5564 ethnico,

1946 5568 2041 5639 qui
2072 5564 2361 5639 secundas.
2396 5570 2507 5639 etc.

2022 5640 2043 5675 δ
2074 5635 2492 5694 Casanatensis
2521 5634 2673 5691 male
2700 5638 2753 5692 et
2782 5650 2893 5692 non
2922 5635 3254 5710 oﬂerentem.

168 5704 299 5777 lial:
372 5718 569 5797 juxta
602 5716 831 5783 Grcam,
911 5714 1126 5789 Χριστῷ
1181 5707 1318 5787 πρὸς
1374 5704 1593 5791 βελίαρ.⁵
1645 5709 1846 5779 Sedet
1933 5768 1939 5777 ,

500 5844 781 5911 Panos.
851 5839 1071 5910 XXIII.
