3944 6420
368 394 371 401 .
389 338 505 402 235

1638 346 1703 410 S.
1746 342 2059 412 EUSEBII
2101 342 2547 420 HIERONYMJ

3663 346 3788 414 236

393 477 547 532 sicut
574 492 673 533 eos
718 476 1038 535 invenisset
1084 479 1251 546 ﬁdes,
1310 484 1367 535 et
1413 497 1897 554 unumquemque
1945 482 2034 538 vel
2062 483 2118 551 Α
2145 483 2463 553 Christum,
2497 484 2547 541 si
2578 484 2962 542 circumcisus
2991 487 3227 542 vocatus
3281 498 3345 542 es
3393 483 3467 541 ab
3496 499 3697 551 uxore,
3728 487 3788 541 et

392 564 679 636 ccelibem,
710 567 795 631 vel
827 566 1106 623 maritum
1156 569 1237 624 ita
1279 570 1491 625 durare
1545 574 1610 625 ut
1638 574 1793 626 esset
1821 570 2034 627 Christi

391 655 746 726 baptismate
797 658 1216 729 deprehensus,
1268 658 1444 715 infert
1483 660 1682 715 subito
1728 658 2034 731 parabolas

395 744 547 800 258
577 745 907 802 circumcisi
937 752 994 803 et
1043 748 1278 815 ethnici,
1312 748 1461 804 servi
1499 753 1556 804 et
1585 748 1751 804 liberi
1779 765 1792 803 :
1840 753 1896 803 et
1924 749 2034 804 sub

394 835 737 907 metaphora
765 852 967 892 earum
999 838 1069 892 de
1118 836 1317 909 nuptis
1369 838 1631 908 disputat
1659 842 1716 893 et
1743 837 2029 909 innuptis.

398 923 762 980 Circumcisus
792 926 995 996 aliquis
1034 930 1248 981 vocatus
1277 932 1373 993 est,
1414 944 1525 982 non
1553 926 1787 981 adducat
1810 942 2034 997 praepu-

396 1015 554 1068 tium.
602 1015 664 1069 In
709 1016 981 1086 praEputio
1027 1024 1244 1071 vocatus
1290 1026 1391 1085 est,
1449 1032 1559 1070 non
1587 1014 2029 1070 circumeidatur.

398 1103 748 1159 Circumeisio
797 1103 944 1158 nihil
992 1107 1088 1169 est,
1145 1109 1195 1158 et
1220 1105 1555 1175 praeputium
1599 1103 1746 1157 nihil
1792 1106 1869 1157 est
1896 1119 1916 1163 ;
1945 1102 2035 1157 sed

396 1194 696 1248 observatio
754 1194 1140 1248 mandatorum
1197 1195 1312 1247 Dei.
1380 1195 1753 1263 Unusquisque
1810 1193 1869 1245 in
1928 1207 2036 1261 qua

395 1285 673 1338 vocatione
702 1291 938 1349 vocatus,
986 1288 1085 1348 est,
1120 1284 1180 1337 in
1220 1300 1283 1337 ea
1326 1290 1665 1351 permaneat.
1697 1284 1899 1336 Servus
1952 1295 2037 1335 vo-

392 1379 544 1426 catus
574 1387 648 1439 es,
682 1388 791 1425 non
819 1373 889 1426 sit
917 1372 1020 1426 tibi
1048 1387 1216 1427 curae.
1249 1371 1351 1427 Sed
1378 1379 1430 1427 et
1464 1374 1515 1426 si
1541 1376 1691 1443 potes
1724 1370 1862 1425 liber
1890 1370 2035 1438 ﬁeri,

392 1462 568 1530 magis
598 1468 767 1516 utere.
803 1461 911 1525 Qui
938 1462 1086 1515 enim
1122 1461 1181 1514 in
1210 1462 1438 1516 Domino
1468 1469 1682 1515 vocatus
1723 1463 1800 1514 est
1827 1474 2032 1523 servus,

394 1549 622 1604 libertus
653 1557 732 1604 est
776 1551 1016 1605 Domini.
1078 1550 1347 1605 Similiter
1402 1552 1451 1603 et
1478 1551 1576 1620 qui
1630 1548 1769 1603 liber
1814 1550 2035 1601 vocatus

392 1647 486 1709 est,
538 1654 724 1694 servus
774 1648 852 1694 est
912 1639 1130 1694 Christi.
1182 1640 1365 1694 Pretio
1419 1641 1593 1709 empti
1638 1640 1808 1693 estis:
1866 1636 2037 1692 nolite

390 1728 518 1797 ﬁeri
544 1730 690 1784 servi
716 1728 1019 1784 hominum.
1057 1730 1432 1803 Unusquisque
1460 1743 1583 1798 ergo
1614 1728 1628 1761 ί
1670 1729 1730 1781 in
1752 1741 1855 1796 quo
1879 1741 2031 1781 voca-

391 1820 477 1872 tus
505 1821 581 1872 est
609 1820 804 1888 frater,
863 1820 923 1872 in
952 1834 1012 1873 eo
1052 1821 1369 1889 permaneat
1417 1816 1562 1889 apud
1610 1817 1781 1870 Deum
1830 1815 1875 1885 (I
1905 1814 2031 1869 Cor.

394 1922 493 1972 vn,
530 1909 594 1960 18
621 1908 810 1979 seqq).
856 1909 935 1963 Ac
987 1908 1269 1979 primum,
1328 1906 1467 1977 quia
1523 1903 1837 1960 nonnullos
1882 1903 2034 1958 hanc

397 1994 841 2065 intelligentiam
913 1996 1370 2069 reprehensuros
1450 1995 1718 2061 arbitror,
1787 1994 2033 2047 interro-

396 2082 547 2163 gare
580 2078 878 2159 libe’tqua:
934 2086 1012 2141 sit
1068 2084 1502 2157 consequentia,
1562 2088 1627 2138 ut
1683 2083 1754 2138 de
1806 2081 2034 2136 maritis

396 2187 454 2239 et
483 2181 758 2237 uxoribus
798 2177 1126 2248 disputans,
1173 2178 1408 2247 repente
1441 2172 1717 2229 transiret
1762 2171 1833 2227 ad
1875 2186 2033 2225 com-

392 2270 758 2345 parationem
787 2266 974 2322 Judaei
1025 2270 1081 2320 et
1138 2264 1376 2328 ethnici,
1410 2262 1558 2317 servi
1603 2265 1659 2315 et
1710 2258 1915 2315 liberi:
1977 2262 2035 2314 et

392 2376 653 2427 rursum,
676 2357 784 2412 hac
808 2354 1204 2424 disputatione
1227 2352 1412 2417 ﬁnita,
1442 2351 1656 2406 rediret
1677 2350 1748 2405 ad
1779 2347 2033 2420 virgines

391 2451 591 2506 dicens
618 2467 630 2503 :
663 2449 738 2502 De
766 2445 1076 2514 virginibus
1106 2447 1287 2499 autem
1316 2448 1647 2513 prmceptum
1678 2438 1899 2493 Domini
1925 2452 2035 2491 non

391 2541 558 2597 habeo
591 2540 637 2607 (I
661 2538 781 2593 Cor.
822 2552 925 2604 vn,
972 2536 1049 2601 5).
1100 2532 1247 2595 Quid
1299 2530 1409 2587 sibi
1456 2528 1577 2584 vult
1627 2529 1779 2583 inter
1825 2526 2034 2597 conju-

394 2629 489 2702 gia
513 2632 570 2684 et
598 2624 1016 2696 virginitatem,
1049 2621 1236 2677 Judazi
1293 2624 1350 2674 ct
1402 2618 1641 2685 ethnici,
1691 2615 1842 2671 servi
1890 2614 2034 2669 libe-

393 2719 560 2791 rique
592 2714 869 2772 collatio?
902 2711 1167 2768 Secundo
1216 2709 1509 2781 quomodo
1553 2706 1738 2779 possit
1765 2702 2034 2776 intelligi,

397 2807 760 2864 Circumcisus
790 2804 993 2874 aliquis
1043 2804 1262 2856 vocatus
1306 2806 1405 2868 est,
1436 2813 1546 2853 non
1601 2796 1834 2850 adducat
1888 2807 2033 2865 pra?-

392 2900 612 2971 putium
642 2893 801 2967 (Ibid.
834 2893 963 2963 l8)?
992 2888 1265 2961 Nunquid
1315 2887 1415 2958 qui
1447 2884 1624 2942 semel
1666 2887 2037 2956 amputatum

394 2988 571 3044 habet
599 2983 974 3058 praeputium,
1006 2982 1195 3052 potest
1215 2980 1235 3012 ²
1265 2976 1313 3033 si
1344 2976 1486 3032 velit
1530 2991 1737 3030 rursus
1768 2972 1909 3027 illud
1944 2972 2040 3027 ad-

397 3076 650 3133 ducere?
707 3071 927 3129 Deinde
982 3085 1094 3140 quo
1126 3084 1301 3123 sensu
1362 3063 1767 3136 exponendum
1801 3060 1896 3128 sit,
1932 3061 2040 3128 Qui

394 3174 543 3228 enim
572 3170 632 3222 in
664 3166 894 3221 Domino
937 3163 1155 3215 vocatus
1201 3159 1277 3211 est
1322 3171 1530 3224 servus,
1563 3153 1788 3208 libertus
1827 3159 1905 3207 est
1932 3153 2035 3207 Do-

2145 574 2353 630 cmlebs
2411 591 2540 630 eras
2574 593 2587 630 :
2624 574 2743 631 noli
2782 575 2994 631 ducere
3041 590 3303 642 uxorem,
3347 574 3457 630 hoc
3504 578 3616 644 est,
3664 572 3787 629 noli

2144 663 2430 719 adducere
2454 665 2824 736 praeputium,
2839 680 2912 719 ne
2929 663 3393 721 circumcisionis
3413 666 3471 718 et
3491 660 3785 735 pudicitiae

2142 748 2470 807 libertatem
2519 768 2725 807 oneres
2782 752 3011 807 sarcina
3051 751 3411 824 nuptiarum.
3445 754 3703 805 Rursum
3736 748 3789 806 ei

2144 839 2203 894 in
2246 841 2527 912 praeputio
2559 840 2691 913 quis
2736 844 2977 897 vocatus
3007 844 3114 910 est,
3148 857 3264 895 non
3303 838 3783 895 circumcidatur.

2142 929 2429 997 Habebas,
2478 930 2692 1002 inquit,
2744 946 3004 998 uxorem,
3055 946 3189 986 cum
3256 928 3555 985 credidisti
3598 945 3611 983 :
3660 927 3783 984 noli

2142 1020 2319 1075 ﬁdem
2351 1018 2563 1075 Christi
2596 1024 2803 1091 putare
2824 1036 3063 1075 causam
3100 1019 3349 1087 dissidii,
3384 1018 3524 1090 quia
3553 1018 3615 1074 in
3645 1034 3787 1090 pace

2140 1107 2364 1163 vocavit
2393 1124 2500 1164 nos
2527 1112 2695 1164 Deus.
2733 1108 3082 1164 Circumeisio
3134 1108 3277 1162 nihil
3331 1112 3429 1175 est,
3460 1110 3511 1163 et
3555 1121 3786 1179 purpu-

2144 1200 2279 1252 tium
2338 1197 2482 1251 nihil
2538 1202 2664 1257 est;
2712 1197 2806 1252 sed
2870 1198 3166 1252 observatio
3230 1196 3622 1252 mandatorum
3686 1197 3785 1253 Dei

2144 1286 2302 1355 (Ibid.
2360 1286 2470 1353 l9).
2520 1286 2674 1341 Nihil
2727 1287 2883 1341 enim
2952 1287 3190 1358 prodest
3230 1286 3453 1357 absque
3502 1285 3785 1358 operibus

2144 1374 2471 1440 caelibatus,
2502 1380 2561 1430 et
2590 1375 2975 1447 nuptize,cum
3006 1374 3183 1430 etiam
3213 1374 3379 1442 fides,
3403 1391 3530 1446 quis
3553 1374 3788 1447 proprie

2142 1464 2609 1520 Christianorum
2638 1469 2745 1530 est,
2780 1463 2829 1518 si
2861 1480 3035 1535 opera
3072 1479 3190 1518 non
3226 1462 3517 1531 habuerit,
3551 1466 3789 1518 mortua

2143 1569 2272 1608 esse
2301 1553 2547 1620 dicatur,
2581 1557 2638 1609 et
2683 1552 2792 1608 hac
2838 1552 2963 1625 lege
3012 1552 3269 1624 virgines
3313 1568 3546 1624 quoque
3574 1552 3789 1619 Veste,

2145 1648 2203 1698 et
2242 1641 2493 1697 Junonis
2544 1641 2782 1697 univirae
2826 1641 2886 1697 in
2936 1645 3273 1697 sanctarum
3327 1645 3549 1712 queant
3580 1641 3789 1698 ordine

2145 1731 2488 1786 numerari:
2526 1731 2902 1802 Unusquisque
2950 1733 3009 1785 in
3056 1747 3166 1800 qua
3228 1731 3506 1785 vocatione
3569 1735 3792 1786 vocatus

2145 1829 2243 1887 est,
2272 1821 2331 1874 in
2377 1835 2442 1875 ea
2483 1823 2803 1891 permanent
2851 1820 3036 1891 (Ibid.,
3084 1819 3198 1888 24).
3232 1818 3474 1883 Quando
3517 1819 3789 1890 credidit,

2144 1908 2262 1965 sive
2294 1908 2566 1977 habebat,
2597 1909 2716 1964 sive
2746 1924 2860 1963 non
2891 1907 3142 1963 habebat
3169 1924 3429 1977 uxorem,
3462 1907 3521 1963 in
3552 1924 3617 1963 eo
3651 1925 3794 1980 per-

2144 2002 2399 2065 maneat,
2446 1997 2505 2052 in
2554 2014 2667 2069 quo
2712 2000 2952 2053 vocatus
2995 2000 3102 2052 est.
3140 2001 3222 2049 Ac
3252 2013 3354 2069 per
3384 1995 3493 2052 hoc
3522 2012 3637 2052 non
3662 2002 3793 2054 tam

2142 2087 2399 2160 virgines
2429 2086 2585 2158 cogit
2616 2090 2681 2141 ut
2709 2086 2951 2152 nubant,
2985 2100 3164 2157 quam
3202 2084 3448 2157 repudia
3492 2085 3789 2157 prohibet.

2143 2177 2213 2232 Et
2251 2176 2403 2232 sicut
2438 2176 2790 2231 habentibus
2829 2190 3037 2230 uxores
3083 2172 3237 2229 tollit
3263 2173 3561 2230 licentiam
3591 2174 3793 2232 dimit-

2144 2266 2304 2322 tendi
2334 2282 2452 2333 eas,
2487 2264 2571 2321 sic
2599 2264 2927 2337 virginibus
2958 2263 3216 2320 nubendi
3246 2267 3514 2336 amputat
3551 2263 3794 2321 faculta-

2141 2361 2260 2412 tem
2295 2372 2307 2409 :
2339 2354 2535 2410 Servus
2564 2362 2780 2410 vocatus
2808 2370 2884 2427 es,
2915 2368 3027 2409 non
3053 2355 3126 2409 sit
3162 2353 3265 2408 tibi
3309 2368 3497 2415 eunte;
3526 2354 3622 2409 sed
3657 2357 3709 2409 et
3737 2356 3795 2408 si

2139 2450 2288 2517 potes
2343 2446 2480 2500 liber
2526 2446 2670 2515 ﬁeri,
2704 2444 2880 2513 magis
2924 2451 3093 2498 utere.
3129 2442 3313 2498 Etiam
3364 2443 3415 2498 si
3454 2442 3657 2510 habes,
3689 2442 3796 2498 in-

2145 2536 2291 2608 quit,
2327 2536 2659 2599 uxorem,et
2685 2531 2769 2586 illi
2794 2532 3066 2604 alligatus
3096 2547 3177 2599 es,
3211 2535 3267 2587 et
3298 2530 3474 2588 solvis
3498 2531 3794 2599 debitum,

2144 2630 2201 2680 et
2230 2640 2347 2679 non
2386 2623 2568 2679 habes
2615 2621 2703 2677 tui
2746 2621 3006 2693 corporis
3043 2624 3432 2693 potestatem;
3468 2625 3644 2694 atque
3699 2622 3795 2693 (ut

2145 2712 2518 2769 manifestius
2549 2710 2776 2782 loquar)
2809 2726 3011 2766 servus
3041 2709 3239 2766 uxoris
3266 2726 3351 2779 es,
3377 2709 3498 2766 noli
3550 2714 3797 2782 propter

2144 2801 2255 2857 hoc
2284 2801 2499 2856 habere
2526 2798 2967 2869 tristitiam,nec
2998 2799 3069 2854 de
3090 2798 3311 2855 amissa
3335 2797 3671 2871 virginitate
3692 2814 3799 2854 su-

2148 2890 2355 2963 spires.
2379 2890 2489 2945 Sed
2521 2890 2696 2945 etiam
2728 2888 2778 2944 si
2809 2892 2975 2960 potes
3015 2904 3224 2943 causas
3255 2885 3483 2958 aliquas
3528 2887 3796 2943 invenire

2148 2979 2427 3046 dissidiis,
2462 2982 2527 3033 ut
2554 2978 2819 3033 libertate
2852 2976 3143 3049 pudicitiae
3173 2975 3513 3048 perfruaris,
3546 2974 3665 3031 noli
3688 2992 3791 3032 sa-

2146 3070 2327 3125 lutem
2359 3073 2522 3124 tuam
2556 3083 2689 3122 cum
2718 3065 2957 3121 alterius
2998 3065 3238 3121 interitu
3270 3081 3544 3137 quaerere.
3568 3064 3795 3121 Habeto

2146 3159 2443 3232 paulisper
2473 3173 2736 3223 uxorem,
2769 3172 2873 3210 nec
2916 3171 3234 3226 praecurras
3281 3158 3606 3209 morantem
3637 3170 3651 3208 :
3686 3170 3797 3209 ex-

389 3261 572 3317 mini?
621 3255 889 3311 Similiter
951 3251 1048 3321 qui
1109 3247 1246 3303 liber
1294 3248 1513 3301 vocatus
1571 3247 1666 3310 est,
1716 3256 1904 3296 servus
1959 3243 2036 3295 est
2066 3220 2110 3288 (ἶ
2148 3253 2347 3323 specta
2394 3248 2535 3303 dum
2586 3245 2873 3317 sequitur.
2912 3244 2971 3299 Si
3019 3243 3205 3315 egeris
3239 3242 3544 3314 patienter,
3575 3243 3799 3313 conjux

401 3348 607 3405 Christi
638 3344 824 3414 (Ibid.,
854 3339 991 3408 22)?
1022 3339 1258 3403 Quarto,
1311 3333 1601 3405 quomodo
1634 3331 1729 3386 ille
1761 3330 1859 3402 qui
1892 3347 2034 3402 pras-

395 3437 549 3509 cepit
586 3434 767 3489 servis
798 3427 1031 3485 obedire
1052 3424 1307 3480 dominis
1355 3421 1710 3488 carnalibus,
1762 3436 1917 3475 nunc
1947 3420 2035 3474 di-

393 3508 526 3581 cat:
562 3510 736 3578 Nolite
762 3520 884 3590 ﬁeri
925 3517 1068 3572 servi
1124 3516 1407 3569 hominum
1453 3510 1613 3581 (Ibid.
1645 3509 1786 3579 23)?
1832 3508 1915 3562 Ad
1948 3525 2037 3563 ex-

392 3621 671 3678 tremum,
706 3609 843 3682 quid
876 3607 1161 3678 pertineat
1192 3604 1262 3658 ad
1286 3602 1647 3667 servitutem,
1670 3599 1759 3654 vel
1791 3599 2035 3654 circum-

393 3704 700 3767 cisionem,
735 3698 1109 3768 Unusquisque
1139 3695 1195 3747 in
1248 3708 1350 3762 quo
1399 3698 1613 3745 voca-tus
1642 3693 1717 3745 est
1748 3691 1941 3753 frater,
1974 3689 2034 3741 in

389 3811 448 3851 eo
477 3798 797 3866 permaneat
824 3785 970 3858 apud
1000 3785 1215 3838 Deum?
1262 3781 1407 3835 Nam
1457 3783 1514 3834 et
1558 3777 1914 3835 contrarium
1946 3781 2035 3833 est

390 3879 676 3955 superiori
709 3875 1029 3932 sentcntiae.
1061 3870 1118 3925 Si
1150 3870 1305 3926 enim
1338 3868 1482 3923 illud
1524 3868 1893 3923 audivimus:
1927 3868 2030 3921 No-

380 3974 488 4027 lite
518 3971 641 4039 ﬁeri
668 3968 812 4022 servi
840 3966 1139 4027 hominum,
1165 3977 1281 4033 qua
1302 3959 1523 4014 ratione
1548 3974 1865 4030 possumus
1886 3956 1944 4010 in
1964 3972 2032 4011 ea

390 4073 732 4133 permanere
761 4053 1057 4110 vocatione
1088 4067 1203 4122 qua
1230 4048 1418 4107 vocati
1440 4064 1667 4113 sumus,
1692 4062 1827 4101 cum
1859 4044 2030 4099 multi

390 4145 749 4205 crediderint
801 4143 1079 4198 habentes
1139 4138 1402 4195 carnales
1459 4136 1751 4205 dominos,
1814 4134 2030 4206 quibus

376 4248 553 4292 nunc
578 4234 793 4291 servire
824 4230 1250 4304 prohibentur?
1286 4228 1459 4284 Porro
1517 4227 1588 4281 ad
1632 4223 2027 4281 circumcisio-

392 4342 526 4382 nem
559 4323 696 4396 quid
730 4322 863 4377 facit
893 4335 1233 4393 permanere
1264 4317 1323 4372 in
1356 4333 1425 4371 ea
1450 4314 1767 4380 vocatione,
1810 4313 1869 4367 in
1913 4328 2029 4384 qua

388 4412 577 4470 vocati
625 4429 852 4477 sumus,
903 4425 1037 4465 cum
1069 4408 1126 4464 in
1158 4408 1269 4462 alio
1322 4404 1445 4460 loco
1502 4404 1659 4459 idem
1714 4401 2026 4474 Apostolus

388 4503 693 4559 clamitet:
756 4503 887 4557 Ecce
967 4498 1179 4555 Paulus
1242 4495 1361 4550 dico
1432 4494 1602 4560 vobis,
1662 4492 1923 4563 quoniam
1980 4494 2029 4546 si

2146 3337 2470 3396 mutabitur
2499 3335 2558 3390 in
2591 3349 2849 3390 sororem
2884 3350 2897 3388 :
2933 3334 3041 3401 Qui
3067 3335 3215 3388 enim
3257 3334 3316 3387 in
3357 3332 3585 3387 Domino
3634 3348 3798 3387 voca-

2142 3432 2230 3484 tus
2257 3432 2333 3483 est
2354 3441 2559 3495 servus,
2596 3424 2821 3479 libertus
2869 3432 2951 3477 est
2980 3422 3200 3479 Domini
3228 3440 3247 3477 :
3275 3422 3546 3477 similiter
3582 3422 3678 3492 qui
3725 3422 3801 3477 li-

2147 3519 2239 3574 ber
2284 3519 2499 3572 vocatus
2547 3517 2642 3580 est,
2693 3527 2877 3568 servus
2918 3515 2995 3566 est
3047 3511 3277 3566 Christi.
3322 3508 3532 3565 Reddit
3579 3525 3800 3567 causas

2145 3624 2249 3663 cur
2296 3604 2441 3660 nolit
2485 3617 2696 3658 uxores
2743 3600 2953 3657 deseri.
2985 3599 3201 3655 Idcirco
3244 3598 3324 3655 ait
3358 3615 3371 3653 :
3404 3598 3701 3670 Principio,
3724 3603 3801 3655 ut

2145 3696 2205 3751 in
2240 3694 2539 3751 Christum
2587 3691 2658 3746 de
2724 3689 3051 3762 gentilitate
3116 3688 3417 3745 credentes
3459 3687 3608 3743 inita
3655 3693 3799 3744 ante

2144 3785 2319 3839 fidem
2351 3778 2728 3836 matrimonia
2755 3795 2872 3834 non
2918 3776 3256 3850 relinquant
3292 3775 3469 3849 :quia
3500 3776 3601 3848 qui
3631 3776 3792 3834 255

2143 3888 2381 3928 uxorem
2428 3870 2653 3925 habens
2691 3866 2956 3935 credidit,
3006 3884 3123 3924 non
3193 3870 3354 3922 tanto
3408 3865 3504 3921 Dei
3553 3864 3795 3921 servitio

2140 3960 2451 4027 detinetur,
2483 3962 2699 4031 quanto
2747 3956 3002 4030 virgines
3046 3961 3103 4011 et
3144 3955 3439 4027 innupta};
3493 3954 3596 4010 sed
3640 3970 3795 4025 quo-

2140 4050 2453 4107 dammodo
2484 4053 2573 4103 est
2600 4046 2854 4114 liberior,
2880 4050 2937 4101 et
2956 4044 3254 4101 servitutis
3278 4043 3361 4099 illi
3397 4044 3561 4100 frena
3586 4042 3794 4101 laxan-

2138 4142 2271 4206 tur;
2307 4142 2363 4193 et
2409 4138 2550 4193 dum
2597 4133 2793 4190 uxoris
2842 4136 2931 4189 est
2982 4150 3206 4202 servus,
3241 4137 3307 4187 ut
3336 4132 3417 4188 ita
3464 4131 3681 4202 dicam,
3717 4129 3796 4186 li-

2139 4228 2339 4283 bertus
2367 4230 2454 4281 est
2474 4223 2727 4281 Domini.
2762 4224 2936 4279 Porro
2967 4222 3067 4294 qui
3107 4239 3346 4279 uxorem
3387 4238 3503 4277 non
3534 4220 3794 4288 habens,

2139 4317 2405 4385 credidit,
2436 4320 2493 4371 et
2520 4314 2669 4370 liber
2691 4331 2725 4369 a
2754 4313 3029 4369 servitute
3060 4311 3320 4385 conjugii
3355 4315 3598 4367 vocatus
3627 4313 3721 4366 est
3752 4327 3791 4367 ει

2137 4406 2403 4473 Domino,
2436 4404 2533 4459 ille
2563 4419 2696 4460 vere
2726 4419 2927 4459 servus
2958 4406 3047 4458 est
3102 4401 3335 4457 Christi.
3369 4403 3598 4467 Quanta
3654 4398 3789 4455 feli-

2136 4495 2301 4563 citas,
2336 4512 2449 4550 non
2499 4492 2697 4548 uxoris
2757 4508 2989 4547 servum
3042 4507 3191 4558 esse,
3224 4491 3326 4546 sed
3374 4489 3632 4557 Christi;
3666 4505 3793 4545 non

385 4592 878 4659 circumeidamini,
934 4589 1180 4644 Christus
1231 4585 1381 4641 vobis
1425 4583 1569 4637 nihil
1604 4580 1845 4652 proderit
1896 4582 2023 4653 (Ga-
2054 4588 2102 4655 D
2134 4584 2292 4640 carni
2327 4582 2560 4649 servire,
2593 4581 2694 4637 sed
2736 4580 3009 4652 spiritui!
3046 4581 3148 4649 Qui
3196 4582 3346 4635 enim
3385 4578 3629 4634 αάὴεενει
3678 4583 3793 4636 οη-

384 4687 481 4741 lat.
516 4702 569 4749 ν,
604 4680 707 4752 2)?
757 4681 957 4736 Restat
1007 4678 1202 4748 igitur,
1256 4678 1318 4729 ut
1370 4670 1736 4727 circumcisio
1781 4671 1934 4727 254
1971 4674 2029 4726 et

382 4772 755 4846 prieputium,
781 4785 981 4825 servus
996 4766 1225 4831 ctliber,
1242 4762 1524 4835 superiori
1550 4761 1747 4817 sensui
1763 4765 2027 4833 coapten-

384 4868 504 4930 tur,
537 4866 593 4917 et
627 4862 698 4915 de
730 4855 1206 4913 antecedentibus
1254 4852 1561 4924 pendeant.
1617 4851 2026 4906 Circumcisus3

384 4952 598 5023 aliquis
654 4950 873 5004 vocatu;
951 4947 1047 5008 est,
1105 4958 1213 4998 non
1263 4940 1495 4995 adducat
1536 4940 1889 5011 praeputium.
1925 4940 2023 5012 Eo,

377 5041 591 5114 inquit,
644 5045 906 5109 tempore
955 5049 1069 5104 quo
1098 5034 1337 5088 vocatus
1368 5047 1451 5099 es,
1511 5033 1568 5085 et
1617 5028 1915 5086 credidisti
1962 5030 2022 5085 in

449 5254 779 5311 ‘Voculam
838 5268 962 5325 ergo
1020 5267 1124 5306 nec
1184 5248 1663 5325 Graecusliabet,
1718 5266 1823 5305 nec
1873 5265 2016 5305 mss.

377 5326 833 5396 Hieronymiani,
884 5321 1010 5379 tum
1059 5325 1256 5396 fratres
1304 5321 1557 5393 plurium
1600 5338 2018 5396 numero,__non

373 5402 554 5471 frater
584 5392 944 5471 habent’hic
996 5392 1169 5466 atque
1216 5392 1367 5471 infra
1400 5410 1531 5449 curn
1586 5392 2017 5471 Graecojtidem

376 5463 625 5547 ἀδελφοί.
659 5469 919 5538 Denique
949 5484 1051 5539 pro
1074 5463 1214 5538 qua?
1240 5470 1311 5522 sit
1356 5468 1759 5537 consequentia,
1792 5463 2015 5536 legunt,

376 5560 495 5598 aute
524 5544 595 5596 sit
619 5556 946 5598 consequens
973 5542 1257 5595 sententia.

372 5560 495 5616 quae
524 5557 595 5596 Stl
619 5557 946 5610 consequens
973 5557 1257 5595 sententia.

446 5616 466 5648 ε
497 5615 685 5668 Sentit
715 5612 1103 5684 superadduci
1134 5610 1484 5684 praeputium
1516 5624 1631 5663 non
1652 5622 1853 5684 posse,
1887 5623 2017 5663 con-

448 5631 466 5648 ²
497 5631 685 5668 uentu:
715 5631 783 5668 ευ
830 5631 1103 5667 91⁵3001101
1134 5631 1484 5684 ρι’ωρυιιυῐη
1516 5631 1631 5663 non
1667 5631 1853 5678 μυδδῧ,
1887 5631 2010 5663 υυιι·

371 5691 463 5749 tra
505 5702 680 5760 quam
714 5631 850 5744 eligi
899 5684 1034 5761 plus
1064 5685 1310 5742 fortasse
1343 5696 1522 5755 quam
1556 5678 1699 5738 satis
1729 5679 2010 5738 diximus.

2137 4676 2307 4738 mino,
2340 4689 2485 4727 unus
2532 4671 2765 4743 spiritus
2814 4678 2891 4726 est
2938 4671 2987 4737 (Ι
3025 4670 3144 4725 Cor.
3185 4684 3265 4737 νε,
3300 4669 3409 4741 17).
3442 4670 3519 4723 Ac
3551 4684 3624 4723 ne
3668 4667 3791 4723 for-

2136 4763 2312 4818 sitam
2338 4762 2394 4816 in
2425 4777 2512 4825 eo,
2547 4760 2702 4832 quod
2736 4776 2917 4831 supra
2940 4758 3182 4823 dixerat,
3216 4758 3417 4813 Servus
3454 4760 3680 4813 vocatus
3707 4774 3788 4826 es,

2133 4868 2245 4907 non
2272 4853 2345 4905 sit
2374 4850 2482 4905 sibi
2509 4864 2660 4906 στιν-ω
2692 4848 2820 4904 :sed
2849 4853 2899 4902 et
2938 4850 2991 4903 si
3050 4852 3198 4919 potes
3238 4848 3376 4903 liber
3409 4848 3551 4917 ﬁeri,
3602 4848 3790 4918 magis

2132 4949 2304 5005 utere,
2336 4938 2681 5012 suggillasse
2705 4937 3125 4994 continentiam
3153 4937 3468 5003 videretur,
3501 4940 3559 4992 et
3596 4935 3655 4990 in
3689 4937 3782 4991 fa-

2135 5030 2423 5091 mulatum
2451 5044 2556 5085 nos
2585 5027 2901 5085 tradidisse
2944 5028 3283 5100 conjugum,
3317 5026 3494 5082 infert
3543 5029 3784 5081 senten-

2130 5246 2275 5302 Vide
2305 5246 2434 5318 ejus
2463 5243 2573 5301 loci
2603 5244 2969 5318 interpretes.

2199 5320 2221 5355 ³
2250 5318 2312 5373 In
2332 5311 2651 5373 Veronensi
2682 5322 2741 5371 et
2760 5311 3137 5371 'Cisterciensi
3168 5314 3435 5371 omnium
3482 5311 3778 5384 antiquis-

2129 5391 2298 5447 simis
2345 5405 2489 5444 mss.
2540 5388 2740 5443 isthaac
2776 5388 3155 5443 subduntur:
3197 5410 3218 5436 ι
3254 5387 3333 5441 De
3383 5384 3780 5441 circumcisio-

2129 5464 2221 5519 nis
2252 5460 2757 5533 cognominatione
2789 5459 2961 5533 ferias
2991 5458 3255 5533 libidinis
3284 5459 3475 5523 docet,
3509 5455 3778 5533 quiailla

2128 5551 2263 5606 pars
2289 5526 2547 5606 corporis
2603 5532 2933 5606 truncanda
2968 5536 3077 5606 est,
3111 5531 3280 5606 cujus
3311 5526 3681 5606 exspectatur
3710 5526 3778 5584 in

2126 5598 2301 5662 rebus
2328 5598 2746 5661 erubescendis
2776 5601 3122 5674 periculum.
3160 5598 3196 5649 ἦ
3223 5603 3350 5673 Ipse
3393 5598 3547 5657 infra
3575 5598 3785 5659 Hiero-

2122 5694 2356 5757 nymus,
2388 5676 2598 5738 discant
2612 5676 2773 5751 prius
2794 5675 2971 5752 lerias
2994 5674 3337 5748 nuptiarum.
