3944 6454
397 350 515 414 239

1641 349 1710 411 S.
1753 340 2063 411 EUSEBII
2106 342 2549 413 HIERONYMI

3678 348 3809 412 240

398 501 521 540 cum
542 498 736 556 uxore,
765 500 876 541 non
905 484 1123 556 expedit
1170 484 1392 540 nubere.
1436 485 1694 549 Quorum
1750 480 2037 536 Dominus
2065 479 2123 547 Α
2152 481 2559 552 circumcisus,
2587 483 2756 540 tertio
2806 483 2974 552 liber,
3031 483 3103 540 ad
3154 486 3478 541 extremum
3537 481 3797 540 solutus.

401 575 750 630 sententiam
788 574 1081 647 probans:
1118 574 1289 629 Recte
1344 573 1581 645 quidem
1630 570 1881 635 sentitis,
1939 568 2039 636 ait,

403 664 559 735 quod
590 680 705 718 non
735 662 1000 735 expediat
1031 662 1253 718 homini
1298 662 1369 718 ad
1406 663 1682 717 caelorum
1713 674 1893 731 regna
1916 662 2041 713 ten-

405 751 587 818 denti,
633 752 893 824 accipere
942 768 1211 820 uxorem;
1247 751 1348 806 sed
1396 749 1646 804 difﬁcilis
1703 766 1795 803 res
1847 752 1954 817 est,
1989 750 2045 802 et

406 857 520 895 non
553 858 759 897 omnes
790 840 1027 913 capiunt
1054 841 1299 897 verbum
1357 839 1536 907 istud,
1594 853 1798 893 verum
1830 836 2045 909 quibus

402 929 606 985 datum
638 934 746 985 est.
779 930 938 986 Alios
968 930 1267 986 eunuchos
1300 933 1509 983 natura
1556 926 1710 993 facit,
1762 924 1909 980 alios
1955 924 2045 980 vis

402 1017 733 1075 hominum.
766 1018 908 1075 Mihi
938 1018 1022 1073 illi
1053 1017 1303 1075 eunuchi
1336 1017 1739 1091 placent,quos
1769 1012 2047 1070 castravit

402 1124 519 1164 non
550 1108 889 1176 necessitas,
922 1108 1022 1164 sed
1043 1106 1609 1163 voluntas.Libenter
1638 1103 1770 1159 illos
1793 1102 1852 1158 in
1884 1118 2046 1158 meos

403 1197 571 1254 sinus
602 1198 839 1266 recipio,
873 1198 972 1269 qui
1016 1214 1078 1253 se
1127 1199 1531 1252 castraverunt
1582 1197 1819 1266 propter
1867 1206 2046 1263 regna

404 1285 704 1354 caelorum,
738 1290 794 1341 et
826 1287 898 1343 ob
937 1287 1052 1342 mei
1093 1285 1317 1341 cultum
1361 1284 1677 1341 noluerunt
1716 1298 1845 1338 esse
1888 1280 2043 1352 quod

402 1375 523 1432 nati
564 1379 721 1431 sunt.
773 1374 1074 1447 Simulque
1120 1376 1426 1430 tractanda
1483 1371 1799 1428 sententia:
1832 1372 1943 1440 Qui
1970 1385 2043 1437 se,

402 1463 617 1534 inquit,
648 1467 1020 1519 castravcrunt
1044 1468 1267 1535 propter
1303 1479 1475 1531 regna
1522 1462 1799 1515 cazlorum.
1847 1459 1903 1512 Si
1953 1475 2045 1514 ca-

402 1554 571 1608 strati
604 1554 932 1609 mercedem
954 1554 1172 1608 habent
1201 1552 1367 1623 regni
1414 1548 1715 1613 coelorum,
1761 1563 1896 1619 ergo
1945 1545 2047 1617 qui

404 1656 466 1697 se
497 1658 612 1697 non
643 1644 1063 1708 castraverunt,
1096 1639 1292 1695 locum
1343 1655 1459 1695 non
1490 1641 1741 1710 possunt
1787 1636 2048 1707 accipere

403 1734 812 1786 caetratorum.
870 1732 977 1798 Qui
1030 1733 1220 1801 potest,
1290 1728 1501 1799 inquit,
1559 1742 1772 1797 capere,
1846 1727 2045 1797 capiat.

2230 572 2310 626 t3.
2347 572 2593 641 Virgines
2624 574 2843 629 incestae
2872 575 2925 628 si
2954 575 3239 645 nupserint
3266 581 3387 645 post
3436 574 3800 629 consecratio-

2151 675 2296 715 nem.
2332 662 2553 732 Tempus
2581 663 2707 718 vita:
2761 678 2921 717 omne
2965 663 3118 718 breve
3171 671 3267 718 est.
3316 664 3627 733 Praeceptor
3681 662 3806 717 Hie-

2151 751 2374 820 ronymi
2421 750 2713 821 Gregorius
2762 753 3169 807 Nazianzenus.
3218 751 3529 823 Virginitas
3569 766 3697 823 qua
3734 752 3806 806 sit

2152 838 2328 893 hostia
2359 838 2581 896 Christi.
2606 884 2609 887 γ
2638 840 2778 908 Quid
2827 843 3045 898 intersit
3101 843 3245 897 inter
3280 841 3503 913 nuptias
3540 844 3592 895 et
3622 842 3799 910 virgi-

2152 927 2404 983 nitatem.
2447 959 2515 967 —
2571 931 2886 986 Curramas
2944 947 3047 1003 per
3103 930 3350 1002 reliqua,
3412 945 3601 1001 neque
3643 930 3805 986 enim

2155 1031 2261 1071 nos
2292 1016 2513 1087 patitur
2556 1019 2897 1089 magnitudo
2944 1019 3260 1075 voluminis
3299 1019 3524 1074 diutius
3566 1018 3627 1074 in
3676 1018 3809 1074 sin-

2153 1102 2307 1175 gulis
2347 1104 2669 1162 immorari.
2730 1110 2796 1163 Si
2847 1116 3026 1163 autem
3080 1110 3353 1179 acceperis
3408 1122 3656 1177 uxorem,
3690 1122 3806 1163 non

2152 1195 2409 1263 peccasti.
2439 1194 2612 1250 Aliud
2640 1199 2729 1251 est
2759 1212 2873 1251 non
2917 1213 3177 1268 peccare,
3228 1195 3388 1252 aliud
3436 1196 3800 1253 benefacere.

2158 1285 2300 1338 Etsi
2346 1286 2598 1355 nupserit
2652 1286 2825 1355 virgo,
2882 1302 2992 1341 non
3044 1287 3285 1357 peccavit
3344 1284 3453 1357 (Al.
3509 1286 3802 1358 peccabit).

2155 1372 2281 1428 Non
2314 1371 2413 1428 illa
2437 1374 2622 1444 virgo,
2646 1390 2772 1445 qua
2806 1390 2868 1429 se
2898 1374 3076 1430 semel
3108 1375 3207 1431 Dei
3239 1374 3423 1431 cultui
3471 1373 3761 1431 dedicavit
3787 1391 3800 1430 :

2156 1461 2364 1517 harum
2396 1462 2550 1517 enim
2582 1462 2631 1519 si
2655 1478 2768 1533 qua
2792 1464 3076 1536 nupserit,
3105 1463 3343 1521 habebit
3362 1462 3805 1520 damnationem
3878 1500 3885 1505 -

2156 1551 2296 1623 quia
2322 1551 2573 1623 primam
2637 1552 2810 1617 ﬁdem
2842 1552 3068 1608 irritam
3097 1553 3249 1610 fecit.
3276 1552 3331 1609 Si
3364 1556 3562 1609 autem
3588 1552 3697 1609 hoc
3733 1554 3809 1610 de

2155 1639 2350 1696 viduis
2380 1640 2603 1696 dictum
2635 1641 2931 1712 objecerit,
2965 1647 3184 1713 quanto
3211 1642 3400 1715 magis
3450 1643 3521 1698 de
3559 1642 3811 1714 virgini-

2158 1728 2269 1784 bus
2302 1729 2655 1801 praavalebit,
2684 1745 2818 1785 cum
2849 1730 3025 1786 etiam
3056 1730 3149 1786 his
3198 1747 3318 1787 non
3368 1730 3542 1787 liceat
3587 1731 3812 1804 quibus

404 1820 654 1875 Grandis
685 1818 818 1874 fidei
847 1823 957 1886 est,
987 1818 1344 1891 grandiaque
1371 1816 1728 1885 virtutis,Dei
1759 1814 2044 1885 templum
2073 1847 2122 1912 Β
2161 1816 2476 1889 aliquando
2511 1817 2706 1874 licuit!
2740 1818 3007 1892 Virgines
3038 1819 3219 1888 enim,
3266 1836 3397 1912 qua:
3434 1823 3566 1893 post
3595 1836 3809 1877 conse-

406 1926 536 1967 esse
588 1909 997 1982 purissimum,
1042 1912 1231 1962 totum
1281 1922 1341 1961 se
1386 1905 1794 1961 holocaustum
1843 1905 2046 1961 offerre

405 2000 694 2062 Domino;
723 2002 780 2054 et
796 1999 966 2070 juxta
994 1997 1268 2052 eumdem
1316 1994 1682 2067 Apostolum,
1735 2010 1864 2049 esse
1912 2011 2045 2050 san-

408 2093 570 2144 ctum
602 2091 659 2144 et
688 2103 926 2159 corpore
955 2089 1011 2141 et
1037 2084 1266 2157 spiritu.
1318 2083 1387 2139 Hi
1433 2087 1574 2139 sunt
1620 2083 1895 2150 eunuchi,
1947 2081 2049 2154 qui

407 2191 470 2234 se
500 2175 728 2248 lignum
760 2176 990 2231 aridum
1021 2174 1093 2229 ob
1116 2172 1481 2229 sterilitatem
1504 2171 2052 2243 putantes,audiunt

409 2282 515 2338 per
542 2264 754 2320 Isaiam
787 2267 925 2335 (cap.
958 2264 1092 2334 LVI),
1148 2262 1300 2334 quod
1351 2278 1455 2334 pro
1509 2260 1644 2316 ﬁliis
1705 2265 1763 2316 et
1814 2259 2050 2316 filiabus

406 2354 601 2411 locum
632 2354 690 2409 in
723 2352 883 2409 coelis
912 2352 1167 2407 habeant
1195 2356 1486 2423 paratum.
1521 2350 1738 2407 Horum
1762 2354 1935 2422 typus
1965 2352 2055 2405 est

406 2442 796 2499 Abdemelech
822 2444 970 2513 [mss.
1002 2440 1416 2510 Abdamelech]
1449 2438 1756 2496 eunuchus
1789 2439 1848 2494 in
1885 2439 2051 2495 Jere-

410 2533 532 2588 mia
561 2534 699 2605 (cap.
734 2532 967 2601 xxvm);
1003 2535 1060 2585 et
1089 2530 1270 2601 spado
1302 2528 1399 2584 ille
1429 2529 1640 2601 reginas
1679 2529 1960 2585 Candacis
1991 2528 2051 2585 in

410 2622 571 2678 Actis
603 2620 1001 2693 apostolorum
1036 2619 1177 2691 (cap.
1226 2620 1371 2688 vni),
1422 2618 1523 2690 qui
1573 2619 1645 2674 ob
1693 2618 1873 2674 robur
1918 2617 2054 2673 ﬁdei

409 2714 761 2768 virlmomen
802 2708 1075 2765 obtinuit.
1133 2708 1217 2763 Ad
1274 2707 1382 2762 hos
1439 2712 1497 2762 et
1548 2706 1813 2764 Clemens
1844 2709 1859 2741 ¹
1894 2706 2047 2764 258

410 2820 715 2863 successor
744 2798 990 2873 apostoli
1036 2797 1208 2863 Petri,
1269 2797 1436 2866 cujus
1484 2795 1697 2851 Paulus
1749 2797 2048 2868 apostolus

413 2893 702 2960 meminit,
735 2889 938 2946 scribit
979 2886 1287 2959 Epistolas,
1338 2901 1691 2957 omnemque
1742 2902 1888 2957 pene
1930 2903 2055 2942 ser-

2161 1906 2479 1961 crationem
2508 1911 2854 1979 nupserunt,
2880 1925 2995 1963 non
3015 1912 3135 1965 tam
3163 1907 3441 1965 adulteras
3458 1914 3810 1982 sunt,quam

2158 1994 2411 2050 incestze.
2437 1998 2519 2050 Ac
2533 2012 2604 2051 ne
2616 1996 2980 2052 videreturin
2997 2014 3062 2053 eo
3084 1998 3239 2070 quod
3260 1998 3486 2055 dixerat
3511 2017 3524 2056 :
3543 2001 3678 2057 Etsi
3697 2016 3810 2055 nu-

2158 2085 2329 2153 pserit
2360 2085 2512 2154 virgo
2532 2100 2641 2140 non
2664 2086 3084 2156 peccavit,259
3098 2102 3334 2142 rursum
3355 2085 3590 2143 caelibes
3604 2087 3676 2144 ad
3702 2105 3812 2144 nu-

2163 2172 2315 2242 ptias
2348 2188 2680 2244 provocare,
2713 2173 2910 2229 statim
2945 2189 3007 2230 se
3037 2174 3289 2231 refrenat
3318 2176 3425 2247 (Al.
3445 2176 3808 2247 refrenavit),

2163 2265 2219 2315 et
2248 2259 2407 2316 aliud
2434 2260 3285 2336 inferendo,inﬁrmavit),quod
3315 2266 3808 2333 concesserat,di-

2161 2366 2297 2406 cens
2317 2367 2329 2405 :
2356 2351 2789 2406 Tribulationcm
2800 2356 2981 2407 tamen
2993 2355 3179 2407 carnis
3206 2353 3477 2409 habebunt
3491 2354 3812 2426 hujusmodi

2162 2438 2269 2503 Qui
2283 2439 2531 2495 suntisti
2552 2439 2653 2511 qui
2672 2438 3114 2497 tribulationem
3136 2441 3329 2498 carnis
3347 2442 3812 2508 habebunt?Qui-

2164 2529 2274 2583 bus
2305 2544 2485 2600 supra
2516 2527 2875 2585 indulserat:
2908 2530 2970 2586 Si
2998 2533 3271 2602 acceperis
3299 2547 3665 2601 uxoremmon
3682 2548 3813 2604 pec-

2163 2619 2337 2679 casti;
2367 2621 2419 2672 et
2449 2619 2499 2673 si
2517 2620 2767 2689 nupserit
2795 2620 2971 2688 virgo,
2992 2636 3101 2674 non
3126 2622 3370 2692 peccavit
3400 2620 3807 2695 [Al.peccabit]:

2165 2706 2575 2762 tribulationem
2605 2712 2791 2765 tamen
2818 2711 3000 2764 carnis
3029 2709 3303 2765 habebunt
3329 2710 3661 2782 hujusmcdi.
3692 2711 3816 2768 Nos

2166 2794 2353 2867 ignari
2385 2812 2600 2863 rerum,
2625 2797 2979 2869 putabamus
3002 2797 3238 2870 nuptias
3261 2797 3469 2855 saltem
3486 2800 3680 2857 carnis
3701 2800 3812 2857 ha-

2165 2884 2300 2939 bere
2330 2884 2611 2941 lzetitiam.
2636 2885 2696 2942 Si
2727 2891 2923 2942 autem
2948 2887 3309 2943 nubentibus
3330 2888 3508 2945 etiam
3545 2889 3605 2944 in
3635 2905 3815 2946 carne

414 2999 650 3041 monem
681 2994 856 3036 suum
889 2978 958 3034 de
987 2974 1337 3049 virginitatis
1394 2975 1648 3046 puritate
1679 2975 1966 3031 contexit:
2000 2979 2058 3031 et
2162 2972 2463 3030 tribulatio
2494 2978 2602 3041 est,
2636 2975 2695 3029 in
2721 2992 2839 3047 qua
2868 2975 2995 3031 sola
3020 2975 3367 3032 videbantur
3404 2976 3616 3034 habere
3657 2977 3815 3035 deli-

414 3074 687 3143 deinceps
719 3066 889 3124 multi
918 3064 1255 3138 Apostolici,
1289 3068 1346 3120 et
1373 3068 1651 3136 martyres
1691 3068 1748 3119 et
1799 3063 2052 3122 illustres

414 3168 535 3219 tam
568 3158 872 3217 sanctitate
902 3171 1078 3228 quam
1106 3153 1441 3225 eloquentia
1466 3152 1596 3218 viri,
1638 3169 1786 3225 quos
1817 3170 1886 3209 ex
1918 3170 2053 3225 pro-

2165 3062 2307 3132 cias,
2341 3062 2480 3135 quid
2515 3063 2624 3120 erit
2646 3064 2938 3137 reliquum
2968 3068 3204 3138 propter
3232 3066 3387 3139 quod
3418 3066 3813 3135 nubant,eum

2166 3156 2223 3208 et
2253 3152 2311 3207 in
2344 3152 2576 3224 spiritu,
2608 3158 2666 3209 et
2695 3152 2754 3208 in
2786 3154 3003 3222 anima,
3036 3159 3094 3210 et
3130 3154 3190 3210 in
3220 3154 3352 3227 ipsa
3397 3172 3570 3212 carne
3621 3156 3813 3214 tribu-

410 3213 825 3325 prii—s‘scriptis
856 3213 1029 3302 nosse
1067 3213 1337 3316 perfacile
1394 3246 1501 3297 est.
1558 3213 1824 3298 Existimo
1882 3213 2050 3313 enim,
2084 3213 2127 3280 C
2165 3240 2304 3298 latio
2335 3213 2415 3297 sit
2442 3241 2470 3296 ?
2493 3213 2611 3314 Ego
2632 3250 2814 3298 autem
2845 3213 3002 3298 vobis,
3023 3260 3206 3315 parco.
3236 3213 3351 3313 Sic,
3400 3244 3504 3315 ait,
3554 3246 3810 3303 obtendo

412 3340 625 3412 inquit,
671 3339 768 3393 hoc
818 3352 949 3407 rpus
1008 3335 1204 3389 bonum
1261 3335 1282 3365 ⁹
1337 3348 1449 3389 esse
1492 3335 1711 3404 pr0pter
1766 3334 2057 3389 instantem

413 3429 780 3484 necessitatem
810 3426 855 3495 (Ι
886 3424 1005 3479 Cor.
1039 3439 1140 3488 v11,
1170 3423 1281 3490 26).
1320 3422 1451 3485 Quae
1505 3426 1594 3476 est
1646 3420 1750 3478 illa
1803 3422 2056 3478 necessi-

410 3521 502 3572 tas
531 3532 679 3588 quae,
712 3516 907 3584 spreto
951 3509 1182 3566 vinculo
1221 3509 1536 3580 conjugali,
1566 3509 1918 3582 virginitatis
1949 3528 2053 3582 ap—

411 3604 559 3678 petit
583 3603 909 3659 libertatem
940 3600 967 3654 ‘l
999 3602 1087 3655 Vze
1131 3597 1551 3669 praegnantibus
1599 3605 1649 3653 et
1686 3598 2056 3654 nutrientibus

412 3697 472 3750 in
491 3695 589 3750 illo
620 3693 708 3747 die
751 3690 958 3762 (Matth.
1018 3705 1169 3753 xxw,
1215 3689 1319 3753 15;
1351 3686 1514 3741 Marc.
1568 3702 1693 3755 xm,
1760 3688 1820 3743 14
1876 3689 2051 3754 ;Luc.

410 3801 528 3853 xx1,
560 3783 675 3854 '23).
711 3782 836 3837 Non
867 3779 961 3835 hic
994 3780 1205 3843 scorta,
1238 3793 1353 3831 non
1412 3776 1508 3831 hic
1564 3775 1872 3848 lupanaria
1918 3793 2056 3831 con~

411 3875 786 3937 damnantur,
821 3870 892 3924 de
915 3882 1167 3939 quorum
1188 3864 1565 3921 damnatione
1584 3864 1746 3921 nulla
1766 3863 2054 3922 dubitatio

409 3967 534 4018 est:
567 3961 669 4015 sed
703 3957 852 4014 uteri
899 3959 1311 4019 tumescentes,
1364 3959 1420 4009 et
1471 3954 1763 4009 infantum
1801 3954 2053 4026 vagitus,

412 4055 471 4105 et
501 4051 725 4104 fructus
756 4052 931 4118 atque
961 4062 1131 4118 opera
1160 4044 1520 4117 nuptiarum.
1541 4046 1816 4114 Quoniam
1856 4045 2055 4101 bonum

410 4141 489 4193 est
520 4137 729 4192 homini
784 4137 863 4190 sic
890 4150 1003 4190 esse
1035 4135 1079 4205 (I
1111 4133 1232 4189 Cor.
1286 4150 1389 4199 vn,
1434 4133 1546 4204 26).
1596 4132 1656 4187 Si
1704 4134 1919 4189 bonum
1968 4138 2058 4190 est

414 4224 639 4282 homini
673 4223 756 4279 sic
786 4240 935 4292 esse,
967 4221 1187 4278 malum
1231 4226 1318 4278 est
1364 4239 1469 4294 ego
1528 4221 1751 4276 homini
1797 4222 1879 4277 sic
1939 4240 2054 4278 non

413 4331 579 4371 esse:
614 4314 885 4384 Alligatus
916 4320 993 4367 est
1020 4312 1203 4377 uxori,
1253 4312 1371 4366 noli
1426 4327 1664 4383 quaerere
1710 4312 2053 4369 solutionem.

410 4404 628 4461 Solutus
675 4419 729 4457 es
784 4403 851 4457 ab
897 4417 1091 4468 umore,
1139 4402 1277 4456 nolli
1314 4415 1561 4471 qwrere
1613 4416 1841 4456 uxorem
1897 4402 2052 4472 (Ibid.

480 4494 593 4566 27).
629 4492 814 4549 Habet
842 4489 1250 4562 unusquisque
1278 4494 1545 4545 nostrum
1576 4490 1861 4545 terminos
1893 4508 2052 4548 suos:

2164 3330 2357 3387 carnis
2387 3330 2847 3401 tribulationem,
2881 3332 3049 3404 quasi
3083 3348 3199 3389 non
3247 3333 3472 3403 majora
3516 3334 3635 3391 sint
3673 3350 3809 3407 pro-

2165 3423 2292 3491 pter
2320 3436 2447 3491 quze
2509 3437 2624 3476 non
2678 3420 2961 3477 debeatis.
3020 3423 3194 3491 Igitur
3231 3421 3328 3477 hoc
3366 3421 3509 3491 dico,
3564 3424 3807 3493 fratres:

2165 3509 2385 3581 'Icmpus
2435 3509 2590 3565 breve
2642 3519 2741 3566 est.
2804 3510 3094 3583 Reliquum
3144 3514 3242 3577 est,
3310 3519 3368 3567 ut
3426 3512 3523 3583 qui
3570 3511 3812 3569 habent8

2161 3614 2381 3665 uxores,
2411 3600 2491 3653 sic
2518 3601 2630 3653 sint
2660 3608 2923 3670 tanquam
2951 3615 3061 3656 non
3098 3599 3370 3656 habentes.
3423 3600 3808 3674 Nequaquam

2155 3688 2281 3757 jam
2313 3688 2383 3743 de
2412 3687 2737 3759 virginibus
2763 3689 3019 3762 disputo,
3051 3704 3199 3761 quos
3243 3688 3405 3746 nulla
3451 3690 3809 3763 ambiguitas

2163 3780 2253 3831 est
2281 3792 2409 3831 esse
2440 3776 2654 3833 felices.
2686 3778 2770 3833 Ad
2803 3777 3048 3841 maritos
3089 3778 3279 3835 venio.
3329 3779 3588 3851 Tempus
3636 3779 3807 3837 breve

2162 3865 2560 3932 est,Dominus
2572 3882 2751 3940 prepe
2764 3867 3128 3924 est.Etiamsi
3150 3868 3459 3941 nongentis
3475 3869 3805 3926 viveremus

2163 3953 2354 4019 annis,
2389 3957 2453 4009 ut
2482 3954 2709 4027 antiqui
2740 3955 3029 4025 homines,
3051 3960 3246 4012 tamen
3278 3958 3448 4013 breve
3474 3957 3802 4029 putandum

2163 4046 2339 4110 esset,
2372 4043 2527 4115 quod
2560 4044 2797 4099 haberet
2824 4044 3141 4116 aliquando
3174 4046 3373 4117 finem,
3406 4050 3463 4102 et
3499 4062 3630 4103 esse
3677 4063 3806 4105 ces-

2164 4135 2336 4187 saret.
2369 4136 2535 4187 Nunc
2562 4148 2695 4188 vero
2722 4149 2857 4188 cum
2890 4133 3082 4191 brevis
3127 4133 3205 4189 sit
3245 4152 3361 4190 non
3411 4140 3532 4191 tam
3584 4133 3808 4204 laetitia,

2164 4236 2341 4292 quam
2364 4220 2663 4278 tribulatio
2686 4222 3197 4294 nuptiarum,quid
3221 4222 3546 4296 accipimus
3573 4240 3808 4295 uxores,

2164 4325 2310 4380 quas
2341 4326 2619 4383 cogemur
2646 4310 2761 4367 cito
2808 4311 3116 4368 amittere?
3143 4312 3207 4368 Et
3252 4314 3349 4385 qui
3394 4315 3546 4385 ﬂent,
3594 4313 3814 4387 inquit,

2162 4404 2214 4454 et
2242 4399 2497 4470 gaudent,
2545 4403 2595 4456 et
2648 4405 2856 4468 emunt,
2907 4409 2960 4456 et
3013 4408 3244 4457 utuntur
3299 4402 3397 4457 hoc
3452 4401 3678 4471 mundo,
3736 4405 3817 4460 sic

2162 4490 2273 4544 sint
2328 4490 2491 4560 quasi
2544 4504 2654 4544 non
2710 4491 2897 4559 ﬂeant,
2956 4489 3248 4558 gaudeant,
3316 4498 3519 4559 emant,
3580 4494 3816 4548 utantur

410 4584 587 4640 redde
619 4581 764 4639 mihi
795 4596 1015 4647 meum,
1046 4583 1103 4635 et
1127 4582 1294 4634 tuum
1344 4583 1495 4634 tene.
1544 4578 1604 4634 Si
1653 4577 1927 4651 alligatus
1993 4596 2055 4638 es
2086 4581 2132 4647 D
2164 4578 2261 4634 hoc
2288 4578 2510 4633 mundo:
2530 4582 2786 4649 praeterit
2815 4580 2961 4634 enim
2988 4579 3167 4650 ﬁgura
3194 4579 3359 4651 hujus
3385 4579 3584 4636 mundi
3611 4582 3661 4653 (Ι
3688 4580 3814 4639 Cor.

412 4672 599 4740 uxori,
632 4688 705 4729 ne
754 4669 839 4725 illi
884 4671 988 4725 des
1036 4668 1368 4741 repudium.
1423 4668 1482 4723 Si
1532 4666 1761 4724 solutus
1805 4686 1935 4724 sum
1986 4670 2057 4726 ab
2166 4685 2268 4736 vn,
2301 4669 2369 4722 30
2398 4666 2651 4739 seqq.).Si
2682 4669 2944 4724 mundus
2968 4668 3323 4739 transit,quo
3354 4670 3628 4726 universa
3656 4669 3818 4727 clau-

415 4779 613 4829 uxore,
657 4778 772 4817 non
817 4775 1073 4831 quaram
1124 4773 1382 4813 uxorem.
1441 4757 1512 4812 Ut
1566 4774 1672 4828 ego
1722 4774 1836 4813 non
1898 4758 2056 4816 solvo
2164 4759 2421 4825 duntur;
2456 4756 2571 4811 imo
2602 4756 2791 4828 ﬁgura
2830 4761 2886 4813 et
2933 4758 3293 4813 conversatio
3345 4758 3526 4831 hujus
3575 4759 3812 4829 mundi,

409 4850 704 4924 coniugia,
747 4850 805 4911 si
856 4847 1035 4903 semel
1070 4847 1248 4920 ligata
1296 4850 1472 4915 sunt;
1506 4846 1584 4901 ila
1621 4850 1684 4901 tu
1738 4863 1852 4902 non
1908 4847 2054 4922 liges
2163 4846 2330 4920 quasi
2364 4846 2549 4901 nubes
2570 4846 2845 4917 praeterit,
2895 4846 3047 4902 inter
3085 4851 3295 4903 caetera
3342 4847 3549 4904 mundi
3606 4863 3810 4920 opera,

403 4941 556 5015 quod
599 4939 854 4996 solutum
888 4942 996 4993 est.
1021 4935 1324 5007 Simulque
1345 4935 1738 5007 significantia
1785 4937 2052 4994 conside-
2159 4942 2216 4993 et
2245 4934 2459 5008 nuptias
2484 4936 2882 5008 praeteribunt.
2916 4936 3116 5008 Neque
3146 4937 3304 4993 enim
3335 4941 3506 4994 erunt
3534 4942 3669 5010 post
3710 4954 3812 4996 re-

402 5031 586 5086 randa
615 5030 932 5086 verborum
963 5029 1071 5082 est.
1105 5024 1214 5091 Qui
1240 5042 1480 5081 uxorem
1511 5025 1705 5095 habet,
1731 5031 1793 5080 ut
1821 5026 2052 5082 debitor
2158 5023 2578 5082 surreetionem
2637 5026 2931 5098 conjugis.
2986 5025 3043 5080 Si
3097 5030 3293 5083 autem
3340 5042 3500 5082 mors
3548 5025 3687 5083 finis
3715 5030 3812 5083 est

400 5119 634 5189 dicitur,
665 5122 723 5175 et
748 5133 876 5173 esse
907 5116 967 5171 in
1012 5114 1316 5187 praeputio,
1364 5118 1420 5169 et
1466 5131 1672 5171 servus
1721 5116 1940 5185 uxoris,
1990 5120 2048 5173 et
2158 5114 2633 5186 nuptiarum,cur
2653 5115 3059 5170 necessitatem
3077 5115 3270 5171 nonin
3292 5114 3652 5172 voluntatem
3684 5131 3814 5172 ver-

399 5209 552 5280 quod
584 5209 873 5263 malorum
907 5220 1208 5262 servorum
1239 5207 1347 5270 est,
1375 5204 1653 5275 alligatus.
1690 5205 1797 5270 Qui
1848 5210 2043 5262 autem
2151 5204 2334 5261 timus
2357 5203 2385 5257 Ἰ
2415 5204 2485 5259 Et
2514 5204 2669 5275 quod
2700 5202 2897 5259 invitis
2926 5205 3390 5277 extorquendum
3417 5209 3525 5273 est,
3551 5220 3656 5261 cur
3686 5220 3809 5261 non

395 5297 522 5353 sine
553 5314 729 5353 uxore
758 5302 867 5368 est,
900 5296 1157 5369 primum
1188 5292 1411 5349 nullius
1443 5294 1667 5350 debitor
1696 5298 1805 5364 est,
1833 5294 2043 5352 deinde
2152 5310 2254 5367 spe
2285 5292 2659 5366 przemiorum
2691 5293 2989 5349 otl‘erimus
3016 5293 3132 5350 Deo
3160 5292 3189 5349 ‘t
3218 5295 3317 5363 Qui
3343 5296 3465 5351 sine
3484 5309 3658 5350 uxore
3712 5301 3802 5351 est

468 5443 482 5475 ¹
518 5439 624 5521 Pro
654 5440 988 5521 virginitate
1014 5438 1517 5521 locutumdfuisse
1532 5440 1631 5521 "S.
1681 5438 2037 5521 gementem
2146 5438 2307 5521 dare,
2338 5440 2467 5491 tum
2499 5436 2683 5521 nostri
2716 5436 2942 5521 codices
2972 5436 3317 5521 docuerunt,
3376 5441 3504 5521 tum
3563 5435 3812 5521 Griecus

393 5530 497 5585 per
516 5508 791 5589 epistolas
815 5515 1223 5589 suas‘testatur
1245 5509 1422 5589 etiam
1450 5515 1501 5589 S.
1532 5509 1894 5589 Epiphanius
1918 5516 2039 5589 Ha?
2146 5510 2505 5589 Latinusque
2536 5512 2749 5589 textus.
2784 5508 2910 5563 Alia
2930 5509 3203 5589 quaedam
3236 5509 3482 5567 minoris
3512 5508 3812 5566 momenti

392 5580 505 5641 res.
540 5580 631 5650 30,
661 5600 709 5639 c.
744 5600 833 5647 xv,
867 5587 923 5635 et
954 5581 1115 5636 locus
1160 5581 1398 5662 quidem
1447 5580 1738 5653 ejusmodi
1786 5583 2039 5639 occurrit
2144 5598 2210 5637 su
2261 5598 2324 5636 ra
2353 5586 2529 5653 atque
2560 5580 2713 5635 infra
2742 5580 3144 5637 emendamus.

396 5658 451 5688 ;..
489 5655 660 5688 nisinisi
696 5671 798 5688 ann
835 5655 901 5688 ηΑ
939 5652 1265 5688 ίήνῐηιιηηρ
2212 5598 2618 5688 ἓνονηηοηαία
2673 5656 2736 5688 ..ι
2762 5656 2814 5688 οι
2839 5655 2936 5688 nm'
2985 5651 3144 5688 Ιιηιιον

394 5658 455 5714 in
489 5655 663 5728 priori
696 5671 804 5711 sua
834 5655 905 5709 ad
939 5650 1288 5708 Corinthios.
1475 5650 1492 5653 ⁷
2212 5650 2238 5688 ⁸
2262 5650 2640 5725 Veronensis,
2673 5656 2736 5709 ut
2761 5656 2814 5709 et
2838 5655 2936 5728 qui
2982 5651 3200 5710 habent.
3245 5652 3452 5727 Graec,
3482 5650 3571 5711 ἵνα
3596 5652 3690 5711 καὶ
3721 5652 3803 5711 ot.

456 5729 483 5771 ³
514 5726 789 5788 Impressi
819 5726 917 5786 hoc
945 5740 1078 5788 onus
1107 5726 1326 5788 bonum,
1360 5728 1495 5788 etc.,
1528 5725 1630 5783 sed
1660 5741 1793 5788 opus
1821 5728 2035 5787 redun-

541 5740 789 5804 mpressn
819 5740 917 5786 ItOC
945 5740 1078 5803 opus
1107 5740 1326 5794 bonum,
1360 5740 1495 5796 610.,
1528 5740 1630 5783 εθα
1660 5741 1793 5801 opus
1821 5740 2035 5787 redun-
