3944 6404
150 441 253 513 Mi

1214 437 1634 513 onsasus
1676 438 2170 511 JOVINIANUM
2209 440 2355 509 LIB.
2401 426 2457 509 II

3421 441 3543 512 942

149 580 503 640 sollicitusest
531 596 650 655 qua
679 580 900 639 Domini
922 588 1070 652 sunt,
1101 583 1362 655 quomodo
1408 583 1625 656 placeat
1652 582 1776 637 Deo.
1807 582 1865 648 Α
1894 594 2146 652 quarum
2201 596 2415 654 corpus
2472 579 2767 656 integrum
2827 572 2935 653 est,
2994 579 3194 644 anima
3245 589 3539 660 corrupta.

155 674 249 743 Qui
267 680 446 729 autem
465 688 591 728 cum
607 688 778 730 uxore
800 673 1171 741 est,sollicitus
1191 675 1268 729 est
1288 688 1415 745 quae
1441 676 1571 728 sunt
1584 670 1780 727 mundi

151 761 395 835 quomodo
418 762 876 837 placeat‘usori,
931 765 981 818 et
1026 762 1233 818 divisus
1281 764 1379 818 est.
1441 764 1780 818 Intueamur

150 867 404 907 curarum
422 850 693 923 virginis,
716 851 1026 923 maritique
1058 852 1213 909 260
1233 851 1566 908 distantias.
1598 850 1776 921 Virgo

146 939 398 1006 Domino,
430 940 682 996 maritus
724 940 890 996 uxori
946 939 1175 1013 placere
1227 940 1539 1008 desiderat,
1597 943 1655 995 et
1711 941 1778 993 ut

147 1029 296 1085 uxori
325 1028 571 1102 placeat,
607 1029 895 1085 sollicitus
927 1030 1017 1085 eet
1046 1029 1117 1084 de
1147 1028 1242 1085 his
1273 1046 1400 1102 quae
1433 1032 1572 1095 sunt
1601 1044 1774 1084 mun-

144 1119 221 1185 di,
248 1135 368 1191 quas
399 1135 537 1175 cum
568 1118 789 1175 mundo
814 1119 1018 1191 utique
1046 1119 1365 1175 transitura
1387 1123 1526 1175 sunt
1558 1136 1571 1174 :
1604 1120 1678 1174 Et
1696 1118 1776 1173 di-

147 1210 278 1264 visus
304 1216 399 1275 est,
434 1207 493 1262 in
525 1207 744 1263 multas
784 1206 1004 1263 scilicet
1058 1206 1522 1264 sollicitudinum
1581 1212 1774 1281 partes

144 1296 618 1369 miseriarumque
675 1296 1015 1354 distractus.
1070 1297 1196 1353 Non
1252 1301 1341 1353 est
1406 1298 1587 1369 hujus
1665 1297 1775 1354 loci

143 1386 464 1460 nuptiarum
495 1386 800 1460 angustias
829 1386 1179 1456 describere,
1212 1392 1268 1443 et
1324 1388 1491 1459 quasi
1522 1387 1583 1443 in
1616 1404 1772 1443 com-

143 1476 404 1533 munibus
434 1475 582 1533 locis
629 1475 919 1532 rhetorico
972 1476 1266 1533 exsultare
1324 1494 1615 1534 sermone.
1650 1476 1771 1533 Ple-

142 1564 263 1622 nius
290 1582 471 1638 super
497 1565 608 1622 hac
636 1581 698 1621 re
728 1568 930 1622 contra
960 1564 1313 1636 Helvidium,
1355 1571 1412 1623 et
1439 1567 1501 1622 in
1532 1582 1598 1623 eo
1625 1566 1773 1623 libro

142 1670 300 1726 quem
330 1655 401 1711 ad
433 1652 821 1710 Eustochium
853 1654 1084 1727 scripsi,
1131 1656 1384 1712 arbitror
1413 1655 1770 1711 absolutum.

140 1743 287 1799 Certe
312 1748 371 1800 et
399 1741 825 1811 Tertullianus,
849 1760 984 1799 cum
1016 1742 1207 1800 adhuc
1227 1749 1382 1802 esset
1412 1744 1771 1815 adolescens,

138 1831 267 1889 lusit
291 1832 351 1889 in
381 1833 495 1890 hac
523 1832 771 1888 materia
803 1834 843 1888 ¹.
876 1833 946 1889 Et
982 1838 1300 1906 praeceptor
1359 1851 1526 1891 meus
1557 1834 1771 1907 Grego-

136 1922 246 1978 rius
265 1922 666 1979 Nazianzenus
689 1921 1085 1995 virginitatem
1107 1928 1165 1979 et
1183 1925 1423 1997 nuptias
1453 1924 1770 1992 disserens,

128 2011 335 2070 Grecis
379 2011 650 2069 versibus
709 2011 1040 2084 explicavit.
1100 2013 1267 2069 Nunc
1318 2013 1464 2070 illud
1522 2015 1775 2071 breviter

138 2102 426 2171 admoneo,
451 2101 514 2157 in
538 2100 757 2158 Latinis
784 2101 1086 2159 codicibus
1108 2102 1266 2158 hunc
1288 2102 1483 2160 locum
1503 2103 1585 2159 ita
1614 2102 1727 2176 legi
1754 2121 1767 2159 :

136 2191 306 2247 Divisa
334 2195 414 2247 est
442 2192 598 2262 virgo
629 2198 680 2247 et
704 2191 911 2246 mulier
929 2192 968 2246 ³.
1002 2192 1163 2258 Quod
1186 2208 1531 2265 quanquam
1562 2193 1772 2248 habeat

136 2296 294 2336 suum
325 2296 593 2349 sensum,
625 2283 684 2335 et
713 2297 747 2335 a
773 2296 867 2336 me
899 2296 1133 2354 quoque
1186 2298 1289 2353 pro
1322 2280 1603 2353 qualitate
1656 2281 1767 2337 loci

135 2368 208 2425 sic
234 2369 588 2427 edissertum
620 2369 716 2437 sit,
749 2373 947 2425 tamen
979 2386 1094 2426 non
1126 2374 1216 2426 est
1245 2370 1575 2442 apostolicae
1619 2371 1768 2425 veri-

132 2459 275 2516 tatis.
307 2457 616 2532 Siquidem
668 2457 982 2531 Apostolus
1039 2459 1121 2515 ita
1177 2460 1432 2532 scripsit,
1468 2465 1534 2516 ut
1590 2476 1771 2533 supra

130 2547 533 2605 transtulimus
567 2565 580 2603 :
615 2546 889 2604 Sollicitus
918 2553 998 2604 est
1043 2564 1168 2621 qum
1195 2553 1325 2605 sunt
1380 2550 1595 2619 mundi,
1631 2566 1766 2621 quo-

131 2638 274 2695 modo
296 2639 523 2712 placeat
546 2653 734 2706 uxori,
767 2642 819 2694 et
847 2637 1054 2694 divisus
1083 2646 1199 2701 est;
1231 2645 1290 2695 et
1340 2639 1449 2695 hac
1482 2639 1771 2696 sententia

132 2727 372 2797 deﬁnita,
402 2727 840 2799 transgreditur
870 2727 942 2784 ad
972 2728 1226 2800 virgines
1282 2733 1337 2784 et
1380 2729 1765 2797 continentes,

133 2822 184 2873 et
209 2818 285 2873 ait
326 2834 342 2873 :
402 2818 610 2874 Mulier
662 2818 914 2890 innupta,
966 2820 1019 2872 et
1072 2833 1224 2889 virgo
1252 2819 1453 2889 cogitat
1496 2835 1614 2889 quae
1638 2822 1770 2873 sunt

133 2907 331 2963 Domini
360 2916 422 2964 ut
445 2908 525 2963 sit
547 2910 735 2964 sancta
781 2923 1009 2979 corpore
1035 2915 1087 2963 et
1131 2909 1354 2979 spiritu.
1388 2907 1513 2964 Non
1574 2908 1768 2963 omnis

133 2996 381 3071 innupta,
414 3000 480 3053 et.
508 2996 670 3070 virgo
699 3001 805 3053 est.
839 2996 974 3061 Qua
1008 3000 1203 3053 autem
1234 2996 1420 3069 virgo,
1455 2998 1656 3068 utique
1711 3002 1770 3053 et

132 3084 364 3160 innupta
391 3090 508 3143 est.
555 3088 903 3159 Quanquam
952 3086 1025 3142 ob
1082 3086 1434 3159 elegantiam
1494 3086 1768 3142 dictionis

134 3176 371 3249 potuerit
395 3176 455 3232 id
500 3175 696 3248 ipsum
755 3173 936 3232 altero
994 3176 1168 3231 verbo
1222 3179 1502 3248 repetere,
1562 3178 1770 3231 mulier

136 3267 352 3339 innupta
370 3270 423 3323 et
450 3268 617 3340 virgo
636 3282 657 3326 ,·
684 3264 772 3322 vel
801 3270 955 3321 certe
1005 3266 1263 3322 detinere
1312 3265 1568 3323 voluisse
1626 3266 1767 3338 quid

1887 666 1999 723 Sed
2026 666 2130 724 illa
2155 669 2459 741 virginitas
2491 669 2685 728 hostia
2729 671 2942 729 Christi
3000 679 3124 743 est;
3156 675 3179 709 ³
3209 676 3381 747 cujus
3434 691 3540 731 nec

1887 760 2147 813 mentem
2178 758 2473 831 cogitatio,
2508 776 2612 817 nec
2669 777 2902 818 carnem
2959 762 3139 820 libido
3198 764 3537 821 maculavit.

1885 845 1928 901 E
1960 847 2272 916 contrario,
2303 865 2432 920 quae
2472 854 2656 923 nupta
2712 857 2818 920 est,
2877 852 3092 925 cogitat
3137 871 3264 926 quae
3327 856 3533 911 mundi

1884 939 2027 991 sunt
2056 939 2349 1007 quomodo
2383 939 2526 996 261
2567 939 2792 1011 placeat
2837 942 2981 998 viro.
3038 944 3201 999 Sicut
3258 945 3358 1016 qui
3392 961 3534 1001 uxo-

1882 1037 2010 1079 rem
2040 1023 2234 1095 habet,
2260 1025 2546 1084 sollicitus
2577 1034 2667 1085 est
2688 1047 2815 1102 quae
2836 1037 2975 1088 sunt
3006 1033 3536 1105 mundi,quomodo

1883 1110 2111 1184 placeat
2138 1114 2325 1182 uxori,
2360 1116 2444 1172 sic
2477 1123 2662 1191 nupta
2692 1135 2785 1176 res
2833 1122 3039 1178 mundi
3098 1125 3337 1195 cogitat,
3391 1142 3535 1197 quo-

1884 1202 2058 1257 modo
2090 1202 2315 1274 placeat
2344 1205 2485 1261 viro.
2520 1208 2637 1263 Nos
2669 1213 2866 1265 autem
2907 1227 3023 1267 non
3056 1229 3266 1269 sumus
3323 1215 3395 1270 de
3425 1214 3536 1270 hoc

1884 1291 2126 1347 mundo.
2160 1292 2260 1363 qui
2292 1293 2351 1348 in
2376 1294 2641 1367 maligno
2692 1298 2919 1369 positus
2974 1304 3082 1367 est,
3116 1304 3285 1373 cujus
3344 1304 3537 1376 ﬁgura
3624 1330 3631 1337 “

1882 1380 2162 1452 praeterit,
2193 1382 2264 1437 de
2294 1399 2409 1454 quo
2467 1385 2682 1441 dicitur
2729 1387 2799 1442 ad
2857 1388 3150 1460 apostolos
3184 1409 3197 1446 :
3228 1394 3292 1447 Si
3348 1397 3535 1448 essetis

1882 1468 1947 1525 de
1977 1469 2075 1525 hoc
2102 1471 2322 1540 man-llo,
2357 1479 2569 1530 amaret
2619 1475 2729 1540 [ΑΙ.
2762 1480 3013 1549 amasset]
3070 1482 3255 1552 utique
3294 1482 3536 1537 mundus

1882 1560 2027 1632 quod
2055 1576 2220 1616 suum
2246 1567 2400 1618 errat
2450 1564 2627 1637 (Joan.
2679 1584 2772 1634 xv,
2841 1568 2949 1639 19).
3012 1574 3094 1625 Ac
3150 1587 3222 1627 ne
3282 1572 3524 1628 forsitan

1882 1653 2189 1720 putaretur
2218 1667 2369 1708 onus
2398 1654 2814 1725 gravissimum
2847 1657 3129 1714 castitatis
3196 1659 3533 1718 nolentibus

1883 1737 2203 1810 imponere,
2237 1742 2437 1797 statim
2460 1743 2661 1817 jungit
2689 1762 2899 1802 causas
2950 1749 3258 1815 suadendi,
3316 1755 3373 1806 et
3402 1751 3483 1806 ait
3516 1768 3529 1807 :

1882 1828 1988 1882 Hoc
2014 1835 2200 1885 autem
2229 1829 2301 1885 ad
2328 1832 2629 1889 utilitatem
2681 1840 2923 1891 vestram
2951 1837 3075 1893 dico
3100 1856 3119 1893 :
3157 1855 3269 1895 non
3325 1849 3392 1897 ut
3450 1842 3533 1896 la-

1881 1933 2086 1988 queum
2100 1919 2258 1976 vobis
2278 1921 2532 1993 injiciam
2547 1923 2641 1979 sed
2660 1933 2718 1980 ut
2739 1924 2809 1980 ad
2825 1926 2889 1981 id
2908 1926 2928 1958 ‘
2949 1928 3103 1998 quod
3118 1929 3409 1985 honestum
3428 1936 3531 1986 est.

1879 2010 1936 2062 et
1961 2008 2176 2064 intente
2201 2009 2347 2083 facit
2374 2014 2589 2067 servire
2631 2015 2888 2084 Domino,
2922 2016 3123 2088 absque
3179 2020 3296 2075 ulla
3325 2020 3533 2076 distra-

1878 2098 2077 2154 ctione.
2102 2098 2519 2172 Proprietatem
2543 2101 2802 2159 Graecam
2823 2105 3066 2162 Latinus
3087 2123 3279 2164 sermo
3303 2126 3417 2165 non
3436 2126 3531 2166 ex-

1878 2185 2091 2259 plicat:
2127 2188 2344 2259 quibus
2375 2189 2531 2245 enim
2553 2192 2746 2247 verbis
2774 2192 2905 2263 quis
2928 2194 3115 2265 possit
3134 2196 3531 2272 edicereJIpb:

1876 2274 1938 2327 τὸ
1998 2272 2277 2350 εὔσχημον
2331 2280 2352 2313 ⁵
2406 2279 2494 2331 καὶ
2553 2277 2909 2354 εὐπρόσεδρον
2967 2287 3044 2354 τῷ
3101 2283 3281 2359 Κυρίω
3343 2286 3528 2361 ἀπερι-

1879 2363 2130 2425 σπάστως
2151 2366 2179 2421 ?
2210 2366 2374 2423 Unde
2402 2372 2459 2422 et
2486 2367 2546 2423 in
2580 2370 2806 2425 Latinis
2861 2371 3184 2440 codicibus,
3217 2375 3289 2431 ob
3334 2380 3529 2432 trans-

1878 2451 2115 2510 lationis
2146 2454 2577 2524 difﬁcultatem,
2611 2458 2720 2513 hoc
2751 2458 2984 2530 penitus
3032 2478 3146 2517 non
3207 2462 3525 2519 invenitur.

1877 2542 2126 2598 Utamur
2146 2544 2326 2616 igitur
2345 2560 2412 2600 eo
2436 2546 2589 2618 quod
2615 2548 3049 2606 vertimus.Non
3076 2551 3329 2624 imponit
3358 2554 3527 2609 nobis

1875 2631 2189 2704 Apostolus
2216 2634 2513 2705 laqueum,
2548 2652 2655 2691 nec
2685 2635 2839 2709 cogit
2866 2655 2995 2694 esse
3026 2641 3182 2711 quod
3209 2642 3486 2699 nolumus
3511 2661 3526 2711 ;

1877 2723 1980 2778 sed
2010 2723 2217 2778 suadet
2246 2723 2403 2795 quod
2435 2723 2750 2781 honestam
2782 2730 2871 2782 est
2901 2732 2959 2783 et
3000 2729 3297 2798 decorum,
3348 2735 3406 2787 et
3434 2732 3530 2788 in-

1876 2815 2033 2867 tente
2064 2812 2203 2867 facit
2233 2812 2447 2868 servire
2481 2814 2725 2869 Damino
2784 2823 2836 2870 et
2887 2834 3119 2889 semper
3152 2835 3281 2875 esse
3314 2820 3528 2877 sollici-

1876 2905 2025 2968 tum,
2058 2905 2115 2957 et
2145 2908 2479 2975 exspectare
2511 2909 2772 2975 paratam
2803 2907 2825 2940 θ
2860 2907 3087 2963 Domini
3146 2909 3529 2985 voluntatem,

1877 2994 1942 3046 ut
1964 3008 2100 3045 eum
2131 2991 2272 3063 quid
2305 2992 2692 3064 imperaverit,
2726 2996 2894 3067 quasi
2927 3001 3203 3053 strenuus
3246 3003 3303 3054 et
3332 3017 3526 3056 arma-
3550 3048 3565 3051 _

1874 3084 1974 3137 tus
1999 3079 2170 3138 miles
2199 3081 2399 3137 statim
2450 3083 2693 3155 impleat
2729 3084 2885 3156 quod
2917 3090 3268 3158 praeceptum
3299 3094 3409 3157 est,
3471 3094 3530 3144 et

1878 3170 1988 3227 hoc
2018 3170 2191 3227 faciat
2220 3171 2347 3227 sine
2378 3170 2499 3227 ulla
2520 3172 2872 3228 distentione
2903 3175 3009 3244 [AL
3043 3174 3479 3248 distentatione]
3512 3195 3525 3232 :

1879 3276 2008 3332 quae
2034 3260 2171 3316 data
2199 3264 2289 3316 est
2317 3262 2643 3318 secundum
2688 3262 3075 3320 Ecclesiasten
3128 3267 3270 3337 (cap.
3307 3270 3393 3336 In)
3423 3267 3527 3323 ho-

135 3360 274 3412 esset
299 3356 573 3430 innupta,
599 3355 659 3411 id
690 3360 798 3423 est,
836 3354 1038 3429 virgo;
1073 3371 1145 3411 ne
1204 3356 1541 3412 meretrices
1597 3360 1764 3428 pute-
1798 3344 1841 3410 C
1880 3348 2140 3404 minibus
2174 3348 2352 3419 hujus
2385 3349 2611 3421 mundi,
2647 3356 2713 3406 ut
2741 3351 3155 3408 distendantur
3183 3352 3244 3410 in
3294 3373 3362 3412 ea
3390 3358 3431 3411 τ.
3466 3356 3526 3413 Si

138 3461 256 3502 mus
278 3447 586 3519 innuptas,
644 3444 792 3501 nulli
823 3451 977 3502 certo
1003 3445 1380 3502 matrimonio
1438 3445 1762 3518 copulatas.

134 3534 265 3601 Quid
291 3552 429 3610 ergo
459 3534 683 3608 cogitat
710 3533 961 3607 innupta
1015 3538 1074 3591 et
1129 3533 1291 3606 virgo
1312 3535 1341 3589 ?
1373 3538 1510 3607 Qum
1546 3534 1770 3590 Domini

133 3630 265 3693 sunt,
294 3628 454 3682 utsit
480 3632 672 3681 sancta
712 3632 763 3680 et
821 3640 1044 3697 corpore
1099 3629 1149 3680 et
1206 3626 1426 3696 spiritu.
1491 3629 1565 3680 Ut
1620 3622 1770 3679 nihil

136 3713 275 3772 aliud
318 3719 497 3782 esset,
557 3718 624 3769 ut
679 3713 842 3769 nulla
891 3730 1114 3770 merces
1174 3714 1462 3786 virginem
1521 3712 1773 3786 amplior

133 3808 479 3877 sequeretur,
513 3803 808 3860 sufﬁceret
836 3802 887 3859 ei
932 3802 1055 3858 haec
1088 3801 1213 3859 sola
1269 3802 1550 3876 praelatio,
1612 3801 1771 3876 cogi-

132 3896 390 3968 tarequaa
415 3892 655 3951 Domini
686 3896 845 3949 sunt.
897 3892 1223 3965 Statimque
1282 3893 1450 3949 docet
1508 3910 1637 3965 quas
1696 3893 1775 3948 sit

134 3982 250 4057 ipsa
277 3982 576 4058 cogitatio,
616 3987 683 4039 ut
739 3981 815 4040 sit
871 3986 1075 4039 sancta
1129 3998 1369 4055 corpore
1424 3987 1483 4038 et
1540 3982 1772 4054 spiritu.

135 4070 419 4131 Nonnulla;
450 4072 673 4146 quippe
703 4077 843 4129 sunt
870 4072 1128 4146 virgines
1158 4088 1351 4140 carne,
1385 4089 1500 4128 non
1537 4072 1775 4145 spiritu,

205 4235 220 4269 ¹
251 4235 474 4292 Iudicat
503 4234 1018 4307 fortasseupoema
1044 4231 1279 4307 aliquod
1312 4233 1384 4288 de
1431 4232 1780 4307 Virginitate

145 4307 427 4380 scriptum,
477 4324 514 4363 a
563 4305 919 4380 Tertulliano
967 4306 1033 4380 in
1092 4305 1484 4380 adolescentia
1522 4305 1561 4374 ;⁷’
1596 4321 1782 4380 neque

146 4375 287 4435 enim
314 4378 536 4436 lusisse
565 4377 702 4450 dici
726 4382 916 4450 potest
962 4377 1023 4433 in
1054 4394 1120 4434 eo
1179 4375 1279 4450 qui
1335 4377 1654 4434 Exhortatio
1688 4375 1784 4450 'ad

147 4453 435 4508 castitatem
465 4449 827 4517 inscribitur,
858 4454 915 4506 et
965 4450 1075 4505 sub
1104 4449 1233 4505 vita:
1266 4450 1442 4505 finem
1492 4449 1781 4520 composi-

147 4525 233 4578 tus
249 4528 363 4596 est,
394 4526 455 4579 et
474 4527 764 4596 praeterea
791 4523 857 4596 de
883 4521 1151 4596 molestiis
1189 4522 1514 4596 nuptiarum
1555 4537 1626 4596 ea
1641 4537 1785 4596 pro-

147 4594 323 4665 posito
354 4593 573 4668 agebat
601 4594 927 4668 teste,_ipso
958 4593 1328 4668 Hieronymo.
1355 4593 1487 4649 Mox
1519 4593 1785 4648 additum

147 4664 527 4725 Nazianzénus
558 4666 618 4722 in
649 4664 841 4723 nullis
861 4682 1007 4722 mss.
1040 4664 1391 4721 invenimus.

1878 3441 2015 3509 quis
2046 3442 2240 3494 autem
2271 3439 2605 3495 considerat
2631 3440 2915 3513 virginem
2943 3459 3134 3511 suam,
3169 3444 3225 3499 id
3260 3450 3368 3515 est,
3401 3462 3527 3502 car-

1877 3544 2011 3584 nem
2040 3526 2328 3594 lascivire,
2359 3534 2415 3583 et
2444 3528 2689 3585 ebullire
2723 3531 2781 3585 in
2840 3531 3079 3587 libidem
3110 3534 3152 3599 ⁸,
3185 3550 3291 3590 nec
3349 3536 3531 3591 refre-

1877 3633 2018 3674 nare
2047 3634 2111 3673 se
2142 3622 2333 3690 potest
2369 3636 2381 3674 :
2416 3618 2751 3693 duplexque
2781 3620 2831 3676 ei
2860 3620 3151 3679 incumbit
3179 3625 3528 3693 necessitas,

1880 3712 1983 3763 aut
2013 3707 2362 3781 accipiendae
2393 3709 2683 3782 conjugis,
2738 3715 2841 3766 aut
2897 3714 3105 3769 ruendi
3137 3715 3191 3781 9;
3226 3715 3380 3786 quod
3412 3714 3537 3770 vult

1881 3797 2076 3862 faciat,
2111 3813 2227 3853 non
2258 3802 2476 3869 peccat,
2511 3798 2559 3853 si
2592 3800 2794 3855 nubat.
2856 3801 3069 3867 Faciat,
3128 3802 3342 3874 inquit,
3378 3803 3535 3875 quod

1882 3886 2028 3955 vult,
2058 3903 2174 3942 non
2197 3887 2352 3958 quod
2386 3888 2577 3943 debet.
2607 3889 2732 3944 Non
2755 3890 3031 3959 peccat,si
3062 3891 3224 3948 ducit
3246 3908 3484 3948 uxorem
3520 3912 3535 3961 ;

1884 3993 2000 4032 non
2032 3980 2228 4031 tamen
2260 3976 2404 4032 bene
2436 3977 2592 4046 facit,
2627 3977 2676 4032 si
2708 3978 2937 4033 duxerit
2970 3996 2982 4033 :
3015 3981 3155 4036 Nam
3207 3982 3301 4052 qui
3347 3984 3539 4037 statuit

1887 4067 1945 4122 in
1977 4065 2143 4123 corde
2168 4082 2270 4122 suo
2290 4066 2508 4135 ﬁrmus,
2534 4083 2646 4121 non
2662 4068 2870 4123 habens
2890 4072 3287 4140 necessitatem,
3307 4076 3545 4143 potesta-

1890 4229 2040 4300 ejus,
2075 4243 2189 4282 non
2222 4242 2557 4302 expressam
2580 4228 2653 4284 ob
2676 4228 3083 4287 translationis
3107 4231 3539 4302 difﬁcultatem,

1890 4304 2116 4356 tantam
2147 4300 2395 4377 retineat
2417 4302 2588 4377 juata
2615 4302 2791 4356 fidem
2825 4303 3091 4377 omnium
3120 4300 3542 4377 exemplarium

1894 4371 2453 4445 manuscriptorum.
2482 4372 2729 4445 Quoque
2790 4376 2956 4445 pejus
2988 4380 3096 4442 est,
3129 4394 3243 4432 non
3290 4371 3543 4433 'monent

1895 4444 2192 4509 lectorem,
2227 4460 2352 4514 quas
2386 4443 2718 4499 addiderint
2772 4443 2871 4501 de“
2902 4463 3029 4513 suo,
3082 4454 3137 4503 et
3181 4449 3547 4505 obtruderint

1898 4516 2084 4572 multa
2107 4515 2172 4591 in
2203 4516 3124 4591 contextum_Hieronymianum,
3182 4519 3345 4575 nulla
3383 4522 3549 4591 justa

1897 4586 2243 4644 necessitate
2265 4593 2524 4714 cogente.
2551 4586 2820 4644 Notabile
2844 4607 3012 4661 porro
3033 4586 3546 4663 existimavifquod

1897 4659 2151 4714 legimus
2178 4658 2235 4712 in
2269 4674 2332 4714 co
2380 4659 2463 4713 ice
2496 4676 2605 4714 ms.
2640 4662 3152 4714 Sanaermanensi.
3186 4664 3246 4714 in
3279 4680 3394 4714 auo
3418 4667 3546 4714 post

1896 4659 2151 4732 legimus
2178 4658 2235 4733 in
2269 4658 2463 4714 codice
2496 4676 2605 4733 ms.
2640 4658 3153 4732 Sangermanensi,
3186 4664 3246 4718 in
3279 4658 3550 4733 quopost

209 4740 228 4773 ²
255 4722 402 4796 Mss;
425 4722 583 4794 utin
616 4743 777 4794 textu
808 4738 1076 4806 habetur,
1111 4738 1315 4792 mulier
1342 4741 1392 4793 et
1424 4736 1591 4807 virgo.
1641 4735 1788 4791 Eum
1821 4722 1867 4787 ll
1898 4722 2095 4787 vovcem
2129 4730 2363 4807 edicere,
2392 4732 2584 4807 posuit
2607 4722 3001 4807 Ama‘nuensis
3033 4722 3194 4789 GRE.
3222 4722 3545 4807 Udde,_é_tc.,

153 4825 372 4868 sensum
392 4809 713 4867 edisseruit
731 4809 835 4866 lib.
859 4814 1062 4866 contra
1081 4807 1431 4875 Helvidium,
1459 4812 1517 4863 et
1537 4808 1597 4861 in
1615 4808 1788 4879 epist-

149 4882 231 4965 22Ζ
257 4883 326 4965 ad
359 4881 783 4965 Eustochium,
816 4880 1182 4965 quammv‘ide
1205 4952 1215 4963 .
1238 4897 1402 4963 num.
1462 4881 1554 4947 21,
1587 4884 1707 4965 n‘o‘t.
1740 4895 1787 4965 οἳ

1897 4809 1961 4859 ut
1990 4802 2340 4869 ostenderet,
2376 4818 2480 4855 nec
2538 4802 2772 4874 legeret.
2807 4804 3005 4859 Caeteri
3064 4822 3269 4861 omnes
3319 4805 3548 4860 codices

1899 4876 2152 4932 retinent
2181 4874 2379 4930 omnia
2406 4875 2581 4929 verba
2624 4876 2839 4944 Graeca,
2899 4894 3025 4948 quae
3075 4894 3180 4933 nos
3229 4876 3545 4932 edidimus.

212 4955 234 4989 ³
259 4955 518 5011 Rursum
534 4949 885 5011 Veronensis
906 4958 965 5010 et
980 4952 1383 5010 Cisterciensis
1406 4968 1549 5007 mss.
1565 4951 1793 5006 addunt
1900 4949 2183 5006 Murrus.

154 5047 179 5075 α
206 5027 467 5083 Arduum
494 5030 554 5082 et
595 5025 1023 5082 humanitatem
1079 5023 1521 5097 transgrediens
1568 5039 1791 5097 prisce-

156 5102 307 5181 ptum
334 5117 354 5181 ,ε
384 5098 733 5181 cumjussio
755 5099 822 5154 ﬁt
840 5098 1146 5181 eviscerat,
1168 5096 1793 5181 imperantemmma-

151 5167 268 5240 jora
293 5170 523 5227 viribus
546 5167 610 5226 et
657 5171 729 5243 de
758 5170 959 5243 coepti
990 5167 1339 5243 necessitate
1389 5167 1563 5223 solvit
1618 5167 1796 5222 obno-

156 5243 323 5298 xium.
357 5264 387 5293 »
418 5259 553 5314 quae
582 5245 639 5298 et
665 5241 1245 5314 vitiosartrajectione
1265 5244 1531 5314 peccant,
1554 5243 1610 5294 et
1638 5255 1774 5311 pere

160 5313 374 5387 grinam
404 5313 649 5387 operam
680 5313 966 5387 sobolsnt.

1972 5050 2041 5059 —
2072 5019 2211 5094 Mss.
2246 5017 2530 5094 Veronen.
2566 5020 2623 5094 et
2651 5016 2986 5094 Cistercien.
3039 5036 3139 5094 pro
3190 5014 3548 5094 εὖπράσξᾷρον

1972 5050 2041 5059 -—
2072 5038 2211 5074 ωδε.
2256 5038 2530 5072 VBI‘OHBD.
2566 5038 2623 5071 ει
2651 5038 2986 5074 ωδιϐνοιρη.
3034 5038 3139 5145 gro
3190 5038 3548 5094 ευπροσεορον

1905 5094 2099 5163 aperte
2128 5089 2331 5163 legunt
2360 5092 2822 5163 E1‘ll.-tt)E_\PON,
2859 5107 2973 5145 non
3077 5092 3260 5148 iverso
3311 5091 3552 5163 quidem

1905 5159 2104 5228 sensu,
2138 5159 2237 5218 sed
2272 5159 2518 5217 lectione
2549 5160 2703 5216 haud
2734 5163 3082 5233 spernenda.

1976 5238 1997 5270 θ
2022 5238 2209 5290 Antea
2238 5237 2363 5289 erat
2380 5238 2664 5304 paratum,
2699 5235 3082 5290 renuentibus
3124 5252 3267 5291 mss.

1978 5310 1996 5342 τ
2032 5308 2246 5362 Iterum
2270 5311 2327 5360 et
2356 5305 2479 5377 pari
2503 5322 2791 5361 consensu
2816 5306 2931 5361 duo
2952 5308 3180 5363 codices
3200 5306 3558 5363 Veronensis

220 5387 241 5421 ⁸
263 5377 619 5443 Veronensis
637 5384 731 5442 sed
759 5386 829 5442 ad
848 5387 906 5442 id
926 5386 1149 5456 absque
1170 5383 1413 5455 ut,quod
1435 5398 1541 5438 nec
1563 5380 1799 5456 Graecus
1909 5384 1965 5456 e_t
1982 5377 2388 5456 Cisterciensis
2410 5378 2635 5456 addunt
2654 5396 2665 5432 :
2691 5399 2710 5425 α
2728 5377 3213 5456 Ebulliredicitur
3230 5381 3394 5456 virgo
3415 5379 3557 5456 N_._R.

164 5460 340 5515 textus
370 5457 572 5515 habet.
605 5457 758 5514 Olim
787 5453 1109 5515 addebatur
1138 5456 1197 5511 in
1230 5453 1365 5523 ﬁne,
1400 5471 1490 5511 vos
1518 5453 1797 5510 adhorter.

221 5528 408 5605 ⁵Πρὸς
458 5529 525 5582 τὸ
583 5525 884 5605 εὔσχημον.
945 5526 1402 5605 Corruptissime
1457 5527 1682 5605 Erasm.
1746 5529 1803 5580 et

802 5619 916 5657 unc
947 5598 1150 5658 locum
1174 5599 1502 5656 ediderunt.
1535 5598 1801 5652 Primum

164 5673 428 5757 supplent
457 5673 522 5730 in
549 5673 789 5757 Latinis,
820 5691 911 5730 vos
932 5674 1231 5757 ‘adliortez,
1262 5686 1389 5742 quae
1424 5686 1539 5725 non
1583 5669 1803 5757 legun-

169 5739 250 5802 tur
268 5739 332 5804 in
363 5762 515 5801 mss.
546 5739 882 5804 codicibus:
916 5746 1127 5802 deinde
1157 5739 1420 5799 Graecum
1447 5739 1803 5798 versiculum

167 5789 339 5877 totum
370 5818 647 5887 recitent,
678 5789 1234 5891 eum-Hieronymus
1278 5813 1549 5872 ultimam
1581 5818 1805 5887 partem

163 5601 395 5659 Marian.
431 5617 596 5657 more
624 5601 732 5658 suo

1911 5453 1971 5508 F.
2008 5450 2116 5519 (sic
2150 5451 2294 5506 forte
2319 5450 2545 5519 natura)
2569 5450 2621 5503 id
2659 5454 2746 5504 est
2775 5450 2845 5504 de
2866 5453 3189 5508 verecundo
3216 5471 3227 5508 :
3254 5450 3565 5507 indeside-

1909 5524 2062 5579 rium
2092 5520 2341 5577 carnalis
2367 5520 2713 5592 appotentiaa
2746 5522 2964 5578 fervore
2997 5526 3398 5590 mcnbrorum,
3438 5523 3563 5579 ani-

1914 5612 2020 5651 mae
2047 5594 2210 5665 vigor
2239 5592 2657 5665 exstinguitur.
2701 5615 2727 5640 ››

1984 5669 2003 5701 ⁸
2034 5663 2443 5721 Casatiatensis
2473 5680 2696 5718 carnem
2725 5665 3095 5723 lascivientem
3155 5669 3409 5734 clm/tiro,
3454 5669 3563 5721 etc.

1985 5741 2006 5774 9
2035 5738 2345 5793 Obtinebat
2374 5740 2544 5811 antea
2575 5737 2895 5811 incongrue
2916 5756 3129 5811 sensu,
3160 5744 3254 5796 aut
3299 5753 3565 5811 spernen-

1914 5812 1997 5868 da:
2029 5826 2132 5883 pro
2163 5812 2260 5865 aut
2282 5807 2481 5865 ruendi
2510 5809 2666 5880 quod
2699 5810 3066 5869 restituimus
3116 5807 3190 5869 ex
3229 5807 3563 5868 nostrorum
