3944 6400
393 416 512 488 948

1645 419 1709 484 S.
1754 417 2062 486 EUSEBII
2105 417 2546 489 HIERONYMI

3677 417 3804 486 944

390 557 503 616 tem
528 559 711 615 autem
738 557 943 616 habe-ns
965 569 1085 616 suae
1115 557 1426 621 voluntatis,
1457 563 1508 612 et
1561 555 1659 612 hoc
1693 555 1907 627 Judicat
1938 555 1952 588 ¹
1982 571 2041 608 ιη
2069 553 2125 620 Α
2153 555 2358 612 dentire
2390 557 2564 614 librat
2591 556 2925 627 consilium,
2957 558 3038 616 ita
3091 555 3343 633 singulis
3385 554 3673 624 relaxans,
3735 559 3808 613 ut

391 647 555 703 corde
581 663 678 704 suo
704 663 923 704 servare
975 649 1250 716 virginem
1277 663 1454 710 suam,
1488 645 1620 700 bene
1675 646 1825 712 facit.
1860 645 2033 714 Igitur

391 740 448 794 et
465 739 562 808 qui
584 739 932 794 matrimonio
941 739 1130 810 jungit
1149 739 1420 808 virginem
1439 734 1758 798 suam,bene
1778 732 1951 805 facit;
1983 735 2031 786 et

392 827 491 898 qui
509 841 618 881 non
628 827 839 898 jungit,
857 827 1055 882 melius
1073 827 1208 896 facit
1234 827 1279 896 (Ι
1303 823 1422 880 Cor.
1448 841 1547 890 vn,
1567 824 1638 878 37
1647 823 2032 893 ,38).Signan-

391 917 479 970 ter
505 919 562 970 et
591 916 821 988 proprie
851 933 1030 988 supra
1055 915 1300 980 dixerat,
1335 915 1439 982 Qui
1465 912 1616 968 ducit
1645 928 1889 978 uxorem,
1923 927 2033 965 non

385 1008 620 1075 peccat:
652 1003 768 1070 hic,
797 1005 904 1072 Qui
929 1009 1106 1060 servat
1134 1005 1403 1075 virginem
1457 1019 1634 1067 suam,
1679 1001 1805 1056 bene
1871 1001 2030 1066 facit.

391 1090 564 1147 Aliud
591 1096 678 1148 est
709 1097 906 1148 autem
939 1094 1090 1150 262
1123 1109 1236 1148 non
1267 1108 1521 1164 peccare,
1554 1091 1711 1146 aliud
1769 1094 1858 1145 est
1888 1090 2034 1144 bene

396 1180 603 1236 facere.
637 1182 884 1246 Declina,
919 1181 1126 1253 inquit,
1157 1198 1191 1236 a
1220 1181 1385 1246 malo,
1413 1189 1465 1236 et
1515 1189 1606 1251 [ac
1637 1181 1834 1235 bonum
1862 1179 2030 1249 (Psal.

393 1285 582 1337 xxxvi,
613 1273 724 1338 27).
759 1269 908 1325 Illud
939 1271 1326 1335 declinamus,
1361 1269 1468 1325 hoc
1501 1269 1823 1341 sequimur.
1858 1267 1922 1322 In
1953 1266 2034 1322 a1-

391 1361 515 1414 tero
536 1359 810 1430 perfectio
839 1364 947 1415 est.
979 1359 1194 1415 Verum
1222 1376 1292 1414 ne
1326 1359 1386 1414 in
1434 1376 1501 1414 co
1549 1358 1704 1429 quod
1765 1357 1929 1422 dixit,
1987 1364 2040 1410 et

387 1449 487 1519 qui
538 1449 890 1504 matrimonio
909 1451 1096 1522 jungit
1123 1451 1393 1519 virginem
1448 1463 1624 1513 suam,
1686 1446 1820 1501 bene
1879 1445 2034 1518 facit,
2071 1521 2084 1528 _

387 1535 680 1593 existimet
697 1537 915 1610 aliquis
935 1537 1399 1594 observationem
1423 1541 1683 1592 nostram
1709 1553 1821 1591 non
1849 1540 2037 1600 stare;

386 1625 658 1699 protinus
687 1625 798 1682 hoc
827 1626 1024 1699 ipsum
1055 1627 1274 1682 bonum
1307 1629 1599 1689 extenuat,
1630 1625 1680 1680 ei
1723 1623 2041 1680 obumbrat

387 1716 826 1786 comparatione
856 1714 1134 1782 melioris,
1166 1721 1222 1770 et
1251 1715 1394 1770 dicit
1426 1731 1439 1772 :
1470 1715 1536 1770 Et
1575 1716 1671 1786 qui
1697 1729 1806 1768 non
1849 1713 2038 1783 jungit

388 1805 590 1862 melius
645 1806 798 1876 facit.
857 1804 983 1860 Nisi
1042 1804 1314 1863 illaturus
1369 1809 1526 1860 esset
1619 1804 1719 1870 [ΑΙ.
1811 1801 2040 1870 fuisset]

391 1893 593 1949 melius
622 1895 778 1960 facit,
838 1909 1140 1966 nunquam
1191 1893 1624 1966 praemississet,
1687 1893 1816 1948 bene
1860 1891 2027 1962 facit.
2070 1922 2120 1990 Β

397 1981 506 2040 Ubi
533 1986 728 2039 autem
762 1984 982 2040 bonum
1012 1988 1070 2038 et
1099 1983 1310 2038 melius
1360 1987 1468 2050 est,
1502 1983 1580 2037 Ibi
1616 1982 1752 2038 boni
1807 1984 1863 2036 et
1914 1996 2038 2034 me-

397 2071 561 2128 lioris
593 2089 706 2129 non
736 2090 920 2129 unum
951 2077 1038 2129 est
1066 2073 1370 2146 praemium
1398 2091 1411 2140 ;
1443 2077 1500 2128 et
1549 2073 1649 2127 ubi
1682 2088 1798 2127 non
1856 2085 2040 2124 unum

398 2163 726 2234 praemium,
760 2161 842 2219 ibi
867 2163 1068 2235 utique
1098 2163 1252 2218 dona
1275 2162 1520 2218 diversa.
1547 2163 1801 2221 Tantum
1832 2159 2044 2232 estigi-

397 2260 497 2308 tur
524 2251 676 2308 inter
699 2253 936 2325 nuptias
965 2257 1022 2308 et
1057 2252 1473 2323 virginitatem,
1544 2255 1834 2324 quantum
1893 2251 2044 2306 inter

399 2357 515 2398 non
545 2358 804 2414 peccare,
828 2346 885 2397 et
913 2342 1060 2397 bene
1091 2343 1277 2397 lacere
1304 2359 1317 2408 ;
1352 2340 1491 2407 imo,
1518 2345 1582 2396 ut
1611 2339 1796 2395 levius
1823 2339 2037 2407 dicam,

396 2433 688 2500 quantum
714 2430 867 2487 inter
897 2431 1116 2487 bonum
1139 2435 1198 2486 et
1225 2429 1456 2488 melius.

468 2521 556 2576 14.
592 2521 785 2577 Vidua
839 2535 964 2592 quae
1007 2528 1308 2592 pascuntur
1360 2521 1714 2590 eleemosynis
1772 2519 2038 2573 Ecclesiae.

402 2639 472 2651 ——-
501 2609 694 2664 Finita
723 2609 1116 2682 disputatione
1147 2609 1552 2682 conjugiorum
1585 2613 1642 2664 et
1666 2607 2040 2680 virginitatis,

398 2697 554 2754 inter
571 2702 888 2770 utrumque
917 2702 1085 2754 cauto
1108 2698 1504 2754 moderamine
1528 2700 2044 2769 praeceptorummt

401 2803 508 2842 nec
536 2786 609 2842 ad
641 2787 961 2854 sinistram,
1009 2803 1113 2842 nec
1143 2787 1214 2842 ad
1247 2787 1543 2842 dexteram
1577 2785 1907 2852 diverteret,
1942 2785 2041 2840 sed

399 2875 494 2932 via
523 2876 677 2948 regia
705 2875 1064 2947 graderetur,
1095 2881 1154 2930 et
1181 2874 1325 2930 illud
1371 2874 1643 2946 impleret
1675 2891 1688 2929 :
1723 2878 1802 2930 Ne
1829 2875 1903 2928 sis
1921 2875 2044 2944 jus-

399 2969 487 3021 tus
513 2967 748 3021 multum
772 2965 964 3034 (Eccle.
996 2981 1095 3029 vn,
1147 2965 1252 3035 l7),
1312 2981 1548 3020 rursum
1610 2962 2041 3034 monogamiam

401 3053 669 3126 digamizn
699 3057 1019 3126 comparat,
1045 3057 1102 3109 et
1129 3053 1422 3124 quomodo
1449 3052 1684 3125 nuptias
1705 3051 2049 3107 subdiderat

401 3143 634 3216 virgini,
669 3143 749 3198 ita
779 3143 1098 3215 digamiam
1159 3143 1362 3213 primis
1424 3141 1644 3214 nuptiis
1701 3141 1958 3211 subjicit,
1991 3143 2049 3196 et

402 3233 484 3289 ait
511 3249 524 3288 :
554 3233 748 3289 Mulier
801 3234 1034 3302 alligata
1089 3240 1183 3301 est,
1243 3241 1446 3304 quanto
1499 3235 1738 3303 tempore
1790 3233 1876 3287 vir
1930 3231 2048 3301 ejus

2142 647 2546 720 unusquisque
2579 648 2726 704 ferre
2753 653 2962 721 potest.
2993 649 3170 704 Juxta
3207 649 3363 704 hunc
3391 663 3635 703 sensum
3667 661 3806 702 om-

2141 734 2239 790 nia
2266 735 2365 790 illa
2421 742 2560 792 sunt
2617 739 3000 810 accipienda:
3033 743 3176 796 Nam
3233 753 3360 809 quae
3414 740 3516 794 sub
3561 740 3679 792 viro
3722 739 3807 792 est

2140 826 2364 893 mulier,
2401 828 2612 881 vivente
2641 829 2782 890 viro,
2814 828 3050 897 alligata
3072 835 3149 883 est
3173 827 3289 900 legi
3317 845 3336 881 :
3367 829 3419 881 si
3438 833 3620 880 autem
3651 841 3808 880 mor-

2143 921 2268 969 tuus
2297 914 2471 986 fuerit
2502 917 2612 983 vir,
2645 917 2819 972 soluta
2851 925 2928 972 est
2956 934 2990 972 a
3047 917 3161 987 lege
3191 917 3320 971 viri.
3353 917 3557 988 Igitur,
3587 918 3808 970 vivente

2143 1005 2280 1070 viro,
2313 1005 2592 1059 vocabitur
2619 1005 2890 1072 rulaltera,
2923 1007 2973 1060 si
2996 1007 3173 1075 fuerit
3217 1023 3342 1060 cum
3371 1005 3482 1060 alio
3539 1006 3678 1060 viro.
3740 1003 3806 1058 Si

2143 1101 2324 1147 autem
2360 1098 2609 1148 mortuus
2638 1094 2820 1168 fuerit
2879 1097 2966 1150 vir
3009 1097 3145 1163 eius,
3201 1096 3374 1150 soluta
3405 1097 3481 1148 est
3511 1109 3540 1147 o
3571 1093 3708 1161 lege,
3741 1101 3806 1146 ut

2144 1197 2252 1236 non
2272 1184 2343 1236 sit
2371 1183 2642 1247 adultera,
2675 1186 2724 1238 si
2752 1186 2934 1254 fuerit
2963 1201 3088 1239 cum
3116 1185 3228 1238 alio
3285 1186 3403 1239 viro
3460 1183 3636 1254 (Rom.
3695 1197 3802 1250 vn,

2142 1273 2198 1338 2,
2231 1272 2305 1332 3).
2340 1275 2406 1325 Et
2435 1270 2576 1326 illud
2607 1273 2678 1328 ad
2711 1272 3086 1328 Timotheum
3134 1290 3146 1328 :
3189 1273 3310 1327 Volo
3360 1288 3494 1340 ergo
3540 1271 3804 1342 juniores

2148 1359 2342 1414 viduas
2371 1361 2596 1424 nubere,
2627 1361 2773 1430 ﬁlios
2797 1377 3112 1430 procreare,
3169 1360 3629 1434 matresfamilias
3664 1375 3805 1426 esse,

2146 1447 2360 1502 nullam
2389 1449 2725 1503 occasionem
2755 1450 2885 1503 dare
2931 1449 3252 1504 adversario
3287 1448 3804 1518 maledicti'gralia.

2145 1540 2266 1594 lam
2295 1539 2446 1593 enim
2473 1537 2726 1609 quaedam
2755 1553 3029 1595 conversa?
3055 1542 3186 1594 sunt
3214 1545 3356 1593 retro
3383 1545 3504 1608 post
3528 1540 3809 1594 Satanam

2148 1627 2194 1697 (Ι
2224 1627 2369 1684 Tim.
2401 1643 2456 1694 v,
2487 1626 2574 1690 44,
2609 1626 2718 1697 l5),
2752 1632 2809 1682 et
2839 1625 3062 1698 reliqua
3097 1626 3190 1682 his
3221 1625 3458 1682 similia.
3500 1625 3810 1692 Quomodo

2149 1715 2305 1770 enim
2337 1715 2668 1787 virginibus
2699 1716 2771 1770 ob
2805 1714 3204 1771 fornicationis
3235 1717 3256 1750 ²
3287 1714 3615 1787 periculum
3662 1730 3808 1771 con-

2150 1804 2302 1860 cedit
2332 1803 2586 1876 nuptias,
2619 1809 2676 1859 et
2705 1803 3037 1860 excusabile
3066 1805 3220 1872 facit,
3255 1805 3408 1876 quod
3461 1820 3566 1876 per
3593 1820 3657 1860 se
3686 1820 3810 1860 non

2151 1893 2463 1965 appetitur,
2520 1893 2603 1949 ita
2658 1893 2730 1949 ob
2789 1894 3052 1949 eamdem
3114 1893 3557 1950 fornicationem
3613 1892 3814 1949 vitan-

2151 1983 2310 2052 dam,
2342 1983 2606 2039 concedit
2635 1983 2826 2038 viduis
2865 1983 3127 2039 seounda
3156 1983 3556 2038 matrimonia.
3593 1981 3812 2038 Melius

2151 2076 2241 2127 est
2273 2071 2428 2127 enim
2462 2072 2595 2126 licet
2636 2071 2884 2127 alterum
2943 2076 3001 2127 et
3054 2071 3317 2139 tertium,
3367 2088 3553 2127 unum
3610 2070 3810 2126 virum

2151 2178 2345 2226 nosse,
2379 2177 2554 2233 quam
2585 2161 2872 2233 plurimos
2907 2178 2919 2216 :
2953 2160 3010 2216 id
3041 2165 3150 2229 est,
3183 2159 3548 2216 tolerabilius
3577 2165 3668 2216 est
3701 2160 3814 2216 uni

2151 2249 2374 2306 homini
2409 2249 2778 2322 prostitutam
2801 2266 2950 2314 esse,
2977 2266 3151 2320 quam
3178 2249 3398 2304 multis.
3426 2247 3725 2322 Siquidem
3749 2255 3814 2306 et

2151 2338 2250 2394 illa
2280 2340 2338 2394 in
2373 2338 2681 2410 Evangelio
2711 2338 2957 2394 Joannis
2995 2339 3366 2394 Samaritana
3399 2340 3420 2373 ³
3477 2343 3707 2394 sextum
3746 2356 3814 2396 se

2154 2427 2430 2483 maritum
2462 2427 2677 2482 habere
2699 2427 2922 2492 dicens,
2953 2428 3222 2500 arguitur
3249 2445 3282 2482 a
3323 2428 3588 2494 Domino,
3648 2429 3814 2500 quod

2153 2534 2266 2574 non
2301 2518 2378 2572 sit
2401 2516 2489 2570 vir
2519 2517 2646 2586 ejus
2680 2517 2858 2586 (Joan.
2894 2534 2966 2582 1v,
3003 2516 3107 2587 17).
3147 2515 3253 2570 Ubi
3308 2517 3464 2572 enim
3525 2532 3818 2574 numerus

2154 2606 2498 2661 maritorum
2529 2610 2637 2670 est,
2674 2604 2751 2659 ibi
2778 2605 2884 2673 vir,
2917 2606 3018 2677 qui
3051 2605 3284 2677 proprie
3339 2622 3495 2660 unus
3533 2610 3648 2673 est,
3678 2622 3818 2663 esse

2153 2693 2345 2750 desiit.
2380 2694 2503 2748 Una
2532 2697 2692 2748 costa
2722 2711 2755 2748 a
2789 2693 3073 2766 principio
3107 2695 3165 2750 in
3199 2711 3381 2750 unam
3419 2712 3658 2751 uxorem
3689 2712 3820 2752 ver-

2155 2800 2222 2840 sa
2248 2787 2356 2838 est.
2388 2784 2454 2838 Et
2479 2786 2665 2850 erunt,
2700 2782 2914 2855 inquit,
2939 2784 3046 2838 duo
3078 2786 3138 2838 in
3166 2800 3333 2839 carne
3361 2801 3475 2839 una
3530 2785 3681 2856 (Gen.
3747 2803 3817 2850 ιι,

2152 2874 2245 2941 24(
2279 2891 2292 2928 :
2326 2889 2440 2927 non
2472 2876 2612 2937 tres,
2646 2887 2836 2944 neque
2868 2877 3140 2944 quatuor,
3191 2872 3452 2945 alioquin
3501 2874 3630 2944 jam
3689 2891 3816 2930 non

2156 2963 2292 3025 duo,
2323 2961 2371 3016 si
2405 2959 2604 3032 plures
2637 2962 2677 3014 ‘.
2711 2961 2944 3016 Primus
3005 2961 3251 3016 Lamech
3304 2961 3723 3034 sanguinarius
3757 2968 3822 3020 et

2156 3049 2470 3116 homicida,
2504 3065 2684 3104 unam
2716 3066 2951 3106 carnem
2985 3049 3042 3104 in
3099 3050 3248 3106 duas
3294 3050 3492 3106 divisit
3549 3068 3762 3108 uxores
3803 3072 3820 3107 :

2157 3138 2546 3196 fratricidium
2577 3144 2633 3194 et
2665 3138 3005 3210 digamiam,
3039 3139 3242 3195 eadem
3273 3139 3607 3213 cataclysmi
3641 3158 3822 3213 paena

2159 3229 2388 3286 delevit.
2467 3229 2546 3283 De
2624 3227 2805 3283 altero
2885 3229 3124 3300 septies,
3186 3228 3258 3284 de
3316 3228 3499 3285 altero
3575 3234 3822 3302 septua-

401 3321 832 3393 vivitrquvrt‘si
855 3295 1144 3377 dormierit
1313 3322 1452 3392 ejus,
1515 3295 1750 3376 liberata
1803 3325 1882 3376 est
1911 3338 1930 3374 :
1953 3295 2052 3376 chi
2081 3295 2124 3362 (ἶ
2161 3319 2285 3392 gies
2343 3317 2558 3390 septies
2635 3295 2996 3373 vindicatum
3053 3322 3160 3374 est.
3223 3321 3519 3385 Quantum
3587 3295 3825 3376 distant

408 3410 525 3464 vult
555 3411 746 3475 nubat,
777 3415 990 3466 tantum
1034 3411 1095 3466 in
1126 3411 1352 3466 Domino
1411 3411 1632 3466 Beutior
1685 3414 1869 3466 autem
1923 3412 2048 3480 erit,

403 3498 458 3552 si
481 3498 562 3554 sic
587 3501 969 3570 permanserit,
999 3498 1295 3554 secundum
1322 3499 1622 3554 consilium
1651 3515 1851 3554 meum.
1910 3500 2049 3554 Puto

405 3589 589 3642 autem
619 3587 759 3658 quod
786 3596 837 3643 et
861 3604 956 3656 ego
997 3588 1254 3660 spiritum-
1309 3588 1409 3642 Dei
1461 3587 1686 3642 habeam
1745 3588 1886 3656 (Cor.
1942 3605 2043 3654 vn,

400 3676 492 3746 39,
550 3677 660 3748 40).
719 3677 998 3732 Concedit
1047 3676 1334 3732 secundas
1367 3675 1622 3747 nuptias,
1657 3677 1757 3730 sed
1805 3676 2044 3733 volenti-

397 3766 577 3832 tibus,
611 3766 710 3822 sed
745 3766 858 3834 his,
893 3784 1018 3839 quae
1049 3782 1112 3822 se
1143 3765 1438 3822 continere
1470 3783 1584 3820 non
1619 3771 1866 3837 possunt
1895 3785 1908 3834 ;
1972 3784 2044 3823 ne

396 3853 700 3912 luxuriatae
733 3856 788 3912 in
821 3855 1072 3920 Christo,
1105 3856 1322 3911 nubere
1344 3855 1542 3922 velint,
1569 3854 1852 3911 habentes
1883 3857 2043 3912 dam-

393 3945 712 4012 nationem,
745 3946 900 4017 quod
930 3946 1180 4018 primum
1214 3945 1388 4000 fidem
1418 3944 1643 4000 irritam
1696 3945 1952 4008 fecerint.
1985 3952 2042 4002 et

391 4030 502 4088 hoc
531 4033 817 4097 concedit,
849 4033 988 4105 quia
1014 4033 1210 4089 multae
1237 4039 1410 4088 erunt
1431 4038 1582 4088 retro
1609 4040 1741 4105 post
1762 4035 2035 4092 Satanam

392 4123 441 4192 (ι
475 4123 606 4177 Tim.
639 4141 694 4189 ν,
737 4124 836 4193 I9).
860 4125 1145 4179 Caiterum
1177 4125 1462 4188 beatiores,
1483 4122 1676 4194 inquit
1703 4132 1865 4179 erunt
1892 4126 1942 4179 si
1961 4125 2039 4180 sic

387 4213 792 4279 permanserint
815 4211 862 4281 (1
891 4211 993 4267 Cor
1019 4230 1118 4277 v11,
1149 4213 1260 4283 40),
1291 4211 1688 4284 continuoque
1729 4213 2038 4286 subjungit

391 4297 782 4369 Apostolicam
817 4301 1240 4366 auctoritatem,
1289 4303 1591 4356 secundum
1647 4317 1828 4357 meum
1855 4306 2031 4358 consi-

2159 3409 2220 3463 in
2279 3423 2544 3472 numero,
2597 3410 2825 3462 tantum
2883 3411 2939 3461 et
2995 3405 3052 3460 in
3111 3405 3372 3462 crimine.
3434 3413 3620 3474 Quam
3675 3426 3821 3465 san-

2162 3501 2256 3553 cta
2303 3497 2380 3552 sit
2431 3495 2689 3568 digamia
2717 3496 2759 3561 ⁵,
2821 3495 2955 3549 hinc
3013 3495 3360 3561 ostenditur,
3421 3497 3576 3568 quod
3637 3497 3820 3570 diga-

2159 3603 2292 3642 mus
2314 3585 2370 3640 in
2404 3587 2623 3640 clerum
2658 3584 2790 3656 eligi
2827 3601 2940 3639 non
2976 3589 3186 3656 potest,
3245 3590 3302 3640 et
3332 3585 3460 3658 ideo
3492 3585 3819 3658 Apostolus

2155 3674 2226 3728 ad
2255 3673 2622 3728 Timotheum
2660 3689 2672 3728 :
2714 3673 2902 3736 Vidua,
2933 3673 3148 3744 inquit,
3180 3657 3573 3744 eligatur'non
3619 3677 3821 3733 minus

2151 3765 2440 3832 sexaginta
2469 3778 2763 3829 annorum,
2810 3779 2930 3832 quae
2973 3762 3148 3829 fuerit
3191 3765 3358 3818 unius
3415 3765 3526 3819 viri
3574 3780 3725 3820 uxor
3773 3767 3824 3838 (1

2158 3853 2290 3906 Tim.
2324 3868 2378 3917 ν,
2410 3851 2487 3920 9).
2522 3850 2625 3906 llic
2671 3867 2843 3907 omne
2871 3856 3224 3922 praeceptum
3255 3852 3325 3907 de
3353 3851 3446 3907 his
3476 3857 3566 3908 est
3589 3852 3818 3926 viduis,

2151 3959 2278 4012 qua:
2311 3939 2571 3996 Ecclesia:
2613 3944 2936 4012 pascuntur
2989 3939 3405 4012 eleemosynis.
3468 3942 3537 3996 Et
3595 3941 3821 3999 idcirco

2149 4034 2286 4084 retas
2349 4030 2504 4086 264
2563 4029 2981 4102 prazscribitur,
3041 4032 3106 4084 ut
3179 4028 3290 4084 illa:
3371 4033 3598 4086 tantum
3657 4030 3821 4086 acci-

2147 4119 2309 4190 piant
2367 4135 2688 4190 pauperum
2747 4118 2929 4182 cibos,
2990 4134 3117 4190 quai
3163 4119 3289 4188 jam
3349 4117 3615 4175 laborare
3686 4131 3812 4177 non

2145 4213 2412 4279 possunt.
2476 4207 2782 4279 Simulque
2841 4207 3167 4272 considera,
3225 4209 3378 4280 quod
3465 4225 3594 4280 qua:
3649 4209 3811 4267 duos

2145 4296 2552 4362 habuitviros,
2597 4296 2828 4351 etiamsi
2887 4314 3038 4352 anus
3090 4296 3189 4366 sit,
3251 4301 3309 4352 et
3363 4297 3680 4368 decrepita,
3745 4303 3811 4355 et

388 4385 528 4442 lium
557 4389 764 4459 (Ibid).
785 4389 958 4445 Porro
987 4406 1059 4444 ne
1081 4389 1392 4446 auctoritas
1423 4389 1702 4462 Apostoli,
1727 4391 1894 4463 quasi
1926 4391 2030 4447 ho-
2140 4402 2344 4458 egens,
2374 4384 2644 4440 Ecclesiae
2678 4385 2859 4456 stipes
2915 4403 3029 4440 non
3083 4389 3339 4440 meretur
3389 4384 3672 4457 accipere.
3739 4387 3806 4443 Si

387 4475 588 4545 minis,
620 4477 798 4534 levior
827 4478 1136 4544 videretur,
1187 4479 1451 4534 addidit:
1487 4481 1620 4534 Puto
1659 4489 1841 4536 autem
1885 4483 2032 4552 quod
2138 4481 2332 4530 autem
2367 4473 2536 4546 panis
2567 4473 2648 4528 illi
2683 4473 2908 4529 tollitur
2963 4475 3364 4546 elecmosynm,
3421 4478 3640 4546 quanto
3671 4492 3804 4532 ma-

382 4573 436 4620 et
461 4581 556 4636 ego
583 4569 845 4637 spiritum
889 4569 990 4624 Dei
1020 4569 1248 4624 habeam
1305 4568 1512 4639 (Ibid.).
1545 4569 1650 4624 Ubi
1710 4571 1783 4626 ad
1841 4573 2026 4627 conti.
2135 4563 2226 4635 gis
2255 4563 2352 4619 illc
2384 4564 2554 4635 panis
2585 4562 2684 4634 qui
2718 4563 2788 4618 de
2819 4561 2960 4618 coelo
2992 4563 3311 4631 descendit,
3346 4579 3522 4635 quem
3572 4563 3674 4635 qui
3710 4563 3805 4619 in-

383 4655 644 4710 nantiam
679 4661 965 4728 provocat,
1017 4657 1096 4712 ibi
1127 4675 1240 4712 non
1291 4658 1567 4725 hominis,
1623 4660 1722 4714 sed
1753 4660 2022 4732 spiritus,
2056 4665 2103 4732 Ι)
2133 4653 2306 4725 digne
2337 4651 2676 4716 comederit,
2709 4667 2842 4706 reus
2871 4651 3003 4718 erit,
3033 4651 3232 4708 violati
3261 4651 3522 4724 corporis
3564 4656 3624 4706 et
3654 4668 3804 4708 san-

381 4743 483 4800 Dei
540 4745 853 4801 consilium
906 4751 1030 4813 est;
1068 4747 1163 4802 ubi
1221 4751 1416 4804 autem
1475 4749 1728 4804 nubendi
1761 4751 2027 4808 concedit
2133 4741 2331 4814 guinis
2360 4737 2612 4796 Christi!

379 4834 629 4902 veniam,
663 4835 816 4892 268
847 4835 1129 4908 Spiritum
1168 4836 1261 4892 Dei
1293 4853 1406 4893 non
1439 4838 1724 4908 nominat,
1757 4841 1857 4895 sed
1891 4857 2023 4912 pru-

2205 4831 2290 4885 15.
2347 4829 2522 4886 Multa
2577 4830 2890 4901 compulsus
2945 4837 3022 4886 est
3078 4830 3216 4885 velle
3292 4829 3522 4884 Paulus.
3591 4829 3795 4894 Quan-

377 4977 641 5056 qmnium
669 4996 811 5034 mss.
839 4980 952 5034 fide
979 4997 991 5034 :
1020 4981 1117 5056 qui
1151 4981 1392 5056 insuper
1413 4984 1594 5056 prosi
1622 4983 2024 5056 nubathgunt

375 5047 588 5129 dusicat
614 5067 843 5129 ueterem
867 5069 879 5117 ;
915 5057 986 5129 et_
1003 5047 1219 5129 nubere
1242 5047 1478 5122 quidem
1505 5055 1577 5108 de
1607 5047 1854 5112 muliere
1876 5047 2022 5129 "pro-

379 5121 503 5190 prie
535 5121 766 5186 dicitur,
802 5140 916 5178 non
953 5124 1024 5178 de
1055 5125 1194 5179 viro.

381 5261 392 5272 .
451 5190 676 5272 ‘nlidem
711 5212 852 5272 mss.
890 5217 916 5272 ς(
949 5201 1290 5272 potestatem
1325 5199 1520 5250 autem
1570 5195 1767 5272 habet,
1824 5206 1881 5256 et
1912 5199 2019 5256 hoc

368 5260 687 5340 judicavit;
724 5260 1238 5336 ))jUXl.8.-GI‘('BCUIU
1271 5285 1408 5338 εχει,
1441 5271 1498 5322 et
1526 5260 1790 5340 xézpmzv.

446 5332 1057 5411 ’Ilu_mss.,'quomodo
1086 5341 1234 5394 enim
1289 5332 1592 5406 virginibus
1625 5332 2019 5411 'foruimlimzis

372 5403 986 5485 periculum__concedit
1016 5413 1306 5485 nuptias...
1367 5403 1456 5485 ita
1499 5403 1685 5467 eadem
1722 5414 2018 5485 fornz’caho

371 5477 620 5560 concedit
648 5476 826 5560 viduis
855 5476 1104 5560 secunda:
1137 5483 1511 5560 matrimonia.
1569 5476 1845 5556 Superior
1900 5493 2018 5560 post

370 5547 574 5601 vocula
608 5547 664 5601 in
699 5547 906 5603 iisdem
941 5569 1050 5606 non
1089 5553 1347 5608 habetur.

397 5687 410 5699 .
441 5617 463 5650 ³
493 5618 712 5674 Nomen
742 5621 976 5699 Joannis
1003 5624 1056 5676 in
1095 5627 1331 5699 (nostris
1385 5644 1525 5682 mss.
1587 5633 1644 5683 et
1688 5631 1862 5687 veteri
1892 5631 2014 5687 edi-

368 5692 527 5772 tione
555 5707 788 5772 quoque
817 5693 1198 5772 desideratur.

441 5761 462 5795 ⁴
490 5761 760 5835 Legimus
790 5766 1366 5838 expmendatissimo
1411 5771 1732 5830 Veronensi
1787 5773 1934 5832 libro
1963 5778 2015 5832 si

2127 4991 2313 5062 plures
2346 5005 2449 5061 pro
2478 4989 2568 5044 sed
2596 4991 2804 5060 plures.
2836 4990 3100 5062 Sequens
3128 4989 3290 5046 locus
3320 5005 3388 5062 ex
3417 4989 3790 5048 Ter-tulliano

2129 5061 2562 5130 demonogamia
2604 5061 3095 5132 expressus’ubi,
3158 5086 3184 5112 ι(
3247 5061 3534 5127 Primum,
3589 5061 3790 5133 inquit

2129 5134 2320 5188 scelus
2352 5132 2735 5187 homicidium
2764 5133 2819 5186 in
2857 5133 3172 5189 fratricidio
3232 5134 3591 5200 dedicatum,
3657 5132 3787 5190 tam

2129 5207 2373 5276 dignum
2397 5205 2650 5276 secundo
2679 5204 2803 5259 loco
2825 5205 3016 5260 scelus
3045 5223 3156 5260 non
3180 5205 3495 5276 fuit,quam
3517 5205 3645 5261 duas
3676 5223 3785 5261 nu-

2129 5274 2282 5348 ptiae.
2316 5274 2502 5330 Semel
2526 5281 2655 5348 tum
2685 5277 2798 5330 vim
2834 5293 3006 5348 passa
3035 5274 3453 5332 institutio'Dei
3514 5293 3647 5348 per,
3677 5277 3781 5334 La-

2130 5347 2321 5414 inech,
2351 5347 2610 5420 constitit
2641 5347 3054 5420 postearusque
3079 5350 3134 5402 in
3169 5349 3341 5404 linem
3365 5349 3558 5420 gentis
3589 5347 3778 5414 illius,

2125 5419 2273 5492 Asia:
2331 5418 2654 5492 diluvium'
2681 5419 3020 5490 iniquitates
3075 5418 3554 5492 provocaverunt,
3586 5420 3774 5478 semel

2125 5491 2376 5564 defensae
2389 5489 2592 5560 quales
2604 5489 2841 5564 [uertant
2855 5507 2966 5546 non
2982 5489 3174 5547 tamen
3190 5493 3520 5564 septuagies
3533 5493 3777 5564 septies,

2126 5563 2279 5634 quod
2313 5563 2427 5616 duo
2460 5563 2834 5618 matrimonia
2865 5571 3223 5618 meruerunt.
3256 5586 3284 5613 η

2195 5636 2216 5668 ⁵
2248 5633 2442 5688 Malim
2478 5650 2612 5708 cum
2643 5635 2820 5689 veteri
2851 5634 3099 5708 editione
3151 5635 3263 5707 legi
3293 5635 3639 5704 Monogamia
3668 5651 3778 5708 pro

2123 5707 2417 5777 Digamia;
2451 5706 2552 5761 sed
2586 5722 2728 5762 mss.
2765 5723 2880 5762 non
2907 5706 3322 5780 sulfragantur.
