3944 6396
164 392 275 472 ﬁt

1223 402 1638 474 ADVERSUS
1684 399 2176 471 JOVINIANUM
2217 398 2370 470 LIB.
2414 388 2471 470 l.‘

3346 342 3563 513 (:46.

175 556 333 615 quam
361 538 480 598 haec
532 539 871 602 testimonia
899 557 1026 617 qum
1056 555 1237 616 supra
1261 544 1454 616 posui,
1484 543 1545 600 in
1574 544 1792 617 quibus
1819 538 1876 607 Α
1904 540 2313 613 prmlatamAc
2326 542 2592 599 deAdam
2607 540 2844 616 quidem
2858 529 3200 599 etEvaillud
3213 536 3553 606 dicendum,

172 630 343 687 viduis
372 630 709 688 conceditur
738 637 823 702 ut,
859 631 909 688 si
936 630 1136 698 velint,
1170 632 1364 689 denuo
1413 633 1794 707 nubant,qui-

172 721 292 776 dam
320 719 771 792 interpretantur
792 738 972 794 super
1011 720 1103 777 his
1139 721 1525 795 viduis,quas,
1558 724 1794 781 amissis

173 807 396 878 maritis,
419 809 502 864 sic
542 808 828 867 invenerit
880 811 1026 867 fides
1055 810 1288 867 Christi.
1320 816 1438 868 Nec
1467 814 1624 869 enim
1654 830 1792 869 con-

170 912 397 969 sequens
450 900 607 954 esset
635 900 725 954 ut‘
784 898 1102 971 Apostolus
1130 902 1263 970 post
1307 901 1620 974 baptisma,
1667 901 1792 958 viro

168 990 395 1054 mortuo,
446 987 652 1059 jubeat
708 986 871 1044 alteri
930 989 1173 1057 nubere,
1250 1006 1384 1047 cum
1439 991 1791 1047 habentibus

168 1091 376 1148 quoque
405 1092 613 1132 uxores
666 1077 1025 1150 praeceperit,
1074 1085 1135 1137 ut
1164 1080 1249 1136 sic
1305 1079 1424 1135 sint
1464 1078 1635 1151 quasi
1674 1096 1790 1136 non

169 1164 444 1231 habentes,
500 1169 561 1221 et
606 1165 679 1221 ob
747 1165 900 1221 hanc
955 1183 1196 1224 causam
1237 1186 1352 1225 non
1383 1183 1513 1224 esse
1543 1184 1790 1223 uxorum

168 1270 454 1311 numerum
478 1255 788 1311 deﬁnitum
812 1271 826 1310 :
896 1255 1035 1329 quia
1063 1261 1193 1328 post
1221 1258 1517 1331 baptisma
1552 1257 1788 1323 Christi,

168 1342 325 1399 etiam
356 1343 404 1399 si
430 1342 597 1400 tertia
626 1348 684 1400 et
713 1349 925 1415 quarta
974 1362 1119 1400 uxor
1176 1347 1367 1416 fuerit,
1402 1347 1571 1419 quasi
1604 1345 1793 1419 prima

165 1430 699 1505 reputetur.Alioqui
729 1433 779 1488 si
812 1437 943 1505 post
968 1434 1284 1507 baptisma,
1319 1436 1507 1508 primo
1538 1444 1789 1504 mortuo,

164 1520 425 1593 accipitur
450 1521 769 1589 secundus,
837 1539 1018 1594 quare
1073 1541 1189 1581 non
1219 1526 1477 1582 secundo
1508 1529 1566 1581 et
1593 1527 1789 1592 tertio,

165 1614 216 1665 et
234 1613 450 1682 quarto,
481 1614 541 1667 et
568 1610 772 1683 quinto
802 1615 1033 1669 mortuo
1047 1614 1088 1680 ³,
1122 1613 1445 1687 accipiatur
1485 1619 1705 1685 sextus,
1737 1618 1795 1669 et

164 1698 394 1770 reliqui?
449 1698 647 1756 Potest
702 1699 862 1756 enim
948 1700 1232 1771 accidere,
1299 1708 1364 1758 ut
1448 1702 1793 1759 infelicitate

161 1788 414 1860 quadam,
446 1788 533 1844 vel
544 1788 771 1860 judicio
800 1789 1274 1848 Deisuccidentis
1324 1792 1559 1865 nuptias
1588 1791 1795 1864 repeti-

162 1880 257 1944 tas,
304 1876 739 1934 adolescentula
787 1878 987 1951 plures
1041 1880 1289 1953 accipiat
1329 1881 1508 1949 viros,
1558 1885 1616 1937 et
1644 1897 1793 1937 anus

159 1966 330 2038 primo
359 1966 570 2023 marito
626 1966 686 2022 in
742 1971 1000 2024 extrema
1051 1972 1218 2026 astate
1236 1970 1526 2026 viduetur.
1561 1969 1791 2025 Primus

155 2055 780 2200 ψιλῇ
841 2057 1136 2115 secundus
1187 2074 1450 2132 agamus.
1484 2058 1592 2124 Qui
1634 2058 1793 2131 diga-

158 2146 322 2200 miam
350 2163 450 2200 nro
497 2150 621 2200 ant.
651 2145 962 2200 exhibeant
983 2148 1218 2200 tertium
1240 2150 1427 2200 Adam
1460 2149 1791 2200 dinamum.

158 2146 322 2200 miam
350 2145 622 2218 probant,
651 2145 962 2202 exhibeant
983 2148 1218 2204 tertium
1240 2150 1427 2204 Adam
1460 2149 1791 2221 digamum,

160 2250 316 2307 quem
347 2238 690 2307 sequantur.
720 2234 938 2291 Verum
969 2236 1060 2293 fac
1089 2241 1156 2293 ut
1192 2239 1548 2294 concesserit
1576 2237 1791 2293 Paulus

158 2324 395 2381 secunda
447 2324 860 2394 matrimonia;
891 2327 1096 2382 eadem
1161 2325 1290 2400 lege
1309 2331 1366 2382 et
1393 2326 1568 2385 tertia
1589 2343 1791 2382 conce-

158 2412 252 2480 dit,
304 2418 361 2470 et
433 2418 667 2485 quarta,
726 2418 784 2470 et
851 2415 1315 2488 quotiescunque
1366 2417 1456 2472 vir
1520 2416 1788 2471 moritur.

159 2501 324 2559 Multa
354 2501 727 2575 compellitur
779 2504 1094 2576 Apostolus
1150 2505 1317 2574 velle,
1351 2522 1477 2578 quae
1499 2522 1617 2561 non
1646 2503 1789 2561 vult.

156 2590 514 2648 Circumcidit
546 2592 945 2660 Timotheum,
995 2593 1288 2667 rasitipse
1337 2595 1657 2662 calvitium,
1683 2611 1790 2650 nu-

157 2680 426 2752 dipedalia
453 2682 736 2749 exercuit,
768 2699 998 2739 comam
1030 2685 1295 2753 nutrivit,
1329 2690 1385 2740 et
1438 2688 1605 2740 toton
1618 2683 1708 2739 dit
1729 2683 1790 2739 in

156 2770 427 2828 Cenchris.
462 2772 535 2827 Et
565 2777 717 2828 certe
747 2772 1129 2846 castigaverat
1152 2772 1405 2843 Galatas,
1437 2774 1794 2846 Petrumque

158 2856 614 2929 reprehenderat,
645 2861 802 2930 quod
860 2876 922 2916 se
951 2866 1190 2933 propter
1222 2862 1659 2917 observationes
1684 2862 1793 2917 Ju-

159 2945 334 3003 daicas
389 2965 423 3003 a
473 2946 751 3021 gentibus
809 2954 1125 3022 separaret.
1188 2952 1490 3017 Quomodo
1521 2951 1703 3023 igitur
1732 2952 1791 3006 in

158 3036 358 3093 ceteris
388 3036 660 3094 Ecclesia:
681 3037 1009 3111 disciplinis
1037 3039 1259 3097 Judaais
1280 3039 1792 3108 Judaeus,ethnicis

157 3124 426 3196 ethnicus,
495 3132 554 3183 et
577 3127 854 3184 omnibus
912 3129 1111 3186 omnia
1138 3129 1328 3186 factus
1357 3134 1467 3199 est,
1493 3135 1559 3186 ut
1586 3146 1792 3186 omnes

157 3213 543 3273 lucrifaceret:
606 3217 691 3273 sic
742 3221 799 3274 et
817 3218 1140 3291 digamiam
1175 3220 1327 3277 235
1387 3220 1672 3276 concessit
1703 3220 1793 3275 in-

1904 630 2057 701 quod
2082 635 2217 686 ante
2235 632 2518 688 offensam
2534 632 2592 687 in
2608 631 2879 704 paradiso
2892 630 3146 703 virgines
3161 628 3403 685 iuerint:
3421 629 3555 699 post

1903 723 2209 792 peccatum
2240 724 2459 789 autem,
2487 726 2544 777 et
2575 725 2739 777 extra
2772 721 3115 794 paradisum
3138 718 3411 791 protinus
3442 732 3555 773 nu-

1902 807 2056 879 ptim.
2087 808 2325 878 Deinde,
2347 811 2499 881 quod
2525 810 2635 865 hoc
2657 810 2853 882 ipsum
2881 809 3293 881 interpretetur
3312 809 3556 878 Aposto-

1901 895 1995 952 lus
2021 915 2033 952 :
2067 899 2297 970 Propter
2326 899 2423 954 hoc
2453 900 2730 972 relinquet
2761 900 2919 955 homo
2945 908 3163 971 patrem
3212 902 3263 952 et
3318 900 3552 951 matrem

1899 1002 2055 1041 suam
2076 988 2116 1054 ⁴,
2178 995 2228 1043 et
2276 988 2574 1045 adhaerebit
2625 991 2791 1046 uxori
2841 1005 2975 1057 suae,
3035 992 3086 1043 et
3123 991 3288 1043 erunt
3319 978 3432 1041 duo
3461 986 3549 1039 in-

1899 1091 2070 1130 carne
2097 1094 2211 1131 una
2240 1077 2469 1149 (Ephes.
2500 1096 2557 1147 ν,
2589 1079 2650 1134 34
2685 1097 2698 1145 ;
2743 1078 2874 1135 Gen.
2944 1096 3010 1145 ιι,
3067 1078 3180 1148 24),
3233 1076 3553 1146 statimque

1901 1163 2032 1234 subj
2044 1165 2246 1237 ungit:
2279 1166 2696 1223 Sacramentum
2725 1168 2823 1223 hoc
2850 1185 3112 1240 magnum
3141 1174 3236 1223 est.
3286 1168 3393 1237 Ego
3450 1181 3553 1219 au-

1900 1256 2007 1309 tem
2034 1254 2152 1309 dico
2184 1258 2244 1310 in
2275 1255 2486 1311 Christo
2515 1260 2566 1312 et
2595 1257 2655 1311 in
2684 1258 2926 1312 Ecclesia
2975 1256 3156 1326 (lbid.,
3215 1255 3327 1327 32).
3388 1254 3549 1310 Chri-

1902 1350 1994 1398 tus
2024 1342 2084 1397 in
2116 1359 2288 1399 carne
2313 1344 2495 1415 virgo,
2526 1345 2585 1400 in
2626 1346 2837 1417 spiritu
2891 1362 3300 1418 monogamus.
3364 1344 3551 1399 Unam

1900 1431 2057 1487 enim
2112 1432 2287 1488 habet
2342 1434 2683 1502 Ecclesiam,
2742 1436 2813 1490 de
2855 1452 2972 1506 qua
3009 1435 3163 1490 idem
3196 1433 3551 1507 Apostolus:

1907 1522 2041 1588 Viri,
2064 1520 2276 1593 inquit,
2309 1522 2530 1591 diligite
2558 1540 2755 1579 uxores
2786 1529 3021 1593 vestras,
3049 1526 3189 1579 sicut
3219 1528 3270 1579 et
3300 1524 3555 1580 Christus

1901 1610 2197 1665 Ecclesium
2227 1610 2445 1682 (Ephes.
2478 1629 2532 1680 v,
2565 1614 2668 1680 25;
2704 1613 2902 1668 Coloss.
2938 1630 3020 1678 III,
3049 1613 3160 1681 49).
3189 1612 3247 1668 Si
3288 1611 3553 1669 Christus

1902 1703 2126 1763 sancte,
2156 1697 2205 1753 si
2238 1703 2416 1767 caste,
2449 1700 2498 1755 si
2530 1700 2755 1772 absque
2787 1698 2909 1755 ulla
2950 1701 3181 1756 macula
3236 1700 3553 1756 Ecclesiam

1901 1786 2130 1859 diligit:
2160 1786 2268 1843 viri
2299 1804 2535 1860 quoque
2566 1789 2625 1845 in
2657 1790 2925 1845 castitate
2957 1806 3164 1845 uxores
3224 1807 3363 1846 suas
3421 1788 3557 1844 dili-

1901 1880 2064 1949 gant,
2096 1880 2153 1932 et
2178 1877 2326 1933 sciat
2356 1878 2767 1952 unusquisque
2796 1897 2898 1935 vas
2931 1896 3106 1935 suum
3136 1880 3437 1951 possidere
3494 1879 3554 1933 in

1901 1966 2365 2023 sanctiﬁcatione
2386 1973 2444 2024 et
2464 1969 2706 2031 honore.
2726 1987 2843 2025 non
2873 1970 2932 2025 in
2955 1970 3229 2042 passione
3257 1968 3552 2035 desiderii,

1903 2055 2125 2112 sicutét
2144 2062 2347 2129 gentes
2366 2074 2494 2130 quas
2513 2059 2977 2115 nesciuntDeum
3007 2079 3019 2115 :
3043 2062 3222 2130 Neque
3239 2062 3387 2115 enim
3400 2076 3551 2116 voca-

1900 2147 1977 2199 vit
2006 2162 2102 2201 nos
2132 2148 2272 2202 Deus
2302 2149 2362 2202 in
2393 2148 2825 2216 immunditiam,
2859 2150 2951 2204 sed
2972 2151 3031 2203 in
3061 2150 3554 2219 sanctiﬁcationem

1902 2236 1951 2303 (Ι
2006 2235 2177 2291 Thess.
2242 2253 2315 2303 ιν,
2362 2236 2464 2306 7):
2525 2241 2781 2292 exue-ales
2834 2254 2928 2294 nos
2991 2245 3223 2293 veterem
3279 2239 3555 2294 hominem

1900 2325 2317 2399 cum_.qperibus
2337 2327 2474 2392 suis,
2505 2331 2556 2381 et
2577 2327 2863 2382 induentes
2882 2344 3103 2391 novum,
3135 2329 3232 2399 qui
3259 2335 3555 2382 renovatur

1876 2392 2148 2509 ἐπεξίῃ
2178 2416 2538 2485 cognitionem
2573 2417 2868 2471 secundum
2916 2419 3220 2488 imaginem
3276 2418 3553 2472 Creatoris

1899 2504 2025 2557 ne:
2072 2504 2177 2573 ubi
2206 2520 2315 2558 non
2366 2508 2447 2559 est
2504 2506 2778 2560 masculus
2837 2514 2887 2561 et
2928 2508 3135 2575 femina
3169 2507 3209 2570 ⁵,
3241 2510 3471 2562 Graecus
3501 2509 3553 2561 et

1898 2591 2144 2659 Iudaeus,
2205 2594 2546 2649 circumcisio
2617 2598 2669 2650 et
2752 2598 3113 2667 praeputium,
3178 2596 3445 2651 barbarus
3502 2603 3553 2651 et

1901 2681 2121 2755 Scytha,
2153 2699 2341 2739 servus
2369 2692 2420 2738 et
2451 2684 2610 2751 liber,
2632 2684 2724 2740 sed
2744 2688 2930 2741 omnia
2951 2687 3011 2740 in
3033 2686 3284 2741 omnibus
3307 2686 3555 2741 Christus

1903 2770 2123 2843 (Coloss.
2160 2789 2245 2839 III,
2275 2772 2330 2839 9,
2364 2772 2453 2839 40,
2494 2773 2597 2844 ll).
2635 2774 2833 2846 Imago
2866 2775 3155 2829 Creatoris
3205 2792 3319 2829 non
3379 2775 3557 2831 habet

1902 2859 2172 2932 copulam
2204 2860 2567 2933 nuptiarum.
2602 2862 2710 2918 Ubi
2731 2863 3041 2919 diversitas
3073 2880 3246 2919 sexus
3268 2865 3552 2929 aufertur,

1901 2953 1957 3004 et
1987 2950 2164 3005 veteri
2196 2950 2436 3006 homine
2482 2952 2772 3020 exuimur,
2804 2957 2861 3008 et
2889 2953 3197 3008 induimur
3250 2970 3418 3019 novo,
3470 2952 3553 3007 ibi

1900 3040 1961 3093 in
1986 3038 2280 3095 Christum
2316 3040 2683 3096 renascimur
2710 3041 3020 3113 virginem,
3053 3042 3152 3113 qui
3185 3047 3243 3097 et
3272 3046 3446 3097 natus
3485 3058 3555 3097 ex

1898 3127 2144 3199 virgine,
2176 3131 2233 3183 et
2260 3134 2497 3184 renatus
2527 3145 2629 3200 per
2659 3129 2945 3201 virginem
2976 3134 3085 3185 est.
3128 3130 3291 3193 Quod
3354 3133 3549 3185 autem

1902 3215 2017 3272 ait:
2072 3216 2300 3273 Crescite
2355 3221 2407 3272 et
2464 3218 2943 3287 multiplicamini,
2993 3226 3048 3273 et
3100 3219 3302 3290 replete
3342 3226 3552 3274 terram

156 3304 595 3375 continentibus,
628 3323 733 3363 nec
765 3307 1106 3378 nuptiarum
1126 3325 1440 3366 numerum
1461 3309 1789 3382 praeﬁnivit,
1822 3292 1865 3359 C
1904 3305 2055 3377 (Gen.
2083 3323 2120 3372 1,
2151 3306 2265 3377 28),
2299 3322 2532 3362 necesse
2562 3307 2674 3363 fuit
2702 3306 2868 3379 prius
2908 3307 3171 3380 plantare
3228 3306 3434 3363 silvam
3496 3311 3554 3363 et

157 3398 215 3449 ut
238 3394 370 3451 dum
400 3395 610 3451 vident
637 3395 752 3452 sibi
785 3396 1160 3454 mulieresita
1175 3402 1566 3469 postmorlem
1590 3398 1789 3454 mariti

158 3484 460 3541 secundum
497 3484 757 3555 concedi,
790 3490 857 3541 ut
884 3486 1091 3543 tertius
1121 3492 1486 3561 quartusque
1516 3487 1793 3544 concedi-

157 3576 257 3641 tur,
296 3575 650 3646 erubescant
700 3573 949 3631 alterum
1008 3576 1291 3649 accipere,
1335 3593 1408 3633 ne
1437 3577 1706 3650 trigamis
1737 3580 1795 3632 et

159 3663 542 3735 quadrigamis
601 3668 1030 3736 comparentur.
1058 3665 1167 3722 Ubi
1196 3665 1355 3722 enim
1399 3684 1555 3723 unus
1575 3666 1798 3723 excedi-

158 3756 259 3823 tur,
312 3753 458 3810 nihil
521 3754 698 3809 refert
742 3754 1061 3825 secundus,
1117 3772 1192 3811 an
1241 3755 1451 3812 tertius
1501 3757 1597 3823 sit,
1659 3756 1799 3829 quia

160 3840 354 3899 desinit
372 3859 509 3901 esse
531 3858 940 3917 monogamus.
976 3845 1180 3902 Omnia
1212 3846 1396 3914 licent,
1428 3846 1519 3902 sed
1547 3863 1657 3903 non
1689 3863 1800 3902 om-

160 3932 244 3987 nia
290 3932 665 4006 expediuntu
718 3933 838 3989 Cor.
873 3938 1088 4002 v1,12;
1150 3953 1206 4004 x,
1256 3939 1367 4004 23).
1427 3936 1563 4015 N93.
1583 3936 1800 3992 damno

161 4018 425 4098 digamos,
499 4022 617 4078 imo
678 4039 783 4079 nec
840 4022 1146 4097 trigamos,
1202 4028 1281 4093 et,
1330 4025 1379 4081 si
1416 4025 1531 4081 dici
1588 4016 1799 4097 potest,

165 4113 522 4185 octogamos:
576 4112 710 4185 plus
759 4111 983 4185 aliquid
1003 4112 1274 4179 inferam,
1306 4113 1485 4169 etiam
1515 4114 1802 4171 scortato-

166 4212 277 4255 rem
306 4201 526 4275 recipio
555 4202 957 4275 pcsnitentem.
998 4201 1294 4273 Quidquid
1325 4202 1629 4275 mqualiter
1648 4202 1802 4272 licet,

167 4288 357 4360 equali
376 4290 548 4347 lance
577 4290 947 4363 pensandum
978 4295 1089 4348 est.

1899 3410 2176 3463 crescere,
2214 3400 2278 3450 ut
2305 3400 2459 3451 esset
2506 3398 2663 3468 quod
2690 3401 2892 3470 postea
2949 3400 3148 3469 posset
3198 3396 3403 3452 excidi.
3461 3395 3546 3451 Si-

1902 3485 2143 3556 mulque
2196 3485 2622 3542 consideranda
2676 3487 2764 3543 vis
2820 3488 3002 3552 verbi,
3062 3487 3263 3559 replete
3317 3494 3545 3542 terram.

1903 3575 2129 3646 Nuptiae
2160 3579 2376 3631 terram
2408 3576 2653 3646 replent,
2684 3576 2991 3647 virginitas
3021 3576 3383 3648 paradisum.
3439 3574 3551 3631 Sed

1904 3670 1962 3720 et
1987 3664 2096 3721 hoc
2126 3663 2477 3721 intuendum
2508 3666 2799 3722 duntaxat
2820 3668 2990 3737 juxta
3019 3664 3364 3720 Hebraicam
3409 3664 3561 3719 veri-

1905 3758 2084 3809 tatem
2116 3754 2348 3826 6,.quod
2379 3772 2512 3809 cum
2543 3754 2844 3827 Scriptura
2876 3755 2933 3808 in
2965 3754 3175 3826 primo,
3208 3758 3265 3809 et
3293 3752 3460 3809 tertio
3508 3755 3566 3807 et

1910 3848 2142 3916 quarto,
2175 3848 2235 3899 et
2265 3843 2499 3914 quinto,
2536 3848 2591 3899 et
2633 3848 2793 3899 sexto
2841 3843 2934 3898 die
2990 3842 3236 3914 expletis
3293 3841 3570 3913 operibus

1911 3932 2281 4004 singulorum
2308 3932 2555 3988 dixerit:
2586 3933 2650 3987 Et
2682 3933 2818 3987 vidit
2847 3934 2988 3987 Deus
3045 3934 3182 4002 quia
3241 3931 3440 3987 bonum
3492 3934 3572 3985 est

1913 4021 2065 4093 (Gen.
2100 4039 2139 4090 ι,
2172 4022 2262 4087 40,
2296 4023 2385 4086 41,
2419 4022 2506 4086 12,
2537 4022 2624 4089 48,
2655 4022 2746 4089 24,
2777 4024 2891 4088 25),
2928 4021 2983 4075 in
3018 4021 3275 4077 secundo
3306 4020 3401 4075 die
3455 4020 3563 4075 hoc

1914 4110 2153 4167 omnino
2165 4109 2480 4178 subtraxit;
2499 4110 2667 4165 nobis
2685 4108 3135 4181 intelligentiam
3153 4109 3574 4181 derelinquens

1917 4217 2032 4256 non
2092 4216 2221 4255 esse
2276 4201 2496 4256 bonum
2558 4199 2855 4272 duplicem
2904 4216 3243 4268 numerum,
3297 4199 3436 4271 quia
3501 4199 3572 4255 ab

1918 4289 2136 4363 unione
2167 4289 2390 4346 dividat
2419 4291 2458 4357 ⁷,
2494 4294 2549 4345 et
2579 4290 2913 4363 prailiguret
2944 4290 3159 4345 fmdera
3206 4289 3571 4360 nuptiarum.

229 4378 308 4435 16.
340 4380 581 4437 Castitas
608 4397 818 4453 semper
841 4381 1079 4454 praelata
1106 4384 1344 4453 nuptiis.
1390 4384 1507 4439 Non
1528 4384 1807 4453 estubonus
1835 4368 2082 4435 \‘xUnde
2109 4378 2168 4434 in
2214 4396 2349 4435 arca
2405 4379 2524 4435 Noe
2582 4380 2783 4435 omnia
2830 4379 3127 4448 animalia,
3189 4393 3577 4451 quaecumque

167 4466 350 4540 duplex
405 4471 937 4528 mamma—Sed
997 4470 1278 4543 quoniam
1353 4472 1424 4527 ad
1483 4476 1652 4528 vetus
1701 4489 1808 4529 nos

168 4555 331 4613 trahit
379 4561 843 4628 Testamentum,
917 4564 976 4616 et
1031 4559 1319 4632 incipiens
1372 4562 1445 4616 ab
1490 4562 1702 4629 Adam,
1736 4562 1807 4618 ad

168 4643 491 4737 Zachariam
524 4652 583 4705 et
639 4647 935 4705 Elisabeth
958 4650 1252 4721 pervenit:
1290 4666 1357 4705 ac
1390 4649 1600 4706 deinde
1632 4667 1811 4724 oppo-
1844 4673 1893 4737 Β

171 4734 247 4790 nit
272 4735 506 4794 Petrum
536 4741 594 4795 et
623 4742 861 4796 caeteros
909 4738 1227 4812 apostolos,
1262 4756 1369 4796 nos
1392 4739 1413 4775 ³
1456 4756 1691 4813 quoque
1722 4742 1815 4797 de-

172 4822 364 4883 bemus
421 4843 529 4900 per
578 4828 781 4884 eadem
839 4844 1070 4884 currere
1126 4827 1373 4901 vestigia
1401 4829 1813 4901 quaestionum,

174 4916 225 4968 et
240 4914 440 4973 docere
456 4918 789 4975 castitatem
816 4933 1049 4990 semper
1077 4916 1238 4989 operi
1261 4919 1602 4991 nuptiarum
1634 4920 1817 4977 fuisse

239 5041 255 5116 ξ
293 5039 506 5100 Nostra
526 5043 901 5116 exemplaria,
958 5044 1066 5099 Nec
1091 5059 1419 5116 consequens
1460 5060 1574 5099 esse
1600 5050 1682 5111 ut,
1706 5049 1816 5101 etc.

238 5113 423 5188 {Msa
486 5113 752 5185 mortuis;
811 5120 1023 5173 etmox
1080 5115 1206 5186 pari
1249 5113 1563 5188 consensu,
1626 5117 1820 5188 plures

179 5183 409 5261 objiciet
443 5189 596 5244 viros
651 5183 755 5261 pro
785 5189 1019 5261 accipiat
1037 5203 1058 5248 ,·
1083 5183 1145 5241 et
1174 5186 1347 5259 paulo
1370 5192 1522 5260 post,
1554 5183 1821 5246 secundus

179 5254 336 5332 Altam
356 5258 509 5329 virgo
537 5254 937 5332 pro—secundus
965 5254 1221 5330 agamus.

242 5327 262 5360 ³
296 5327 727 5400 Casanatensis,
811 5334 877 5389 Et
946 5327 1167 5387 crateras
1249 5332 1514 5402 apostolos
1572 5333 1823 5390 habuisse

182 5413 380 5469 uxores,
425 5420 546 5472 nos,
578 5409 688 5461 etc.

243 5472 264 5505 ‘
298 5473 579 5547 Voculam
664 5493 823 5533 suam
878 5491 984 5532 nec
1034 5476 1236 5547 nostra
1286 5474 1644 5547 exemplaria
1717 5493 1823 5532 nec

184 5543 367 5621 Graeca
394 5545 645 5619 epistola
674 5550 745 5605 ad
778 5547 1059 5621 Ephesios
1084 5545 1320 5621 habent.

246 5615 266 5693 _‘
301 5615 695 5693 Tantumpnon
725 5615 1119 5693 expunximus
1158 5618 1335 5672 verba
1355 5620 1633 5675 masculus
1663 5625 1713 5676 et
1741 5626 1823 5692 fe-

130 5710 133 5715 -
185 5688 345 5763 mina,
396 5706 525 5763 quae
558 5691 617 5749 in
650 5688 823 5750 editis
857 5691 952 5763 hic
979 5690 1422 5763 interseruntur
1444 5696 1647 5750 contra
1677 5688 1823 5748 mss.

190 5759 460 5836 omnium,
498 5762 1128 5840 quosAconsuluimus,
1176 5760 1375 5834 ﬁdem,
1408 5759 1526 5820 imo
1548 5769 1606 5821 et
1632 5768 1827 5822 textus

1918 4470 2060 4526 bina
2090 4468 2523 4541 ingrediuntur,
2557 4469 2867 4525 immunda
2888 4472 3028 4524 sunt
3057 4468 3205 4539 (Gen.
3242 4483 3322 4522 vu
3354 4476 3404 4522 et
3424 4468 3572 4537 νιιι).

1920 4559 2118 4631 Impar
2143 4574 2427 4613 numerus
2456 4562 2545 4613 est
2578 4558 2856 4614 mundus.
2891 4557 3239 4628 Quanquam
3263 4556 3320 4610 in
3356 4552 3577 4625 duplici

1924 4664 2169 4703 numero
2202 4645 2547 4702 ostendatur
2576 4652 2630 4702 et
2654 4647 2813 4702 aliud
2838 4651 3297 4712 sacramentum,
3323 4644 3479 4715 quod
3502 4660 3576 4699 ne

1928 4737 1986 4792 in
2018 4736 2225 4793 bestiis
2258 4736 2496 4808 quidem
2530 4741 2587 4791 et
2616 4737 2675 4791 in
2703 4736 3027 4791 immundis
3058 4734 3262 4789 avibus
3319 4732 3580 4813 drigamia

1929 4825 2313 4898 comprobata
2335 4825 2430 4880 sit.
2453 4824 2596 4879 Bina
2614 4825 2772 4881 enim
2793 4824 3163 4897 igrediuntur
3190 4824 3209 4856 ⁸
3234 4822 3579 4888 immunda;

1931 4921 1991 4972 et
2021 4920 2262 4987 septena
2292 4931 2421 4986 qua:
2454 4914 2677 4969 munda
2708 4919 2866 4982 sunt,
2896 4916 2958 4969 ut
2986 4914 3225 4969 haberet
3254 4911 3392 4981 Noe,
3454 4916 3587 4982 post

1932 5039 2097 5097 Pauli
2149 5040 2218 5115 ad
2282 5038 2666 5115 Colossenses
2695 5056 2804 5115 Διιι,
2842 5040 2928 5103 10,
2970 5037 3138 5105 cujus
3171 5033 3580 5115 hie-locusest

1932 5115 2082 5169 infra
2107 5112 2263 5166 enim
2318 5112 2513 5166 nescio
2571 5111 2710 5182 quid
2773 5113 2843 5165 de
2928 5124 3173 5163 sexuum
3248 5107 3587 5182 diversitate

1930 5184 2177 5257 exponit
2207 5180 2758 5257 Hieronyinus,qum
2792 5181 2873 5235 illi
2898 5188 3225 5257 suteunque
3259 5180 3585 5257 suifragan-

1932 5204 1997 5241 ex
2014 5200 2177 5257 ponit
2207 5200 2615 5254 hieronymus,
2675 5201 2758 5237 um
2792 5200 2873 5235 ιιιι
2898 5200 3225 5250 SUteunquc
3259 5200 3585 5247 suuragan-

1932 5265 2049 5312 tur.
2080 5256 2229 5310 Tum
2267 5257 2539 5328 legimus,
2570 5200 2664 5309 ,ςθὶἷ
2692 5257 2899 5324 omnia,
2943 5261 2992 5308 et
3024 5255 3082 5306 in
3140 5252 3393 5305 omnibus
3452 5267 3585 5305 cum

1932 5330 2142 5385 iisdem
2174 5344 2318 5383 mss.
2338 5327 2408 5382 et
2438 5327 2633 5381 Graeco
2664 5331 2842 5381 textu.

2002 5402 2024 5435 θ
2058 5399 2235 5455 Hodie
2266 5416 2379 5453 non
2413 5398 2524 5452 nisi
2558 5399 2712 5469 apud
2740 5398 2875 5452 LXX
2906 5400 2964 5451 et
3002 5395 3308 5450 Arabicam
3367 5394 3589 5449 versio-

1937 5488 2069 5529 nem
2103 5470 2341 5527 additur
2366 5470 2623 5524 secunda
2652 5470 2766 5533 die,
2792 5469 2931 5524 vidit
2960 5469 3115 5523 Deus.

2006 5546 2024 5578 τ
2059 5542 2290 5598 Scilicet
2320 5542 2392 5596 ab
2426 5542 2666 5596 unitate.
2710 5541 2852 5597 Vide
2882 5540 2940 5595 in
3002 5538 3308 5612 epistolam
3366 5541 3457 5603 2!,
3517 5538 3588 5612 ad

1936 5613 2339 5691 Eustochium,
2401 5629 2532 5691 pag.
2592 5614 2814 5691 lQl,n.
2863 5610 3179 5691 nobis—col.
3240 5612 3362 5674 406,
3421 5610 3588 5691 not.)

2007 5688 2028 5720 ⁸
2060 5686 2226 5752 Mss,
2271 5686 2399 5761 bina
2428 5688 2572 5740 enim
2600 5689 2650 5740 et
2680 5687 2808 5761 bina
2850 5685 3283 5761 ingrediuntur;
3335 5698 3471 5736 mox
3528 5685 3591 5761 in

1936 5756 2317 5819 Casanatensi
2345 5758 2455 5815 Noe
2479 5773 2694 5815 nomen
2741 5757 3130 5816 desideratur.
3158 5755 3443 5812 Cancrum
3503 5755 3591 5809 sic
