3944 6412
326 419 447 491 “7.
1583 420 1649 488 8.
1694 413 2002 489 EUSEBII
2046 420 2490 487 HIEBONYMI
3609 398 3738 475 iis

333 554 642 627 diluvium,
701 556 857 630 quod
912 557 985 614 de
1040 555 1252 631 impari
1300 573 1543 615 numero
1601 558 1802 614 statim
1855 558 1971 615 Deo
2000 559 2055 625 Α
2085 574 2188 614 nec
2239 557 2527 614 dabamus
2582 555 2915 629 repudium,
2946 568 3054 612 nec
3101 547 3387 626 praeputia
3413 547 3589 606 nobis
3615 544 3735 605 eri-

334 652 535 723 posset
563 647 785 704 offerre.
1320 672 1325 677 -
2084 646 2475 720 piebanturin
2507 646 2891 717 signum.Hoc
2920 660 3097 700 cursu
3130 657 3318 714 usque
3349 640 3420 695 ad
3442 637 3740 694 diluvium

408 740 495 795 17.
525 738 583 793 Si
619 740 814 793 autem
845 736 1197 792 transfertur
1227 736 1417 791 Enoch
1452 738 1571 802 ',et
1605 739 1870 791 servatur
1916 735 1973 789 in
2085 736 2477 808 pervenimus.
2544 736 2684 790 Post
2739 734 3025 789 diluvium
3079 736 3274 788 autem
3324 745 3459 785 cum
3506 727 3748 784 datione

336 825 553 885 diluvio
583 826 722 891 Noe,
751 841 867 881 non
900 840 1031 879 reor
1089 823 1302 880 idcirco
1356 823 1709 879 translatum
1755 822 1975 888 Enocb,
2085 824 2254 897 legis,
2279 841 2459 896 quam
2491 822 2737 895 implere
2797 822 2999 879 nullus
3019 821 3229 893 potuit,
3262 835 3467 875 carnes
3498 817 3748 889 ingestis

338 915 495 989 quod
522 931 760 970 uxorem
810 912 1118 979 habuerit;
1152 914 1251 969 sed
1285 914 1438 984 quod
1470 912 1697 985 primus
1744 912 1978 967 invoca-
2088 918 2227 969 sunt
2248 914 2318 968 ad
2352 913 2726 981 vescendum,
2753 917 2809 967 et
2864 910 3108 984 repudia
3136 924 3413 965 concessa
3440 906 3676 963 duritia
3701 908 3752 973 ‘,

336 1004 483 1062 verit
513 1005 701 1060 Deum
730 1006 790 1059 et
816 1001 1128 1059 crediderit
1156 1000 1214 1056 in
1246 1004 1572 1057 Creatorem
1601 1002 1623 1036 ³
1656 1002 1761 1072 [AL
1785 1000 1979 1056 Salva-
2089 1007 2145 1058 et
2176 1001 2449 1057 cultellus
2498 999 2963 1057 circumcisionis
3010 998 3350 1072 appositus;
3408 995 3578 1069 quasi
3641 994 3752 1051 Dei

337 1094 567 1159 torem],
600 1092 674 1149 de
694 1108 808 1163 quo
842 1089 1060 1149 Paulus
1080 1088 1379 1162 apostolus
1408 1090 1465 1147 in
1500 1088 1756 1160 Epistola
1786 1089 1858 1143 ad
1882 1088 1978 1143 He—
2092 1106 2307 1146 manus
2339 1089 2473 1161 plus
2502 1089 2562 1145 in
2619 1090 2789 1144 nobis
2821 1088 3120 1156 creaverit,
3152 1102 3331 1158 quam
3364 1099 3605 1140 necesse
3634 1087 3750 1139 est.

341 1182 530 1238 braeos
563 1179 906 1252 plenissime
934 1179 1099 1234 docet
1128 1179 1311 1248 (Hebr.
1366 1196 1444 1245 x1,
1475 1178 1553 1248 5).
1612 1178 1784 1233 Porro
1840 1177 1980 1243 Noe,

342 1270 445 1343 qui
471 1269 639 1341 quasi
663 1269 923 1325 secunda
945 1266 1108 1322 radix
1129 1266 1387 1324 humano
1402 1266 1599 1339 generi
1622 1266 1981 1333 servabatur,

343 1360 548 1431 utique
578 1375 712 1414 cum
743 1358 890 1414 261
928 1372 1104 1411 uxore
1135 1361 1192 1411 et
1244 1355 1380 1412 filiis
1437 1354 1641 1411 debuit
1680 1354 1982 1411 reservari.

342 1448 689 1518 Quanquam
721 1445 781 1500 in
832 1445 940 1500 hoc
994 1443 1341 1517 mysterium
1396 1443 1829 1515 Scripturarum
1887 1441 1984 1497 sit.

341 1537 489 1594 Area
509 1534 628 1603 illa,
652 1536 824 1607 juxta
851 1533 1183 1605 apostolum
1216 1537 1454 1589 Petrum
1486 1535 1531 1601 (Ι
1558 1535 1705 1588 Petr.
1766 1549 1851 1600 ιιι,
1874 1532 1981 1601 20).

344 1629 521 1698 typus
550 1621 820 1683 Ecclesia
849 1621 981 1692 fuit,
1016 1622 1074 1677 in
1106 1638 1222 1693 qua
1256 1625 1384 1677 octo
1405 1621 1615 1677 animae
1634 1620 1803 1676 salvae
1826 1621 1987 1676 facta

345 1716 506 1771 sunt.
540 1711 788 1778 Quando
817 1709 1148 1782 ingreditur
1176 1709 1237 1765 in
1296 1726 1423 1766 eam
1480 1709 1619 1780 Noe,
1668 1714 1789 1764 tam
1843 1709 1988 1781 ipse,

348 1818 529 1874 quam
560 1799 664 1855 ﬁlii
687 1802 837 1871 ejus,
870 1799 942 1855 ab
990 1798 1270 1855 uxoribus
1322 1803 1705 1870 separantur;
1757 1798 1992 1871 quando

2095 1180 2406 1250 Postquam
2429 1183 2626 1234 autem
2645 1178 2912 1234 Christus
2941 1176 3099 1233 venit
3121 1176 3181 1231 in
3211 1176 3328 1230 fine
3358 1174 3747 1245 temporum“,

2095 1268 2249 1326 268
2282 1272 2339 1323 et
2380 1288 2425 1320 ω
2482 1266 2720 1323 revolvit
2741 1267 2813 1322 ad
2850 1285 2901 1332 α,
2951 1271 3007 1322 et
3046 1264 3470 1320 extremitatem
3502 1261 3754 1317 retraxit

2095 1358 2167 1414 ad
2200 1356 2585 1431 principium:
2640 1372 2741 1411 nec
2789 1355 3101 1428 repudium
3147 1352 3316 1408 nobis
3345 1353 3484 1407 dare
3507 1350 3751 1423 permit-

2095 1447 2260 1517 titur,
2293 1463 2397 1503 nec
2448 1445 2945 1511 circumcidimur,
2979 1459 3084 1499 nec
3124 1442 3492 1498 comedimus
3514 1456 3756 1505 carnes,

2099 1536 2327 1591 dicente
2383 1534 2691 1607 Apostolo:
2750 1536 2963 1589 Bonum
2986 1537 3067 1590 est
3095 1534 3292 1588 vinum
3331 1547 3443 1586 non
3466 1530 3667 1597 bibere,
3702 1534 3765 1585 et

2098 1642 2290 1680 carnes
2318 1639 2428 1681 non
2458 1623 2731 1681 comedere
2761 1624 2935 1695 (Rom.
2971 1640 3087 1688 xlv,
3118 1621 3229 1693 2i).
3263 1621 3334 1676 Et
3360 1620 3563 1675 vinum
3592 1618 3761 1675 enim

2100 1730 2236 1769 cum
2269 1713 2546 1769 carnibus
2573 1718 2704 1784 post
2733 1712 3023 1768 diluvium
3053 1710 3394 1767 dedicatum
3424 1714 3533 1765 est.

2174 1802 2262 1858 l9.
2294 1803 2448 1859 Isaac
2493 1801 2675 1857 Christ
2740 1802 2939 1871 ﬁgura.
2966 1831 3036 1841 -—
3063 1798 3214 1864 Quid
3240 1797 3448 1871 loquar
3476 1797 3548 1853 de
3576 1797 3767 1853 Abra-

346 1904 483 1991 γει-ο
512 1887 810 1998 egreditur
834 1888 894 1987 in
924 1889 1523 1998 te'rratn,.junpguntpr
1538 1888 1701 1960 paria
1719 1892 1819 1998 ;Let
1839 1886 1993 1986 quod
2028 1931 2076 1998 Β
2104 1890 2269 1990 ham,
2292 1891 2512 1992 ut-ipse
2541 1890 2773 1957 asserit,
2823 1889 3097 1998 trigamo,
3129 1887 3230 1960 qui
3262 1887 3497 1960 signum
3528 1886 3674 1998 fidei.
3695 1886 3764 1941 in

349 1976 410 2035 in
444 1993 597 2045 arca,
628 1976 688 2032 id
717 1980 825 2043 est,
856 1974 917 2030 in
974 1974 1229 2031 Ecclesia
1286 1977 1474 2032 fuerat
1528 1981 1883 2048 separatum,
1937 1975 1996 2031 in
2028 1974 2076 1998 ”
2106 1979 2555 2036 circumcisione
2579 1978 2879 2051 suscepit?
2899 1978 2959 2034 Si
2988 1978 3295 2033 imitamur
3324 1991 3571 2032 uxorum
3594 1974 3767 2032 illius

353 2066 562 2124 mundi
592 2063 1029 2131 conversatione
1082 2065 1355 2122 sociatur.
1411 2064 1712 2137 Simulque
1765 2065 1815 2121 si
1866 2082 2002 2122 arca

354 2155 553 2229 plures
577 2153 785 2211 habuit
810 2153 1146 2210 mansiones
1167 2158 1221 2209 et
1252 2153 1507 2222 nidulos,
1538 2157 1597 2211 et
1621 2155 1997 2221 bieamerata,

355 2249 414 2302 et
439 2244 836 2309 tricamerata,
864 2246 920 2297 et
947 2242 1203 2298 diversas
1232 2243 1469 2309 bestias,
1503 2248 1559 2299 et
1588 2260 1690 2315 pro
1723 2243 2003 2315 qualitate

354 2331 703 2397 animalium
761 2330 1148 2388 habitationes
1207 2348 1439 2405 quoque
1492 2332 1580 2389 vel
1632 2334 1883 2404 majores
1912 2331 2003 2387 vel

356 2422 633 2490 minores,
667 2419 893 2476 aestimo
923 2420 1078 2491 quod
1118 2419 1425 2477 diversitas
1471 2420 1572 2477 illa
1626 2421 2000 2477 mansionum

356 2508 817 2584 praefiguraverit
844 2508 1111 2564 Ecclesiae
1132 2509 1497 2567 varietatem.

431 2600 517 2655 18.
567 2596 1038 2655 Comedendarum
1095 2602 1351 2655 carnium
1408 2601 1649 2655 licentia.
1711 2630 1780 2642 —-
1835 2600 2003 2665 Quod

360 2692 556 2745 autem
587 2687 758 2744 nobis
786 2687 1009 2758 objicit,
1043 2686 1102 2742 in
1137 2689 1396 2744 secunda
1444 2688 1541 2744 Dei
1604 2688 2003 2744 benedictione

361 2776 854 2834 comedendarum
885 2775 1152 2832 carnium
1183 2776 1480 2835 licentiam
1514 2778 1730 2845 datam,
1766 2794 1892 2849 qua:
1945 2778 2003 2833 in

360 2865 551 2939 prima
575 2881 856 2921 concessa
885 2881 1001 2920 non
1032 2864 1239 2931 fuerat,
1301 2865 1449 2922 sciat
1503 2866 1793 2937 quomodo
1833 2882 2005 2939 repu-

362 2955 527 3012 dium
545 2956 722 3026 juxta
748 2953 1048 3025 eloquium
1081 2953 1399 3013 Salvatoris
1430 2956 1501 3010 ab
1533 2955 1700 3010 initio
1733 2973 1846 3011 non
1905 2956 2005 3011 da-

363 3044 570 3112 batur;
624 3043 724 3099 sed
781 3046 1015 3115 propter
1054 3043 1335 3099 duritiam
1393 3043 1587 3099 cordis
1644 3045 1849 3115 nostri,
1908 3062 2011 3117 per

366 3133 603 3206 Moysen
627 3131 885 3187 humano
908 3131 1103 3206 generi
1137 3149 1481 3189 concessum
1502 3138 1588 3189 est
1614 3152 1626 3190 :
1661 3135 1743 3189 sic
1766 3138 1821 3190 et
1842 3151 2008 3189 esum

2108 2085 2445 2137 numerum,
2496 2069 2797 2124 imitemur
2850 2073 2908 2123 et
2969 2066 3498 2123 circumcisionem.
3557 2064 3768 2137 Neque

2108 2158 2265 2214 enim
2290 2158 2348 2213 in
2380 2163 2543 2231 parte
2573 2158 2906 2224 sectandus,
2940 2161 2998 2212 et
3041 2156 3101 2210 in
3133 2159 3297 2228 parte
3354 2153 3766 2227 repudiandus

2108 2251 2217 2303 est.
2249 2248 2425 2303 Porro
2450 2247 2610 2303 Isaac
2659 2246 2837 2302 unius
2887 2246 3154 2302 Rebecca
3183 2244 3290 2312 vir,
3322 2242 3535 2300 Christi
3568 2241 3768 2315 praeﬂ-

2109 2341 2284 2408 gurat
2313 2336 2653 2402 Ecclesiam,
2685 2339 2743 2392 et
2780 2335 3052 2408 digamiss
3084 2332 3359 2407 suggillet
3390 2332 3689 2389 lasciviam
3718 2333 3767 2386 ⁷.

2108 2426 2165 2479 Si
2179 2430 2373 2481 autem
2397 2426 2543 2481 duas
2560 2426 2725 2497 bigas
2738 2440 2984 2481 uxorum
3002 2429 3058 2479 et
3073 2422 3532 2479 concubinarum
3550 2420 3708 2476 habu
3718 2421 3773 2477 it

2108 2514 2313 2580 Jacob,
2343 2518 2402 2570 et
2430 2531 2547 2569 non
2578 2514 2702 2569 vult
2722 2513 3091 2569 adversarius
3120 2508 3778 2582 acquiescere,lippien-

2110 2599 2230 2649 tem
2287 2593 2449 2649 Liam
2498 2594 2817 2649 deformem
2878 2597 3052 2664 atque
3112 2593 3400 2647 fetuosam
3449 2604 3769 2662 synagogas

2110 2687 2315 2755 typum
2375 2682 2728 2754 praetulisse:
2790 2682 3000 2738 Rachel
3046 2698 3178 2737 vero
3236 2678 3544 2752 pulchram
3569 2683 3628 2734 et
3658 2678 3771 2734 diu

2113 2771 2396 2840 sterilem,
2416 2771 2680 2827 Ecclesiae
2738 2772 3102 2843 significasse
3130 2767 3675 2841 mysterium,sciat,
3697 2780 3773 2823 eo

2114 2874 2374 2941 tempore
2428 2869 2537 2926 hoc
2585 2870 2788 2926 fecisse
2809 2869 3013 2938 Jacob,
3050 2867 3287 2939 quando
3315 2869 3438 2922 erat
3467 2866 3622 2921 inter
3648 2868 3772 2922 As-

2115 2958 2323 3030 syrios,
2356 2963 2413 3014 et
2440 2960 2496 3013 in
2519 2958 2934 3030 Mesopotamia
2955 2958 3147 3013 Laban
3170 2955 3488 3012 durissimo
3517 2954 3769 3011 domino

2117 3048 2421 3103 serviebat.
2455 3048 2697 3112 Quando
2726 3048 2941 3103 autem‘
2967 3047 3207 3102 Terram
3237 3050 3499 3100 sanctam
3532 3044 3773 3117 ingredi

2116 3134 2326 3198 voluit;
2384 3138 2520 3192 etin
2571 3142 2767 3192 monte
2816 3135 3031 3193 Galaad
3062 3133 3346 3190 exstruxit
3374 3149 3645 3189 acervum
3674 3138 3771 3189 te-

368 3221 634 3278 carnium
667 3237 856 3292 usque
883 3221 955 3276 ad
986 3220 1270 3277 diluvium
1303 3222 1568 3295 ignotum
1617 3223 1819 3279 fuisse.
1871 3227 2012 3279 Post
2116 3225 2399 3291 stimonii,
2429 3225 2488 3280 in
2520 3242 2635 3296 quo
2678 3224 2823 3280 nihil
2871 3224 3018 3281 inter
3043 3222 3305 3279 seminus
3341 3222 3472 3293 ejus
3502 3224 3772 3294 Mesopo-

368 3308 656 3366 diluvium
686 3325 842 3378 vero,
875 3310 1048 3381 quasi
1076 3310 1134 3366 in
1153 3327 1345 3367 eremo
1374 3311 1764 3368 murmuranti
1797 3312 2010 3384 populo
2041 3299 2084 3367 C
2117 3314 2309 3369 tamiae
2334 3331 2637 3386 possessor
2658 3312 2979 3378 invenerat,
3003 3314 3216 3384 jurans
3255 3327 3318 3367 se
3348 3326 3654 3383 nunquam
3688 3311 3769 3367 ad

368 3397 733 3456 coturnices:
767 3397 850 3453 ita
876 3398 1152 3456 dentibus
1184 3401 1403 3456 nostris
1435 3418 1641 3458 nervos
1670 3406 1727 3457 et
1754 3401 2011 3457 virulen-

366 3487 484 3555 tias
512 3485 705 3541 carnis
733 3485 755 3520 ³
779 3485 1060 3557 ingestas.
1093 3488 1270 3544 Docet
1296 3489 1608 3561 Apostolus
1639 3491 1902 3546 scribens
1934 3492 2007 3546 ad

364 3574 648 3648 Ephesios
678 3575 817 3648 (cap.
851 3574 893 3645 1)
940 3579 1121 3631 Deum
1173 3578 1550 3649 proposuisse
1598 3578 1658 3634 in
1715 3579 2006 3652 adimple-

360 3664 519 3723 tione
548 3669 879 3737 temporum
911 3664 1293 3736 recapitulare
1323 3667 1557 3722 omnia:
1591 3674 1647 3723 et
1684 3669 1756 3724 ad
1787 3669 2005 3741 princi-

357 3754 521 3827 pium
549 3752 777 3810 trahere
803 3752 862 3810 in
893 3752 1192 3811 Christum
1213 3754 1417 3811 Jesum
1439 3756 1481 3823 ‘,
1514 3772 1641 3828 quas
1673 3762 2007 3831 suntsuper

356 3836 533 3900 cmloﬁs
563 3848 621 3899 et
651 3859 827 3915 super
855 3846 1092 3898 terram.
1126 3843 1290 3901 Unde
1335 3849 1394 3901 et
1449 3845 1575 3917 ipse
1631 3846 1891 3903 Salvator
1941 3849 2000 3904 in

352 3931 700 4007 Apocalypsi
728 3932 1010 3990 Joannis:
1041 3933 1149 4005 Ego
1177 3951 1321 4001 sum,
1353 3934 1564 4008 inquit,
1596 3955 1629 3988 α
1671 3941 1729 3991 et
1758 3957 1822 4005 ω,
1880 3940 1999 3993 ini-

355 4023 499 4079 tium
544 4030 596 4078 et
646 4024 779 4094 ﬁnis
829 4023 1010 4094 (Apoc.
1067 4040 1106 4091 1,
1166 4025 1200 4079 8
1249 4028 1299 4080 et
1345 4041 1480 4094 XXII,
1514 4025 1625 4097 13).
1656 4027 1742 4082 Ab
1764 4027 1998 4083 exordio

354 4110 706 4167 conditionis
747 4110 1041 4181 humanm,
1100 4128 1205 4168 nec
1263 4114 1540 4170 carnibus
1596 4116 1994 4184 vescebamur,

350 4251 810 4330 interpretantur
855 4253 955 4326 qui
1002 4258 1227 4330 septem
1278 4271 1541 4330 numero,
1606 4273 1719 4330 non
1771 4262 1993 4330 septem

348 4323 1272 4401 paria‘mundorumanimalium
1306 4327 1366 4401 in
1398 4343 1592 4401 arcam
1616 4323 1882 4401 ingressa
1912 4332 1994 4385 in-

346 4394 640 4477 telligunt,
671 4395 1055 4477 Augustinus,
1090 4399 1164 4477 de
1182 4400 1418 4477 ‘Cim‘rtnote
1443 4399 1555 4477 Dei,
1589 4394 1821 4477 xv,'27;
1854 4405 1989 4457 Am-

344 4467 580 4544 brosius
609 4468 680 4523 de
712 4467 1020 4544 Arcuit/oe,
1045 4485 1104 4544 _c_.
1138 4470 1240 4536 22;
1301 4470 1740 4544 Theodoretus,_
1781 4467 1985 4544 quaest.

344 4540 416 4611 50
443 4538 503 4594 in
531 4539 738 4606 Genes.,
772 4538 1009 4611 aliique.
1045 4540 1255 4595 Notum
1300 4546 1495 4599 tamen
1553 4547 1642 4598 est
1693 4538 1839 4599 alios
1893 4545 1987 4600 iti-

341 4610 488 4685 dem;
510 4626 577 4685 ex
600 4610 859 4685 antiquis
891 4610 1131 4681 Septena
1153 4612 1322 4685 paria
1354 4612 1698 4685 intelligere.

417 4681 566 4746 ‘Qui
588 4674 818 4754 primus
847 4674 1194 4738 invocaverit
1229 4684 1429 4748 Deum,
1462 4674 1576 4740 aut
1612 4702 1821 4741 nomen
1884 4686 1990 4742 Do-
2024 4674 2066 4738 D

340 4754 514 4828 mini,
547 4770 661 4811 non
694 4754 888 4810 Enoch
923 4755 1052 4828 fuit,
1073 4757 1172 4811 sed
1198 4757 1374 4821 Enos,
1396 4756 1551 4812 filius
1581 4757 1742 4813 Seth.
1768 4760 1985 4828 (Oenea.

339 4826 455 4918 1v);
488 4843 666 4918 quem
698 4826 1695 4918 vefontranslal‘tuinjdicitScriptura
1716 4826 1872 4901 (Gen.
1906 4831 1987 4911 v,)

337 4912 452 4972 non
488 4898 661 4972 Engos,
694 4898 795 4954 sed
821 4898 1034 4965 Enoch,
1065 4899 1237 4972 Jared
1271 4898 1565 4972 filiusest,
1626 4902 1697 4956 de
1724 4898 1868 4972 quo
1927 4898 1985 4957 in

335 4969 584 5040 epist.ad
618 4970 887 5043 Hebrmos
929 4970 1581 5043 Apostolusﬂloquitur.
1634 4969 1799 5028 Forte
1854 4988 1985 5043 pro-

337 5046 634 5114 perantem
665 5041 1084 5114 Hieronymum
1125 5040 1326 5114 fefellit
1355 5040 1612 5114 nominis
1641 5040 1985 5099 similitudo.

405 5110 731 5168 Creatorem.
796 5110 965 5169 Falso
1023 5112 1082 5167 in
1136 5113 1308 5185 editis
1370 5112 1583 5185 legitur
1654 5116 1713 5168 in
1791 5116 1982 5170 Salva-

335 5184 506 5235 torem
535 5200 670 5239 cum
702 5201 905 5240 omnes
938 5201 1081 5240 mss.
1116 5184 1345 5241 codices
1376 5184 1664 5240 retineant
1704 5187 1765 5240 in
1822 5187 1983 5241 Crea-

336 5255 505 5335 torem
534 5270 605 5335 ne
635 5272 750 5311 uno
781 5256 1016 5335 quidem
1056 5262 1312 5335 excepto.
1374 5255 1549 5335 Porro
1576 5327 1589 5335 _
1620 5256 1812 5335 Enoch
1837 5275 1981 5335 Anon

331 5327 722 5397 gst_primus,
765 5327 867 5397 qui
916 5327 1210 5383 invocavit
1246 5328 1451 5393 Deum,
1488 5327 1592 5383 Sed
1626 5328 1796 5394 Enos,
1830 5329 1984 5385 ﬁlius

262 5444 269 5447 _
331 5393 513 5475 §eth';
542 5396 654 5475 nisi
685 5393 1140 5475 forteintelligat
1166 5398 1547 5475 Hieronymus
1567 5400 1789 5475 cultum
1816 5417 1986 5475 pecu-

332 5463 539 5548 liarem
568 5467 705 5548 fidei
751 5463 1158 5548 in_l'3noch:de
1188 5487 1304 5542 quo
1348 5463 1982 5548 meminit__Apo_st.olus

330 5537 391 5613 i_n
424 5537 689 5613 Epistola
703 5540 774 5613 ad
807 5539 1100 5613 Hebraeos,
1145 5537 1321 5613 caput
1348 5561 1425 5609 ιιι,
1462 5544 1563 5599 ubi
1588 5537 1739 5599 nihil
1772 5542 1982 5599 dicitur

328 5607 400 5663 de
427 5607 602 5671 Euos,
639 5610 755 5666 ﬁlio
782 5609 941 5665 Seth.
978 5607 1267 5668 Maa'rlm'v.

364 5750 374 5760 ι
400 5679 422 5713 ²
459 5679 708 5760 gravius
740 5681 963 5738 mavult
989 5685 1309 5760 Jurulentas
1341 5703 1565 5760 carries;
1626 5690 1980 5760 Casangaten-

326 5753 434 5821 sis,
474 5753 784 5813 Virulentas
812 5770 1006 5812 carnes
1036 5754 1246 5820 habet;
1279 5758 1382 5813 sed
1412 5757 1765 5815 Veronensis
1794 5758 1980 5816 ferme

2118 3403 2311 3459 locum
2342 3404 2401 3459 in
2425 3420 2540 3476 quo
2580 3403 2853 3459 servierat
2908 3416 3277 3457 reversurum
3302 3417 3315 3455 :
3351 3404 3407 3456 et
3436 3399 3509 3456 ad
3538 3404 3772 3455 torren-

2116 3496 2233 3547 tem
2264 3492 2485 3549 Jaboch
2508 3509 2641 3548 cum
2672 3492 2878 3564 angelo
2906 3489 3186 3555 luctatus,
3220 3488 3550 3545 claudicare
3569 3488 3772 3561 cmpit,

2114 3585 2172 3636 et
2199 3578 2377 3633 πλατὺ
2406 3585 2589 3655 νεῦρον
2624 3581 2776 3652 [Scil.
2833 3596 3046 3636 nervus
3102 3579 3357 3646 femoris]
3401 3577 3531 3649 ejus
3567 3594 3771 3634 emar-

2114 3669 2253 3736 cuit,
2277 3670 2593 3742 statimque
2638 3670 2806 3726 Israel
2837 3669 3078 3725 sortitus
3120 3670 3211 3723 est
3268 3683 3514 3723 nomen:
3575 3671 3634 3723 et
3662 3665 3772 3723 illa

2113 3759 2409 3830 quondam
2468 3758 2678 3815 dilecta
2732 3760 2965 3831 conjux,
3008 3773 3112 3831 pro
3144 3773 3263 3829 qua
3290 3755 3771 3827 servieratjuxta

2112 3847 2426 3918 Bethleem,
2460 3848 2520 3903 in
2552 3865 2668 3921 qua
2695 3854 2821 3904 erat
2865 3847 3219 3920 virginitatis
3250 3861 3436 3918 praeco
3468 3844 3763 3903 Dominus

2109 3937 2463 4005 nasciturus,
2521 3955 2556 3993 a
2586 3938 2705 3993 filio
2736 3937 2888 4009 [Scil.
2940 3936 3177 4007 Benoni]
3219 3933 3436 3991 doloris
3463 3932 3763 3991 occiditur

2106 4026 2258 4095 (Gen.
2281 4044 2450 4095 xxxv,
2493 4029 2619 4095 18);
2652 4031 2712 4083 et
2763 4026 3055 4082 consortia
3100 4023 3527 4097 Mesopotamia
3572 4038 3763 4080 evan-

2103 4116 2289 4189 gelica
2318 4117 2378 4172 in
2407 4117 2636 4173 civitate
2669 4115 3014 4172 moriuntur.

2102 4257 2429 4330 elegantius
2446 4258 2783 4315 Jurulentias
2815 4259 3043 4330 _cqrnis.
3074 4253 3291 4330 Doceut
3309 4253 3487 4330 etiam
3508 4250 3757 4330 _Tertul-

2101 4322 2313 4399 lian'us,
2347 4347 2401 4384 ιν
2424 4330 2489 4384 de
2516 4330 2766 4401 Jejuniis,
2804 4327 3101 4401 Origenes,
3137 4328 3205 4401 ad
3238 4324 3480 4401 Genesis
3507 4322 3548 4378 l.
3578 4339 3752 4401 xxxx;

2101 4344 2313 4399 nanus,
2347 4347 2401 4384 ιν
2424 4344 2489 4384 ae
2516 4344 2766 4401 Jejunns,
2804 4344 3100 4454 ungenes,
3137 4344 3205 4383 aa
3238 4344 3480 4382 uenesxs
3507 4344 3548 4378 ι.
3579 4344 3752 4391 xxxx;

2101 4401 2376 4467 Basilius,
2403 4401 2877 4472 Chrysostomus,
2962 4398 3320 4472 heodoritus,
3352 4397 3758 4472 aliique,gante

2100 4472 2387 4529 diluvium
2416 4467 2710 4528 vescendae
2730 4473 2923 4526 carnis
2954 4470 3182 4542 copiam
3206 4486 3320 4525 non
3348 4467 3488 4524 esse
3505 4467 3753 4542 factam,

2169 4546 2208 4598 ‘.
2240 4549 2376 4599 Mss.
2414 4543 2619 4613 nostri,
2651 4544 2735 4599 Ad
2760 4538 3101 4614 principium
3140 4542 3418 4598 retrahere
3447 4542 3507 4595 in
3538 4538 3757 4594 Christo

2096 4618 2240 4689 Iesu.
2271 4616 2415 4689 _Vide
2446 4614 3001 4689 'I‘ertullianumlib.
3034 4630 3069 4667 ν
3097 4614 3551 4689 iri__Marcionem._

2168 4687 2189 4721 ⁸
2219 4687 2374 4742 Alibi
2405 4691 2462 4742 et
2493 4687 2547 4741 in
2580 4686 2923 4752 Veronensi,
2977 4684 3192 4757 repudii
3228 4700 3485 4757 concessa
3512 4681 3756 4749 duritia,

2098 4757 2187 4839 vel
2215 4759 2476 4839 durit_ies._
2646 4775 2779 4813 mox
2809 4755 3153 4839 ‘m'ettverint,
3188 4755 3446 4839 plurium
3477 4767 3750 4839 numero:

2167 4831 2297 4885 6Ex
2350 4829 2731 4905 Tertulliono,
2788 4828 2853 4885 de
2903 4828 3259 4905 Monogantia,
3317 4828 3750 4905 expressusest

2095 4900 2295 4957 locus:
2332 4925 2358 4950 ‹‹
2392 4900 2542 4957 Dicit
2597 4907 2655 4957 et
2684 4900 2997 4972 Apostolus
3046 4897 3309 4956 scribens
3329 4897 3403 4955 ad
3437 4897 3747 4972 Ephesios,

2096 4972 2292 5054 Deum
2308 4972 2684 5054 proposuisse
2713 4969 2773 5027 in
2803 4972 3118 5054 semetipso
3135 4973 3217 5054 ad.
3238 4969 3748 5054 dispensationem

2097 5041 2457 5116 impletionis
2488 5049 2843 5116 temporum,
2876 5046 2944 5099 ad
2979 5041 3175 5115 caput,
3202 5044 3260 5098 id
3283 5041 3471 5109 est,ad
3503 5041 3744 5097 initium

2096 5115 2453 5191 reciprocare
2509 5115 2879 5191 universain
2907 5116 3158 5191 Qhristo,
3217 5130 3345 5191 qua:
3396 5119 3536 5191 sunt
3566 5126 3747 5191 super

2094 5185 2289 5254 caelos,
2321 5192 2378 5242 et
2408 5204 2584 5259 super
2625 5192 2810 5243 terras
2830 5188 2900 5259 in
2932 5187 3080 5258 ipso,
3112 5187 3197 5242 sic
3218 5185 3459 5259 etgduas
3483 5185 3739 5259 Graeciae,

2095 5274 2391 5314 summam
2425 5257 2678 5315 litteram
2704 5264 2761 5314 et
2787 5257 3057 5314 ultimam
3076 5259 3187 5314 sibi
3209 5257 3402 5313 induit
3430 5257 3739 5313 Dominus.

2094 5329 2245 5402 initii
2277 5335 2333 5385 et
2361 5330 2493 5387 finis
2524 5332 2997 5402 concurrentium
3018 5330 3154 5387 inse
3184 5328 3515 5402 figuras,uti
3539 5340 3742 5402 quem-

2094 5401 2563 5474 admodumaget
2592 5423 2660 5469 ω,
2719 5401 3050 5474 replicatur,
3108 5402 3193 5457 ita
3222 5401 3554 5474 Ostenderet
3583 5401 3642 5456 in
3674 5414 3743 5457 se

2092 5489 2240 5539 esse,
2276 5479 2332 5529 et
2351 5472 2504 5528 initii
2534 5472 2846 5530 decursum
2882 5474 2952 5529 ad
2972 5475 3146 5530 finem
3178 5478 3235 5530 et
3265 5472 3399 5529 finis
3429 5488 3738 5532 recursum

2092 5545 2162 5599 ad
2192 5545 2445 5599 initium.
2479 5567 2506 5595 ››

2164 5616 2439 5689 ῖΙειιιεΒθ,
2500 5618 2564 5689 Et
2615 5617 2873 5686 digamice
2928 5616 3187 5687 suggillet
3244 5616 3549 5689 lasciviam,
3577 5632 3746 5689 pere-

2091 5686 2319 5761 grinam
2352 5686 2624 5744 subolent
2651 5705 2930 5761 manum:
2964 5686 3117 5745 certe
3137 5689 3197 5745 in
3230 5687 3391 5745 nullo
3423 5686 3742 5761 mssfqui-

2089 5759 2202 5816 bus
2231 5760 2473 5833 utimur,
2497 5760 2894 5817 inveniuntur.
