3944 6410
181 423 280 500 ΜΘ

1230 425 1652 498 ADVERSUS
1701 426 2179 498 JOVlNIANUM
2225 428 2372 494 LIB.
2419 423 2472 493 Ῑ.

3432 411 3555 489 356

234 569 316 628 20.
339 571 544 644 Corpus
571 570 778 631 Christi
804 568 999 625 mundi
1025 567 1218 626 debent
1239 585 1470 625 sumere.
1502 598 1572 612 —
1615 569 1794 625 Miror
1821 571 1878 638 Α
1907 566 2241 625 sanctuario
2272 570 2394 621 tam
2425 561 2752 631 cherubim,
2786 578 2962 636 quam
2994 560 3552 636 propitiatorium,et

179 665 351 718 autem
379 677 481 716 cur
508 661 724 718 Judam
755 663 813 716 et
842 659 1101 715 Thamar
1131 658 1298 714 nobis
1330 659 1703 732 proposuerit
1730 658 1790 713 in

173 750 621 821 exemplum,nisi
643 750 788 805 forte
801 753 858 804 et
871 748 1276 804 meretricibus
1309 747 1630 804 delectatur
1654 766 1666 815 ;
1693 751 1795 803 aut

171 838 404 896 occisum
430 839 616 896 Onam
657 841 802 910 [mss.
850 839 1122 909 Annam],
1166 839 1321 910 quod
1382 837 1545 893 fratri
1593 853 1792 894 semen

170 927 419 984 inviderit
443 929 633 1000 :quasi
658 944 765 983 nos
787 927 1282 1000 qualemcumque
1297 927 1544 982 seminis
1570 927 1792 982 fluxum

171 1019 371 1090 absque
401 1017 721 1073 liberorum
739 1033 911 1090 opere
932 1016 1794 1089 comprobemus.Perspicuum

168 1112 246 1162 est
276 1108 342 1163 de
371 1107 752 1180 Moyse,quod
785 1104 1148 1178 periclitatus
1188 1111 1344 1162 esset
1372 1105 1431 1161 in
1455 1106 1792 1172 diversorio,

174 1195 274 1251 nisi
303 1196 559 1268 Sephora,
594 1213 721 1268 quae
764 1196 1180 1267 interpretatur
1216 1197 1356 1261 avis,
1407 1196 1560 1252 289
1609 1193 1794 1250 ﬁlium

169 1286 636 1356 oireumcidisset,
686 1289 744 1340 et
795 1285 1146 1357 prmputium
1207 1286 1548 1357 nuptiarum
1608 1284 1796 1340 cultro

171 1374 482 1448 evangelica
512 1375 863 1431 desecasset.
895 1375 1008 1430 Iste
1031 1367 1247 1447 nempe
1295 1375 1522 1448 Moyses
1552 1379 1660 1441 est,
1695 1375 1796 1446 qui

169 1480 287 1520 cum
312 1463 557 1520 vidisset
587 1464 870 1520 visionem
905 1479 1205 1534 magnam,
1236 1468 1295 1519 et
1327 1464 1626 1536 angelum,
1680 1463 1800 1520 sive

165 1554 457 1609 Dominum
488 1553 827 1625 loquentem
863 1554 878 1588 ί
913 1553 971 1608 in
1004 1554 1148 1609 rubo
1181 1569 1559 1625 nequaquam
1615 1552 1801 1608 valuit

168 1643 230 1699 ad
259 1659 387 1698 eum
419 1643 713 1711 accedere,
751 1641 864 1698 nisi
912 1641 1182 1699 solvisset
1220 1643 1533 1715 corrigiam
1583 1643 1800 1698 calcea-

167 1733 330 1787 menti
362 1732 476 1801 sui,
525 1739 585 1788 et
631 1731 942 1803 abjeoisset
989 1731 1226 1788 vincula
1273 1733 1634 1805 nuptiarum.
1685 1732 1800 1787 Nec

166 1822 367 1878 mirum
395 1822 508 1878 hoc
550 1823 622 1878 de
653 1822 840 1878 amico
871 1827 929 1877 et
974 1821 1261 1895 propheta
1308 1826 1364 1878 et
1409 1822 1646 1895 legifero
1678 1821 1798 1889 Dei,

163 1927 286 1968 cum
315 1912 510 1968 omnis
544 1911 794 1984 populus
826 1927 1171 1968 accessurus
1194 1913 1265 1968 ad
1290 1916 1552 1968 montem
1574 1911 1801 1978 Sina,et

165 2001 463 2058 auditurus
496 1999 1018 2073 eloquium,tribus
1049 2001 1257 2057 diebus
1299 2000 1653 2057 sanctificari
1680 2001 1803 2072 jus-

165 2107 258 2146 sus
289 2090 382 2156 sit,
413 2095 472 2146 et
500 2107 566 2146 se
596 2091 667 2146 ab
699 2089 978 2145 uxoribus
1011 2091 1325 2146 abstinere.
1366 2091 1529 2154 Quod
1562 2089 1801 2161 quidem

166 2179 374 2236 scimus
401 2179 563 2251 (licet
597 2183 947 2252 praepostere
979 2180 1186 2235 faciam
1235 2179 1492 2235 historiae
1537 2179 1802 2234 ordinem

166 2269 528 2339 confundere)
563 2269 738 2324 etiam
773 2269 843 2323 ad
875 2268 1056 2324 David
1091 2269 1412 2342 fugientem
1444 2269 1515 2324 ab
1534 2267 1803 2324 Achime-

164 2356 280 2413 lech
310 2360 331 2392 ³
357 2358 662 2414 sacerdote
717 2358 941 2413 dictum
977 2377 990 2414 :
1021 2360 1071 2414 si
1122 2359 1314 2413 mundi
1355 2366 1482 2414 sunt
1526 2360 1691 2430 pueri
1738 2359 1804 2413 ab

163 2449 416 2504 uxoribus
449 2447 498 2518 (1
526 2450 652 2518 Reg.
686 2465 802 2515 xxi,
831 2448 910 2518 3).
940 2447 1010 2503 Et
1038 2447 1136 2504 ille
1176 2448 1480 2519 respondit
1513 2465 1525 2502 :
1559 2448 1634 2502 Ab
1684 2447 1806 2503 heri

165 2540 211 2593 et
236 2537 438 2593 nudius
476 2539 670 2592 tertius
695 2537 881 2608 (Ibid.,
915 2538 990 2608 4).
1025 2537 1209 2594 Panes
1240 2537 1398 2593 enim
1450 2537 1806 2610 propositio-

163 2627 266 2694 nis,
309 2626 487 2698 quasi
535 2643 751 2698 corpus
779 2622 1030 2696 'Christi,
1094 2628 1164 2683 de
1211 2644 1462 2682 uxorum
1512 2626 1808 2682 cubilibus

163 2719 576 2788 consurgentes
606 2716 776 2772 edere
807 2732 920 2770 non
954 2721 1242 2787 poterant.
1277 2717 1346 2772 Et
1381 2715 1622 2772 nobisin
1645 2720 1807 2771 tran-

163 2804 265 2861 situ
295 2810 384 2861 est
413 2804 937 2876 contemplandum
968 2807 1124 2876 quod
1156 2806 1331 2861 dixit:
1367 2806 1428 2860 Si
1454 2806 1650 2860 mundi
1678 2810 1810 2861 sunt

163 2896 315 2964 pueri
341 2894 410 2948 ab
467 2893 1086 2949 uxoﬁbustidelicet
1152 2894 1309 2966 quod
1357 2893 1428 2948 ad
1486 2893 1810 2949 munditias

167 2983 416 3055 corporis
455 2982 703 3048 Christi,
761 2983 954 3038 omnis
999 2983 1189 3039 coitus
1247 2982 1559 3038 immunda
1615 2982 1711 3038 sit.
1745 2984 1809 3038 In

167 3071 282 3144 lege
310 3087 552 3144 quoque
580 3071 912 3144 praecipitur
944 3077 1006 3128 ut
1049 3073 1308 3144 pontifex
1362 3073 1474 3129 nisi
1524 3071 1809 3145 virginem

171 3177 273 3216 non
298 3160 479 3216 ducat
525 3177 764 3216 uxorem
819 3160 1009 3231 (Lavit.
1051 3162 1186 3233 xxn),
1222 3177 1327 3217 nec
1391 3167 1537 3228 (mss.
1571 3163 1665 3231 ne]
1723 3161 1814 3214 vi-

170 3249 330 3305 duam
365 3249 644 3321 accipiat.
677 3249 736 3305 Si
766 3251 970 3305 eadem
998 3250 1245 3323 virginis
1275 3251 1581 3322 viduaeque
1611 3250 1810 3306 condi-

1901 675 2035 714 arca
2059 655 2420 720 testamenti,
2452 658 2508 710 et
2546 655 2701 712 270
2753 671 2958 709 mensa
3004 653 3444 726 propositionis,
3497 652 3553 709 et

1903 746 2343 812 candelabrum,
2376 749 2433 801 et
2459 743 2832 800 thuribulum
2862 761 2929 799 ex
2961 761 3102 799 auro
3153 743 3553 800 mundissimo

1904 841 2062 893 sunt.
2097 837 2295 908 Neque
2325 834 2474 892 enim
2513 835 2571 890 in
2603 835 2816 890 Sancta
2836 837 3175 889 sanctorum
3206 833 3406 888 inferri
3447 850 3552 905 po—

1903 931 2054 983 terat
2085 929 2416 999 argentum.

1976 1107 2065 1162 21.
2097 1108 2253 1162 Josue
2280 1105 2780 1161 nomma.Secunda
2804 1106 3153 1161 circumcisio
3183 1122 3308 1160 eum
3331 1095 3552 1177 petrino

1904 1197 2146 1251 cultello.
2182 1197 2426 1267 Regnum
2457 1197 2698 1267 quinque
2727 1211 3007 1250 sensuum.
3042 1226 3110 1235 —
3158 1195 3304 1261 Quid
3357 1212 3552 1251 moror

1907 1287 1966 1341 in
1998 1285 2215 1358 Moyse,
2251 1302 2383 1340 cum
2416 1284 2560 1340 mihi
2593 1285 2960 1356 propositum
2993 1284 3069 1339 sit
3098 1285 3316 1340 cursim
3349 1285 3548 1341 celeri-

1907 1380 2111 1446 terque
2137 1374 2404 1439 dictanti,
2437 1373 2672 1446 singula
2715 1372 2966 1429 breviter
3014 1373 3118 1447 [Αι.
3164 1371 3384 1446 leviter]
3432 1391 3556 1446 per-

1909 1465 2198 1535 stringere
2231 1467 2286 1518 et
2316 1462 2716 1535 intelligentiae
2748 1463 3036 1534 quasdam
3067 1461 3252 1518 lineas
3305 1463 3559 1520 ducere?

1908 1553 2345 1610 Transcendam
2387 1553 2458 1608 ad
2506 1552 2710 1608 Jesum
2766 1551 2954 1607 filium
3037 1552 3210 1618 Nave,
3270 1553 3369 1624 qui
3419 1557 3555 1608 ante

1910 1644 2102 1699 dictus
2133 1647 2222 1698 est
2249 1644 2387 1698 Ause
2417 1643 2460 1708 ‘,
2495 1642 2614 1698 sive
2663 1645 2731 1697 ut
2778 1641 2996 1697 rectius
3041 1642 3292 1697 habetur
3338 1641 3395 1696 in
3445 1642 3555 1698 He-

1910 1732 2063 1787 braio
2096 1732 2241 1800 Osee,
2276 1731 2333 1787 id
2375 1735 2488 1800 est,
2534 1732 2798 1787 salvator.
2854 1731 2983 1803 lpse
3031 1731 3210 1797 enim,
3235 1732 3559 1787 secundum

1912 1820 2228 1893 Epistolam
2261 1821 2445 1888 Judae,
2482 1820 2748 1885 salvavit,
2767 1825 2820 1876 et
2836 1820 3037 1876 eduxit
3060 1819 3344 1894 p0pulum
3377 1821 3557 1878 Israel

1911 1928 1979 1966 ex
2006 1911 2272 1984 Egypto,
2306 1914 2359 1966 et
2393 1911 2450 1966 in
2501 1914 2717 1966 terram
2773 1908 3248 1982 repromissionis
3297 1911 3549 1967 induxit.

1911 2000 2015 2056 Hic
2042 2001 2219 2057 Jesus
2249 2001 2451 2056 statim
2483 2004 2548 2056 ut
2575 2001 2731 2055 venit
2762 2000 2832 2055 ad
2865 2000 3203 2068 Jordanem,
3235 2017 3398 2072 aquae
3449 2018 3557 2056 nu-

1914 2089 2328 2164 ptiarum,quaa
2356 2091 2660 2161 semperin
2684 2089 3399 2162 legeﬂuxerant,arefactsa
3424 2094 3563 2146 sunt

1914 2186 1970 2237 et
2000 2185 2290 2236 steterunt
2322 2197 2334 2248 ;
2367 2184 2426 2235 et
2457 2179 2629 2236 siccis
2676 2179 2924 2251 pedibus
2971 2196 3036 2235 ac
3086 2180 3262 2235 nudis
3310 2180 3563 2253 populus

1913 2269 2109 2325 omnis
2139 2268 2391 2335 transiit,
2423 2271 2481 2324 et
2507 2268 2666 2324 venit
2695 2268 2754 2322 in
2787 2267 3046 2340 Galgala,
3079 2269 3278 2340 ibique
3309 2271 3564 2325 secundo

1915 2363 2004 2416 est
2057 2358 2461 2414 circumcisus.
2494 2357 2657 2424 Quod
2716 2357 2766 2412 si
2816 2358 2988 2429 juxta
3036 2357 3292 2414 litteram
3353 2357 3564 2430 accipi-

1918 2466 2074 2514 mus,
2106 2447 2341 2520 penitus
2373 2451 2526 2503 stare
2560 2463 2674 2502 non
2723 2450 2915 2518 potest
2957 2448 2996 2502 5.
3029 2447 3088 2503 Si
3137 2447 3295 2502 enim
3351 2445 3568 2521 duplex

1915 2539 2271 2594 haberemus
2301 2535 2677 2610 praeputium,
2709 2534 2797 2591 vel
2829 2536 3024 2592 excisa
3054 2535 3330 2607 pellicula
3351 2535 3564 2592 iterum

1914 2631 2274 2695 nasceretur,
2309 2630 2463 2682 recte
2496 2626 2756 2682 secunda
2785 2625 3155 2681 circumcisio
3185 2625 3428 2682 haberet
3478 2626 3565 2682 lo-

1917 2735 2073 2774 cum.
2131 2718 2297 2772 Nunc
2345 2720 2539 2772 autem
2591 2714 2702 2770 hoc
2752 2715 3140 2788 significatur,
3186 2716 3337 2788 quod
3390 2716 3568 2772 Jesus

1919 2805 2151 2863 cultello
2183 2805 2475 2878 Evangelii
2510 2804 2816 2878 populum,
2855 2805 2954 2878 qui
3003 2823 3106 2878 per
3133 2805 3432 2861 desertum
3472 2821 3567 2861 ve-

1920 2901 2106 2964 nerat,
2140 2895 2527 2961 circumcidit,
2559 2899 2618 2950 et
2649 2894 3016 2950 circumcidit
3041 2894 3276 2950 cultello
3316 2895 3568 2966 petrino,

1921 2991 1986 3042 ut
2015 2987 2170 3058 quod
2203 2986 2262 3040 in
2294 2984 2473 3057 Moysi
2505 2983 2624 3040 ﬁlio
2643 2984 3344 3056 praeﬁgurabaturantein
3367 2984 3570 3056 paucis

1921 3076 1979 3131 id
2012 3075 2123 3132 sub
2186 3075 2327 3130 Jesu
2377 3072 2722 3145 impleretur
2769 3075 2829 3128 in
2879 3072 3126 3129 cunctis.
3181 3073 3291 3129 Sed
3337 3078 3392 3129 et
3443 3075 3572 3146 ipsa

1922 3163 2202 3238 praeputia
2237 3164 2293 3219 in
2330 3179 2516 3219 unum
2550 3162 2857 3218 cumulum
2891 3165 3039 3234 [mss.
3074 3162 3396 3234 tumulum]
3448 3179 3570 3218 coa-

1924 3257 2152 3311 cervata
2181 3257 2239 3308 et
2286 3251 2538 3324 sepulta,
2585 3257 2643 3308 et
2690 3256 2845 3308 terra
2902 3251 3132 3320 obruta,
3194 3256 3251 3307 et
3305 3251 3565 3307 ablatum

167 3339 239 3395 tio
265 3343 373 3408 est,
405 3355 596 3411 quare
626 3337 808 3394 altera
838 3339 1136 3411 recipitur,
1191 3339 1372 3396 altera
1418 3339 1812 3411 reprobatur?
1840 3340 1886 3404 C
1926 3342 2274 3416 opprobium
2306 3341 2553 3414 .Egypti,
2595 3344 2652 3396 et
2709 3357 2924 3396 nomen
2982 3339 3091 3397 loci
3136 3340 3380 3413 Galgata,
3406 3341 3562 3413 quod

166 3427 226 3482 Et
249 3426 635 3485 sacerdotalis
664 3428 840 3485 vidua
871 3429 928 3483 in
957 3429 1129 3486 domo
1144 3429 1390 3501 jubetur
1409 3430 1610 3485 sedere
1631 3429 1815 3502 patris

167 3517 268 3584 sui,
301 3535 403 3574 nec
436 3517 772 3574 secundum
801 3535 974 3574 nosse
1007 3519 1475 3575 matrimonium.
1530 3519 1589 3574 Si
1648 3535 1816 3575 soror

160 3607 306 3680 virgo
346 3607 606 3663 moritur
636 3607 977 3675 sacerdotis,
1012 3609 1307 3680 quomodo
1341 3608 1466 3680 ipse
1512 3610 1583 3664 ad
1630 3608 1815 3681 patris

164 3710 222 3750 ac
248 3696 452 3752 matris
483 3695 818 3767 exsequias,
849 3696 931 3751 ita
961 3697 1033 3752 ad
1054 3712 1181 3752 eam
1206 3698 1452 3768 jubetur
1483 3699 1750 3754 incedere
1769 3700 1810 3752 ³.

164 3783 362 3841 Sivcro
397 3788 595 3857 nupta
623 3783 720 3851 sit,
753 3784 923 3856 quasi
979 3785 1173 3841 aliena
1232 3787 1647 3843 contemnitur.
1706 3786 1814 3850 Qui

168 3891 394 3931 uxorem
427 3874 687 3937 duxerit,
718 3879 776 3930 et
806 3875 908 3946 qui
951 3873 1305 3948 plantaverit
1359 3875 1589 3932 vineam
1659 3875 1818 3932 velut

172 3965 520 4037 propagines
550 3963 1177 4036 filiorum,prohibetur
1207 3965 1279 4020 ad
1313 3964 1464 4021 bella
1507 3965 1817 4038 procedere

178 4053 346 4123 (Deut.
371 4053 690 4126 xx,6).Non
721 4053 878 4108 enim
909 4057 1100 4125 potest
1130 4053 1363 4109 Domini
1405 4054 1621 4110 servire
1662 4053 1814 4109 mili-

174 4142 257 4198 tiai
286 4159 494 4200 servus
527 4143 746 4199 uxoris.
779 4147 849 4200 Et
887 4143 958 4199 de
1007 4143 1263 4215 speculis
1311 4142 1625 4199 mulierum
1667 4144 1820 4215 jeju-

174 4230 639 4304 nantium,quasi
673 4248 745 4288 ne
776 4232 1112 4305 purissimis
1142 4232 1484 4304 corporibus
1520 4233 1817 4305 virginum

170 4319 312 4378 later
342 4323 402 4378 in
461 4321 844 4378 tabernaculo
903 4321 1212 4378 funditur:
1251 4326 1309 4378 et
1355 4321 1710 4378 intrinsecus
1756 4322 1816 4377 in

169 4448 249 4574 εει
278 4447 661 4516 Veronensis,
690 4450 801 4503 sive
848 4449 1162 4515 Dominum,
1226 4447 1307 4502 vel
1363 4452 1538 4504 Deum
1587 4449 1814 4520 loquen-

213 4535 282 4574 m.

213 4535 282 4574 m.

226 4593 249 4625 ²
277 4591 699 4648 Casanatensis
725 4607 862 4646 cum
900 4591 1076 4646 veteri
1128 4590 1404 4659 editione,
1456 4591 1762 4648 Abimeteeh
1799 4615 1818 4661 ,-

165 4665 215 4717 et
243 4663 418 4736 paulo
449 4667 606 4736 post,
638 4663 708 4719 ad
735 4663 1069 4736 munditiam
1094 4664 1357 4736 corporis.

1923 3433 2339 3503 interpretatur
2367 3433 2648 3499 revelatio,
2685 3429 3022 3498 ostendunt,
3056 3430 3196 3486 dum
3233 3431 3290 3486 in
3341 3448 3568 3505 praepu-

1923 3521 2004 3578 tio
2027 3519 2355 3576 ambularet
2383 3521 2644 3592 populus
2674 3536 2777 3591 per
2815 3520 3134 3588 desertum,
3184 3519 3386 3577 oculos
3439 3521 3569 3592 ejus

1923 3609 2106 3666 fuisse
2156 3613 2417 3665 caecatos.
2450 3608 2768 3665 Videamus
2825 3614 2883 3666 et
2938 3610 3376 3681 consequentia.
3438 3609 3574 3667 Post

1923 3698 2215 3772 Evangelii
2241 3698 2772 3765 circumcisionem,
2805 3703 2861 3755 et
2901 3699 3395 3755 consecrationem
3425 3701 3573 3756 duo-

1926 3788 2113 3845 decim
2135 3787 2400 3861 lapidum
2432 3788 2489 3842 in
2520 3787 2646 3844 loco
2676 3787 3068 3854 revelationis,
3101 3788 3302 3844 statim
3352 3788 3572 3845 Pascha

1925 3879 2254 3935 celebratur
2287 3897 2299 3934 :
2333 3877 2675 3934 immolatur
2702 3878 2788 3934 eis
2817 3893 3026 3950 agnus,
3059 3882 3116 3933 et
3144 3881 3358 3934 sanctae
3379 3879 3569 3935 Terra:

1924 3972 2243 4025 vescuntur
2271 3967 2587 4023 alimentis.
2631 3967 2944 4040 Egreditur
2987 3967 3179 4031 Jesus,
3215 3967 3470 4023 occurrit
3516 3965 3588 4025 ei'

1926 4057 2203 4128 Princeps
2235 4055 2457 4112 militiae
2489 4055 2752 4129 gladium
2802 4061 3032 4124 tenens,
3091 4057 3146 4111 id
3207 4061 3317 4125 est,
3347 4056 3437 4112 vel
3467 4053 3570 4130 pro

1926 4146 2273 4202 circumciso
2307 4145 2522 4218 p0pulo
2554 4161 2817 4219 pugnare
2848 4147 2991 4203 271
3035 4162 3096 4203 se
3118 4146 3569 4214 monstrans,vel

1927 4235 2227 4291 dissecans
2280 4233 2575 4306 glutinum
2631 4235 2995 4307 nuptiarum.
3053 4235 3452 4309 Similiterque
3507 4241 3574 4291 ut

1925 4323 2105 4397 Moysi
2135 4329 2487 4397 praeceptum
2521 4323 2729 4393 fuerat,
2762 4327 2819 4380 et
2840 4324 2977 4382 huic
3024 4325 3394 4398 praecipitur:
3425 4326 3571 4382 solve

1927 4451 2140 4523 ducere
2171 4453 2303 4523 post
2327 4449 2858 4523 circumcisionem,
2871 4449 3059 4523 juxta
3080 4467 3178 4506 eos
3209 4449 3308 4522 qui
3340 4450 3398 4505 in
3439 4450 3570 4523 Ma-

1927 4521 2300 4578 cbabaeorum
2332 4522 2486 4594 libro?
2509 4522 2785 4594 dicuntur
2815 4521 2926 4577 sibi
2957 4522 3164 4594 fecisse
3203 4521 3507 4594 praeputia.
3545 4544 3572 4571 ››

1930 4594 2106 4650 llausi
2133 4599 2328 4668 autem
2361 4593 2691 4668 ex__0rigen.
2726 4593 2828 4668 lib.
2866 4610 2921 4650 iv
2968 4593 3350 4668 περὶ-’ᾼρχῷνζ
3415 4597 3568 4668 0:2-

1925 4665 2160 4722 tametsi
2193 4665 2539 4733 Philocalize,
2567 4664 2621 4738 c.
2656 4667 2706 4738 1,
2740 4664 2938 4738 plures
2957 4664 3250 4722 exstitisse
3273 4664 3395 4738 non
3425 4664 3574 4719 difﬁ-

225 4715 272 4769 ’r
288 4715 480 4810 Falsor
507 4715 772 4810 legerant
820 4735 1103 4791 hactenus
1161 4715 1321 4810 e'diti,
1372 4735 1640 4810 Quomodo
1696 4739 1811 4807 ipse
1841 4715 1888 4780 D
1920 4739 2240 4810 teatur,qui
2265 4745 2328 4810 ut
2350 4715 3266 4810 circumcisionrisdifl‘ormitatem
3292 4735 3569 4810 celarent,

164 4803 225 4880 ad
250 4807 420 4880 patris
453 4803 739 4880 exequias,
774 4809 851 4880 ita
887 4811 1050 4879 pater
1105 4806 1174 4880 ad
1215 4823 1338 4861 eam
1387 4808 1611 4880 iubetur
1658 4803 1806 4864 acce-

163 4876 294 4933 dere.
329 4876 667 4935 Genuinam
702 4876 1010 4935 lectionem
1030 4897 1098 4934 ex
1117 4877 1522 4945 Veronensi,et
1542 4880 1809 4936 S.Crucis

165 4963 297 5004 mss.
331 4950 816 5022 restitui,quibus
848 4949 1260 5007 Casanatensis
1281 4948 1581 5022 paulisper
1603 4952 1811 5007 suifra-

165 5026 340 5096 gatur.
375 5022 539 5096 Vide
563 5023 889 5096 Levit.xx1,
930 5029 946 5077 ι
981 5026 1037 5079 et
1067 5038 1232 5094 seqq.
1258 5094 1266 5096 _
1288 5022 1533 5096 Gravius
1573 5040 1809 5096 quoque

163 5091 450 5177 calculum
469 5093 762 5168 addit,qui
783 5099 1056 5152 sanctum
1075 5095 1133 5151 in
1153 5091 1810 5153 i'erboaceedere'dilfert

166 5179 256 5234 pro
288 5167 568 5222 incedere.
686 5167 693 5168 “

224 5237 416 5320 ‘Mss.
477 5253 656 5321 gigas,
715 5239 872 5321 quod
928 5237 1083 5321 idem
1134 5240 1266 5321 cett.
1305 5236 1466 5321 lianc
1515 5237 1805 5321 tantulam

162 5309 409 5384 nominis
460 5308 856 5367 diﬂ‘erentiam
902 5308 1276 5384 rep_rehen_dit
1305 5308 1697 5384 Hieronymus
1746 5310 1806 5367 in

162 5378 446 5458 psalmum
483 5399 669 5450 Lxxv1,
701 5378 1132 5458 versu‘ul'timo.
1166 5381 1445 5458 Ejusdem
1467 5378 1558 5438 est
1576 5383 1806 5456 generis

162 5448 248 5508 illa
267 5470 448 5524 quam
483 5448 669 5526 supra
697 5471 765 5510 ex
794 5453 1005 5510 iisdem
1038 5469 1180 5526 mss.
1209 5448 1550 5526 notavimus
1577 5448 1806 5510 “Annam

161 5537 252 5590 pro
271 5526 478 5608 Quam.
522 5524 698 5608 Paulo
729 5532 862 5608 post
910 5527 970 5582 in
1023 5524 1402 5582 Casanatensi
1453 5527 1805 5584 vocabulum

161 5599 473 5664 nuptiarum
506 5598 892 5656 desideratur.

165 5739 173 5750 Ι
222 5667 456 5750 δρυξιω
495 5686 678 5750 supra
709 5671 900 5750 innuit
930 5687 1102 5750 num.
1128 5667 1321 5750 ll,_de
1353 5669 1652 5750 praeputio
1674 5687 1805 5726 sen-

161 5739 415 5816 tentiam,
452 5739 795 5816 constanter
825 5747 1010 5816 urget.
1044 5746 1112 5798 Et
1142 5740 1201 5796 in
1235 5739 1508 5805 Isa,’Ln':
1545 5765 1571 5816 (ς
1607 5743 1807 5816 Neque

163 5811 328 5883 enim,
362 5813 589 5888 inquit,
621 5811 932 5888 potestatis
962 5818 1174 5872 nostrae
1207 5816 1296 5870 est
1325 5813 1681 5886 prwputium
1699 5811 1806 5871 ad-

1923 4807 2122 4866 cutem’
2152 4807 2392 4865 medicis
2423 4810 2649 4864 artibus
2681 4809 3224 4880 superinducerent.
3266 4813 3427 4863 Certe
3457 4807 3567 4861 cir-

1918 4881 2338 4938 cumcisionem
2368 4880 2698 4936 obducendi
2719 4880 2866 4936 ratio
2897 4881 3157 4952 antiquis
3206 4880 3404 4952 ignota
3451 4895 3566 4934 non

1919 4953 2068 5021 fuit;
2102 4970 2236 5009 nam
2270 4959 2328 5009 et
2357 4953 2604 5008 Rabbini
2636 4952 2746 5078 ipsi
2781 4953 3022 5008 tradunt
3040 4950 3113 5008 ab
3136 4950 3284 5008 Esau
3312 4950 3570 5024 primum

1919 5030 2263 5078 usurpatam
2295 5029 2360 5078 ut
2390 5026 2461 5078 ab
2494 5025 2649 5078 Abra
2695 5025 2908 5078 ami.ac
2927 5024 3127 5078 Jacobi
3149 5024 3424 5078 religione
3442 5039 3568 5077 om-

1919 5030 2263 5098 usurpatam
2295 5029 2360 5080 ut
2390 5026 2461 5081 ab
2494 5024 2908 5098 Abrahami,ac
2927 5024 3127 5098 Jacobi
3149 5024 3424 5098 religione
3437 5039 3568 5098 om-

1920 5094 2481 5162 nino—descisceret,
2542 5103 2666 5151 tum
2725 5096 2796 5151 ab
2846 5096 3145 5160 Israelitis,
3203 5094 3283 5151 de
3352 5094 3568 5166 quibus

1919 5186 2075 5224 nunc
2102 5186 2292 5225 sermo
2325 5173 2432 5234 est,
2486 5169 2543 5223 in
2595 5169 2824 5224 deserto
2875 5169 2987 5223 sub
3034 5168 3234 5233 Josne,
3259 5173 3322 5224 ut
3350 5167 3566 5222 iterum

1917 5239 2051 5298 illos
2129 5240 2466 5313 circumcidi
2524 5244 2837 5313 oporteret.
2887 5239 3140 5313 Probant
3176 5256 3311 5296 vero
3353 5239 3565 5313 etiam

1919 5313 2188 5386 exempla
2227 5310 2578 5369 certissima
2604 5312 2666 5386 in
2719 5311 3056 5386 Scripturis,
3106 5329 3172 5367 ac
3228 5310 3571 5386 testimonia

1916 5383 2548 5472 Ephipanius'quoque
2584 5383 2659 5469 de
2712 5383 3010 5472 mensuris
3057 5389 3112 5472 et
3158 5383 3566 5472 ponderibus:

1914 5450 2090 5531 Τέχνῆ
2137 5456 2241 5509 τινὶ
2301 5450 2516 5531 iurgii-cf,
2579 5450 2683 5531 διὰΔ
2722 5458 2816 5531 top
2867 5450 3207 5531 xuloggaévdu
3268 5455 3566 5522 σπαοιστή-

1917 5522 2023 5602 ροξ
2061 5522 2159 5596 ’ἑὴν
2219 5530 2326 5580 τῶν
2389 5522 2588 5602 ὂμελῷν
2665 5522 3070 5602 ὑλιτοδξρματίδὰ
3140 5527 3565 5602 ὑποσπαομισθὲν-

1917 5590 2006 5661 ἶπες
2040 5643 2100 5654 ..
2149 5642 2160 5654 .
2208 5642 2219 5653 .
2269 5642 2279 5652 .
2339 5642 2349 5653 .
2405 5590 2418 5652 ξ
2478 5642 2490 5654 .
2542 5590 2897 5668 ἁκροϐυστίάίδ
2950 5601 3097 5661 αὖθις
3148 5599 3311 5668 αὐτὴν
3371 5599 3566 5654 ἀποτε-

1919 5668 2093 5726 λοῦσι.
2132 5675 2330 5726 Artem
2360 5670 2483 5743 ipse
2516 5672 2685 5726 docet
2731 5670 3036 5728 Cornelius
3080 5672 3303 5740 Celsus,
3353 5671 3570 5743 aliique

1916 5761 1985 5801 ex
2017 5743 2260 5801 medicis
2287 5742 2578 5816 ;Aminime
2609 5759 2740 5799 vero
2772 5743 3046 5816 dubitant
3075 5745 3185 5802 hac
3214 5745 3285 5801 de
3313 5742 3567 5801 reinter-

1918 5820 2148 5890 pretum
2172 5813 2523 5873 doctissimi.
