3944 6402
344 402 460 471 981

347 638 537 685 sancta
562 633 638 684 est
663 629 852 698 (Exod.
885 647 969 694 ιιι,
1000 631 1077 701 5).
1105 630 1253 697 Quia
1284 632 1369 687 sic
1421 637 1545 687 erat
1607 628 1836 685 Domini
1893 646 1984 685 ar-

347 723 542 774 matus
571 719 858 774 exercitus
887 718 946 773 in
977 720 1135 775 tubis
1183 719 1666 787 sacerdotalibus,
1712 718 1881 791 quasi
1911 718 1984 773 ad

344 806 731 879 evangelicam
764 808 1235 880 praedicationem
1267 810 1378 864 sub
1401 813 1536 880 typo
1558 807 1790 863 Jericho
1823 824 1991 863 mun-

346 896 458 952 dus
489 896 869 952 subvertitur.
902 898 970 952 Et
1000 901 1063 952 ut
1112 898 1341 953 inﬁnita
1388 901 1723 969 prmteream
1773 897 1987 967 (neque

342 984 501 1041 enim
532 1002 687 1040 nunc
720 985 866 1040 mihi
897 987 1260 1059 propositum
1293 992 1383 1041 est
1411 987 1610 1041 omnia
1638 984 1847 1040 veteris
1878 986 1982 1040 Te-

342 1074 617 1130 stamenti
648 1074 871 1146 aperire
903 1075 1217 1147 mysteria),
1253 1074 1512 1146 quinque
1561 1090 1745 1147 reges,
1793 1073 1892 1145 qui
1925 1074 1983 1127 in

343 1168 498 1219 terra
521 1163 991 1234 repromissionis
1015 1168 1149 1218 ante
1172 1164 1986 1235 regnabant,resistebantque

343 1252 674 1324 evangelica
703 1251 979 1307 exercitui
1011 1253 1113 1321 (Al.
1148 1252 1445 1322 exercitu),
1471 1252 1616 1307 Jesu
1667 1254 1982 1323 pugnante,

340 1343 695 1412 superantur
753 1340 929 1405 (Iosue
984 1341 1059 1410 ι).
1122 1341 1239 1395 Hoc
1293 1345 1431 1411 puto
1499 1339 1796 1395 intellectu
1856 1356 1985 1395 esse

340 1428 735 1499 perspicuum,
787 1429 942 1500 quod
1001 1435 1314 1501 antequam
1367 1428 1651 1485 Dominus
1698 1427 1981 1500 populum

337 1532 513 1572 suum
544 1517 817 1572 educeret
844 1517 916 1573 de
945 1517 1211 1589 .Egypto,
1245 1522 1301 1572 et
1350 1517 1795 1573 circumcideret
1823 1533 1979 1584 eum,

333 1604 516 1670 visus,
550 1605 849 1672 odoratus,
880 1608 1111 1676 gustus,
1144 1605 1406 1672 auditus,
1438 1609 1742 1676 tactusque
1775 1622 1980 1676 regna-

332 1693 544 1763 verint,
578 1696 635 1748 et
666 1692 757 1748 his
806 1692 978 1765 quasi
1030 1692 1398 1765 principibus
1445 1692 1661 1749 fuerint
1707 1693 1981 1749 universa

336 1783 623 1852 subjecta.
658 1782 813 1846 Quos
841 1782 1014 1837 Jesus
1046 1783 1116 1837 ad
1149 1781 1489 1853 speluncam
1544 1783 1801 1852 corporis
1836 1800 1977 1838 con-

1588 400 1654 470 ε.
1700 402 2012 471 EUSEBII
2055 401 2500 472 HIEHONYMI

346 538 781 597 calceamentnm
807 541 963 597 tuum
994 537 1010 576 ¹
1043 540 1209 598 Locus
1237 541 1387 598 enim
1410 543 1471 598 in
1500 557 1602 613 quo
1647 545 1776 608 stas,
1837 544 1985 596 terra
2011 541 2068 608 Α
2093 546 2221 599 sunt
2239 543 2399 614 pedes
2429 541 2598 615 (Psal.
2649 555 2821 609 Lxxn,
2879 539 2954 611 2).

3014 537 3277 611 Cumque
3323 535 3383 594 in
3435 531 3749 610 sepultura

2094 632 2259 698 Jesu,
2294 632 2438 688 liber
2468 631 2568 703 qui
2595 647 2663 686 ex
2694 628 2929 686 nomine
2976 630 3104 699 ejus
3149 626 3498 701 appellatur,
3549 623 3748 699 exple-

2095 726 2193 776 tus
2227 721 2337 788 sit;
2372 737 2608 776 rursum
2638 720 2698 774 in
2727 706 3006 775 Ju'dicum
3066 717 3382 781 volumine,
3441 716 3611 787 quasi
3660 714 3749 771 vi-

2094 827 2234 865 vens
2283 825 2715 881 resurgensque
2774 808 3256 863 describiturzet
3313 807 3424 862 sub
3477 804 3744 881 ἀνακεφα-

2097 895 2321 951 λαιώσει
2381 915 2559 971 opera
2615 896 2804 969 ipsius
2866 896 3263 968 praedicantur
3320 912 3333 951 :
3395 898 3454 949 et
3510 893 3747 966 legitur,

2094 986 2239 1043 Misit
2298 990 2449 1044 Iesus
2522 988 2807 1058 populum,
2883 990 2935 1041 et
3009 986 3267 1040 abierunt
3356 984 3466 1055 ﬁlii
3542 982 3743 1053 Israel,

2094 1079 2465 1148 unusquisque
2509 1078 2566 1131 in
2623 1074 2998 1131 hzredz'tatem
3064 1091 3242 1140 suam,
3297 1082 3358 1130 ut
3400 1072 3748 1144 possiderent

2092 1168 2299 1221 terram
2324 1168 2524 1235 (Iosue,
2556 1182 2709 1230 xx1v,
2768 1164 2880 1235 28).
2929 1168 3014 1230 Et,
3074 1165 3310 1218 Servivit
3364 1162 3601 1234 populus
3630 1162 3739 1217 Do-

2092 1257 2242 1311 mino
2298 1257 2504 1311 cunctis
2558 1255 2747 1310 diebus
2802 1255 2931 1308 Iesu
2988 1252 3147 1322 (Ibid.
3207 1252 3321 1320 3i),
3383 1255 3442 1307 et
3507 1255 3739 1306 cetera.

2092 1345 2299 1400 Statim
2360 1344 2739 1415 subjungitur
2792 1359 2805 1396 :
2867 1344 2929 1398 Et
2979 1344 3228 1396 mortuus
3284 1344 3361 1396 est
3406 1342 3534 1396 Iesu
3590 1339 3742 1395 Nave

2089 1448 2276 1487 servus
2305 1433 2527 1489 Domini
2567 1435 2785 1487 centum
2838 1430 3018 1486 decem
3071 1446 3349 1485 annorum
3407 1429 3563 1500 (Ibid.
3622 1429 3739 1499 29).

2092 1526 2267 1577 Porro
2298 1523 2525 1593 Moyses
2555 1521 2699 1575 vidit
2728 1524 2959 1575 tantum
2991 1524 3207 1589 terram
3240 1518 3739 1590 repromissionis,

2089 1615 2148 1666 et
2204 1612 2422 1666 intrare
2478 1627 2593 1665 non
2652 1608 2860 1680 potuit,
2918 1612 2971 1664 et
3029 1615 3281 1663 mortuus
3334 1614 3414 1663 est
3469 1608 3533 1663 in
3588 1611 3743 1661 terra

2087 1700 2240 1756 Moab
2271 1741 2285 1766 ,
2316 1708 2368 1755 et
2412 1700 2658 1770 sepelivit
2713 1714 2838 1753 eum
2897 1699 3168 1773 Dominus
3226 1698 3288 1750 in
3346 1696 3491 1750 valle
3547 1700 3737 1752 terrae.

2087 1789 2235 1845 Moab
2261 1790 2281 1822 ‘
2308 1796 2497 1844 contra
2526 1788 2745 1843 domum
2778 1785 3064 1856 Phologor,
3117 1793 3168 1841 el
3200 1801 3311 1840 non
3358 1787 3607 1854 cognovit
3650 1786 3741 1840 vir

334 1871 645 1942 fugientes,
679 1875 736 1926 et
766 1871 838 1925 ad
859 1871 1233 1926 tenebrosum
1292 1869 1508 1939 locum,
1569 1870 1763 1942 ipsum
1816 1872 1975 1943 inge-
2009 1878 2393 1969 Bsepulcrum
2422 1879 2540 1948 ejus
2570 1892 2738 1947 usque
2785 1877 2846 1929 in
2899 1875 3044 1929 diem
3101 1874 3245 1928 hunc
3302 1874 3480 1945 (Deut.
3540 1890 3737 1938 xxxiv,

334 1961 501 2017 diens
527 1975 739 2032 corpus
769 1963 790 1995 ²
820 1960 1110 2017 interfecit
1142 1977 1155 2015 :
1186 1966 1251 2015 ut
1300 1978 1399 2033 per
1447 1961 1501 2015 id
1554 1962 1975 2029 occiderentur,

334 2066 438 2122 per
466 2050 621 2120 quod
654 2053 787 2105 ante
819 2050 1160 2122 regnabant.

407 2142 492 2195 22.
528 2139 728 2210 Moyses
759 2142 959 2207 Legem
995 2140 1292 2209 signiﬁcat.
1351 2141 1666 2195 Vicenarius
1715 2157 1977 2196 numerus

331 2229 625 2299 infaustus.
676 2228 977 2299 Belphegor
1031 2228 1175 2300 apud
1241 2230 1504 2285 Hebraeos
1565 2234 1646 2284 est
1715 2230 1972 2300 Priapus.

327 2319 478 2374 Iesus
506 2333 617 2373 non
643 2319 935 2389 plangitur
960 2320 1296 2373 moriens.—
1331 2318 1541 2373 Verum
1564 2318 1691 2388 jam
1742 2323 1974 2390 tempus

327 2410 436 2474 est,
469 2411 535 2462 ut
563 2406 852 2462 castitatis
881 2406 1023 2462 Jesu
1066 2405 1344 2461 vexillum
1404 2405 1685 2462 levemus.
1747 2407 1974 2479 Moyses

328 2495 606 2552 scribitur
633 2494 913 2551 habuisse
947 2511 1206 2551 uxorem.
1239 2499 1471 2568 Moysen
1504 2502 1702 2551 autem
1752 2501 1808 2551 et
1863 2501 1972 2552 Do-

329 2584 528 2640 minus
557 2589 775 2650 noster,
807 2589 864 2638 et
890 2583 1203 2656 Apostolus
1233 2585 1693 2656 interpretantur
1734 2585 1920 2657 legem
1956 2604 1969 2641 :

232 2740 241 2747 ο
329 2674 551 2731 Habent
579 2673 792 2744 Moysen
821 2678 874 2728 et
898 2673 1193 2744 prophetas
1223 2674 1372 2745 (Luc.
1436 2691 1551 2741 xvn,
1581 2674 1694 2745 29).
1758 2674 1825 2728 Et
1850 2691 1861 2728 :
1896 2675 1973 2729 Ab

331 2761 505 2818 Adam
552 2777 721 2833 usque
774 2762 845 2817 ad
900 2761 1113 2833 Moysen
1161 2766 1408 2833 regnavit
1459 2767 1758 2834 peccatum,
1807 2764 1974 2818 etiam

327 2867 493 2923 super
513 2867 600 2907 eos
629 2852 725 2922 qui
754 2867 867 2906 non
894 2854 1266 2922 peccaverunt,
1311 2853 1371 2906 in
1417 2853 1782 2907 similitudine
1821 2867 1971 2924 prae-

327 2941 680 2996 varicationis
707 2940 831 2995 Adae
882 2941 1054 3009 (Rom.
1112 2957 1165 3007 v,
1235 2942 1321 3009 14)
1355 2957 1367 2995 :
1403 2940 1665 3012 nullique
1721 2942 1970 2997 dubium

326 3033 434 3097 est,
468 3029 525 3084 in
562 3031 808 3100 utroque
835 3027 1170 3084 testimonio
1214 3030 1449 3100 Moysen
1505 3028 1691 3101 legem
1751 3031 1972 3102 signifi-

326 3135 476 3175 care.
512 3118 676 3174 Sicut
705 3134 841 3189 ergo
872 3117 1123 3190 legimus
1155 3118 1310 3190 quod
1341 3118 1591 3191 Moyses,
1624 3120 1682 3174 id
1735 3125 1846 3187 est,
1882 3118 1971 3175 lex

2085 1969 2139 2034 5,
2167 1968 2244 2038 6).
2276 1967 2695 2038 Comparemus
2726 1964 3034 2035 utriusque
3077 1962 3439 2034 sepulturam
3465 1979 3478 2017 :
3505 1962 3738 2032 Moyses

2086 2055 2146 2111 in
2177 2060 2332 2111 terra
2357 2054 2524 2110 Moab
2554 2053 2825 2120 moritur,
2858 2052 3034 2108 Jesus
3065 2052 3125 2107 in
3158 2057 3312 2106 terra
3346 2051 3582 2107 Judazze.
3631 2048 3736 2107 Ille

2086 2144 2366 2216 sepelitur
2396 2144 2454 2198 in
2477 2142 2625 2197 valle
2656 2146 2861 2197 contra
2889 2141 3132 2196 domum
3163 2141 3395 2210 Phogor,
3439 2139 3595 2211 quod
3640 2139 3736 2195 in-

2085 2237 2442 2305 terpretatur
2471 2233 2780 2300 ignominia
2812 2230 3067 2301 (proprie
3097 2228 3314 2301 quippe
3345 2228 3573 2300 Phogor
3620 2226 3733 2282 lin-

2084 2339 2201 2395 gua
2252 2322 2482 2377 hebraaa
2539 2320 2783 2391 Priapus
2844 2317 3234 2391 appellatur);
3269 2317 3363 2373 hic
3413 2317 3474 2372 in
3532 2320 3735 2373 monte

2082 2410 2360 2483 Ephraim
2393 2410 2464 2465 ab
2497 2407 2771 2480 aquilone
2804 2407 3021 2462 montis
3054 2406 3228 2463 Gaas.
3254 2407 3325 2462 Et
3369 2410 3460 2463 est
3500 2405 3559 2461 in
3610 2421 3735 2461 ver-

2080 2499 2173 2556 bis
2203 2498 2574 2571 simplicibus
2627 2512 2859 2569 semper
2906 2496 3235 2552 divinarum
3288 2496 3731 2567 Scripturarum

2082 2606 2292 2645 sensus
2322 2585 2802 2660 angustior.Quia
2830 2585 2985 2658 apud
3032 2586 3269 2641 Judaaos
3300 2584 3486 2657 gloria
3513 2588 3639 2640 erat
3670 2584 3731 2640 in

2082 2678 2366 2751 partubus
2388 2681 2444 2732 ct
2472 2674 2960 2748 parturitionibus
2988 2692 3001 2740 ;
3035 2679 3093 2729 et
3130 2673 3444 2730 maledicta
3486 2673 3728 2741 sterilis,

2080 2784 2207 2839 quas
2239 2783 2354 2822 non
2386 2765 2640 2821 habebat
2670 2780 2868 2819 semen
2897 2764 2956 2818 in
2993 2762 3167 2819 Israel
3199 2781 3212 2824 ;
3245 2767 3302 2819 et
3332 2764 3538 2818 beatus
3557 2762 3730 2833 cujus

2081 2860 2206 2912 erat
2234 2871 2433 2910 semen
2467 2854 2526 2909 in
2552 2854 2710 2922 Sion,
2738 2857 2795 2909 et
2823 2852 3129 2908 domestici
3159 2851 3220 2907 in
3271 2850 3599 2907 Jerusalem
3624 2868 3637 2906 :
3671 2856 3732 2908 et

2080 2946 2139 3000 in
2171 2943 2571 3007 benedictione
2601 2940 2856 2997 maxima
2896 2942 3242 3013 ponebatur,
3279 2942 3423 2997 Uxor
3453 2943 3548 2995 tua
3584 2942 3732 2996 sicut

2077 3037 2207 3089 vitis
2229 3032 2515 3089 abundans
2547 3034 2605 3086 in
2632 3031 2891 3088 lateribus
2919 3030 3109 3085 domus
3137 3034 3269 3085 tuae.
3302 3030 3435 3085 Filii
3466 3032 3549 3085 tui
3589 3032 3731 3085 sicut

2080 3123 2311 3179 novellae
2366 3123 2638 3185 olivarum
2683 3122 2745 3175 in
2796 3120 3031 3174 circuitu
3110 3134 3315 3175 mensa:
3383 3126 3497 3175 tuae
3552 3119 3726 3189 (Psal.

326 3207 597 3265 habuerit
629 3224 864 3263 uxorem
894 3208 936 3275 ³,
971 3208 1212 3263 ostende
1252 3206 1393 3262 mihi
1442 3208 1644 3263 Jesum
1696 3211 1851 3264 Nave
1883 3208 1969 3264 vel
2011 3275 2041 3280 _
2080 3228 2289 3277 cxxvn,
2319 3212 2390 3266 3:
2426 3210 2640 3265 idcirco
2672 3207 3006 3280 sepulcrum
3037 3208 3166 3279 ejus
3196 3206 3453 3279 positum
3488 3207 3547 3262 in
3578 3206 3731 3263 valle

328 3314 569 3353 uxorem
602 3295 898 3362 habuisse,
916 3296 1003 3352 vel
1036 3296 1189 3351 ﬁlios
1216 3313 1228 3350 :
1263 3300 1324 3352 et
1380 3296 1428 3352 si
1486 3296 1742 3369 potueris
1803 3314 1968 3353 mon-
2000 3275 2042 3341 θ
2081 3275 2433 3357 describitur
2471 3303 2673 3355 contra
2701 3275 2943 3352 domum
2976 3275 3302 3368 ido'li,quod
3334 3295 3567 3368 proprie
3596 3295 3727 3351 libi-

330 3389 538 3450 strare,
567 3384 786 3440 victum
817 3401 911 3439 me
932 3399 1062 3441 esse
1091 3385 1333 3440 fatebor.
1393 3390 1460 3440 Et
1501 3390 1654 3442 certe
1703 3385 1972 3459 pulcher-

330 3475 549 3530 rimum
577 3476 741 3529 terrae
768 3473 979 3529 Judaeaa
1026 3472 1086 3528 in
1131 3473 1445 3544 partitione
1475 3476 1698 3547 accepit
1754 3475 1969 3545 locum,

330 3562 714 3634 moriturque,
748 3580 862 3617 non
896 3561 953 3618 in
986 3562 1273 3617 vicenario
1305 3579 1571 3631 numero,
1606 3564 1706 3636 qui
1740 3580 1975 3637 semper

329 3653 393 3709 in
419 3652 738 3725 Scripturis
768 3653 1063 3707 infaustus
1093 3656 1200 3718 est,
1242 3652 1301 3707 in
1334 3669 1448 3723 quo
1489 3653 1723 3708 servivit
1767 3653 1969 3722 Jacob,

328 3748 388 3799 et
415 3742 690 3798 venditus
720 3747 808 3798 est
835 3741 1076 3813 Josepb,
1108 3746 1164 3796 et
1193 3758 1364 3812 quem
1399 3741 1593 3813 diligit
1622 3742 1770 3798 Esau
1822 3743 1971 3799 acci-

332 3832 498 3906 piens
524 3832 582 3886 in
615 3848 680 3888 eo
713 3831 981 3903 quaedam
1014 3847 1279 3897 munera,
1338 3832 1439 3887 sed
1495 3830 1555 3886 in
1612 3832 1858 3900 decimo,
1900 3834 1971 3888 de

328 3921 501 3991 cujus
528 3919 701 3977 laude
732 3920 933 3976 crebro
965 3919 1255 3987 diximus;
1280 3920 1674 3994 sepeliturque
1698 3921 1755 3977 in
1784 3922 1972 3977 Tham-

325 4010 462 4065 nath
490 4026 635 4077 sure,
668 4009 726 4065 id
755 4013 862 4077 est,
907 4009 965 4064 in
1008 4011 1408 4081 perfectissimo
1476 4013 1820 4082 principatu,
1853 4011 1972 4066 sive

332 4098 391 4153 in
446 4098 598 4153 212
659 4114 903 4153 numero
959 4100 1289 4170 aperimenti
1342 4100 1521 4154 novi:
1554 4104 1620 4155 ut
1677 4100 1970 4172 virginum

330 4183 689 4257 significaret
746 4202 968 4256 greges,
1020 4186 1337 4243 Salvatoris
1401 4186 1619 4243 auxilio
1669 4192 1972 4259 coopertos

330 4273 391 4330 in
459 4278 657 4329 monte
723 4274 1020 4345 Ephraim,
1084 4274 1192 4331 hoc
1256 4279 1363 4343 est,
1457 4276 1516 4331 in
1584 4280 1781 4332 monte
1847 4279 1973 4348 fru-

328 4364 528 4434 gifero,
580 4362 652 4417 ab
719 4362 992 4434 aquilone
1058 4362 1274 4419 montis
1342 4364 1482 4419 Gaas
1555 4367 1709 4435 [mss.
1779 4366 1969 4433 Gaes],

331 4452 433 4524 qui
500 4450 918 4523 interpretalur
977 4455 1266 4510 commotio
1316 4472 1334 4507 :
1391 4453 1539 4508 Mons
1604 4454 1761 4509 enim
1817 4456 1972 4521 Sion,

329 4543 505 4598 latera
533 4543 829 4614 aquilonis,
880 4544 1072 4598 civitas
1124 4544 1271 4613 regis
1325 4545 1521 4612 magni
1575 4544 1754 4614 (Psal.
1800 4561 1972 4610 xcvn,

329 4720 596 4793 singulas
655 4720 1005 4776 tentationes
1062 4720 1204 4775 dicit
1254 4738 1267 4776 :
1309 4722 1413 4776 Mei
1468 4736 1591 4776 vero
1643 4736 1783 4794 pene
1835 4725 1971 4778 moti

399 4867 413 4899 ¹
453 4864 630 4920 Vetus
661 4863 838 4919 editio
866 4867 923 4918 et
955 4880 1096 4918 mss.
1132 4862 1314 4919 nostri
1347 4880 1572 4932 omnes,
1607 4864 1762 4921 Solve
1801 4868 1973 4922 corri-

325 4940 476 5007 giam
505 4935 864 4991 calceamenti
890 4936 994 5001 tui,
1027 4940 1131 4990 etc.

396 5019 418 5052 ²
450 5017 663 5073 Locum
695 5015 1138 5071 emendavimus
1183 5016 1363 5070 trium
1426 5032 1569 5071 mss.
1604 5018 1966 5073 auctoritate.

324 5090 515 5160 Antea
538 5088 875 5159 legebatur:
913 5087 1267 5160 Tenebrosum
1318 5087 1513 5149 locum,
1549 5088 1603 5141 id
1658 5092 1737 5143 est
1772 5090 1972 5160 ipsum

326 5157 689 5231 ingredientes
717 5174 933 5231 corpus,
966 5163 1068 5212 aut
1115 5157 1297 5231 nullo,
1340 5164 1441 5213 aut
1487 5157 1969 5231 depravatissimo

327 5230 505 5288 sensu
535 5256 550 5298 ;
582 5230 774 5303 innuit
806 5230 978 5284 modo
1008 5235 1072 5284 ut
1126 5230 1307 5303 vides,
1336 5236 1421 5303 iet
1476 5230 1778 5303 comparat
1834 5249 1969 5287 cum

324 5303 504 5358 Josue
534 5300 794 5372 quinque
825 5317 1071 5373 regnum
1098 5300 1311 5373 victore
1335 5300 1761 5359 incarnationis
1780 5303 1973 5358 Domi-

328 5373 470 5429 nicze
506 5373 873 5444 mysterium,
906 5372 1162 5443 ejusque
1208 5372 1510 5429 victoriam
1558 5376 1629 5430 de
1679 5376 1968 5431 sensibus.

327 5444 473 5500 Vide
504 5443 682 5499 JoSue
713 5462 767 5510 x,
799 5444 887 5497 20.

398 5528 420 5561 ³
451 5525 579 5579 Haec
606 5540 674 5597 ex
703 5521 1416 5597 Tertullia_no__sumpsisse
1474 5514 1862 5597 Hieronymus
1888 5526 1970 5581 vi-

328 5595 747 5668 deatur;__l_ibro
764 5594 932 5668 enim
956 5593 1021 5668 de
1050 5593 1411 5668 Monogamia,
1444 5601 1534 5654 c.6
1565 5615 1577 5651 :
1614 5622 1639 5648 «
1667 5593 1971 5654 Secundus

331 5667 545 5752 (inquit
576 5665 694 5748 ille)
725 5667 952 5748 Moyses
985 5665 1217 5752 (nempe
1236 5665 1407 5751 Iesus
1439 5670 1615 5752 Nave)
1645 5670 1847 5752 populi
1870 5687 1973 5752 se:

329 5739 636 5810 cundi,qui
657 5739 973 5810 imaginem
1004 5744 1267 5800 nostram
1295 5741 1357 5798 in
1393 5739 1846 5813 promissionem
1867 5742 1971 5799 Dei

2082 3390 2208 3446 dini
2238 3393 2631 3446 consecratur.
2688 3387 2805 3442 Nos
2837 3393 3032 3442 autem
3080 3386 3181 3457 qui
3239 3385 3567 3441 militamus
3614 3387 3730 3442 sub

2079 3480 2219 3536 Jesu
2250 3480 2414 3546 duce,
2446 3494 2635 3549 usque
2675 3476 2747 3532 ad
2793 3480 3138 3548 praesentem
3179 3474 3334 3530 diem
3382 3474 3730 3546 ignoramus

2082 3569 2181 3624 ubi
2213 3568 2440 3639 Moyses
2462 3566 2540 3622 sit
2563 3564 2849 3638 sepultus.
2886 3565 3045 3621 218
3076 3562 3521 3620 Contemnimus
3569 3562 3730 3619 enim

2080 3658 2310 3729 Phogor
2341 3657 2445 3727 (Al.
2482 3655 2742 3727 Phegor],
2775 3658 2833 3710 et
2861 3670 3097 3710 omnem
3143 3651 3529 3725 ignominiam
3573 3653 3729 3723 ejus,

2080 3748 2331 3804 scientes
2361 3745 2515 3817 quod
2549 3744 2650 3816 qui
2682 3743 2741 3799 in
2772 3760 2945 3800 carne
2992 3747 3151 3810 sunt,
3185 3743 3301 3798 Deo
3349 3742 3577 3813 placere
3608 3759 3730 3800 non

2081 3839 2348 3909 possunt.
2383 3834 2451 3889 Et
2483 3833 2764 3889 Dominus
2795 3836 2929 3889 ante
2947 3831 3234 3888 diluvium
3285 3846 3520 3903 quoque
3565 3832 3727 3889 dixe-

2081 3924 2157 3981 rit
2188 3942 2201 3981 :
2234 3925 2352 3980 Non
2404 3924 2752 3995 permanebit
2804 3922 3035 3993 spiritus
3083 3936 3235 3977 meus
3293 3922 3356 3975 in
3409 3920 3730 3977 hominibus

2082 4016 2228 4080 istis,
2255 4014 2387 4085 quia
2417 4028 2545 4067 caro
2570 4018 2696 4067 sunt
2751 4010 2903 4082 (Gen.
2952 4027 3031 4078 v1,
3081 4010 3158 4079 3).
3221 4008 3615 4075 Quamobrem
3668 4016 3730 4066 et

2082 4104 2310 4175 Moyses
2342 4102 2601 4157 moriens
2635 4100 2933 4173 plangitur
2960 4116 2994 4154 a
3046 4098 3260 4170 populo
3302 4097 3518 4154 Israel:
3551 4098 3734 4157 Jesus

2081 4195 2273 4247 autem
2308 4188 2478 4260 quasi
2509 4189 2766 4243 victurus
2795 4202 2910 4242 non
2942 4186 3262 4258 plangitur.
3310 4185 3544 4257 Nuptiae
3571 4186 3737 4243 enim

2082 4280 2370 4335 liniuntur
2400 4277 2458 4332 in
2492 4280 2700 4344 morte,
2729 4274 3038 4347 virginitas
3088 4278 3223 4348 post
3281 4278 3530 4331 mortem
3593 4274 3742 4331 inci-

2085 4368 2168 4442 pit
2197 4366 2485 4424 coronari.

2152 4459 2240 4513 23.
2298 4457 2486 4527 Iephte
2532 4455 2823 4509 temerarii
2887 4455 2995 4510 voti
3068 4455 3343 4526 arguitur.
3420 4453 3742 4511 Sacerdotes

2079 4546 2315 4619 plurimi
2343 4547 2586 4600 καῖον-αα.
2621 4545 2939 4598 Levitarum
2968 4544 3206 4599 habitus.
3258 4543 3427 4598 Error
3482 4543 3740 4599 Encrati-

210 4683 229 4709 .
326 4631 404 4703 3),
457 4647 581 4702 qum
647 4630 915 4703 opposita
979 4648 1211 4703 semper
1274 4630 1505 4686 invidiae
1568 4636 1677 4699 est,
1741 4636 1797 4687 et
1871 4637 2653 4713 perDtarum.——Samson
2713 4648 2947 4704 quoque
3004 4632 3274 4705 producit
3302 4632 3383 4686 ~in
3442 4630 3735 4701 medium,

2078 4738 2183 4779 nec
2231 4719 2599 4777 decalvatum
2659 4719 2958 4791 quondam
3020 4719 3254 4777 Domini
3294 4719 3653 4801 ‘Nazarazum
3705 4738 3743 4775 a

2078 4865 2393 4931 induxit,in
2425 4882 2543 4936 quo
2574 4864 2761 4937 primo
2787 4882 2999 4921 nomen
3026 4865 3252 4921 Domini
3276 4866 3509 4937 (nempe
3534 4862 3740 4937 Jesus)

2080 4937 2412 5010 dedicatum
2445 4935 2554 5004 est,
2576 4935 2845 5010 nonfuit
2875 4937 3172 5010 digamus.
3207 4962 3227 4989 ι
3260 4935 3512 5010 Ulterius
3534 4935 3738 4991 tamen

2080 5009 2453 5091 progreditur
2485 5014 2682 5091 noster
2712 5008 3122 5091 hieronymus,
3175 5008 3277 5091 qui
3334 5023 3610 5091 agamum
3654 5012 3735 5088 .et

2078 5078 2365 5153 virginem
2401 5080 2555 5153 facit.
2599 5078 2962 5136 Sententiam
2994 5078 3305 5153 hancejus
3337 5078 3546 5153 probat
3574 5078 3736 5151 epis-

2079 5151 2575 5225 tolainterpolata
2605 5153 2664 5207 S.
2700 5153 2909 5225 lgnatii
2941 5153 3012 5207 ad
3044 5151 3557 5225 Philadelphenos.

2151 5226 2172 5257 ‘
2202 5224 2572 5290 Veronensis,
2605 5228 2670 5279 Et
2697 5224 3029 5295 sepelierunt
3060 5241 3185 5280 eum
3214 5227 3275 5279 in
3320 5224 3464 5295 valle
3492 5225 3552 5277 in
3582 5229 3737 5295 terra

2079 5296 2276 5357 Moab;
2299 5297 2469 5365 juxta
2524 5291 2850 5351 versionem
2880 5299 2985 5348 τῶν
3046 5296 3209 5363 LXX,
3249 5294 3341 5349 aut
3400 5292 3597 5366 ἔθαψαν
3634 5291 3733 5347 αὐ-

2079 5367 2168 5421 τὸν
2206 5385 2219 5433 ;
2252 5383 2316 5421 ex
2354 5367 2590 5422 Hebraeo
2620 5372 2816 5422 tamen
2857 5367 3014 5423 hunc
3061 5366 3257 5423 locum
3291 5368 3470 5423 citare
3500 5366 3739 5421 videtur

2081 5439 2234 5495 Hier.
2270 5437 2501 5494 etiamsi
2527 5439 2872 5511 ambiguum
2904 5438 2987 5494 illi
3020 5456 3281 5507 sensum,
3303 5449 3397 5500 un
3425 5448 3539 5497 mn
3564 5447 3739 5498 εφη

2081 5533 2132 5581 et
2161 5528 2411 5581 sepelivit
2441 5543 2564 5581 eum
2594 5529 2655 5581 in.
2692 5529 2851 5581 valle.
2888 5527 3085 5581 addita
3133 5545 3271 5581 voce
3313 5529 3593 5581 Dominus.
3637 5470 3737 5581 iiic

3680 5542 3737 5581 10

2081 5533 2132 5583 et
2161 5528 2411 5599 sepelivit
2441 5543 2564 5582 eum
2594 5529 2655 5582 in
2692 5529 2851 5593 valle,
2888 5527 3085 5584 addita
3133 5545 3271 5585 voce
3312 5529 3593 5599 Dominus,

2082 5597 2417 5673 exaggera,
2438 5616 2613 5673 quam
2646 5616 2752 5655 nec
2783 5600 3066 5673 Xulgata,
3118 5617 3305 5673 neque
3354 5600 3484 5673 ipsa
3531 5597 3736 5673 Hiero-

2083 5670 2458 5800 nyrgiversio
2484 5671 2723 5728 habent.
2782 5670 2937 5727 Vid.‘
2973 5672 3145 5743 epist.
3193 5670 3285 5739 39,
3343 5670 3399 5727 n2
3458 5672 3514 5741 3,
3549 5674 3607 5726 et
3634 5670 3731 5743 60,

2084 5760 2143 5801 n.
2222 5786 2234 5798 .
