  <div class='ocr_page' id='page_1' title='image "/cluster/home/n/w/nwhite01/storage/ocr_20150623/23/umn.31951d034773078/136.png"; bbox 0 0 3944 6404; ppageno 0'>
   <div class='ocr_carea' id='block_1_1' title="bbox 224 415 329 490">
    <p class='ocr_par' dir='ltr' id='par_1_1' title="bbox 224 415 329 490">
     <span class='ocr_line' id='line_1_1' title="bbox 224 415 329 490; baseline 0.01 -1"><span class='ocrx_word' id='word_1_1' title='bbox 224 415 329 490; x_wconf 68' lang='lat'><strong>983</strong></span> 
     </span>
    </p>
   </div>
   <div class='ocr_carea' id='block_1_2' title="bbox 1277 414 2523 489">
    <p class='ocr_par' dir='ltr' id='par_1_2' title="bbox 1277 414 2523 489">
     <span class='ocr_line' id='line_1_2' title="bbox 1277 414 2523 489; baseline -0.003 0"><span class='ocrx_word' id='word_1_2' title='bbox 1277 422 1697 489; x_wconf 80' lang='lat' dir='ltr'><strong>ADVERSUS</strong></span> <span class='ocrx_word' id='word_1_3' title='bbox 1739 418 2234 489; x_wconf 80' lang='lat' dir='ltr'><strong>JOVINIANUM</strong></span> <span class='ocrx_word' id='word_1_4' title='bbox 2277 421 2428 487; x_wconf 84' lang='lat' dir='ltr'><strong>LIB.</strong></span> <span class='ocrx_word' id='word_1_5' title='bbox 2474 414 2523 488; x_wconf 88' lang='grc' dir='ltr'><strong>Ῑ.</strong></span> 
     </span>
    </p>
   </div>
   <div class='ocr_carea' id='block_1_3' title="bbox 3490 419 3615 487">
    <p class='ocr_par' dir='ltr' id='par_1_3' title="bbox 3490 419 3615 487">
     <span class='ocr_line' id='line_1_3' title="bbox 3490 419 3615 487; baseline -0.016 0"><span class='ocrx_word' id='word_1_6' title='bbox 3490 419 3615 487; x_wconf 72' lang='grc'><strong>254</strong></span> 
     </span>
    </p>
   </div>
   <div class='ocr_carea' id='block_1_4' title="bbox 226 554 3618 632">
    <p class='ocr_par' dir='ltr' id='par_1_4' title="bbox 226 554 3618 632">
     <span class='ocr_line' id='line_1_4' title="bbox 226 554 3618 632; baseline -0 -16"><span class='ocrx_word' id='word_1_7' title='bbox 226 556 448 616; x_wconf 77' lang='lat' dir='ltr'><strong>muliere</strong></span> <span class='ocrx_word' id='word_1_8' title='bbox 473 557 837 629; x_wconf 88' lang='lat' dir='ltr'><strong>considerat;</strong></span> <span class='ocrx_word' id='word_1_9' title='bbox 869 557 972 631; x_wconf 88' lang='lat' dir='ltr'><strong>qui</strong></span> <span class='ocrx_word' id='word_1_10' title='bbox 1000 556 1136 615; x_wconf 88' lang='lat' dir='ltr'><strong>licet</strong></span> <span class='ocrx_word' id='word_1_11' title='bbox 1162 562 1369 632; x_wconf 77' lang='lat' dir='ltr'><strong>typum</strong></span> <span class='ocrx_word' id='word_1_12' title='bbox 1400 561 1597 615; x_wconf 82' lang='lat' dir='ltr'><strong>teneat</strong></span> <span class='ocrx_word' id='word_1_13' title='bbox 1624 555 1845 629; x_wconf 71' lang='lat' dir='ltr'><strong>[Salva-</strong></span> <span class='ocrx_word' id='word_1_14' title='bbox 1875 554 1931 622; x_wconf 76' lang='grc' dir='ltr'><strong>Α</strong></span> <span class='ocrx_word' id='word_1_15' title='bbox 1961 555 2070 622; x_wconf 88' lang='lat' dir='ltr'><strong>Qui</strong></span> <span class='ocrx_word' id='word_1_16' title='bbox 2096 572 2231 613; x_wconf 92' lang='lat' dir='ltr'><strong>eum</strong></span> <span class='ocrx_word' id='word_1_17' title='bbox 2263 561 2321 613; x_wconf 91' lang='lat' dir='ltr'><strong>et</strong></span> <span class='ocrx_word' id='word_1_18' title='bbox 2347 556 2459 631; x_wconf 84' lang='lat' dir='ltr'><strong>ipsi</strong></span> <span class='ocrx_word' id='word_1_19' title='bbox 2487 574 2698 616; x_wconf 77' lang='lat' dir='ltr'><strong>uxores</strong></span> <span class='ocrx_word' id='word_1_20' title='bbox 2740 555 3078 627; x_wconf 80' lang='lat' dir='ltr'><strong>habuerint,</strong></span> <span class='ocrx_word' id='word_1_21' title='bbox 3110 559 3266 616; x_wconf 87' lang='lat' dir='ltr'><strong>recte</strong></span> <span class='ocrx_word' id='word_1_22' title='bbox 3310 555 3481 615; x_wconf 89' lang='lat' dir='ltr'><strong>nobis</strong></span> <span class='ocrx_word' id='word_1_23' title='bbox 3511 573 3618 631; x_wconf 86' lang='lat' dir='ltr'><strong>op-</strong></span> 
     </span>
    </p>
   </div>
   <div class='ocr_carea' id='block_1_5' title="bbox 225 644 1852 721">
    <p class='ocr_par' dir='ltr' id='par_1_5' title="bbox 225 644 1852 721">
     <span class='ocr_line' id='line_1_5' title="bbox 225 644 1852 721; baseline -0.002 -17"><span class='ocrx_word' id='word_1_24' title='bbox 225 648 522 720; x_wconf 87' lang='lat' dir='ltr'><strong>toris,quod</strong></span> <span class='ocrx_word' id='word_1_25' title='bbox 554 648 917 705; x_wconf 85' lang='lat' dir='ltr'><strong>meretricem</strong></span> <span class='ocrx_word' id='word_1_26' title='bbox 953 664 1021 704; x_wconf 86' lang='lat' dir='ltr'><strong>ex</strong></span> <span class='ocrx_word' id='word_1_27' title='bbox 1051 648 1326 721; x_wconf 86' lang='lat' dir='ltr'><strong>gentibus</strong></span> <span class='ocrx_word' id='word_1_28' title='bbox 1347 647 1635 703; x_wconf 88' lang='lat' dir='ltr'><strong>adamarit</strong></span> <span class='ocrx_word' id='word_1_29' title='bbox 1664 644 1852 703; x_wconf 89' lang='lat' dir='ltr'><strong>Eccle-</strong></span> 
     </span>
    </p>
   </div>
   <div class='ocr_carea' id='block_1_6' title="bbox 228 736 1851 810">
    <p class='ocr_par' dir='ltr' id='par_1_6' title="bbox 228 736 1851 810">
     <span class='ocr_line' id='line_1_6' title="bbox 228 736 1851 810; baseline -0.002 -17"><span class='ocrx_word' id='word_1_30' title='bbox 228 737 481 793; x_wconf 79' lang='lat' dir='ltr'><strong>siamzet</strong></span> <span class='ocrx_word' id='word_1_31' title='bbox 504 737 689 793; x_wconf 87' lang='lat' dir='ltr'><strong>multo</strong></span> <span class='ocrx_word' id='word_1_32' title='bbox 748 738 948 810; x_wconf 87' lang='lat' dir='ltr'><strong>plures</strong></span> <span class='ocrx_word' id='word_1_33' title='bbox 1004 738 1263 794; x_wconf 89' lang='lat' dir='ltr'><strong>hostium</strong></span> <span class='ocrx_word' id='word_1_34' title='bbox 1334 736 1612 802; x_wconf 89' lang='lat' dir='ltr'><strong>moriens,</strong></span> <span class='ocrx_word' id='word_1_35' title='bbox 1673 751 1851 807; x_wconf 92' lang='lat' dir='ltr'><strong>quam</strong></span> 
     </span>
    </p>
   </div>
   <div class='ocr_carea' id='block_1_7' title="bbox 228 825 1851 899">
    <p class='ocr_par' dir='ltr' id='par_1_7' title="bbox 228 825 1851 899">
     <span class='ocr_line' id='line_1_7' title="bbox 228 825 1851 899; baseline 0 -19"><span class='ocrx_word' id='word_1_36' title='bbox 228 826 376 882; x_wconf 89' lang='lat' dir='ltr'><strong>vivus</strong></span> <span class='ocrx_word' id='word_1_37' title='bbox 404 826 711 882; x_wconf 90' lang='lat' dir='ltr'><strong>occiderit:</strong></span> <span class='ocrx_word' id='word_1_38' title='bbox 748 832 941 882; x_wconf 85' lang='lat' dir='ltr'><strong>tamen</strong></span> <span class='ocrx_word' id='word_1_39' title='bbox 973 825 1299 899; x_wconf 88' lang='lat' dir='ltr'><strong>conjugalis</strong></span> <span class='ocrx_word' id='word_1_40' title='bbox 1329 826 1625 898; x_wconf 79' lang='lat' dir='ltr'><strong>pudicitiae</strong></span> <span class='ocrx_word' id='word_1_41' title='bbox 1657 841 1851 881; x_wconf 87' lang='lat' dir='ltr'><strong>exem-</strong></span> 
     </span>
    </p>
   </div>
   <div class='ocr_carea' id='block_1_8' title="bbox 233 914 1853 987">
    <p class='ocr_par' dir='ltr' id='par_1_8' title="bbox 233 914 1853 987">
     <span class='ocr_line' id='line_1_8' title="bbox 233 914 1853 987; baseline 0.001 -18"><span class='ocrx_word' id='word_1_42' title='bbox 233 914 316 987; x_wconf 86' lang='lat' dir='ltr'><strong>pla</strong></span> <span class='ocrx_word' id='word_1_43' title='bbox 346 931 453 970; x_wconf 89' lang='lat' dir='ltr'><strong>non</strong></span> <span class='ocrx_word' id='word_1_44' title='bbox 482 916 720 987; x_wconf 75' lang='lat' dir='ltr'><strong>praebet.</strong></span> <span class='ocrx_word' id='word_1_45' title='bbox 754 916 823 971; x_wconf 86' lang='lat' dir='ltr'><strong>Et</strong></span> <span class='ocrx_word' id='word_1_46' title='bbox 852 920 1005 971; x_wconf 88' lang='lat' dir='ltr'><strong>certe</strong></span> <span class='ocrx_word' id='word_1_47' title='bbox 1053 914 1164 971; x_wconf 83' lang='lat' dir='ltr'><strong>iste</strong></span> <span class='ocrx_word' id='word_1_48' title='bbox 1211 920 1300 971; x_wconf 92' lang='lat' dir='ltr'><strong>est</strong></span> <span class='ocrx_word' id='word_1_49' title='bbox 1343 915 1669 971; x_wconf 88' lang='lat' dir='ltr'><strong>secundum</strong></span> <span class='ocrx_word' id='word_1_50' title='bbox 1718 930 1853 986; x_wconf 89' lang='lat' dir='ltr'><strong>pro-</strong></span> 
     </span>
    </p>
   </div>
   <div class='ocr_carea' id='block_1_9' title="bbox 229 1003 1857 1077">
    <p class='ocr_par' dir='ltr' id='par_1_9' title="bbox 229 1003 1857 1077">
     <span class='ocr_line' id='line_1_9' title="bbox 229 1003 1857 1077; baseline -0.001 -19"><span class='ocrx_word' id='word_1_51' title='bbox 229 1003 461 1075; x_wconf 89' lang='lat' dir='ltr'><strong>phetiam</strong></span> <span class='ocrx_word' id='word_1_52' title='bbox 488 1003 667 1060; x_wconf 88' lang='lat' dir='ltr'><strong>Jacob</strong></span> <span class='ocrx_word' id='word_1_53' title='bbox 700 1004 852 1077; x_wconf 89' lang='lat' dir='ltr'><strong>(Gen.</strong></span> <span class='ocrx_word' id='word_1_54' title='bbox 885 1022 1036 1074; x_wconf 77' lang='lat' dir='ltr'><strong>xnix,</strong></span> <span class='ocrx_word' id='word_1_55' title='bbox 1093 1005 1205 1075; x_wconf 78' lang='lat' dir='ltr'><strong>l7),</strong></span> <span class='ocrx_word' id='word_1_56' title='bbox 1256 1005 1357 1076; x_wconf 91' lang='lat' dir='ltr'><strong>qui</strong></span> <span class='ocrx_word' id='word_1_57' title='bbox 1409 1021 1542 1060; x_wconf 90' lang='lat' dir='ltr'><strong>eum</strong></span> <span class='ocrx_word' id='word_1_58' title='bbox 1591 1003 1857 1060; x_wconf 89' lang='lat' dir='ltr'><strong>concitus</strong></span> 
     </span>
    </p>
   </div>
   <div class='ocr_carea' id='block_1_10' title="bbox 229 1093 1854 1166">
    <p class='ocr_par' dir='ltr' id='par_1_10' title="bbox 229 1093 1854 1166">
     <span class='ocr_line' id='line_1_10' title="bbox 229 1093 1854 1166; baseline -0.001 -17"><span class='ocrx_word' id='word_1_59' title='bbox 229 1093 347 1164; x_wconf 88' lang='lat' dir='ltr'><strong>equi</strong></span> <span class='ocrx_word' id='word_1_60' title='bbox 398 1093 736 1166; x_wconf 83' lang='lat' dir='ltr'><strong>pernicitate</strong></span> <span class='ocrx_word' id='word_1_61' title='bbox 787 1094 1054 1161; x_wconf 87' lang='lat' dir='ltr'><strong>ferretur,</strong></span> <span class='ocrx_word' id='word_1_62' title='bbox 1117 1111 1151 1151; x_wconf 92' lang='lat' dir='ltr'><strong>a</strong></span> <span class='ocrx_word' id='word_1_63' title='bbox 1194 1100 1460 1166; x_wconf 90' lang='lat' dir='ltr'><strong>serpente</strong></span> <span class='ocrx_word' id='word_1_64' title='bbox 1515 1109 1854 1166; x_wconf 90' lang='lat' dir='ltr'><strong>percussus,</strong></span> 
     </span>
    </p>
   </div>
   <div class='ocr_carea' id='block_1_11' title="bbox 230 1182 1859 1249">
    <p class='ocr_par' dir='ltr' id='par_1_11' title="bbox 230 1182 1859 1249">
     <span class='ocr_line' id='line_1_11' title="bbox 230 1182 1859 1249; baseline 0 -12"><span class='ocrx_word' id='word_1_65' title='bbox 230 1186 525 1237; x_wconf 83' lang='lat' dir='ltr'><strong>retrorsum</strong></span> <span class='ocrx_word' id='word_1_66' title='bbox 553 1182 781 1238; x_wconf 89' lang='lat' dir='ltr'><strong>cecidit.</strong></span> <span class='ocrx_word' id='word_1_67' title='bbox 814 1183 1137 1239; x_wconf 85' lang='lat' dir='ltr'><strong>Debboram</strong></span> <span class='ocrx_word' id='word_1_68' title='bbox 1169 1187 1366 1239; x_wconf 90' lang='lat' dir='ltr'><strong>autem</strong></span> <span class='ocrx_word' id='word_1_69' title='bbox 1415 1189 1474 1238; x_wconf 89' lang='lat' dir='ltr'><strong>et</strong></span> <span class='ocrx_word' id='word_1_70' title='bbox 1502 1183 1747 1249; x_wconf 81' lang='lat' dir='ltr'><strong>Barach,</strong></span> <span class='ocrx_word' id='word_1_71' title='bbox 1801 1185 1859 1238; x_wconf 90' lang='lat' dir='ltr'><strong>ct</strong></span> 
     </span>
    </p>
   </div>
   <div class='ocr_carea' id='block_1_12' title="bbox 230 1272 1854 1347">
    <p class='ocr_par' dir='ltr' id='par_1_12' title="bbox 230 1272 1854 1347">
     <span class='ocr_line' id='line_1_12' title="bbox 230 1272 1854 1347; baseline 0.001 -21"><span class='ocrx_word' id='word_1_72' title='bbox 230 1287 443 1327; x_wconf 84' lang='lat' dir='ltr'><strong>uxorem</strong></span> <span class='ocrx_word' id='word_1_73' title='bbox 473 1272 626 1327; x_wconf 88' lang='lat' dir='ltr'><strong>Aber</strong></span> <span class='ocrx_word' id='word_1_74' title='bbox 656 1272 806 1343; x_wconf 86' lang='lat' dir='ltr'><strong>[mss.</strong></span> <span class='ocrx_word' id='word_1_75' title='bbox 840 1272 1087 1347; x_wconf 58' lang='lat' dir='ltr'><strong>Chaber]</strong></span> <span class='ocrx_word' id='word_1_76' title='bbox 1130 1273 1301 1345; x_wconf 76' lang='lat' dir='ltr'><strong>Cynei</strong></span> <span class='ocrx_word' id='word_1_77' title='bbox 1345 1290 1450 1328; x_wconf 90' lang='lat' dir='ltr'><strong>cur</strong></span> <span class='ocrx_word' id='word_1_78' title='bbox 1478 1288 1854 1329; x_wconf 89' lang='lat' dir='ltr'><strong>enumerave-</strong></span> 
     </span>
    </p>
   </div>
   <div class='ocr_carea' id='block_1_13' title="bbox 229 1359 1855 1434">
    <p class='ocr_par' dir='ltr' id='par_1_13' title="bbox 229 1359 1855 1434">
     <span class='ocr_line' id='line_1_13' title="bbox 229 1359 1855 1434; baseline 0 -20"><span class='ocrx_word' id='word_1_79' title='bbox 229 1359 312 1425; x_wconf 83' lang='lat' dir='ltr'><strong>rit,</strong></span> <span class='ocrx_word' id='word_1_80' title='bbox 340 1377 575 1431; x_wconf 87' lang='lat' dir='ltr'><strong>prorsus</strong></span> <span class='ocrx_word' id='word_1_81' title='bbox 606 1378 721 1417; x_wconf 87' lang='lat' dir='ltr'><strong>non</strong></span> <span class='ocrx_word' id='word_1_82' title='bbox 754 1360 1055 1434; x_wconf 82' lang='lat' dir='ltr'><strong>intelligo:</strong></span> <span class='ocrx_word' id='word_1_83' title='bbox 1084 1379 1217 1417; x_wconf 92' lang='lat' dir='ltr'><strong>cum</strong></span> <span class='ocrx_word' id='word_1_84' title='bbox 1250 1361 1409 1418; x_wconf 89' lang='lat' dir='ltr'><strong>aliud</strong></span> <span class='ocrx_word' id='word_1_85' title='bbox 1444 1362 1523 1417; x_wconf 88' lang='lat' dir='ltr'><strong>sit</strong></span> <span class='ocrx_word' id='word_1_86' title='bbox 1570 1360 1855 1417; x_wconf 91' lang='lat' dir='ltr'><strong>bellorum</strong></span> 
     </span>
    </p>
   </div>
   <div class='ocr_carea' id='block_1_14' title="bbox 229 1448 1859 1523">
    <p class='ocr_par' dir='ltr' id='par_1_14' title="bbox 229 1448 1859 1523">
     <span class='ocr_line' id='line_1_14' title="bbox 229 1448 1859 1523; baseline 0.001 -20"><span class='ocrx_word' id='word_1_87' title='bbox 229 1448 503 1523; x_wconf 88' lang='lat' dir='ltr'><strong>principes</strong></span> <span class='ocrx_word' id='word_1_88' title='bbox 533 1455 592 1506; x_wconf 87' lang='lat' dir='ltr'><strong>et</strong></span> <span class='ocrx_word' id='word_1_89' title='bbox 619 1449 877 1506; x_wconf 75' lang='lat' dir='ltr'><strong>historiae</strong></span> <span class='ocrx_word' id='word_1_90' title='bbox 905 1451 1171 1507; x_wconf 85' lang='lat' dir='ltr'><strong>ordinem</strong></span> <span class='ocrx_word' id='word_1_91' title='bbox 1193 1455 1383 1507; x_wconf 83' lang='lat' dir='ltr'><strong>texere</strong></span> <span class='ocrx_word' id='word_1_92' title='bbox 1408 1467 1422 1506; x_wconf 88' lang='lat'>:</span> <span class='ocrx_word' id='word_1_93' title='bbox 1456 1450 1615 1507; x_wconf 82' lang='lat' dir='ltr'><strong>aliud</strong></span> <span class='ocrx_word' id='word_1_94' title='bbox 1639 1451 1859 1522; x_wconf 89' lang='lat' dir='ltr'><strong>ﬁguras</strong></span> 
     </span>
    </p>
   </div>
   <div class='ocr_carea' id='block_1_15' title="bbox 231 1537 1858 1612">
    <p class='ocr_par' dir='ltr' id='par_1_15' title="bbox 231 1537 1858 1612">
     <span class='ocr_line' id='line_1_15' title="bbox 231 1537 1858 1612; baseline 0.001 -20"><span class='ocrx_word' id='word_1_95' title='bbox 231 1537 440 1610; x_wconf 85' lang='lat' dir='ltr'><strong>aliquas</strong></span> <span class='ocrx_word' id='word_1_96' title='bbox 470 1538 804 1611; x_wconf 87' lang='lat' dir='ltr'><strong>signiﬁcare</strong></span> <span class='ocrx_word' id='word_1_97' title='bbox 833 1538 1114 1612; x_wconf 86' lang='lat' dir='ltr'><strong>conjugii,</strong></span> <span class='ocrx_word' id='word_1_98' title='bbox 1164 1556 1290 1611; x_wconf 67' lang='lat' dir='ltr'><strong>quae</strong></span> <span class='ocrx_word' id='word_1_99' title='bbox 1338 1539 1398 1595; x_wconf 91' lang='lat' dir='ltr'><strong>in</strong></span> <span class='ocrx_word' id='word_1_100' title='bbox 1442 1539 1574 1596; x_wconf 90' lang='lat' dir='ltr'><strong>istis</strong></span> <span class='ocrx_word' id='word_1_101' title='bbox 1618 1539 1858 1594; x_wconf 87' lang='lat' dir='ltr'><strong>omnino</strong></span> 
     </span>
    </p>
   </div>
   <div class='ocr_carea' id='block_1_16' title="bbox 230 1626 1859 1701">
    <p class='ocr_par' dir='ltr' id='par_1_16' title="bbox 230 1626 1859 1701">
     <span class='ocr_line' id='line_1_16' title="bbox 230 1626 1859 1701; baseline 0 -19"><span class='ocrx_word' id='word_1_102' title='bbox 230 1642 333 1683; x_wconf 92' lang='lat' dir='ltr'><strong>non</strong></span> <span class='ocrx_word' id='word_1_103' title='bbox 362 1633 717 1700; x_wconf 89' lang='lat' dir='ltr'><strong>comparent.</strong></span> <span class='ocrx_word' id='word_1_104' title='bbox 752 1632 928 1684; x_wconf 90' lang='lat' dir='ltr'><strong>Porro</strong></span> <span class='ocrx_word' id='word_1_105' title='bbox 961 1628 1116 1701; x_wconf 88' lang='lat' dir='ltr'><strong>quod</strong></span> <span class='ocrx_word' id='word_1_106' title='bbox 1148 1630 1380 1701; x_wconf 74' lang='lat' dir='ltr'><strong>praefert</strong></span> <span class='ocrx_word' id='word_1_107' title='bbox 1417 1628 1629 1701; x_wconf 88' lang='lat' dir='ltr'><strong>Jephte</strong></span> <span class='ocrx_word' id='word_1_108' title='bbox 1676 1626 1859 1700; x_wconf 85' lang='lat' dir='ltr'><strong>patris</strong></span> 
     </span>
    </p>
   </div>
   <div class='ocr_carea' id='block_1_17' title="bbox 231 1716 1863 1791">
    <p class='ocr_par' dir='ltr' id='par_1_17' title="bbox 231 1716 1863 1791">
     <span class='ocr_line' id='line_1_17' title="bbox 231 1716 1863 1791; baseline 0.001 -20"><span class='ocrx_word' id='word_1_109' title='bbox 231 1716 389 1772; x_wconf 84' lang='lat' dir='ltr'><strong>ﬁdem</strong></span> <span class='ocrx_word' id='word_1_110' title='bbox 418 1716 694 1790; x_wconf 85' lang='lat' dir='ltr'><strong>lacrymis</strong></span> <span class='ocrx_word' id='word_1_111' title='bbox 738 1717 981 1791; x_wconf 82' lang='lat' dir='ltr'><strong>virginis</strong></span> <span class='ocrx_word' id='word_1_112' title='bbox 1020 1717 1176 1784; x_wconf 68' lang='lat' dir='ltr'><strong>ﬁliae,</strong></span> <span class='ocrx_word' id='word_1_113' title='bbox 1228 1735 1331 1790; x_wconf 90' lang='lat' dir='ltr'><strong>pro</strong></span> <span class='ocrx_word' id='word_1_114' title='bbox 1381 1717 1552 1774; x_wconf 90' lang='lat' dir='ltr'><strong>nobis</strong></span> <span class='ocrx_word' id='word_1_115' title='bbox 1601 1717 1758 1774; x_wconf 82' lang='lat' dir='ltr'><strong>facit.</strong></span> <span class='ocrx_word' id='word_1_116' title='bbox 1794 1718 1863 1773; x_wconf 86' lang='lat' dir='ltr'><strong>Et</strong></span> 
     </span>
    </p>
   </div>
   <div class='ocr_carea' id='block_1_18' title="bbox 229 1805 1860 1879">
    <p class='ocr_par' dir='ltr' id='par_1_18' title="bbox 229 1805 1860 1879">
     <span class='ocr_line' id='line_1_18' title="bbox 229 1805 1860 1879; baseline 0.001 -19"><span class='ocrx_word' id='word_1_117' title='bbox 229 1821 325 1862; x_wconf 88' lang='lat' dir='ltr'><strong>nos</strong></span> <span class='ocrx_word' id='word_1_118' title='bbox 350 1805 504 1862; x_wconf 90' lang='lat' dir='ltr'><strong>enim</strong></span> <span class='ocrx_word' id='word_1_119' title='bbox 536 1823 652 1863; x_wconf 89' lang='lat' dir='ltr'><strong>non</strong></span> <span class='ocrx_word' id='word_1_120' title='bbox 686 1810 808 1862; x_wconf 88' lang='lat' dir='ltr'><strong>tam</strong></span> <span class='ocrx_word' id='word_1_121' title='bbox 838 1805 1110 1879; x_wconf 84' lang='lat' dir='ltr'><strong>virgines.</strong></span> <span class='ocrx_word' id='word_1_122' title='bbox 1140 1806 1360 1874; x_wconf 80' lang='lat' dir='ltr'><strong>saeculi,</strong></span> <span class='ocrx_word' id='word_1_123' title='bbox 1394 1823 1574 1879; x_wconf 90' lang='lat' dir='ltr'><strong>quam</strong></span> <span class='ocrx_word' id='word_1_124' title='bbox 1606 1822 1704 1862; x_wconf 90' lang='lat' dir='ltr'><strong>eas</strong></span> <span class='ocrx_word' id='word_1_125' title='bbox 1731 1822 1860 1878; x_wconf 69' lang='lat' dir='ltr'><strong>quae</strong></span> 
     </span>
    </p>
   </div>
   <div class='ocr_carea' id='block_1_19' title="bbox 1962 647 3611 716">
    <p class='ocr_par' dir='ltr' id='par_1_19' title="bbox 1962 647 3611 716">
     <span class='ocr_line' id='line_1_19' title="bbox 1962 647 3611 716; baseline 0.002 -17"><span class='ocrx_word' id='word_1_126' title='bbox 1962 649 2337 716; x_wconf 89' lang='lat' dir='ltr'><strong>ponerentur,</strong></span> <span class='ocrx_word' id='word_1_127' title='bbox 2370 647 2417 702; x_wconf 90' lang='lat' dir='ltr'><strong>si</strong></span> <span class='ocrx_word' id='word_1_128' title='bbox 2451 663 2643 704; x_wconf 89' lang='lat' dir='ltr'><strong>errore</strong></span> <span class='ocrx_word' id='word_1_129' title='bbox 2675 647 3101 705; x_wconf 85' lang='lat' dir='ltr'><strong>Eneratitarum</strong></span> <span class='ocrx_word' id='word_1_130' title='bbox 3147 647 3328 715; x_wconf 87' lang='lat' dir='ltr'><strong>ducti,</strong></span> <span class='ocrx_word' id='word_1_131' title='bbox 3374 651 3611 704; x_wconf 86' lang='lat' dir='ltr'><strong>conten-</strong></span> 
     </span>
    </p>
   </div>
   <div class='ocr_carea' id='block_1_20' title="bbox 1964 735 3616 810">
    <p class='ocr_par' dir='ltr' id='par_1_20' title="bbox 1964 735 3616 810">
     <span class='ocr_line' id='line_1_20' title="bbox 1964 735 3616 810; baseline 0.002 -21"><span class='ocrx_word' id='word_1_132' title='bbox 1964 735 2239 790; x_wconf 89' lang='lat' dir='ltr'><strong>deremus</strong></span> <span class='ocrx_word' id='word_1_133' title='bbox 2292 736 2671 792; x_wconf 88' lang='lat' dir='ltr'><strong>matrimonia</strong></span> <span class='ocrx_word' id='word_1_134' title='bbox 2717 738 3085 810; x_wconf 90' lang='lat' dir='ltr'><strong>reprobanda</strong></span> <span class='ocrx_word' id='word_1_135' title='bbox 3136 755 3148 793; x_wconf 92' lang='lat'><strong>:</strong></span> <span class='ocrx_word' id='word_1_136' title='bbox 3200 740 3258 792; x_wconf 93' lang='lat' dir='ltr'><strong>et</strong></span> <span class='ocrx_word' id='word_1_137' title='bbox 3303 753 3419 793; x_wconf 91' lang='lat' dir='ltr'><strong>non</strong></span> <span class='ocrx_word' id='word_1_138' title='bbox 3459 740 3616 794; x_wconf 82' lang='lat' dir='ltr'><strong>esset</strong></span> 
     </span>
    </p>
   </div>
   <div class='ocr_carea' id='block_1_21' title="bbox 1964 824 3611 883">
    <p class='ocr_par' dir='ltr' id='par_1_21' title="bbox 1964 824 3611 883">
     <span class='ocr_line' id='line_1_21' title="bbox 1964 824 3611 883; baseline 0.002 -4"><span class='ocrx_word' id='word_1_139' title='bbox 1964 828 2164 879; x_wconf 87' lang='lat' dir='ltr'><strong>noster</strong></span> <span class='ocrx_word' id='word_1_140' title='bbox 2193 824 2457 880; x_wconf 88' lang='lat' dir='ltr'><strong>Pontifex</strong></span> <span class='ocrx_word' id='word_1_141' title='bbox 2516 826 2841 881; x_wconf 88' lang='lat' dir='ltr'><strong>secundum</strong></span> <span class='ocrx_word' id='word_1_142' title='bbox 2899 826 3163 881; x_wconf 89' lang='lat' dir='ltr'><strong>ordinem</strong></span> <span class='ocrx_word' id='word_1_143' title='bbox 3224 824 3611 883; x_wconf 87' lang='lat' dir='ltr'><strong>Melchisedec</strong></span> 
     </span>
    </p>
   </div>
   <div class='ocr_carea' id='block_1_22' title="bbox 1965 911 3613 988">
    <p class='ocr_par' dir='ltr' id='par_1_22' title="bbox 1965 911 3613 988">
     <span class='ocr_line' id='line_1_22' title="bbox 1965 911 3613 988; baseline 0.001 -18"><span class='ocrx_word' id='word_1_144' title='bbox 1965 912 2092 970; x_wconf 88' lang='lat' dir='ltr'><strong>sine</strong></span> <span class='ocrx_word' id='word_1_145' title='bbox 2120 917 2307 985; x_wconf 88' lang='lat' dir='ltr'><strong>patre,</strong></span> <span class='ocrx_word' id='word_1_146' title='bbox 2349 913 2477 970; x_wconf 90' lang='lat' dir='ltr'><strong>sine</strong></span> <span class='ocrx_word' id='word_1_147' title='bbox 2525 919 2732 986; x_wconf 86' lang='lat' dir='ltr'><strong>matre,</strong></span> <span class='ocrx_word' id='word_1_148' title='bbox 2785 911 3306 988; x_wconf 71' lang='grc' dir='ltr'><strong>ἀναγενεαλόγητος,</strong></span> <span class='ocrx_word' id='word_1_149' title='bbox 3353 915 3461 971; x_wconf 89' lang='lat' dir='ltr'><strong>hoc</strong></span> <span class='ocrx_word' id='word_1_150' title='bbox 3502 920 3613 987; x_wconf 88' lang='lat' dir='ltr'><strong>est,</strong></span> 
     </span>
    </p>
   </div>
   <div class='ocr_carea' id='block_1_23' title="bbox 1964 1001 3613 1077">
    <p class='ocr_par' dir='ltr' id='par_1_23' title="bbox 1964 1001 3613 1077">
     <span class='ocr_line' id='line_1_23' title="bbox 1964 1001 3613 1077; baseline 0.002 -19"><span class='ocrx_word' id='word_1_151' title='bbox 1964 1001 2092 1058; x_wconf 88' lang='lat' dir='ltr'><strong>sine</strong></span> <span class='ocrx_word' id='word_1_152' title='bbox 2123 1002 2365 1075; x_wconf 87' lang='lat' dir='ltr'><strong>nuptiis.</strong></span> <span class='ocrx_word' id='word_1_153' title='bbox 2399 1005 2469 1059; x_wconf 91' lang='lat' dir='ltr'><strong>Et</strong></span> <span class='ocrx_word' id='word_1_154' title='bbox 2498 1021 2698 1060; x_wconf 87' lang='lat' dir='ltr'><strong>revera</strong></span> <span class='ocrx_word' id='word_1_155' title='bbox 2736 1021 2984 1077; x_wconf 89' lang='lat' dir='ltr'><strong>magnos</strong></span> <span class='ocrx_word' id='word_1_156' title='bbox 3031 1005 3255 1061; x_wconf 91' lang='lat' dir='ltr'><strong>fructus</strong></span> <span class='ocrx_word' id='word_1_157' title='bbox 3292 1022 3362 1061; x_wconf 85' lang='lat' dir='ltr'><strong>ex</strong></span> <span class='ocrx_word' id='word_1_158' title='bbox 3413 1005 3613 1061; x_wconf 87' lang='lat' dir='ltr'><strong>liberis</strong></span> 
     </span>
    </p>
   </div>
   <div class='ocr_carea' id='block_1_24' title="bbox 1965 1091 3607 1168">
    <p class='ocr_par' dir='ltr' id='par_1_24' title="bbox 1965 1091 3607 1168">
     <span class='ocr_line' id='line_1_24' title="bbox 1965 1091 3607 1168; baseline 0.002 -21"><span class='ocrx_word' id='word_1_159' title='bbox 1965 1091 2201 1148; x_wconf 87' lang='lat' dir='ltr'><strong>Samuel</strong></span> <span class='ocrx_word' id='word_1_160' title='bbox 2234 1092 2391 1165; x_wconf 89' lang='lat' dir='ltr'><strong>capit</strong></span> <span class='ocrx_word' id='word_1_161' title='bbox 2422 1111 2435 1149; x_wconf 88' lang='lat'><strong>:</strong></span> <span class='ocrx_word' id='word_1_162' title='bbox 2470 1096 2537 1149; x_wconf 91' lang='lat' dir='ltr'><strong>ut</strong></span> <span class='ocrx_word' id='word_1_163' title='bbox 2566 1095 2706 1167; x_wconf 85' lang='lat' dir='ltr'><strong>quia</strong></span> <span class='ocrx_word' id='word_1_164' title='bbox 2733 1094 2860 1167; x_wconf 89' lang='lat' dir='ltr'><strong>ipse</strong></span> <span class='ocrx_word' id='word_1_165' title='bbox 2889 1094 3113 1168; x_wconf 87' lang='lat' dir='ltr'><strong>placuit</strong></span> <span class='ocrx_word' id='word_1_166' title='bbox 3157 1095 3294 1166; x_wconf 90' lang='lat' dir='ltr'><strong>Deo,</strong></span> <span class='ocrx_word' id='word_1_167' title='bbox 3329 1094 3477 1152; x_wconf 87' lang='lat' dir='ltr'><strong>tales</strong></span> <span class='ocrx_word' id='word_1_168' title='bbox 3508 1111 3607 1167; x_wconf 89' lang='lat' dir='ltr'><strong>ge-</strong></span> 
     </span>
    </p>
   </div>
   <div class='ocr_carea' id='block_1_25' title="bbox 1968 1181 3618 1254">
    <p class='ocr_par' dir='ltr' id='par_1_25' title="bbox 1968 1181 3618 1254">
     <span class='ocr_line' id='line_1_25' title="bbox 1968 1181 3618 1254; baseline 0.002 -19"><span class='ocrx_word' id='word_1_169' title='bbox 1968 1181 2180 1251; x_wconf 87' lang='lat' dir='ltr'><strong>nuerit,</strong></span> <span class='ocrx_word' id='word_1_170' title='bbox 2214 1183 2314 1254; x_wconf 90' lang='lat' dir='ltr'><strong>qui</strong></span> <span class='ocrx_word' id='word_1_171' title='bbox 2346 1182 2595 1238; x_wconf 89' lang='lat' dir='ltr'><strong>Domino</strong></span> <span class='ocrx_word' id='word_1_172' title='bbox 2625 1182 3020 1254; x_wconf 89' lang='lat' dir='ltr'><strong>displicerent.</strong></span> <span class='ocrx_word' id='word_1_173' title='bbox 3052 1185 3215 1249; x_wconf 87' lang='lat' dir='ltr'><strong>Quod</strong></span> <span class='ocrx_word' id='word_1_174' title='bbox 3266 1185 3315 1241; x_wconf 91' lang='lat' dir='ltr'><strong>si</strong></span> <span class='ocrx_word' id='word_1_175' title='bbox 3368 1185 3510 1241; x_wconf 88' lang='lat' dir='ltr'><strong>Booz</strong></span> <span class='ocrx_word' id='word_1_176' title='bbox 3558 1189 3618 1239; x_wconf 90' lang='lat' dir='ltr'><strong>et</strong></span> 
     </span>
    </p>
   </div>
   <div class='ocr_carea' id='block_1_26' title="bbox 1970 1270 3612 1346">
    <p class='ocr_par' dir='ltr' id='par_1_26' title="bbox 1970 1270 3612 1346">
     <span class='ocr_line' id='line_1_26' title="bbox 1970 1270 3612 1346; baseline 0.002 -20"><span class='ocrx_word' id='word_1_177' title='bbox 1970 1270 2125 1326; x_wconf 84' lang='lat' dir='ltr'><strong>Ruth</strong></span> <span class='ocrx_word' id='word_1_178' title='bbox 2160 1271 2329 1326; x_wconf 90' lang='lat' dir='ltr'><strong>nobis</strong></span> <span class='ocrx_word' id='word_1_179' title='bbox 2359 1271 2561 1343; x_wconf 83' lang='lat' dir='ltr'><strong>objicit</strong></span> <span class='ocrx_word' id='word_1_180' title='bbox 2611 1272 2682 1327; x_wconf 88' lang='lat' dir='ltr'><strong>ad</strong></span> <span class='ocrx_word' id='word_1_181' title='bbox 2739 1273 3236 1345; x_wconf 85' lang='lat' dir='ltr'><strong>comprobandam</strong></span> <span class='ocrx_word' id='word_1_182' title='bbox 3268 1273 3612 1346; x_wconf 87' lang='lat' dir='ltr'><strong>digamiam,</strong></span> 
     </span>
    </p>
   </div>
   <div class='ocr_carea' id='block_1_27' title="bbox 1970 1359 3623 1433">
    <p class='ocr_par' dir='ltr' id='par_1_27' title="bbox 1970 1359 3623 1433">
     <span class='ocr_line' id='line_1_27' title="bbox 1970 1359 3623 1433; baseline 0.003 -19"><span class='ocrx_word' id='word_1_183' title='bbox 1970 1359 2117 1414; x_wconf 88' lang='lat' dir='ltr'><strong>sciat</strong></span> <span class='ocrx_word' id='word_1_184' title='bbox 2148 1359 2206 1414; x_wconf 91' lang='lat' dir='ltr'><strong>in</strong></span> <span class='ocrx_word' id='word_1_185' title='bbox 2238 1360 2548 1432; x_wconf 87' lang='lat' dir='ltr'><strong>Evangelio</strong></span> <span class='ocrx_word' id='word_1_186' title='bbox 2579 1361 2652 1416; x_wconf 88' lang='lat' dir='ltr'><strong>ob</strong></span> <span class='ocrx_word' id='word_1_187' title='bbox 2682 1364 2885 1433; x_wconf 86' lang='lat' dir='ltr'><strong>typum</strong></span> <span class='ocrx_word' id='word_1_188' title='bbox 2920 1360 3209 1427; x_wconf 65' lang='lat' dir='ltr'><strong>Ecclesiae,</strong></span> <span class='ocrx_word' id='word_1_189' title='bbox 3242 1362 3418 1418; x_wconf 90' lang='lat' dir='ltr'><strong>etiam</strong></span> <span class='ocrx_word' id='word_1_190' title='bbox 3462 1364 3623 1419; x_wconf 81' lang='lat' dir='ltr'><strong>Raab</strong></span> 
     </span>
    </p>
   </div>
   <div class='ocr_carea' id='block_1_28' title="bbox 1970 1449 3620 1521">
    <p class='ocr_par' dir='ltr' id='par_1_28' title="bbox 1970 1449 3620 1521">
     <span class='ocr_line' id='line_1_28' title="bbox 1970 1449 3620 1521; baseline 0.002 -17"><span class='ocrx_word' id='word_1_191' title='bbox 1970 1449 2304 1505; x_wconf 88' lang='lat' dir='ltr'><strong>mereticem</strong></span> <span class='ocrx_word' id='word_1_192' title='bbox 2324 1450 2382 1504; x_wconf 90' lang='lat' dir='ltr'><strong>in</strong></span> <span class='ocrx_word' id='word_1_193' title='bbox 2407 1450 2613 1506; x_wconf 91' lang='lat' dir='ltr'><strong>ordine</strong></span> <span class='ocrx_word' id='word_1_194' title='bbox 2625 1452 2916 1521; x_wconf 88' lang='lat' dir='ltr'><strong>majorum</strong></span> <span class='ocrx_word' id='word_1_195' title='bbox 2939 1451 3169 1506; x_wconf 90' lang='lat' dir='ltr'><strong>Domini</strong></span> <span class='ocrx_word' id='word_1_196' title='bbox 3191 1457 3620 1508; x_wconf 87' lang='lat' dir='ltr'><strong>enumeratam.</strong></span> 
     </span>
    </p>
   </div>
   <div class='ocr_carea' id='block_1_29' title="bbox 2039 1540 3621 1610">
    <p class='ocr_par' dir='ltr' id='par_1_29' title="bbox 2039 1540 3621 1610">
     <span class='ocr_line' id='line_1_29' title="bbox 2039 1540 3621 1610; baseline 0.002 -17"><span class='ocrx_word' id='word_1_197' title='bbox 2039 1540 2130 1594; x_wconf 76' lang='grc'><strong>34.</strong></span> <span class='ocrx_word' id='word_1_198' title='bbox 2165 1540 2343 1607; x_wconf 82' lang='lat' dir='ltr'><strong>Quare</strong></span> <span class='ocrx_word' id='word_1_199' title='bbox 2394 1540 2573 1596; x_wconf 83' lang='lat' dir='ltr'><strong>David</strong></span> <span class='ocrx_word' id='word_1_200' title='bbox 2627 1542 3022 1610; x_wconf 83' lang='lat' dir='ltr'><strong>sanguinarius</strong></span> <span class='ocrx_word' id='word_1_201' title='bbox 3078 1542 3182 1596; x_wconf 89' lang='lat' dir='ltr'><strong>vir.</strong></span> <span class='ocrx_word' id='word_1_202' title='bbox 3243 1541 3469 1609; x_wconf 83' lang='lat' dir='ltr'><strong>Quando</strong></span> <span class='ocrx_word' id='word_1_203' title='bbox 3523 1557 3621 1596; x_wconf 73' lang='lat' dir='ltr'><strong>ex-</strong></span> 
     </span>
    </p>
   </div>
   <div class='ocr_carea' id='block_1_30' title="bbox 1969 1629 3623 1701">
    <p class='ocr_par' dir='ltr' id='par_1_30' title="bbox 1969 1629 3623 1701">
     <span class='ocr_line' id='line_1_30' title="bbox 1969 1629 3623 1701; baseline 0 -16"><span class='ocrx_word' id='word_1_204' title='bbox 1969 1630 2175 1685; x_wconf 69' lang='lat' dir='ltr'><strong>struxit</strong></span> <span class='ocrx_word' id='word_1_205' title='bbox 2202 1630 2462 1685; x_wconf 84' lang='lat' dir='ltr'><strong>Salomon</strong></span> <span class='ocrx_word' id='word_1_206' title='bbox 2518 1630 2805 1701; x_wconf 82' lang='lat' dir='ltr'><strong>templum.</strong></span> <span class='ocrx_word' id='word_1_207' title='bbox 2868 1660 2939 1669; x_wconf 93' lang='lat'><strong>—-</strong></span> <span class='ocrx_word' id='word_1_208' title='bbox 2990 1633 3169 1685; x_wconf 91' lang='lat' dir='ltr'><strong>Porro</strong></span> <span class='ocrx_word' id='word_1_209' title='bbox 3221 1630 3377 1701; x_wconf 91' lang='lat' dir='ltr'><strong>quod</strong></span> <span class='ocrx_word' id='word_1_210' title='bbox 3434 1629 3623 1686; x_wconf 91' lang='lat' dir='ltr'><strong>David</strong></span> 
     </span>
    </p>
   </div>
   <div class='ocr_carea' id='block_1_31' title="bbox 1975 1715 3627 1790">
    <p class='ocr_par' dir='ltr' id='par_1_31' title="bbox 1975 1715 3627 1790">
     <span class='ocr_line' id='line_1_31' title="bbox 1975 1715 3627 1790; baseline 0.002 -19"><span class='ocrx_word' id='word_1_211' title='bbox 1975 1715 2246 1773; x_wconf 90' lang='lat' dir='ltr'><strong>ducentis</strong></span> <span class='ocrx_word' id='word_1_212' title='bbox 2279 1718 2583 1790; x_wconf 83' lang='lat' dir='ltr'><strong>praeputiis</strong></span> <span class='ocrx_word' id='word_1_213' title='bbox 2612 1717 2827 1774; x_wconf 91' lang='lat' dir='ltr'><strong>emisse</strong></span> <span class='ocrx_word' id='word_1_214' title='bbox 2864 1718 3050 1788; x_wconf 84' lang='lat' dir='ltr'><strong>jactat</strong></span> <span class='ocrx_word' id='word_1_215' title='bbox 3097 1734 3357 1785; x_wconf 88' lang='lat' dir='ltr'><strong>uxorem,</strong></span> <span class='ocrx_word' id='word_1_216' title='bbox 3400 1719 3627 1776; x_wconf 87' lang='lat' dir='ltr'><strong>noverit</strong></span> 
     </span>
    </p>
   </div>
   <div class='ocr_carea' id='block_1_32' title="bbox 1972 1804 3626 1880">
    <p class='ocr_par' dir='ltr' id='par_1_32' title="bbox 1972 1804 3626 1880">
     <span class='ocr_line' id='line_1_32' title="bbox 1972 1804 3626 1880; baseline 0.003 -20"><span class='ocrx_word' id='word_1_217' title='bbox 1972 1804 2142 1861; x_wconf 91' lang='lat' dir='ltr'><strong>illum</strong></span> <span class='ocrx_word' id='word_1_218' title='bbox 2174 1809 2231 1861; x_wconf 91' lang='lat' dir='ltr'><strong>et</strong></span> <span class='ocrx_word' id='word_1_219' title='bbox 2261 1804 2408 1862; x_wconf 87' lang='lat' dir='ltr'><strong>alias</strong></span> <span class='ocrx_word' id='word_1_220' title='bbox 2441 1806 2721 1863; x_wconf 85' lang='lat' dir='ltr'><strong>habuisse</strong></span> <span class='ocrx_word' id='word_1_221' title='bbox 2768 1807 3257 1880; x_wconf 89' lang='lat' dir='ltr'><strong>quamplurimas.</strong></span> <span class='ocrx_word' id='word_1_222' title='bbox 3305 1811 3364 1863; x_wconf 89' lang='lat' dir='ltr'><strong>et</strong></span> <span class='ocrx_word' id='word_1_223' title='bbox 3411 1808 3626 1865; x_wconf 91' lang='lat' dir='ltr'><strong>Michol</strong></span> 
     </span>
    </p>
   </div>
   <div class='ocr_carea' id='block_1_33' title="bbox 227 1894 3629 1997">
    <p class='ocr_par' dir='ltr' id='par_1_33' title="bbox 227 1894 3629 1997">
     <span class='ocr_line' id='line_1_33' title="bbox 227 1894 3629 1997; baseline 0.001 -48"><span class='ocrx_word' id='word_1_224' title='bbox 227 1900 447 1967; x_wconf 87' lang='lat' dir='ltr'><strong>propter</strong></span> <span class='ocrx_word' id='word_1_225' title='bbox 472 1895 774 1953; x_wconf 87' lang='lat' dir='ltr'><strong>Christum</strong></span> <span class='ocrx_word' id='word_1_226' title='bbox 807 1900 946 1951; x_wconf 89' lang='lat' dir='ltr'><strong>sunt</strong></span> <span class='ocrx_word' id='word_1_227' title='bbox 973 1895 1247 1969; x_wconf 86' lang='lat' dir='ltr'><strong>virgines,</strong></span> <span class='ocrx_word' id='word_1_228' title='bbox 1281 1896 1668 1969; x_wconf 66' lang='lat' dir='ltr'><strong>prmdicamus</strong></span> <span class='ocrx_word' id='word_1_229' title='bbox 1697 1913 1711 1950; x_wconf 89' lang='lat'><strong>:</strong></span> <span class='ocrx_word' id='word_1_230' title='bbox 1742 1900 1799 1951; x_wconf 91' lang='lat' dir='ltr'><strong>et</strong></span> <span class='ocrx_word' id='word_1_231' title='bbox 1831 1913 1864 1952; x_wconf 89' lang='lat' dir='ltr'><strong>a</strong></span> <span class='ocrx_word' id='word_1_232' title='bbox 1896 1932 1943 1997; x_wconf 81' lang='grc' dir='ltr'>Β</span> <span class='ocrx_word' id='word_1_233' title='bbox 1977 1895 2161 1951; x_wconf 88' lang='lat' dir='ltr'><strong>ﬁliam</strong></span> <span class='ocrx_word' id='word_1_234' title='bbox 2192 1894 2356 1965; x_wconf 88' lang='lat' dir='ltr'><strong>Saul,</strong></span> <span class='ocrx_word' id='word_1_235' title='bbox 2388 1912 2567 1967; x_wconf 89' lang='lat' dir='ltr'><strong>quam</strong></span> <span class='ocrx_word' id='word_1_236' title='bbox 2612 1900 2775 1968; x_wconf 89' lang='lat' dir='ltr'><strong>pater</strong></span> <span class='ocrx_word' id='word_1_237' title='bbox 2821 1896 2987 1952; x_wconf 89' lang='lat' dir='ltr'><strong>alteri</strong></span> <span class='ocrx_word' id='word_1_238' title='bbox 3036 1896 3377 1965; x_wconf 88' lang='lat' dir='ltr'><strong>tradiderat,</strong></span> <span class='ocrx_word' id='word_1_239' title='bbox 3426 1901 3629 1971; x_wconf 90' lang='lat' dir='ltr'><strong>postea</strong></span> 
     </span>
    </p>
   </div>
   <div class='ocr_carea' id='block_1_34' title="bbox 228 1984 1863 2057">
    <p class='ocr_par' dir='ltr' id='par_1_34' title="bbox 228 1984 1863 2057">
     <span class='ocr_line' id='line_1_34' title="bbox 228 1984 1863 2057; baseline 0.002 -19"><span class='ocrx_word' id='word_1_240' title='bbox 228 1984 507 2057; x_wconf 87' lang='lat' dir='ltr'><strong>plerisque</strong></span> <span class='ocrx_word' id='word_1_241' title='bbox 544 1985 913 2041; x_wconf 63' lang='lat' dir='ltr'><strong>Hebraeorum</strong></span> <span class='ocrx_word' id='word_1_242' title='bbox 943 1985 1392 2057; x_wconf 88' lang='lat' dir='ltr'><strong>reprehenditur</strong></span> <span class='ocrx_word' id='word_1_243' title='bbox 1421 1989 1588 2057; x_wconf 88' lang='lat' dir='ltr'><strong>pater</strong></span> <span class='ocrx_word' id='word_1_244' title='bbox 1628 1985 1747 2041; x_wconf 94' lang='lat' dir='ltr'><strong>voti</strong></span> <span class='ocrx_word' id='word_1_245' title='bbox 1779 1990 1863 2041; x_wconf 89' lang='lat' dir='ltr'><strong>te-</strong></span> 
     </span>
    </p>
   </div>
   <div class='ocr_carea' id='block_1_35' title="bbox 228 2073 1866 2145">
    <p class='ocr_par' dir='ltr' id='par_1_35' title="bbox 228 2073 1866 2145">
     <span class='ocr_line' id='line_1_35' title="bbox 228 2073 1866 2145; baseline 0.002 -19"><span class='ocrx_word' id='word_1_246' title='bbox 228 2073 468 2144; x_wconf 86' lang='lat' dir='ltr'><strong>merarii,</strong></span> <span class='ocrx_word' id='word_1_247' title='bbox 518 2074 620 2145; x_wconf 91' lang='lat' dir='ltr'><strong>qui</strong></span> <span class='ocrx_word' id='word_1_248' title='bbox 671 2073 883 2130; x_wconf 83' lang='lat' dir='ltr'><strong>dixerit</strong></span> <span class='ocrx_word' id='word_1_249' title='bbox 920 2077 976 2127; x_wconf 63' lang='lat'><strong>1:</strong></span> <span class='ocrx_word' id='word_1_250' title='bbox 1012 2073 1071 2129; x_wconf 85' lang='lat' dir='ltr'><strong>Si</strong></span> <span class='ocrx_word' id='word_1_251' title='bbox 1113 2075 1333 2130; x_wconf 87' lang='lat' dir='ltr'><strong>tradens</strong></span> <span class='ocrx_word' id='word_1_252' title='bbox 1378 2074 1675 2131; x_wconf 76' lang='lat' dir='ltr'><strong>tradideris</strong></span> <span class='ocrx_word' id='word_1_253' title='bbox 1721 2074 1866 2145; x_wconf 73' lang='lat' dir='ltr'><strong>ﬁlios</strong></span> 
     </span>
    </p>
   </div>
   <div class='ocr_carea' id='block_1_36' title="bbox 225 2162 1865 2236">
    <p class='ocr_par' dir='ltr' id='par_1_36' title="bbox 225 2162 1865 2236">
     <span class='ocr_line' id='line_1_36' title="bbox 225 2162 1865 2236; baseline 0.001 -20"><span class='ocrx_word' id='word_1_254' title='bbox 225 2162 440 2218; x_wconf 80' lang='lat' dir='ltr'><strong>Ammon</strong></span> <span class='ocrx_word' id='word_1_255' title='bbox 498 2163 563 2217; x_wconf 89' lang='lat' dir='ltr'><strong>in</strong></span> <span class='ocrx_word' id='word_1_256' title='bbox 605 2164 863 2218; x_wconf 85' lang='lat' dir='ltr'><strong>manibus</strong></span> <span class='ocrx_word' id='word_1_257' title='bbox 917 2164 1077 2229; x_wconf 84' lang='lat' dir='ltr'><strong>meis,</strong></span> <span class='ocrx_word' id='word_1_258' title='bbox 1153 2165 1484 2236; x_wconf 82' lang='lat' dir='ltr'><strong>quicumque</strong></span> <span class='ocrx_word' id='word_1_259' title='bbox 1540 2166 1742 2220; x_wconf 75' lang='lat' dir='ltr'><strong>exierit</strong></span> <span class='ocrx_word' id='word_1_260' title='bbox 1799 2164 1865 2218; x_wconf 88' lang='lat' dir='ltr'><strong>de</strong></span> 
     </span>
    </p>
   </div>
   <div class='ocr_carea' id='block_1_37' title="bbox 227 2250 1867 2325">
    <p class='ocr_par' dir='ltr' id='par_1_37' title="bbox 227 2250 1867 2325">
     <span class='ocr_line' id='line_1_37' title="bbox 227 2250 1867 2325; baseline 0 -18"><span class='ocrx_word' id='word_1_261' title='bbox 227 2250 368 2309; x_wconf 83' lang='lat' dir='ltr'><strong>domo</strong></span> <span class='ocrx_word' id='word_1_262' title='bbox 390 2268 517 2308; x_wconf 81' lang='lat' dir='ltr'><strong>mea</strong></span> <span class='ocrx_word' id='word_1_263' title='bbox 545 2254 608 2307; x_wconf 84' lang='lat' dir='ltr'><strong>in</strong></span> <span class='ocrx_word' id='word_1_264' title='bbox 635 2268 923 2309; x_wconf 86' lang='lat' dir='ltr'><strong>occursum</strong></span> <span class='ocrx_word' id='word_1_265' title='bbox 950 2253 1112 2319; x_wconf 86' lang='lat' dir='ltr'><strong>mihi,</strong></span> <span class='ocrx_word' id='word_1_266' title='bbox 1144 2268 1273 2307; x_wconf 87' lang='lat' dir='ltr'><strong>cum</strong></span> <span class='ocrx_word' id='word_1_267' title='bbox 1311 2255 1515 2309; x_wconf 82' lang='lat' dir='ltr'><strong>reverti</strong></span> <span class='ocrx_word' id='word_1_268' title='bbox 1560 2270 1769 2325; x_wconf 77' lang='lat' dir='ltr'><strong>ccepero</strong></span> <span class='ocrx_word' id='word_1_269' title='bbox 1806 2256 1867 2308; x_wconf 87' lang='lat' dir='ltr'><strong>in</strong></span> 
     </span>
    </p>
   </div>
   <div class='ocr_carea' id='block_1_38' title="bbox 225 2342 1869 2413">
    <p class='ocr_par' dir='ltr' id='par_1_38' title="bbox 225 2342 1869 2413">
     <span class='ocr_line' id='line_1_38' title="bbox 225 2342 1869 2413; baseline 0.001 -17"><span class='ocrx_word' id='word_1_270' title='bbox 225 2356 345 2412; x_wconf 84' lang='lat' dir='ltr'><strong>pace</strong></span> <span class='ocrx_word' id='word_1_271' title='bbox 370 2358 403 2396; x_wconf 90' lang='lat' dir='ltr'><strong>a</strong></span> <span class='ocrx_word' id='word_1_272' title='bbox 428 2342 567 2412; x_wconf 83' lang='lat' dir='ltr'><strong>ﬁliis</strong></span> <span class='ocrx_word' id='word_1_273' title='bbox 598 2345 848 2409; x_wconf 79' lang='lat' dir='ltr'><strong>Am&#39;mon,</strong></span> <span class='ocrx_word' id='word_1_274' title='bbox 897 2342 1002 2397; x_wconf 87' lang='lat' dir='ltr'><strong>erit</strong></span> <span class='ocrx_word' id='word_1_275' title='bbox 1044 2342 1293 2410; x_wconf 86' lang='lat' dir='ltr'><strong>Domino,</strong></span> <span class='ocrx_word' id='word_1_276' title='bbox 1339 2351 1389 2397; x_wconf 88' lang='lat' dir='ltr'><strong>et</strong></span> <span class='ocrx_word' id='word_1_277' title='bbox 1432 2343 1658 2413; x_wconf 72' lang='lat' dir='ltr'><strong>oﬂ‘eram</strong></span> <span class='ocrx_word' id='word_1_278' title='bbox 1703 2343 1869 2397; x_wconf 88' lang='lat' dir='ltr'><strong>illum</strong></span> 
     </span>
    </p>
   </div>
   <div class='ocr_carea' id='block_1_39' title="bbox 228 2428 1864 2503">
    <p class='ocr_par' dir='ltr' id='par_1_39' title="bbox 228 2428 1864 2503">
     <span class='ocr_line' id='line_1_39' title="bbox 228 2428 1864 2503; baseline 0.001 -18"><span class='ocrx_word' id='word_1_279' title='bbox 228 2428 590 2486; x_wconf 74' lang='lat' dir='ltr'><strong>holocaustum</strong></span> <span class='ocrx_word' id='word_1_280' title='bbox 612 2430 810 2502; x_wconf 75' lang='lat' dir='ltr'><strong>(ludio.</strong></span> <span class='ocrx_word' id='word_1_281' title='bbox 839 2447 924 2498; x_wconf 82' lang='lat' dir='ltr'><strong>x1,</strong></span> <span class='ocrx_word' id='word_1_282' title='bbox 954 2432 1043 2498; x_wconf 92' lang='lat'><strong>30,</strong></span> <span class='ocrx_word' id='word_1_283' title='bbox 1076 2430 1188 2500; x_wconf 85' lang='grc'><strong>31).</strong></span> <span class='ocrx_word' id='word_1_284' title='bbox 1220 2431 1280 2487; x_wconf 89' lang='lat' dir='ltr'><strong>Si</strong></span> <span class='ocrx_word' id='word_1_285' title='bbox 1312 2430 1864 2503; x_wconf 82' lang='lat' dir='ltr'><strong>carnis(inquiunt),</strong></span> 
     </span>
    </p>
   </div>
   <div class='ocr_carea' id='block_1_40' title="bbox 228 2519 1871 2593">
    <p class='ocr_par' dir='ltr' id='par_1_40' title="bbox 228 2519 1871 2593">
     <span class='ocr_line' id='line_1_40' title="bbox 228 2519 1871 2593; baseline 0.001 -19"><span class='ocrx_word' id='word_1_286' title='bbox 228 2519 273 2574; x_wconf 95' lang='lat' dir='ltr'><strong>si</strong></span> <span class='ocrx_word' id='word_1_287' title='bbox 302 2519 499 2576; x_wconf 86' lang='lat' dir='ltr'><strong>asinus</strong></span> <span class='ocrx_word' id='word_1_288' title='bbox 533 2520 908 2586; x_wconf 87' lang='lat' dir='ltr'><strong>occurrisset,</strong></span> <span class='ocrx_word' id='word_1_289' title='bbox 940 2519 1083 2591; x_wconf 89' lang='lat' dir='ltr'><strong>quid</strong></span> <span class='ocrx_word' id='word_1_290' title='bbox 1114 2520 1329 2576; x_wconf 89' lang='lat' dir='ltr'><strong>faceret</strong></span> <span class='ocrx_word' id='word_1_291' title='bbox 1355 2520 1383 2576; x_wconf 87' lang='lat'><strong>?</strong></span> <span class='ocrx_word' id='word_1_292' title='bbox 1413 2521 1495 2575; x_wconf 85' lang='lat' dir='ltr'><strong>Ex</strong></span> <span class='ocrx_word' id='word_1_293' title='bbox 1523 2536 1638 2593; x_wconf 90' lang='lat' dir='ltr'><strong>quo</strong></span> <span class='ocrx_word' id='word_1_294' title='bbox 1668 2520 1871 2576; x_wconf 88' lang='lat' dir='ltr'><strong>volunt</strong></span> 
     </span>
    </p>
   </div>
   <div class='ocr_carea' id='block_1_41' title="bbox 232 2607 1871 2682">
    <p class='ocr_par' dir='ltr' id='par_1_41' title="bbox 232 2607 1871 2682">
     <span class='ocr_line' id='line_1_41' title="bbox 232 2607 1871 2682; baseline 0.002 -19"><span class='ocrx_word' id='word_1_295' title='bbox 232 2607 324 2663; x_wconf 90' lang='lat' dir='ltr'><strong>Dei</strong></span> <span class='ocrx_word' id='word_1_296' title='bbox 354 2608 793 2681; x_wconf 89' lang='lat' dir='ltr'><strong>dispensatione</strong></span> <span class='ocrx_word' id='word_1_297' title='bbox 820 2625 949 2666; x_wconf 87' lang='lat' dir='ltr'><strong>esse</strong></span> <span class='ocrx_word' id='word_1_298' title='bbox 979 2609 1200 2665; x_wconf 89' lang='lat' dir='ltr'><strong>factum</strong></span> <span class='ocrx_word' id='word_1_299' title='bbox 1231 2613 1296 2664; x_wconf 92' lang='lat' dir='ltr'><strong>ut</strong></span> <span class='ocrx_word' id='word_1_300' title='bbox 1326 2610 1426 2682; x_wconf 90' lang='lat' dir='ltr'><strong>qui</strong></span> <span class='ocrx_word' id='word_1_301' title='bbox 1480 2610 1871 2682; x_wconf 88' lang='lat' dir='ltr'><strong>improspecte</strong></span> 
     </span>
    </p>
   </div>
   <div class='ocr_carea' id='block_1_42' title="bbox 232 2697 1867 2767">
    <p class='ocr_par' dir='ltr' id='par_1_42' title="bbox 232 2697 1867 2767">
     <span class='ocr_line' id='line_1_42' title="bbox 232 2697 1867 2767; baseline 0.002 -16"><span class='ocrx_word' id='word_1_302' title='bbox 232 2704 470 2767; x_wconf 86' lang='lat' dir='ltr'><strong>voverat,</strong></span> <span class='ocrx_word' id='word_1_303' title='bbox 505 2713 767 2754; x_wconf 85' lang='lat' dir='ltr'><strong>errorem</strong></span> <span class='ocrx_word' id='word_1_304' title='bbox 796 2703 1062 2755; x_wconf 88' lang='lat' dir='ltr'><strong>votorum</strong></span> <span class='ocrx_word' id='word_1_305' title='bbox 1094 2697 1173 2761; x_wconf 73' lang='lat' dir='ltr'><strong>in,</strong></span> <span class='ocrx_word' id='word_1_306' title='bbox 1196 2698 1325 2754; x_wconf 66' lang='lat' dir='ltr'><strong>ﬁliae</strong></span> <span class='ocrx_word' id='word_1_307' title='bbox 1374 2703 1559 2755; x_wconf 90' lang='lat' dir='ltr'><strong>morte</strong></span> <span class='ocrx_word' id='word_1_308' title='bbox 1604 2699 1867 2756; x_wconf 84' lang='lat' dir='ltr'><strong>sentiret.</strong></span> 
     </span>
    </p>
   </div>
   <div class='ocr_carea' id='block_1_43' title="bbox 230 2786 1873 2845">
    <p class='ocr_par' dir='ltr' id='par_1_43' title="bbox 230 2786 1873 2845">
     <span class='ocr_line' id='line_1_43' title="bbox 230 2786 1873 2845; baseline 0.002 -5"><span class='ocrx_word' id='word_1_309' title='bbox 230 2786 282 2841; x_wconf 90' lang='lat' dir='ltr'><strong>Si</strong></span> <span class='ocrx_word' id='word_1_310' title='bbox 332 2792 525 2843; x_wconf 86' lang='lat' dir='ltr'><strong>autem</strong></span> <span class='ocrx_word' id='word_1_311' title='bbox 576 2786 810 2843; x_wconf 85' lang='lat' dir='ltr'><strong>Samuel</strong></span> <span class='ocrx_word' id='word_1_312' title='bbox 860 2788 1118 2843; x_wconf 87' lang='lat' dir='ltr'><strong>nutritur</strong></span> <span class='ocrx_word' id='word_1_313' title='bbox 1164 2789 1226 2844; x_wconf 90' lang='lat' dir='ltr'><strong>in</strong></span> <span class='ocrx_word' id='word_1_314' title='bbox 1280 2787 1657 2845; x_wconf 85' lang='lat' dir='ltr'><strong>tabernaculo</strong></span> <span class='ocrx_word' id='word_1_315' title='bbox 1707 2789 1873 2845; x_wconf 85' lang='lat' dir='ltr'><strong>duxit</strong></span> 
     </span>
    </p>
   </div>
   <div class='ocr_carea' id='block_1_44' title="bbox 230 2876 1871 2952">
    <p class='ocr_par' dir='ltr' id='par_1_44' title="bbox 230 2876 1871 2952">
     <span class='ocr_line' id='line_1_44' title="bbox 230 2876 1871 2952; baseline 0.002 -22"><span class='ocrx_word' id='word_1_316' title='bbox 230 2892 477 2947; x_wconf 83' lang='lat' dir='ltr'><strong>uxorem,</strong></span> <span class='ocrx_word' id='word_1_317' title='bbox 539 2876 682 2949; x_wconf 90' lang='lat' dir='ltr'><strong>quid</strong></span> <span class='ocrx_word' id='word_1_318' title='bbox 729 2877 839 2932; x_wconf 88' lang='lat' dir='ltr'><strong>hoc</strong></span> <span class='ocrx_word' id='word_1_319' title='bbox 886 2878 957 2934; x_wconf 91' lang='lat' dir='ltr'><strong>ad</strong></span> <span class='ocrx_word' id='word_1_320' title='bbox 1008 2877 1415 2950; x_wconf 77' lang='lat' dir='ltr'><strong>praejudicium</strong></span> <span class='ocrx_word' id='word_1_321' title='bbox 1464 2877 1871 2952; x_wconf 87' lang='lat' dir='ltr'><strong>virginitatis?</strong></span> 
     </span>
    </p>
   </div>
   <div class='ocr_carea' id='block_1_45' title="bbox 231 2965 1875 3039">
    <p class='ocr_par' dir='ltr' id='par_1_45' title="bbox 231 2965 1875 3039">
     <span class='ocr_line' id='line_1_45' title="bbox 231 2965 1875 3039; baseline 0.001 -17"><span class='ocrx_word' id='word_1_322' title='bbox 231 2965 394 3029; x_wconf 85' lang='lat' dir='ltr'><strong>Quasi</strong></span> <span class='ocrx_word' id='word_1_323' title='bbox 425 2983 547 3022; x_wconf 90' lang='lat' dir='ltr'><strong>non</strong></span> <span class='ocrx_word' id='word_1_324' title='bbox 597 2966 772 3024; x_wconf 89' lang='lat' dir='ltr'><strong>hodie</strong></span> <span class='ocrx_word' id='word_1_325' title='bbox 817 2983 1052 3039; x_wconf 89' lang='lat' dir='ltr'><strong>quoque</strong></span> <span class='ocrx_word' id='word_1_326' title='bbox 1101 2966 1341 3039; x_wconf 89' lang='lat' dir='ltr'><strong>plurimi</strong></span> <span class='ocrx_word' id='word_1_327' title='bbox 1394 2968 1725 3024; x_wconf 88' lang='lat' dir='ltr'><strong>sacerdotes</strong></span> <span class='ocrx_word' id='word_1_328' title='bbox 1772 2968 1875 3024; x_wconf 90' lang='lat' dir='ltr'><strong>ha-</strong></span> 
     </span>
    </p>
   </div>
   <div class='ocr_carea' id='block_1_46' title="bbox 229 3053 1871 3130">
    <p class='ocr_par' dir='ltr' id='par_1_46' title="bbox 229 3053 1871 3130">
     <span class='ocr_line' id='line_1_46' title="bbox 229 3053 1871 3130; baseline 0.001 -18"><span class='ocrx_word' id='word_1_329' title='bbox 229 3053 392 3113; x_wconf 86' lang='lat' dir='ltr'><strong>beant</strong></span> <span class='ocrx_word' id='word_1_330' title='bbox 419 3056 840 3126; x_wconf 87' lang='lat' dir='ltr'><strong>matrimonia;</strong></span> <span class='ocrx_word' id='word_1_331' title='bbox 874 3062 932 3113; x_wconf 91' lang='lat' dir='ltr'><strong>et</strong></span> <span class='ocrx_word' id='word_1_332' title='bbox 970 3056 1305 3129; x_wconf 83' lang='lat' dir='ltr'><strong>Apostolus,</strong></span> <span class='ocrx_word' id='word_1_333' title='bbox 1351 3056 1691 3130; x_wconf 83' lang='lat' dir='ltr'><strong>episcOpum</strong></span> <span class='ocrx_word' id='word_1_334' title='bbox 1739 3058 1871 3114; x_wconf 90' lang='lat' dir='ltr'><strong>des-</strong></span> 
     </span>
    </p>
   </div>
   <div class='ocr_carea' id='block_1_47' title="bbox 229 3144 1871 3213">
    <p class='ocr_par' dir='ltr' id='par_1_47' title="bbox 229 3144 1871 3213">
     <span class='ocr_line' id='line_1_47' title="bbox 229 3144 1871 3213; baseline 0.002 -13"><span class='ocrx_word' id='word_1_335' title='bbox 229 3144 405 3202; x_wconf 86' lang='lat' dir='ltr'><strong>cribat</strong></span> <span class='ocrx_word' id='word_1_336' title='bbox 447 3146 631 3202; x_wconf 85' lang='lat' dir='ltr'><strong>unius</strong></span> <span class='ocrx_word' id='word_1_337' title='bbox 673 3147 869 3202; x_wconf 82' lang='lat' dir='ltr'><strong>uxoris</strong></span> <span class='ocrx_word' id='word_1_338' title='bbox 912 3145 1124 3213; x_wconf 92' lang='lat' dir='ltr'><strong>virum,</strong></span> <span class='ocrx_word' id='word_1_339' title='bbox 1181 3146 1492 3202; x_wconf 84' lang='lat' dir='ltr'><strong>habentem</strong></span> <span class='ocrx_word' id='word_1_340' title='bbox 1536 3147 1689 3204; x_wconf 89' lang='lat' dir='ltr'><strong>ﬁlios</strong></span> <span class='ocrx_word' id='word_1_341' title='bbox 1736 3164 1871 3203; x_wconf 91' lang='lat' dir='ltr'><strong>eum</strong></span> 
     </span>
    </p>
   </div>
   <div class='ocr_carea' id='block_1_48' title="bbox 233 3235 1875 3309">
    <p class='ocr_par' dir='ltr' id='par_1_48' title="bbox 233 3235 1875 3309">
     <span class='ocr_line' id='line_1_48' title="bbox 233 3235 1875 3309; baseline 0.002 -18"><span class='ocrx_word' id='word_1_342' title='bbox 233 3236 382 3291; x_wconf 87' lang='lat' dir='ltr'><strong>omni</strong></span> <span class='ocrx_word' id='word_1_343' title='bbox 413 3235 687 3293; x_wconf 83' lang='lat' dir='ltr'><strong>castitate</strong></span> <span class='ocrx_word' id='word_1_344' title='bbox 716 3238 762 3308; x_wconf 88' lang='grc' dir='ltr'><strong>(ι</strong></span> <span class='ocrx_word' id='word_1_345' title='bbox 799 3238 937 3292; x_wconf 70' lang='lat' dir='ltr'><strong>Tim.</strong></span> <span class='ocrx_word' id='word_1_346' title='bbox 983 3253 1047 3291; x_wconf 83' lang='lat' dir='ltr'><strong>III</strong></span> <span class='ocrx_word' id='word_1_347' title='bbox 1088 3237 1164 3307; x_wconf 89' lang='lat'><strong>2).</strong></span> <span class='ocrx_word' id='word_1_348' title='bbox 1218 3237 1372 3293; x_wconf 70' lang='lat'><strong>274</strong></span> <span class='ocrx_word' id='word_1_349' title='bbox 1412 3235 1721 3309; x_wconf 89' lang='lat' dir='ltr'><strong>Simulque</strong></span> <span class='ocrx_word' id='word_1_350' title='bbox 1770 3255 1875 3294; x_wconf 91' lang='lat' dir='ltr'><strong>no-</strong></span> 
     </span>
    </p>
   </div>
   <div class='ocr_carea' id='block_1_49' title="bbox 1977 1983 3622 2059">
    <p class='ocr_par' dir='ltr' id='par_1_49' title="bbox 1977 1983 3622 2059">
     <span class='ocr_line' id='line_1_49' title="bbox 1977 1983 3622 2059; baseline 0.002 -18"><span class='ocrx_word' id='word_1_351' title='bbox 1977 1983 2290 2057; x_wconf 88' lang='lat' dir='ltr'><strong>recepisse,</strong></span> <span class='ocrx_word' id='word_1_352' title='bbox 2319 1987 2377 2040; x_wconf 90' lang='lat' dir='ltr'><strong>et</strong></span> <span class='ocrx_word' id='word_1_353' title='bbox 2398 1986 2524 2055; x_wconf 79' lang='lat' dir='ltr'><strong>jam</strong></span> <span class='ocrx_word' id='word_1_354' title='bbox 2558 2001 2758 2041; x_wconf 89' lang='lat' dir='ltr'><strong>senem</strong></span> <span class='ocrx_word' id='word_1_355' title='bbox 2788 1986 3176 2042; x_wconf 88' lang='lat' dir='ltr'><strong>Sunamitidis</strong></span> <span class='ocrx_word' id='word_1_356' title='bbox 3214 1986 3424 2059; x_wconf 69' lang='lat' dir='ltr'><strong>puellae</strong></span> <span class='ocrx_word' id='word_1_357' title='bbox 3473 1986 3622 2044; x_wconf 86' lang='lat' dir='ltr'><strong>cale-</strong></span> 
     </span>
    </p>
   </div>
   <div class='ocr_carea' id='block_1_50' title="bbox 1978 2073 3625 2148">
    <p class='ocr_par' dir='ltr' id='par_1_50' title="bbox 1978 2073 3625 2148">
     <span class='ocr_line' id='line_1_50' title="bbox 1978 2073 3625 2148; baseline 0.002 -19"><span class='ocrx_word' id='word_1_358' title='bbox 1978 2074 2199 2129; x_wconf 84' lang='lat' dir='ltr'><strong>factum</strong></span> <span class='ocrx_word' id='word_1_359' title='bbox 2260 2090 2386 2130; x_wconf 88' lang='lat' dir='ltr'><strong>esse</strong></span> <span class='ocrx_word' id='word_1_360' title='bbox 2437 2073 2857 2147; x_wconf 86' lang='lat' dir='ltr'><strong>complexibus.</strong></span> <span class='ocrx_word' id='word_1_361' title='bbox 2918 2075 3034 2130; x_wconf 92' lang='lat' dir='ltr'><strong>Nec</strong></span> <span class='ocrx_word' id='word_1_362' title='bbox 3089 2075 3200 2131; x_wconf 90' lang='lat' dir='ltr'><strong>hoc</strong></span> <span class='ocrx_word' id='word_1_363' title='bbox 3255 2075 3407 2147; x_wconf 89' lang='lat' dir='ltr'><strong>dico,</strong></span> <span class='ocrx_word' id='word_1_364' title='bbox 3469 2077 3625 2148; x_wconf 87' lang='lat' dir='ltr'><strong>quod</strong></span> 
     </span>
    </p>
   </div>
   <div class='ocr_carea' id='block_1_51' title="bbox 1977 2162 3626 2236">
    <p class='ocr_par' dir='ltr' id='par_1_51' title="bbox 1977 2162 3626 2236">
     <span class='ocr_line' id='line_1_51' title="bbox 1977 2162 3626 2236; baseline 0.002 -16"><span class='ocrx_word' id='word_1_365' title='bbox 1977 2163 2201 2220; x_wconf 90' lang='lat' dir='ltr'><strong>sanctis</strong></span> <span class='ocrx_word' id='word_1_366' title='bbox 2252 2162 2393 2220; x_wconf 88' lang='lat' dir='ltr'><strong>viris</strong></span> <span class='ocrx_word' id='word_1_367' title='bbox 2442 2163 2770 2236; x_wconf 86' lang='lat' dir='ltr'><strong>quidquam</strong></span> <span class='ocrx_word' id='word_1_368' title='bbox 2818 2164 3122 2221; x_wconf 89' lang='lat' dir='ltr'><strong>detrahere</strong></span> <span class='ocrx_word' id='word_1_369' title='bbox 3174 2166 3421 2222; x_wconf 87' lang='lat' dir='ltr'><strong>audeam</strong></span> <span class='ocrx_word' id='word_1_370' title='bbox 3466 2184 3480 2234; x_wconf 86' lang='lat'><strong>;</strong></span> <span class='ocrx_word' id='word_1_371' title='bbox 3526 2167 3626 2223; x_wconf 89' lang='lat' dir='ltr'><strong>sed</strong></span> 
     </span>
    </p>
   </div>
   <div class='ocr_carea' id='block_1_52' title="bbox 1979 2252 3628 2328">
    <p class='ocr_par' dir='ltr' id='par_1_52' title="bbox 1979 2252 3628 2328">
     <span class='ocr_line' id='line_1_52' title="bbox 1979 2252 3628 2328; baseline 0.002 -20"><span class='ocrx_word' id='word_1_372' title='bbox 1979 2253 2134 2324; x_wconf 91' lang='lat' dir='ltr'><strong>quod</strong></span> <span class='ocrx_word' id='word_1_373' title='bbox 2164 2252 2324 2308; x_wconf 90' lang='lat' dir='ltr'><strong>aliud</strong></span> <span class='ocrx_word' id='word_1_374' title='bbox 2358 2253 2435 2309; x_wconf 89' lang='lat' dir='ltr'><strong>sit</strong></span> <span class='ocrx_word' id='word_1_375' title='bbox 2465 2253 2524 2308; x_wconf 92' lang='lat' dir='ltr'><strong>in</strong></span> <span class='ocrx_word' id='word_1_376' title='bbox 2556 2252 2683 2325; x_wconf 91' lang='lat' dir='ltr'><strong>lege</strong></span> <span class='ocrx_word' id='word_1_377' title='bbox 2710 2254 2950 2319; x_wconf 84' lang='lat' dir='ltr'><strong>versari,</strong></span> <span class='ocrx_word' id='word_1_378' title='bbox 2983 2252 3142 2309; x_wconf 88' lang='lat' dir='ltr'><strong>aliud</strong></span> <span class='ocrx_word' id='word_1_379' title='bbox 3192 2254 3251 2309; x_wconf 90' lang='lat' dir='ltr'><strong>in</strong></span> <span class='ocrx_word' id='word_1_380' title='bbox 3297 2254 3628 2328; x_wconf 89' lang='lat' dir='ltr'><strong>Evangelio.</strong></span> 
     </span>
    </p>
   </div>
   <div class='ocr_carea' id='block_1_53' title="bbox 1979 2340 3626 2416">
    <p class='ocr_par' dir='ltr' id='par_1_53' title="bbox 1979 2340 3626 2416">
     <span class='ocr_line' id='line_1_53' title="bbox 1979 2340 3626 2416; baseline 0.001 -18"><span class='ocrx_word' id='word_1_381' title='bbox 1979 2341 2081 2398; x_wconf 91' lang='lat' dir='ltr'><strong>Ille</strong></span> <span class='ocrx_word' id='word_1_382' title='bbox 2111 2341 2325 2397; x_wconf 89' lang='lat' dir='ltr'><strong>occidit</strong></span> <span class='ocrx_word' id='word_1_383' title='bbox 2354 2340 2553 2398; x_wconf 90' lang='lat' dir='ltr'><strong>Uriam</strong></span> <span class='ocrx_word' id='word_1_384' title='bbox 2585 2342 2886 2398; x_wconf 73' lang='lat' dir='ltr'><strong>Hethaeum</strong></span> <span class='ocrx_word' id='word_1_385' title='bbox 2918 2342 3242 2414; x_wconf 73' lang='lat' dir='ltr'><strong>[Gethmum</strong></span> <span class='ocrx_word' id='word_1_386' title='bbox 3264 2345 3433 2416; x_wconf 65' lang='lat' dir='ltr'><strong>juxta</strong></span> <span class='ocrx_word' id='word_1_387' title='bbox 3462 2344 3626 2416; x_wconf 81' lang='lat' dir='ltr'><strong>LXX]</strong></span> 
     </span>
    </p>
   </div>
   <div class='ocr_carea' id='block_1_54' title="bbox 1978 2430 3631 2504">
    <p class='ocr_par' dir='ltr' id='par_1_54' title="bbox 1978 2430 3631 2504">
     <span class='ocr_line' id='line_1_54' title="bbox 1978 2430 3631 2504; baseline 0.002 -18"><span class='ocrx_word' id='word_1_388' title='bbox 1978 2430 2243 2486; x_wconf 83' lang='lat' dir='ltr'><strong>mcecbus</strong></span> <span class='ocrx_word' id='word_1_389' title='bbox 2273 2430 2498 2487; x_wconf 81' lang='lat' dir='ltr'><strong>exstitit</strong></span> <span class='ocrx_word' id='word_1_390' title='bbox 2543 2431 2602 2486; x_wconf 90' lang='lat' dir='ltr'><strong>in</strong></span> <span class='ocrx_word' id='word_1_391' title='bbox 2657 2431 2999 2487; x_wconf 89' lang='lat' dir='ltr'><strong>Bethsabee.</strong></span> <span class='ocrx_word' id='word_1_392' title='bbox 3054 2432 3123 2487; x_wconf 88' lang='lat' dir='ltr'><strong>Et</strong></span> <span class='ocrx_word' id='word_1_393' title='bbox 3169 2432 3308 2504; x_wconf 86' lang='lat' dir='ltr'><strong>quia</strong></span> <span class='ocrx_word' id='word_1_394' title='bbox 3361 2436 3489 2489; x_wconf 88' lang='lat' dir='ltr'><strong>erat</strong></span> <span class='ocrx_word' id='word_1_395' title='bbox 3540 2434 3631 2489; x_wconf 90' lang='lat' dir='ltr'><strong>vir</strong></span> 
     </span>
    </p>
   </div>
   <div class='ocr_carea' id='block_1_55' title="bbox 1981 2520 3633 2594">
    <p class='ocr_par' dir='ltr' id='par_1_55' title="bbox 1981 2520 3633 2594">
     <span class='ocr_line' id='line_1_55' title="bbox 1981 2520 3633 2594; baseline 0.001 -17"><span class='ocrx_word' id='word_1_396' title='bbox 1981 2520 2422 2593; x_wconf 89' lang='lat' dir='ltr'><strong>sanguinarius,</strong></span> <span class='ocrx_word' id='word_1_397' title='bbox 2471 2536 2588 2577; x_wconf 88' lang='lat' dir='ltr'><strong>non</strong></span> <span class='ocrx_word' id='word_1_398' title='bbox 2635 2521 2725 2592; x_wconf 88' lang='lat' dir='ltr'><strong>(ut</strong></span> <span class='ocrx_word' id='word_1_399' title='bbox 2756 2520 3017 2593; x_wconf 89' lang='lat' dir='ltr'><strong>plerique</strong></span> <span class='ocrx_word' id='word_1_400' title='bbox 3061 2520 3401 2577; x_wconf 83' lang='lat' dir='ltr'><strong>existimant</strong></span> <span class='ocrx_word' id='word_1_401' title='bbox 3429 2522 3471 2594; x_wconf 71' lang='lat'><strong>‘)</strong></span> <span class='ocrx_word' id='word_1_402' title='bbox 3502 2539 3633 2594; x_wconf 88' lang='lat' dir='ltr'><strong>pro-</strong></span> 
     </span>
    </p>
   </div>
   <div class='ocr_carea' id='block_1_56' title="bbox 1979 2609 3628 2683">
    <p class='ocr_par' dir='ltr' id='par_1_56' title="bbox 1979 2609 3628 2683">
     <span class='ocr_line' id='line_1_56' title="bbox 1979 2609 3628 2683; baseline 0.001 -17"><span class='ocrx_word' id='word_1_403' title='bbox 1979 2614 2109 2683; x_wconf 86' lang='lat' dir='ltr'><strong>pter</strong></span> <span class='ocrx_word' id='word_1_404' title='bbox 2135 2609 2308 2674; x_wconf 90' lang='lat' dir='ltr'><strong>bella,</strong></span> <span class='ocrx_word' id='word_1_405' title='bbox 2341 2610 2443 2665; x_wconf 90' lang='lat' dir='ltr'><strong>sed</strong></span> <span class='ocrx_word' id='word_1_406' title='bbox 2478 2613 2714 2682; x_wconf 88' lang='lat' dir='ltr'><strong>propter</strong></span> <span class='ocrx_word' id='word_1_407' title='bbox 2751 2609 3157 2676; x_wconf 89' lang='lat' dir='ltr'><strong>homicidium,</strong></span> <span class='ocrx_word' id='word_1_408' title='bbox 3188 2610 3477 2683; x_wconf 90' lang='lat' dir='ltr'><strong>templum</strong></span> <span class='ocrx_word' id='word_1_409' title='bbox 3516 2612 3628 2668; x_wconf 93' lang='lat' dir='ltr'><strong>Do-</strong></span> 
     </span>
    </p>
   </div>
   <div class='ocr_carea' id='block_1_57' title="bbox 1982 2698 3629 2777">
    <p class='ocr_par' dir='ltr' id='par_1_57' title="bbox 1982 2698 3629 2777">
     <span class='ocr_line' id='line_1_57' title="bbox 1982 2698 3629 2777; baseline 0.001 -22"><span class='ocrx_word' id='word_1_410' title='bbox 1982 2699 2126 2755; x_wconf 89' lang='lat' dir='ltr'><strong>mini</strong></span> <span class='ocrx_word' id='word_1_411' title='bbox 2157 2700 2444 2755; x_wconf 69' lang='lat' dir='ltr'><strong>tediﬁcare</strong></span> <span class='ocrx_word' id='word_1_412' title='bbox 2470 2698 2834 2771; x_wconf 90' lang='lat' dir='ltr'><strong>prohibetur.</strong></span> <span class='ocrx_word' id='word_1_413' title='bbox 2867 2699 2985 2756; x_wconf 92' lang='lat' dir='ltr'><strong>Nos</strong></span> <span class='ocrx_word' id='word_1_414' title='bbox 3010 2703 3206 2755; x_wconf 88' lang='lat' dir='ltr'><strong>autem</strong></span> <span class='ocrx_word' id='word_1_415' title='bbox 3239 2699 3289 2756; x_wconf 91' lang='lat' dir='ltr'><strong>si</strong></span> <span class='ocrx_word' id='word_1_416' title='bbox 3340 2717 3526 2777; x_wconf 77' lang='lat' dir='ltr'><strong>unum</strong></span> <span class='ocrx_word' id='word_1_417' title='bbox 3558 2701 3629 2757; x_wconf 89' lang='lat' dir='ltr'><strong>de</strong></span> 
     </span>
    </p>
   </div>
   <div class='ocr_carea' id='block_1_58' title="bbox 1981 2788 3630 2856">
    <p class='ocr_par' dir='ltr' id='par_1_58' title="bbox 1981 2788 3630 2856">
     <span class='ocr_line' id='line_1_58' title="bbox 1981 2788 3630 2856; baseline 0.001 -11"><span class='ocrx_word' id='word_1_418' title='bbox 1981 2789 2247 2845; x_wconf 88' lang='lat' dir='ltr'><strong>minimis</strong></span> <span class='ocrx_word' id='word_1_419' title='bbox 2273 2788 2889 2856; x_wconf 89' lang='lat' dir='ltr'><strong>scandalizaverimus,</strong></span> <span class='ocrx_word' id='word_1_420' title='bbox 2923 2793 2980 2846; x_wconf 89' lang='lat' dir='ltr'><strong>et</strong></span> <span class='ocrx_word' id='word_1_421' title='bbox 3014 2790 3063 2845; x_wconf 90' lang='lat' dir='ltr'><strong>si</strong></span> <span class='ocrx_word' id='word_1_422' title='bbox 3101 2790 3262 2845; x_wconf 85' lang='lat' dir='ltr'><strong>fratri</strong></span> <span class='ocrx_word' id='word_1_423' title='bbox 3308 2790 3630 2847; x_wconf 84' lang='lat' dir='ltr'><strong>dixerimus</strong></span> 
     </span>
    </p>
   </div>
   <div class='ocr_carea' id='block_1_59' title="bbox 1980 2878 3628 2952">
    <p class='ocr_par' dir='ltr' id='par_1_59' title="bbox 1980 2878 3628 2952">
     <span class='ocr_line' id='line_1_59' title="bbox 1980 2878 3628 2952; baseline 0.001 -16"><span class='ocrx_word' id='word_1_424' title='bbox 1980 2882 2145 2944; x_wconf 80' lang='lat' dir='ltr'><strong>Raca,</strong></span> <span class='ocrx_word' id='word_1_425' title='bbox 2178 2884 2236 2933; x_wconf 92' lang='lat' dir='ltr'><strong>et</strong></span> <span class='ocrx_word' id='word_1_426' title='bbox 2283 2896 2397 2935; x_wconf 88' lang='lat' dir='ltr'><strong>non</strong></span> <span class='ocrx_word' id='word_1_427' title='bbox 2461 2882 2620 2935; x_wconf 89' lang='lat' dir='ltr'><strong>recta</strong></span> <span class='ocrx_word' id='word_1_428' title='bbox 2677 2878 2782 2952; x_wconf 80' lang='grc' dir='ltr'><strong>[Αἱ.</strong></span> <span class='ocrx_word' id='word_1_429' title='bbox 2846 2881 3018 2946; x_wconf 88' lang='lat' dir='ltr'><strong>recte]</strong></span> <span class='ocrx_word' id='word_1_430' title='bbox 3074 2879 3226 2936; x_wconf 74' lang='lat'><strong>275</strong></span> <span class='ocrx_word' id='word_1_431' title='bbox 3283 2880 3628 2949; x_wconf 90' lang='lat' dir='ltr'><strong>viderimus,</strong></span> 
     </span>
    </p>
   </div>
   <div class='ocr_carea' id='block_1_60' title="bbox 1982 2967 3626 3041">
    <p class='ocr_par' dir='ltr' id='par_1_60' title="bbox 1982 2967 3626 3041">
     <span class='ocr_line' id='line_1_60' title="bbox 1982 2967 3626 3041; baseline 0.001 -16"><span class='ocrx_word' id='word_1_432' title='bbox 1982 2968 2216 3041; x_wconf 81' lang='lat' dir='ltr'><strong>expedit</strong></span> <span class='ocrx_word' id='word_1_433' title='bbox 2247 2972 2312 3024; x_wconf 94' lang='lat' dir='ltr'><strong>ut</strong></span> <span class='ocrx_word' id='word_1_434' title='bbox 2338 2967 2497 3024; x_wconf 88' lang='lat' dir='ltr'><strong>mola</strong></span> <span class='ocrx_word' id='word_1_435' title='bbox 2524 2968 2782 3024; x_wconf 88' lang='lat' dir='ltr'><strong>asinaria</strong></span> <span class='ocrx_word' id='word_1_436' title='bbox 2809 2967 3023 3041; x_wconf 87' lang='lat' dir='ltr'><strong>ligetur</strong></span> <span class='ocrx_word' id='word_1_437' title='bbox 3060 2968 3215 3024; x_wconf 91' lang='lat' dir='ltr'><strong>circa</strong></span> <span class='ocrx_word' id='word_1_438' title='bbox 3261 2968 3475 3025; x_wconf 89' lang='lat' dir='ltr'><strong>collum</strong></span> <span class='ocrx_word' id='word_1_439' title='bbox 3525 2987 3626 3026; x_wconf 90' lang='lat' dir='ltr'><strong>no-</strong></span> 
     </span>
    </p>
   </div>
   <div class='ocr_carea' id='block_1_61' title="bbox 1983 3056 3632 3127">
    <p class='ocr_par' dir='ltr' id='par_1_61' title="bbox 1983 3056 3632 3127">
     <span class='ocr_line' id='line_1_61' title="bbox 1983 3056 3632 3127; baseline 0.001 -14"><span class='ocrx_word' id='word_1_440' title='bbox 1983 3062 2196 3124; x_wconf 82' lang='lat' dir='ltr'><strong>strum,</strong></span> <span class='ocrx_word' id='word_1_441' title='bbox 2226 3061 2285 3112; x_wconf 90' lang='lat' dir='ltr'><strong>et</strong></span> <span class='ocrx_word' id='word_1_442' title='bbox 2314 3057 2396 3113; x_wconf 92' lang='lat' dir='ltr'><strong>rei</strong></span> <span class='ocrx_word' id='word_1_443' title='bbox 2445 3057 2668 3113; x_wconf 91' lang='lat' dir='ltr'><strong>erimus</strong></span> <span class='ocrx_word' id='word_1_444' title='bbox 2724 3056 3027 3127; x_wconf 71' lang='lat' dir='ltr'><strong>gehennae,</strong></span> <span class='ocrx_word' id='word_1_445' title='bbox 3086 3061 3144 3112; x_wconf 91' lang='lat' dir='ltr'><strong>et</strong></span> <span class='ocrx_word' id='word_1_446' title='bbox 3185 3057 3540 3115; x_wconf 89' lang='lat' dir='ltr'><strong>adulterium</strong></span> <span class='ocrx_word' id='word_1_447' title='bbox 3571 3059 3632 3115; x_wconf 91' lang='lat' dir='ltr'><strong>in</strong></span> 
     </span>
    </p>
   </div>
   <div class='ocr_carea' id='block_1_62' title="bbox 1983 3146 3635 3218">
    <p class='ocr_par' dir='ltr' id='par_1_62' title="bbox 1983 3146 3635 3218">
     <span class='ocr_line' id='line_1_62' title="bbox 1983 3146 3635 3218; baseline 0 -15"><span class='ocrx_word' id='word_1_448' title='bbox 1983 3146 2107 3203; x_wconf 89' lang='lat' dir='ltr'><strong>solo</strong></span> <span class='ocrx_word' id='word_1_449' title='bbox 2139 3146 2308 3202; x_wconf 88' lang='lat' dir='ltr'><strong>nobis</strong></span> <span class='ocrx_word' id='word_1_450' title='bbox 2340 3149 2581 3218; x_wconf 90' lang='lat' dir='ltr'><strong>aspectu</strong></span> <span class='ocrx_word' id='word_1_451' title='bbox 2617 3146 3007 3218; x_wconf 88' lang='lat' dir='ltr'><strong>reputabitur.</strong></span> <span class='ocrx_word' id='word_1_452' title='bbox 3055 3146 3293 3202; x_wconf 89' lang='lat' dir='ltr'><strong>Transit</strong></span> <span class='ocrx_word' id='word_1_453' title='bbox 3343 3148 3414 3202; x_wconf 88' lang='lat' dir='ltr'><strong>ad</strong></span> <span class='ocrx_word' id='word_1_454' title='bbox 3465 3147 3635 3203; x_wconf 88' lang='lat' dir='ltr'><strong>Salo-</strong></span> 
     </span>
    </p>
   </div>
   <div class='ocr_carea' id='block_1_63' title="bbox 1986 3234 3635 3308">
    <p class='ocr_par' dir='ltr' id='par_1_63' title="bbox 1986 3234 3635 3308">
     <span class='ocr_line' id='line_1_63' title="bbox 1986 3234 3635 3308; baseline 0.001 -17"><span class='ocrx_word' id='word_1_455' title='bbox 1986 3251 2241 3301; x_wconf 90' lang='lat' dir='ltr'><strong>monem,</strong></span> <span class='ocrx_word' id='word_1_456' title='bbox 2276 3252 2378 3308; x_wconf 92' lang='lat' dir='ltr'><strong>per</strong></span> <span class='ocrx_word' id='word_1_457' title='bbox 2418 3251 2591 3307; x_wconf 90' lang='lat' dir='ltr'><strong>quem</strong></span> <span class='ocrx_word' id='word_1_458' title='bbox 2649 3250 2713 3290; x_wconf 89' lang='lat' dir='ltr'><strong>se</strong></span> <span class='ocrx_word' id='word_1_459' title='bbox 2769 3234 2983 3292; x_wconf 90' lang='lat' dir='ltr'><strong>cecinit</strong></span> <span class='ocrx_word' id='word_1_460' title='bbox 3035 3234 3166 3308; x_wconf 88' lang='lat' dir='ltr'><strong>ipsa</strong></span> <span class='ocrx_word' id='word_1_461' title='bbox 3218 3234 3543 3308; x_wconf 86' lang='lat' dir='ltr'><strong>sapientia;</strong></span> <span class='ocrx_word' id='word_1_462' title='bbox 3578 3240 3635 3293; x_wconf 88' lang='lat' dir='ltr'><strong>et</strong></span> 
     </span>
    </p>
   </div>
   <div class='ocr_carea' id='block_1_64' title="bbox 228 3309 3632 3397">
    <p class='ocr_par' dir='ltr' id='par_1_64' title="bbox 228 3309 3632 3397">
     <span class='ocr_line' id='line_1_64' title="bbox 228 3309 3632 3397; baseline 0 -18"><span class='ocrx_word' id='word_1_463' title='bbox 228 3325 530 3396; x_wconf 86' lang='lat' dir='ltr'><strong>scendum,</strong></span> <span class='ocrx_word' id='word_1_464' title='bbox 557 3326 713 3397; x_wconf 91' lang='lat' dir='ltr'><strong>quod</strong></span> <span class='ocrx_word' id='word_1_465' title='bbox 744 3324 976 3383; x_wconf 89' lang='lat' dir='ltr'><strong>Samuel</strong></span> <span class='ocrx_word' id='word_1_466' title='bbox 1008 3325 1221 3393; x_wconf 89' lang='lat' dir='ltr'><strong>Levita,</strong></span> <span class='ocrx_word' id='word_1_467' title='bbox 1258 3342 1372 3381; x_wconf 88' lang='lat' dir='ltr'><strong>non</strong></span> <span class='ocrx_word' id='word_1_468' title='bbox 1403 3327 1677 3383; x_wconf 88' lang='lat' dir='ltr'><strong>sacerdos</strong></span> <span class='ocrx_word' id='word_1_469' title='bbox 1707 3329 1873 3395; x_wconf 72' lang='lat' dir='ltr'><strong>&#39;,non</strong></span> <span class='ocrx_word' id='word_1_470' title='bbox 1908 3309 1951 3376; x_wconf 71' lang='grc' dir='ltr'><strong>Ο</strong></span> <span class='ocrx_word' id='word_1_471' title='bbox 1991 3340 2125 3379; x_wconf 87' lang='lat' dir='ltr'><strong>eum</strong></span> <span class='ocrx_word' id='word_1_472' title='bbox 2156 3323 2425 3379; x_wconf 85' lang='lat' dir='ltr'><strong>uxorium</strong></span> <span class='ocrx_word' id='word_1_473' title='bbox 2460 3339 2595 3379; x_wconf 92' lang='lat' dir='ltr'><strong>eum</strong></span> <span class='ocrx_word' id='word_1_474' title='bbox 2627 3322 2803 3391; x_wconf 91' lang='lat' dir='ltr'><strong>dicat,</strong></span> <span class='ocrx_word' id='word_1_475' title='bbox 2836 3325 3013 3395; x_wconf 88' lang='lat' dir='ltr'><strong>atque</strong></span> <span class='ocrx_word' id='word_1_476' title='bbox 3044 3323 3103 3379; x_wconf 89' lang='lat' dir='ltr'><strong>in</strong></span> <span class='ocrx_word' id='word_1_477' title='bbox 3143 3323 3302 3381; x_wconf 90' lang='lat' dir='ltr'><strong>illius</strong></span> <span class='ocrx_word' id='word_1_478' title='bbox 3356 3323 3632 3382; x_wconf 89' lang='lat' dir='ltr'><strong>laudibus</strong></span> 
     </span>
    </p>
   </div>
   <div class='ocr_carea' id='block_1_65' title="bbox 235 3413 1875 3485">
    <p class='ocr_par' dir='ltr' id='par_1_65' title="bbox 235 3413 1875 3485">
     <span class='ocr_line' id='line_1_65' title="bbox 235 3413 1875 3485; baseline 0.001 -15"><span class='ocrx_word' id='word_1_479' title='bbox 235 3414 489 3485; x_wconf 82' lang='lat' dir='ltr'><strong>pontifex</strong></span> <span class='ocrx_word' id='word_1_480' title='bbox 521 3413 714 3472; x_wconf 88' lang='lat' dir='ltr'><strong>fuerit.</strong></span> <span class='ocrx_word' id='word_1_481' title='bbox 738 3414 902 3471; x_wconf 88' lang='lat' dir='ltr'><strong>Unde</strong></span> <span class='ocrx_word' id='word_1_482' title='bbox 961 3419 1018 3470; x_wconf 89' lang='lat' dir='ltr'><strong>et</strong></span> <span class='ocrx_word' id='word_1_483' title='bbox 1075 3413 1325 3471; x_wconf 84' lang='lat' dir='ltr'><strong>faciebat</strong></span> <span class='ocrx_word' id='word_1_484' title='bbox 1375 3414 1458 3470; x_wconf 90' lang='lat' dir='ltr'><strong>illi</strong></span> <span class='ocrx_word' id='word_1_485' title='bbox 1524 3420 1712 3471; x_wconf 89' lang='lat' dir='ltr'><strong>mater</strong></span> <span class='ocrx_word' id='word_1_486' title='bbox 1765 3432 1875 3473; x_wconf 90' lang='lat' dir='ltr'><strong>sua</strong></span> 
     </span>
    </p>
   </div>
   <div class='ocr_carea' id='block_1_66' title="bbox 234 3503 1877 3577">
    <p class='ocr_par' dir='ltr' id='par_1_66' title="bbox 234 3503 1877 3577">
     <span class='ocr_line' id='line_1_66' title="bbox 234 3503 1877 3577; baseline 0.002 -19"><span class='ocrx_word' id='word_1_487' title='bbox 234 3503 410 3575; x_wconf 83' lang='lat' dir='ltr'><strong>Ephod</strong></span> <span class='ocrx_word' id='word_1_488' title='bbox 459 3504 590 3574; x_wconf 82' lang='lat' dir='ltr'><strong>bad,</strong></span> <span class='ocrx_word' id='word_1_489' title='bbox 670 3503 1149 3577; x_wconf 89' lang='lat' dir='ltr'><strong>superhumerale</strong></span> <span class='ocrx_word' id='word_1_490' title='bbox 1217 3503 1486 3561; x_wconf 87' lang='lat' dir='ltr'><strong>videlicet</strong></span> <span class='ocrx_word' id='word_1_491' title='bbox 1544 3504 1766 3560; x_wconf 87' lang='lat' dir='ltr'><strong>lineum</strong></span> <span class='ocrx_word' id='word_1_492' title='bbox 1829 3506 1877 3576; x_wconf 88' lang='grc' dir='ltr'><strong>(Ι</strong></span> 
     </span>
    </p>
   </div>
   <div class='ocr_carea' id='block_1_67' title="bbox 228 3592 1872 3666">
    <p class='ocr_par' dir='ltr' id='par_1_67' title="bbox 228 3592 1872 3666">
     <span class='ocr_line' id='line_1_67' title="bbox 228 3592 1872 3666; baseline 0.002 -19"><span class='ocrx_word' id='word_1_493' title='bbox 228 3592 352 3664; x_wconf 85' lang='lat' dir='ltr'><strong>Reg.</strong></span> <span class='ocrx_word' id='word_1_494' title='bbox 383 3611 446 3662; x_wconf 78' lang='grc' dir='ltr'><strong>ιι,</strong></span> <span class='ocrx_word' id='word_1_495' title='bbox 476 3593 591 3664; x_wconf 74' lang='grc'><strong>48),</strong></span> <span class='ocrx_word' id='word_1_496' title='bbox 626 3592 728 3665; x_wconf 91' lang='lat' dir='ltr'><strong>qui</strong></span> <span class='ocrx_word' id='word_1_497' title='bbox 758 3593 996 3649; x_wconf 85' lang='lat' dir='ltr'><strong>habitus</strong></span> <span class='ocrx_word' id='word_1_498' title='bbox 1028 3592 1257 3666; x_wconf 90' lang='lat' dir='ltr'><strong>proprie</strong></span> <span class='ocrx_word' id='word_1_499' title='bbox 1289 3593 1617 3649; x_wconf 88' lang='lat' dir='ltr'><strong>Levitarum</strong></span> <span class='ocrx_word' id='word_1_500' title='bbox 1668 3598 1725 3650; x_wconf 92' lang='lat' dir='ltr'><strong>et</strong></span> <span class='ocrx_word' id='word_1_501' title='bbox 1762 3596 1872 3651; x_wconf 88' lang='lat' dir='ltr'><strong>mi-</strong></span> 
     </span>
    </p>
   </div>
   <div class='ocr_carea' id='block_1_68' title="bbox 232 3681 1872 3740">
    <p class='ocr_par' dir='ltr' id='par_1_68' title="bbox 232 3681 1872 3740">
     <span class='ocr_line' id='line_1_68' title="bbox 232 3681 1872 3740; baseline 0.002 -4"><span class='ocrx_word' id='word_1_502' title='bbox 232 3682 381 3738; x_wconf 88' lang='lat' dir='ltr'><strong>noris</strong></span> <span class='ocrx_word' id='word_1_503' title='bbox 410 3686 507 3739; x_wconf 89' lang='lat' dir='ltr'><strong>est</strong></span> <span class='ocrx_word' id='word_1_504' title='bbox 541 3681 784 3739; x_wconf 89' lang='lat' dir='ltr'><strong>ordinis.</strong></span> <span class='ocrx_word' id='word_1_505' title='bbox 820 3682 983 3739; x_wconf 84' lang='lat' dir='ltr'><strong>Unde</strong></span> <span class='ocrx_word' id='word_1_506' title='bbox 1014 3687 1072 3738; x_wconf 92' lang='lat' dir='ltr'><strong>et</strong></span> <span class='ocrx_word' id='word_1_507' title='bbox 1103 3682 1163 3737; x_wconf 89' lang='lat' dir='ltr'><strong>in</strong></span> <span class='ocrx_word' id='word_1_508' title='bbox 1216 3681 1468 3738; x_wconf 88' lang='lat' dir='ltr'><strong>Psalmis</strong></span> <span class='ocrx_word' id='word_1_509' title='bbox 1518 3700 1634 3739; x_wconf 92' lang='lat' dir='ltr'><strong>non</strong></span> <span class='ocrx_word' id='word_1_510' title='bbox 1682 3684 1872 3740; x_wconf 88' lang='lat' dir='ltr'><strong>nomi-</strong></span> 
     </span>
    </p>
   </div>
   <div class='ocr_carea' id='block_1_69' title="bbox 230 3771 1876 3844">
    <p class='ocr_par' dir='ltr' id='par_1_69' title="bbox 230 3771 1876 3844">
     <span class='ocr_line' id='line_1_69' title="bbox 230 3771 1876 3844; baseline 0.004 -21"><span class='ocrx_word' id='word_1_511' title='bbox 230 3775 393 3826; x_wconf 89' lang='lat' dir='ltr'><strong>natur</strong></span> <span class='ocrx_word' id='word_1_512' title='bbox 421 3772 581 3827; x_wconf 88' lang='lat' dir='ltr'><strong>inter</strong></span> <span class='ocrx_word' id='word_1_513' title='bbox 608 3772 958 3837; x_wconf 83' lang='lat' dir='ltr'><strong>sacerdotes,</strong></span> <span class='ocrx_word' id='word_1_514' title='bbox 1000 3771 1101 3827; x_wconf 90' lang='lat' dir='ltr'><strong>sed</strong></span> <span class='ocrx_word' id='word_1_515' title='bbox 1133 3772 1285 3827; x_wconf 88' lang='lat' dir='ltr'><strong>inter</strong></span> <span class='ocrx_word' id='word_1_516' title='bbox 1314 3788 1413 3828; x_wconf 90' lang='lat' dir='ltr'><strong>eos</strong></span> <span class='ocrx_word' id='word_1_517' title='bbox 1444 3772 1545 3844; x_wconf 91' lang='lat' dir='ltr'><strong>qui</strong></span> <span class='ocrx_word' id='word_1_518' title='bbox 1603 3773 1876 3830; x_wconf 87' lang='lat' dir='ltr'><strong>invocant</strong></span> 
     </span>
    </p>
   </div>
   <div class='ocr_carea' id='block_1_70' title="bbox 229 3859 1875 3934">
    <p class='ocr_par' dir='ltr' id='par_1_70' title="bbox 229 3859 1875 3934">
     <span class='ocr_line' id='line_1_70' title="bbox 229 3859 1875 3934; baseline 0.004 -21"><span class='ocrx_word' id='word_1_519' title='bbox 229 3873 432 3916; x_wconf 90' lang='lat' dir='ltr'><strong>nomen</strong></span> <span class='ocrx_word' id='word_1_520' title='bbox 486 3859 757 3917; x_wconf 88' lang='lat' dir='ltr'><strong>Domini:</strong></span> <span class='ocrx_word' id='word_1_521' title='bbox 788 3865 1002 3934; x_wconf 83' lang='lat' dir='ltr'><strong>Moyses</strong></span> <span class='ocrx_word' id='word_1_522' title='bbox 1029 3862 1123 3917; x_wconf 66' lang='lat' dir='ltr'><strong>aet</strong></span> <span class='ocrx_word' id='word_1_523' title='bbox 1168 3863 1355 3917; x_wconf 85' lang='lat' dir='ltr'><strong>Aaron</strong></span> <span class='ocrx_word' id='word_1_524' title='bbox 1400 3864 1462 3917; x_wconf 87' lang='lat' dir='ltr'><strong>in</strong></span> <span class='ocrx_word' id='word_1_525' title='bbox 1500 3862 1875 3919; x_wconf 77' lang='lat' dir='ltr'><strong>sacerdotibus</strong></span> 
     </span>
    </p>
   </div>
   <div class='ocr_carea' id='block_1_71' title="bbox 228 3949 1874 4025">
    <p class='ocr_par' dir='ltr' id='par_1_71' title="bbox 228 3949 1874 4025">
     <span class='ocr_line' id='line_1_71' title="bbox 228 3949 1874 4025; baseline 0.004 -22"><span class='ocrx_word' id='word_1_526' title='bbox 228 3949 358 4019; x_wconf 81' lang='lat' dir='ltr'><strong>ejus,</strong></span> <span class='ocrx_word' id='word_1_527' title='bbox 387 3954 439 4005; x_wconf 85' lang='lat' dir='ltr'><strong>et</strong></span> <span class='ocrx_word' id='word_1_528' title='bbox 466 3950 695 4007; x_wconf 87' lang='lat' dir='ltr'><strong>Samuel</strong></span> <span class='ocrx_word' id='word_1_529' title='bbox 722 3952 868 4007; x_wconf 86' lang='lat' dir='ltr'><strong>inter</strong></span> <span class='ocrx_word' id='word_1_530' title='bbox 912 3967 1020 4019; x_wconf 87' lang='lat' dir='ltr'><strong>eos,</strong></span> <span class='ocrx_word' id='word_1_531' title='bbox 1067 3953 1167 4023; x_wconf 88' lang='lat' dir='ltr'><strong>qui</strong></span> <span class='ocrx_word' id='word_1_532' title='bbox 1204 3953 1455 4007; x_wconf 83' lang='lat' dir='ltr'><strong>invocant</strong></span> <span class='ocrx_word' id='word_1_533' title='bbox 1515 3968 1713 4009; x_wconf 82' lang='lat' dir='ltr'><strong>nomen</strong></span> <span class='ocrx_word' id='word_1_534' title='bbox 1757 3954 1874 4025; x_wconf 86' lang='lat' dir='ltr'><strong>ejus</strong></span> 
     </span>
    </p>
   </div>
   <div class='ocr_carea' id='block_1_72' title="bbox 229 4040 1874 4113">
    <p class='ocr_par' dir='ltr' id='par_1_72' title="bbox 229 4040 1874 4113">
     <span class='ocr_line' id='line_1_72' title="bbox 229 4040 1874 4113; baseline 0.003 -21"><span class='ocrx_word' id='word_1_535' title='bbox 229 4040 392 4106; x_wconf 84' lang='lat' dir='ltr'><strong>(Psal.</strong></span> <span class='ocrx_word' id='word_1_536' title='bbox 425 4056 625 4107; x_wconf 86' lang='lat' dir='ltr'><strong>xcvm,</strong></span> <span class='ocrx_word' id='word_1_537' title='bbox 665 4040 743 4112; x_wconf 87' lang='lat'><strong>6).</strong></span> <span class='ocrx_word' id='word_1_538' title='bbox 793 4041 927 4096; x_wconf 89' lang='lat' dir='ltr'><strong>Levi</strong></span> <span class='ocrx_word' id='word_1_539' title='bbox 975 4040 1132 4097; x_wconf 87' lang='lat' dir='ltr'><strong>enim</strong></span> <span class='ocrx_word' id='word_1_540' title='bbox 1187 4041 1390 4113; x_wconf 88' lang='lat' dir='ltr'><strong>genuit</strong></span> <span class='ocrx_word' id='word_1_541' title='bbox 1436 4041 1634 4110; x_wconf 87' lang='lat' dir='ltr'><strong>Caath,</strong></span> <span class='ocrx_word' id='word_1_542' title='bbox 1692 4042 1874 4098; x_wconf 88' lang='lat' dir='ltr'><strong>Caath</strong></span> 
     </span>
    </p>
   </div>
   <div class='ocr_carea' id='block_1_73' title="bbox 239 4129 1877 4202">
    <p class='ocr_par' dir='ltr' id='par_1_73' title="bbox 239 4129 1877 4202">
     <span class='ocr_line' id='line_1_73' title="bbox 239 4129 1877 4202; baseline 0.004 -19"><span class='ocrx_word' id='word_1_543' title='bbox 239 4130 437 4200; x_wconf 84' lang='lat' dir='ltr'><strong>genuit</strong></span> <span class='ocrx_word' id='word_1_544' title='bbox 464 4130 815 4200; x_wconf 87' lang='lat' dir='ltr'><strong>Aminadab,</strong></span> <span class='ocrx_word' id='word_1_545' title='bbox 848 4130 1180 4186; x_wconf 86' lang='lat' dir='ltr'><strong>Aminadab</strong></span> <span class='ocrx_word' id='word_1_546' title='bbox 1211 4129 1418 4202; x_wconf 91' lang='lat' dir='ltr'><strong>genuit</strong></span> <span class='ocrx_word' id='word_1_547' title='bbox 1445 4130 1647 4198; x_wconf 88' lang='lat' dir='ltr'><strong>Chore,</strong></span> <span class='ocrx_word' id='word_1_548' title='bbox 1692 4132 1877 4189; x_wconf 83' lang='lat' dir='ltr'><strong>Cbore</strong></span> 
     </span>
    </p>
   </div>
   <div class='ocr_carea' id='block_1_74' title="bbox 226 4218 1876 4292">
    <p class='ocr_par' dir='ltr' id='par_1_74' title="bbox 226 4218 1876 4292">
     <span class='ocr_line' id='line_1_74' title="bbox 226 4218 1876 4292; baseline 0.003 -19"><span class='ocrx_word' id='word_1_549' title='bbox 226 4218 420 4287; x_wconf 83' lang='lat' dir='ltr'><strong>genuit</strong></span> <span class='ocrx_word' id='word_1_550' title='bbox 468 4218 657 4288; x_wconf 82' lang='lat' dir='ltr'><strong>Assir,</strong></span> <span class='ocrx_word' id='word_1_551' title='bbox 716 4219 885 4275; x_wconf 84' lang='lat' dir='ltr'><strong>Assir</strong></span> <span class='ocrx_word' id='word_1_552' title='bbox 941 4220 1147 4292; x_wconf 90' lang='lat' dir='ltr'><strong>genuit</strong></span> <span class='ocrx_word' id='word_1_553' title='bbox 1205 4218 1520 4288; x_wconf 87' lang='lat' dir='ltr'><strong>Helehana,</strong></span> <span class='ocrx_word' id='word_1_554' title='bbox 1579 4219 1876 4278; x_wconf 89' lang='lat' dir='ltr'><strong>Helchana</strong></span> 
     </span>
    </p>
   </div>
   <div class='ocr_carea' id='block_1_75' title="bbox 226 4307 1872 4383">
    <p class='ocr_par' dir='ltr' id='par_1_75' title="bbox 226 4307 1872 4383">
     <span class='ocr_line' id='line_1_75' title="bbox 226 4307 1872 4383; baseline 0.003 -21"><span class='ocrx_word' id='word_1_555' title='bbox 226 4307 421 4377; x_wconf 84' lang='lat' dir='ltr'><strong>genuit</strong></span> <span class='ocrx_word' id='word_1_556' title='bbox 449 4308 598 4377; x_wconf 91' lang='lat' dir='ltr'><strong>Sub,</strong></span> <span class='ocrx_word' id='word_1_557' title='bbox 629 4308 753 4364; x_wconf 90' lang='lat' dir='ltr'><strong>Sub</strong></span> <span class='ocrx_word' id='word_1_558' title='bbox 784 4309 986 4383; x_wconf 88' lang='lat' dir='ltr'><strong>genuit</strong></span> <span class='ocrx_word' id='word_1_559' title='bbox 1014 4309 1159 4377; x_wconf 92' lang='lat' dir='ltr'><strong>Tou,</strong></span> <span class='ocrx_word' id='word_1_560' title='bbox 1194 4309 1317 4364; x_wconf 90' lang='lat' dir='ltr'><strong>Tou</strong></span> <span class='ocrx_word' id='word_1_561' title='bbox 1339 4308 1542 4381; x_wconf 90' lang='lat' dir='ltr'><strong>genuit</strong></span> <span class='ocrx_word' id='word_1_562' title='bbox 1562 4308 1713 4377; x_wconf 89' lang='lat' dir='ltr'><strong>Eliu,</strong></span> <span class='ocrx_word' id='word_1_563' title='bbox 1747 4310 1872 4367; x_wconf 89' lang='lat' dir='ltr'><strong>Eliu</strong></span> 
     </span>
    </p>
   </div>
   <div class='ocr_carea' id='block_1_76' title="bbox 225 4396 1874 4470">
    <p class='ocr_par' dir='ltr' id='par_1_76' title="bbox 225 4396 1874 4470">
     <span class='ocr_line' id='line_1_76' title="bbox 225 4396 1874 4470; baseline 0.004 -20"><span class='ocrx_word' id='word_1_564' title='bbox 225 4398 420 4467; x_wconf 84' lang='lat' dir='ltr'><strong>genuit</strong></span> <span class='ocrx_word' id='word_1_565' title='bbox 446 4398 706 4470; x_wconf 86' lang='lat' dir='ltr'><strong>Jeroam,</strong></span> <span class='ocrx_word' id='word_1_566' title='bbox 736 4399 969 4456; x_wconf 86' lang='lat' dir='ltr'><strong>Jeroam</strong></span> <span class='ocrx_word' id='word_1_567' title='bbox 1000 4398 1205 4470; x_wconf 88' lang='lat' dir='ltr'><strong>genuit</strong></span> <span class='ocrx_word' id='word_1_568' title='bbox 1234 4396 1551 4465; x_wconf 84' lang='lat' dir='ltr'><strong>Helchana,</strong></span> <span class='ocrx_word' id='word_1_569' title='bbox 1575 4399 1874 4457; x_wconf 83' lang='lat' dir='ltr'><strong>Helchana</strong></span> 
     </span>
    </p>
   </div>
   <div class='ocr_carea' id='block_1_77' title="bbox 223 4486 1873 4560">
    <p class='ocr_par' dir='ltr' id='par_1_77' title="bbox 223 4486 1873 4560">
     <span class='ocr_line' id='line_1_77' title="bbox 223 4486 1873 4560; baseline 0.004 -19"><span class='ocrx_word' id='word_1_570' title='bbox 223 4486 418 4558; x_wconf 78' lang='lat' dir='ltr'><strong>genuit</strong></span> <span class='ocrx_word' id='word_1_571' title='bbox 446 4486 804 4546; x_wconf 88' lang='lat' dir='ltr'><strong>Samuelem.</strong></span> <span class='ocrx_word' id='word_1_572' title='bbox 836 4486 1115 4560; x_wconf 88' lang='lat' dir='ltr'><strong>Nullique</strong></span> <span class='ocrx_word' id='word_1_573' title='bbox 1164 4488 1412 4543; x_wconf 89' lang='lat' dir='ltr'><strong>dubium</strong></span> <span class='ocrx_word' id='word_1_574' title='bbox 1463 4492 1553 4543; x_wconf 89' lang='lat' dir='ltr'><strong>est</strong></span> <span class='ocrx_word' id='word_1_575' title='bbox 1603 4491 1873 4547; x_wconf 85' lang='lat' dir='ltr'><strong>sacerdo-</strong></span> 
     </span>
    </p>
   </div>
   <div class='ocr_carea' id='block_1_78' title="bbox 220 4575 1871 4650">
    <p class='ocr_par' dir='ltr' id='par_1_78' title="bbox 220 4575 1871 4650">
     <span class='ocr_line' id='line_1_78' title="bbox 220 4575 1871 4650; baseline 0.003 -20"><span class='ocrx_word' id='word_1_576' title='bbox 220 4577 302 4631; x_wconf 85' lang='lat' dir='ltr'><strong>tes</strong></span> <span class='ocrx_word' id='word_1_577' title='bbox 330 4575 401 4633; x_wconf 91' lang='lat' dir='ltr'><strong>de</strong></span> <span class='ocrx_word' id='word_1_578' title='bbox 425 4578 619 4634; x_wconf 86' lang='lat' dir='ltr'><strong>Aaron</strong></span> <span class='ocrx_word' id='word_1_579' title='bbox 651 4583 708 4635; x_wconf 91' lang='lat' dir='ltr'><strong>et</strong></span> <span class='ocrx_word' id='word_1_580' title='bbox 736 4577 972 4634; x_wconf 87' lang='lat' dir='ltr'><strong>Eleazar</strong></span> <span class='ocrx_word' id='word_1_581' title='bbox 993 4582 1052 4633; x_wconf 91' lang='lat' dir='ltr'><strong>et</strong></span> <span class='ocrx_word' id='word_1_582' title='bbox 1075 4576 1323 4633; x_wconf 83' lang='lat' dir='ltr'><strong>Phinees</strong></span> <span class='ocrx_word' id='word_1_583' title='bbox 1351 4576 1531 4650; x_wconf 88' lang='lat' dir='ltr'><strong>stirpe</strong></span> <span class='ocrx_word' id='word_1_584' title='bbox 1542 4583 1871 4650; x_wconf 89' lang='lat' dir='ltr'><strong>generatos.</strong></span> 
     </span>
    </p>
   </div>
   <div class='ocr_carea' id='block_1_79' title="bbox 1983 3412 3635 3486">
    <p class='ocr_par' dir='ltr' id='par_1_79' title="bbox 1983 3412 3635 3486">
     <span class='ocr_line' id='line_1_79' title="bbox 1983 3412 3635 3486; baseline 0.003 -18"><span class='ocrx_word' id='word_1_585' title='bbox 1983 3414 2350 3482; x_wconf 80' lang='lat' dir='ltr'><strong>immoratur,</strong></span> <span class='ocrx_word' id='word_1_586' title='bbox 2384 3412 2569 3469; x_wconf 90' lang='lat' dir='ltr'><strong>miror</strong></span> <span class='ocrx_word' id='word_1_587' title='bbox 2599 3429 2703 3468; x_wconf 90' lang='lat' dir='ltr'><strong>cur</strong></span> <span class='ocrx_word' id='word_1_588' title='bbox 2732 3428 2850 3469; x_wconf 89' lang='lat' dir='ltr'><strong>non</strong></span> <span class='ocrx_word' id='word_1_589' title='bbox 2874 3414 3090 3486; x_wconf 81' lang='lat' dir='ltr'><strong>jungat</strong></span> <span class='ocrx_word' id='word_1_590' title='bbox 3117 3419 3176 3470; x_wconf 89' lang='lat' dir='ltr'><strong>et</strong></span> <span class='ocrx_word' id='word_1_591' title='bbox 3206 3413 3347 3471; x_wconf 92' lang='lat' dir='ltr'><strong>illud</strong></span> <span class='ocrx_word' id='word_1_592' title='bbox 3384 3416 3456 3472; x_wconf 89' lang='lat' dir='ltr'><strong>de</strong></span> <span class='ocrx_word' id='word_1_593' title='bbox 3485 3417 3635 3473; x_wconf 91' lang='lat' dir='ltr'><strong>Can-</strong></span> 
     </span>
    </p>
   </div>
   <div class='ocr_carea' id='block_1_80' title="bbox 1984 3501 3633 3576">
    <p class='ocr_par' dir='ltr' id='par_1_80' title="bbox 1984 3501 3633 3576">
     <span class='ocr_line' id='line_1_80' title="bbox 1984 3501 3633 3576; baseline 0.003 -19"><span class='ocrx_word' id='word_1_594' title='bbox 1984 3505 2096 3558; x_wconf 90' lang='lat' dir='ltr'><strong>tico</strong></span> <span class='ocrx_word' id='word_1_595' title='bbox 2141 3502 2504 3558; x_wconf 88' lang='lat' dir='ltr'><strong>canticorum</strong></span> <span class='ocrx_word' id='word_1_596' title='bbox 2558 3519 2570 3557; x_wconf 89' lang='lat'><strong>:</strong></span> <span class='ocrx_word' id='word_1_597' title='bbox 2629 3501 2931 3574; x_wconf 75' lang='lat' dir='ltr'><strong>Sexaginta</strong></span> <span class='ocrx_word' id='word_1_598' title='bbox 2986 3511 3118 3559; x_wconf 88' lang='lat' dir='ltr'><strong>sunt</strong></span> <span class='ocrx_word' id='word_1_599' title='bbox 3178 3505 3472 3576; x_wconf 71' lang='lat' dir='ltr'><strong>reginw,et</strong></span> <span class='ocrx_word' id='word_1_600' title='bbox 3489 3513 3633 3562; x_wconf 87' lang='lat' dir='ltr'><strong>octo-</strong></span> 
     </span>
    </p>
   </div>
   <div class='ocr_carea' id='block_1_81' title="bbox 1981 3590 3631 3664">
    <p class='ocr_par' dir='ltr' id='par_1_81' title="bbox 1981 3590 3631 3664">
     <span class='ocr_line' id='line_1_81' title="bbox 1981 3590 3631 3664; baseline 0.002 -17"><span class='ocrx_word' id='word_1_601' title='bbox 1981 3593 2138 3663; x_wconf 84' lang='lat' dir='ltr'><strong>ginta</strong></span> <span class='ocrx_word' id='word_1_602' title='bbox 2165 3592 2517 3653; x_wconf 70' lang='lat' dir='ltr'><strong>concubinee;</strong></span> <span class='ocrx_word' id='word_1_603' title='bbox 2547 3599 2597 3647; x_wconf 89' lang='lat' dir='ltr'><strong>et</strong></span> <span class='ocrx_word' id='word_1_604' title='bbox 2627 3590 3063 3659; x_wconf 62' lang='lat' dir='ltr'><strong>adolescentulis,</strong></span> <span class='ocrx_word' id='word_1_605' title='bbox 3114 3608 3351 3664; x_wconf 87' lang='lat' dir='ltr'><strong>quarum</strong></span> <span class='ocrx_word' id='word_1_606' title='bbox 3395 3610 3508 3651; x_wconf 87' lang='lat' dir='ltr'><strong>non</strong></span> <span class='ocrx_word' id='word_1_607' title='bbox 3552 3600 3631 3652; x_wconf 86' lang='lat' dir='ltr'><strong>est</strong></span> 
     </span>
    </p>
   </div>
   <div class='ocr_carea' id='block_1_82' title="bbox 1982 3680 3628 3756">
    <p class='ocr_par' dir='ltr' id='par_1_82' title="bbox 1982 3680 3628 3756">
     <span class='ocr_line' id='line_1_82' title="bbox 1982 3680 3628 3756; baseline 0.001 -18"><span class='ocrx_word' id='word_1_608' title='bbox 1982 3697 2246 3738; x_wconf 86' lang='lat' dir='ltr'><strong>numerus</strong></span> <span class='ocrx_word' id='word_1_609' title='bbox 2307 3682 2497 3752; x_wconf 87' lang='lat' dir='ltr'><strong>(Cant.</strong></span> <span class='ocrx_word' id='word_1_610' title='bbox 2531 3697 2611 3751; x_wconf 74' lang='lat' dir='ltr'><strong>vr,</strong></span> <span class='ocrx_word' id='word_1_611' title='bbox 2639 3682 2717 3747; x_wconf 90' lang='lat'><strong>7).</strong></span> <span class='ocrx_word' id='word_1_612' title='bbox 2771 3681 2839 3735; x_wconf 88' lang='lat' dir='ltr'><strong>Et</strong></span> <span class='ocrx_word' id='word_1_613' title='bbox 2894 3680 3041 3737; x_wconf 90' lang='lat' dir='ltr'><strong>illud</strong></span> <span class='ocrx_word' id='word_1_614' title='bbox 3097 3681 3169 3738; x_wconf 92' lang='lat' dir='ltr'><strong>de</strong></span> <span class='ocrx_word' id='word_1_615' title='bbox 3226 3683 3447 3756; x_wconf 80' lang='lat' dir='ltr'><strong>Regum</strong></span> <span class='ocrx_word' id='word_1_616' title='bbox 3512 3688 3628 3740; x_wconf 88' lang='lat' dir='ltr'><strong>ter-</strong></span> 
     </span>
    </p>
   </div>
   <div class='ocr_carea' id='block_1_83' title="bbox 1984 3769 3636 3841">
    <p class='ocr_par' dir='ltr' id='par_1_83' title="bbox 1984 3769 3636 3841">
     <span class='ocr_line' id='line_1_83' title="bbox 1984 3769 3636 3841; baseline 0.003 -16"><span class='ocrx_word' id='word_1_617' title='bbox 1984 3770 2084 3838; x_wconf 90' lang='lat' dir='ltr'><strong>tio,</strong></span> <span class='ocrx_word' id='word_1_618' title='bbox 2120 3769 2272 3839; x_wconf 82' lang='lat' dir='ltr'><strong>Quod</strong></span> <span class='ocrx_word' id='word_1_619' title='bbox 2300 3772 2674 3841; x_wconf 86' lang='lat' dir='ltr'><strong>septingentas</strong></span> <span class='ocrx_word' id='word_1_620' title='bbox 2715 3770 2972 3827; x_wconf 80' lang='lat' dir='ltr'><strong>habuerit</strong></span> <span class='ocrx_word' id='word_1_621' title='bbox 3018 3786 3237 3839; x_wconf 68' lang='lat' dir='ltr'><strong>uxores,</strong></span> <span class='ocrx_word' id='word_1_622' title='bbox 3277 3779 3330 3828; x_wconf 89' lang='lat' dir='ltr'><strong>et</strong></span> <span class='ocrx_word' id='word_1_623' title='bbox 3371 3779 3636 3830; x_wconf 81' lang='lat' dir='ltr'><strong>trecentas</strong></span> 
     </span>
    </p>
   </div>
   <div class='ocr_carea' id='block_1_84' title="bbox 1981 3858 3631 3932">
    <p class='ocr_par' dir='ltr' id='par_1_84' title="bbox 1981 3858 3631 3932">
     <span class='ocr_line' id='line_1_84' title="bbox 1981 3858 3631 3932; baseline 0.002 -18"><span class='ocrx_word' id='word_1_624' title='bbox 1981 3858 2337 3929; x_wconf 72' lang='lat' dir='ltr'><strong>caiwubinas,</strong></span> <span class='ocrx_word' id='word_1_625' title='bbox 2367 3862 2417 3913; x_wconf 81' lang='lat' dir='ltr'><strong>et</strong></span> <span class='ocrx_word' id='word_1_626' title='bbox 2449 3859 2590 3914; x_wconf 85' lang='lat' dir='ltr'><strong>alias</strong></span> <span class='ocrx_word' id='word_1_627' title='bbox 2619 3858 3051 3915; x_wconf 87' lang='lat' dir='ltr'><strong>innumerabiles</strong></span> <span class='ocrx_word' id='word_1_628' title='bbox 3107 3859 3205 3931; x_wconf 89' lang='lat' dir='ltr'><strong>(III</strong></span> <span class='ocrx_word' id='word_1_629' title='bbox 3254 3860 3382 3929; x_wconf 82' lang='lat' dir='ltr'><strong>Reg.</strong></span> <span class='ocrx_word' id='word_1_630' title='bbox 3443 3878 3520 3930; x_wconf 84' lang='lat' dir='ltr'><strong>x1,</strong></span> <span class='ocrx_word' id='word_1_631' title='bbox 3554 3862 3631 3932; x_wconf 85' lang='lat'><strong>3).</strong></span> 
     </span>
    </p>
   </div>
   <div class='ocr_carea' id='block_1_85' title="bbox 1984 3948 3633 4020">
    <p class='ocr_par' dir='ltr' id='par_1_85' title="bbox 1984 3948 3633 4020">
     <span class='ocr_line' id='line_1_85' title="bbox 1984 3948 3633 4020; baseline 0.002 -17"><span class='ocrx_word' id='word_1_632' title='bbox 1984 3948 2080 4003; x_wconf 71' lang='grc' dir='ltr'><strong>Ηω</strong></span> <span class='ocrx_word' id='word_1_633' title='bbox 2113 3964 2321 4020; x_wconf 90' lang='lat' dir='ltr'><strong>nempe</strong></span> <span class='ocrx_word' id='word_1_634' title='bbox 2355 3952 2516 4013; x_wconf 90' lang='lat' dir='ltr'><strong>sunt,</strong></span> <span class='ocrx_word' id='word_1_635' title='bbox 2549 3964 2676 4018; x_wconf 76' lang='lat' dir='ltr'><strong>quae</strong></span> <span class='ocrx_word' id='word_1_636' title='bbox 2709 3951 3044 4004; x_wconf 88' lang='lat' dir='ltr'><strong>averterunt</strong></span> <span class='ocrx_word' id='word_1_637' title='bbox 3092 3963 3193 4003; x_wconf 90' lang='lat' dir='ltr'><strong>cor</strong></span> <span class='ocrx_word' id='word_1_638' title='bbox 3247 3948 3377 4019; x_wconf 87' lang='lat' dir='ltr'><strong>ejus</strong></span> <span class='ocrx_word' id='word_1_639' title='bbox 3425 3966 3460 4005; x_wconf 89' lang='lat' dir='ltr'><strong>a</strong></span> <span class='ocrx_word' id='word_1_640' title='bbox 3517 3954 3633 4006; x_wconf 94' lang='lat' dir='ltr'><strong>Do-</strong></span> 
     </span>
    </p>
   </div>
   <div class='ocr_carea' id='block_1_86' title="bbox 1984 4036 3631 4109">
    <p class='ocr_par' dir='ltr' id='par_1_86' title="bbox 1984 4036 3631 4109">
     <span class='ocr_line' id='line_1_86' title="bbox 1984 4036 3631 4109; baseline 0.002 -17"><span class='ocrx_word' id='word_1_641' title='bbox 1984 4036 2181 4092; x_wconf 89' lang='lat' dir='ltr'><strong>mino:</strong></span> <span class='ocrx_word' id='word_1_642' title='bbox 2214 4041 2272 4091; x_wconf 88' lang='lat' dir='ltr'><strong>et</strong></span> <span class='ocrx_word' id='word_1_643' title='bbox 2300 4039 2496 4092; x_wconf 89' lang='lat' dir='ltr'><strong>tamen</strong></span> <span class='ocrx_word' id='word_1_644' title='bbox 2528 4039 2845 4107; x_wconf 87' lang='lat' dir='ltr'><strong>antequam</strong></span> <span class='ocrx_word' id='word_1_645' title='bbox 2876 4036 3074 4108; x_wconf 89' lang='lat' dir='ltr'><strong>plures</strong></span> <span class='ocrx_word' id='word_1_646' title='bbox 3118 4036 3357 4093; x_wconf 91' lang='lat' dir='ltr'><strong>haberet</strong></span> <span class='ocrx_word' id='word_1_647' title='bbox 3400 4054 3631 4109; x_wconf 88' lang='lat' dir='ltr'><strong>uxores,</strong></span> 
     </span>
    </p>
   </div>
   <div class='ocr_carea' id='block_1_87' title="bbox 1982 4124 3635 4200">
    <p class='ocr_par' dir='ltr' id='par_1_87' title="bbox 1982 4124 3635 4200">
     <span class='ocr_line' id='line_1_87' title="bbox 1982 4124 3635 4200; baseline 0.003 -19"><span class='ocrx_word' id='word_1_648' title='bbox 1982 4131 2039 4182; x_wconf 91' lang='lat' dir='ltr'><strong>et</strong></span> <span class='ocrx_word' id='word_1_649' title='bbox 2069 4126 2263 4182; x_wconf 88' lang='lat' dir='ltr'><strong>carnis</strong></span> <span class='ocrx_word' id='word_1_650' title='bbox 2318 4124 2476 4180; x_wconf 86' lang='lat' dir='ltr'><strong>vitiis</strong></span> <span class='ocrx_word' id='word_1_651' title='bbox 2524 4124 2839 4192; x_wconf 89' lang='lat' dir='ltr'><strong>laberetur,</strong></span> <span class='ocrx_word' id='word_1_652' title='bbox 2890 4124 2949 4181; x_wconf 93' lang='lat' dir='ltr'><strong>in</strong></span> <span class='ocrx_word' id='word_1_653' title='bbox 3009 4126 3296 4199; x_wconf 90' lang='lat' dir='ltr'><strong>principio</strong></span> <span class='ocrx_word' id='word_1_654' title='bbox 3355 4129 3520 4200; x_wconf 89' lang='lat' dir='ltr'><strong>regni</strong></span> <span class='ocrx_word' id='word_1_655' title='bbox 3577 4134 3635 4186; x_wconf 90' lang='lat' dir='ltr'><strong>et</strong></span> 
     </span>
    </p>
   </div>
   <div class='ocr_carea' id='block_1_88' title="bbox 1983 4213 3633 4287">
    <p class='ocr_par' dir='ltr' id='par_1_88' title="bbox 1983 4213 3633 4287">
     <span class='ocr_line' id='line_1_88' title="bbox 1983 4213 3633 4287; baseline 0.002 -15"><span class='ocrx_word' id='word_1_656' title='bbox 1983 4214 2385 4272; x_wconf 68' lang='lat' dir='ltr'><strong>adolescentia:</strong></span> <span class='ocrx_word' id='word_1_657' title='bbox 2432 4213 2683 4271; x_wconf 85' lang='lat' dir='ltr'><strong>exstruit</strong></span> <span class='ocrx_word' id='word_1_658' title='bbox 2746 4214 2996 4271; x_wconf 89' lang='lat' dir='ltr'><strong>Domino</strong></span> <span class='ocrx_word' id='word_1_659' title='bbox 3056 4215 3362 4287; x_wconf 88' lang='lat' dir='ltr'><strong>templum.</strong></span> <span class='ocrx_word' id='word_1_660' title='bbox 3438 4217 3633 4276; x_wconf 86' lang='lat' dir='ltr'><strong>Unus-</strong></span> 
     </span>
    </p>
   </div>
   <div class='ocr_carea' id='block_1_89' title="bbox 1982 4302 3631 4377">
    <p class='ocr_par' dir='ltr' id='par_1_89' title="bbox 1982 4302 3631 4377">
     <span class='ocr_line' id='line_1_89' title="bbox 1982 4302 3631 4377; baseline 0.002 -17"><span class='ocrx_word' id='word_1_661' title='bbox 1982 4304 2235 4377; x_wconf 88' lang='lat' dir='ltr'><strong>quisque</strong></span> <span class='ocrx_word' id='word_1_662' title='bbox 2262 4302 2420 4359; x_wconf 90' lang='lat' dir='ltr'><strong>enim</strong></span> <span class='ocrx_word' id='word_1_663' title='bbox 2451 4319 2567 4359; x_wconf 90' lang='lat' dir='ltr'><strong>non</strong></span> <span class='ocrx_word' id='word_1_664' title='bbox 2600 4303 2670 4359; x_wconf 91' lang='lat' dir='ltr'><strong>de</strong></span> <span class='ocrx_word' id='word_1_665' title='bbox 2702 4302 2938 4376; x_wconf 86' lang='lat' dir='ltr'><strong>futuris,</strong></span> <span class='ocrx_word' id='word_1_666' title='bbox 2979 4304 3081 4361; x_wconf 88' lang='lat' dir='ltr'><strong>sed</strong></span> <span class='ocrx_word' id='word_1_667' title='bbox 3133 4304 3203 4360; x_wconf 91' lang='lat' dir='ltr'><strong>de</strong></span> <span class='ocrx_word' id='word_1_668' title='bbox 3242 4307 3631 4377; x_wconf 70' lang='lat' dir='ltr'><strong>praesentibus</strong></span> 
     </span>
    </p>
   </div>
   <div class='ocr_carea' id='block_1_90' title="bbox 1975 4390 3627 4467">
    <p class='ocr_par' dir='ltr' id='par_1_90' title="bbox 1975 4390 3627 4467">
     <span class='ocr_line' id='line_1_90' title="bbox 1975 4390 3627 4467; baseline 0.002 -17"><span class='ocrx_word' id='word_1_669' title='bbox 1975 4393 2299 4466; x_wconf 85' lang='lat' dir='ltr'><strong>judicatur.</strong></span> <span class='ocrx_word' id='word_1_670' title='bbox 2335 4392 2497 4459; x_wconf 87' lang='lat' dir='ltr'><strong>Quod</strong></span> <span class='ocrx_word' id='word_1_671' title='bbox 2530 4390 2580 4447; x_wconf 90' lang='lat' dir='ltr'><strong>si</strong></span> <span class='ocrx_word' id='word_1_672' title='bbox 2613 4390 2946 4449; x_wconf 90' lang='lat' dir='ltr'><strong>Salomonis</strong></span> <span class='ocrx_word' id='word_1_673' title='bbox 2977 4392 3246 4466; x_wconf 82' lang='lat' dir='ltr'><strong>exempla</strong></span> <span class='ocrx_word' id='word_1_674' title='bbox 3275 4394 3327 4450; x_wconf 90' lang='lat' dir='ltr'><strong>ei</strong></span> <span class='ocrx_word' id='word_1_675' title='bbox 3374 4394 3627 4467; x_wconf 90' lang='lat' dir='ltr'><strong>placent,</strong></span> 
     </span>
    </p>
   </div>
   <div class='ocr_carea' id='block_1_91' title="bbox 1974 4481 3630 4564">
    <p class='ocr_par' dir='ltr' id='par_1_91' title="bbox 1974 4481 3630 4564">
     <span class='ocr_line' id='line_1_91' title="bbox 1974 4481 3630 4564; baseline 0.001 -25"><span class='ocrx_word' id='word_1_676' title='bbox 1974 4485 2102 4556; x_wconf 84' lang='lat' dir='ltr'><strong>jam</strong></span> <span class='ocrx_word' id='word_1_677' title='bbox 2126 4499 2242 4539; x_wconf 88' lang='lat' dir='ltr'><strong>non</strong></span> <span class='ocrx_word' id='word_1_678' title='bbox 2272 4482 2545 4564; x_wconf 77' lang='lat' dir='ltr'><strong>digamus</strong></span> <span class='ocrx_word' id='word_1_679' title='bbox 2577 4481 2688 4539; x_wconf 91' lang='lat' dir='ltr'><strong>erit</strong></span> <span class='ocrx_word' id='word_1_680' title='bbox 2716 4487 2775 4539; x_wconf 91' lang='lat' dir='ltr'><strong>et</strong></span> <span class='ocrx_word' id='word_1_681' title='bbox 2803 4484 3092 4556; x_wconf 81' lang='lat' dir='ltr'><strong>trigamus</strong></span> <span class='ocrx_word' id='word_1_682' title='bbox 3118 4501 3131 4552; x_wconf 91' lang='lat'><strong>;</strong></span> <span class='ocrx_word' id='word_1_683' title='bbox 3164 4484 3265 4539; x_wconf 90' lang='lat' dir='ltr'><strong>sed</strong></span> <span class='ocrx_word' id='word_1_684' title='bbox 3288 4484 3400 4539; x_wconf 90' lang='lat' dir='ltr'><strong>nisi</strong></span> <span class='ocrx_word' id='word_1_685' title='bbox 3415 4486 3630 4557; x_wconf 87' lang='lat' dir='ltr'><strong>septin-</strong></span> 
     </span>
    </p>
   </div>
   <div class='ocr_carea' id='block_1_92' title="bbox 1981 4571 3623 4647">
    <p class='ocr_par' dir='ltr' id='par_1_92' title="bbox 1981 4571 3623 4647">
     <span class='ocr_line' id='line_1_92' title="bbox 1981 4571 3623 4647; baseline 0.001 -18"><span class='ocrx_word' id='word_1_686' title='bbox 1981 4578 2188 4647; x_wconf 90' lang='lat' dir='ltr'><strong>gentas</strong></span> <span class='ocrx_word' id='word_1_687' title='bbox 2218 4571 2493 4628; x_wconf 90' lang='lat' dir='ltr'><strong>habuerit</strong></span> <span class='ocrx_word' id='word_1_688' title='bbox 2541 4589 2772 4640; x_wconf 86' lang='lat' dir='ltr'><strong>uxores,</strong></span> <span class='ocrx_word' id='word_1_689' title='bbox 2799 4577 2857 4629; x_wconf 90' lang='lat' dir='ltr'><strong>et</strong></span> <span class='ocrx_word' id='word_1_690' title='bbox 2902 4576 3195 4629; x_wconf 89' lang='lat' dir='ltr'><strong>trecentas</strong></span> <span class='ocrx_word' id='word_1_691' title='bbox 3242 4572 3623 4643; x_wconf 89' lang='lat' dir='ltr'><strong>concubinas,</strong></span> 
     </span>
    </p>
   </div>
   <div class='ocr_carea' id='block_1_93' title="bbox 286 4688 3517 4780">
    <p class='ocr_par' dir='ltr' id='par_1_93' title="bbox 286 4688 3517 4780">
     <span class='ocr_line' id='line_1_93' title="bbox 286 4688 3517 4780; baseline -0.002 -23"><span class='ocrx_word' id='word_1_692' title='bbox 286 4700 300 4734; x_wconf 89' lang='grc'>¹</span> <span class='ocrx_word' id='word_1_693' title='bbox 330 4700 745 4780; x_wconf 76' lang='lat' dir='ltr'><strong>Casanatensis</strong></span> <span class='ocrx_word' id='word_1_694' title='bbox 770 4701 1258 4780; x_wconf 84' lang='lat' dir='ltr'><strong>cumVeronensi</strong></span> <span class='ocrx_word' id='word_1_695' title='bbox 1308 4702 1451 4780; x_wconf 10' lang='lat' dir='ltr'><strong>quia,</strong></span> <span class='ocrx_word' id='word_1_696' title='bbox 1495 4701 1702 4758; x_wconf 73' lang='lat' dir='ltr'><strong>dixerit</strong></span> <span class='ocrx_word' id='word_1_697' title='bbox 1736 4719 1749 4771; x_wconf 90' lang='lat'><strong>;</strong></span> <span class='ocrx_word' id='word_1_698' title='bbox 1774 4701 1869 4758; x_wconf 91' lang='lat' dir='ltr'><strong>hic</strong></span> <span class='ocrx_word' id='word_1_699' title='bbox 1900 4688 1944 4754; x_wconf 81' lang='grc' dir='ltr'><strong>Ι)</strong></span> <span class='ocrx_word' id='word_1_700' title='bbox 1974 4699 2167 4780; x_wconf 73' lang='lat' dir='ltr'><strong>posita</strong></span> <span class='ocrx_word' id='word_1_701' title='bbox 2192 4697 2299 4780; x_wconf 83' lang='lat' dir='ltr'><strong>abs</strong></span> <span class='ocrx_word' id='word_1_702' title='bbox 2322 4696 2680 4780; x_wconf 32' lang='lat' dir='ltr'><strong>“Hieronymo</strong></span> <span class='ocrx_word' id='word_1_703' title='bbox 2711 4694 3052 4780; x_wconf 82' lang='lat' dir='ltr'><strong>genealogia</strong></span> <span class='ocrx_word' id='word_1_704' title='bbox 3080 4700 3211 4777; x_wconf 38' lang='lat' dir='ltr'><strong>tute.</strong></span> <span class='ocrx_word' id='word_1_705' title='bbox 3232 4696 3517 4752; x_wconf 89' lang='lat' dir='ltr'><strong>conferas.</strong></span> 
     </span>
    </p>
   </div>
   <div class='ocr_carea' id='block_1_94' title="bbox 218 4775 1514 4846">
    <p class='ocr_par' dir='ltr' id='par_1_94' title="bbox 218 4775 1514 4846">
     <span class='ocr_line' id='line_1_94' title="bbox 218 4775 1514 4846; baseline 0.002 -22"><span class='ocrx_word' id='word_1_706' title='bbox 218 4786 497 4846; x_wconf 83' lang='lat' dir='ltr'><strong>veromox</strong></span> <span class='ocrx_word' id='word_1_707' title='bbox 529 4775 794 4831; x_wconf 84' lang='lat' dir='ltr'><strong>Omnibus</strong></span> <span class='ocrx_word' id='word_1_708' title='bbox 824 4776 1132 4846; x_wconf 84' lang='lat' dir='ltr'><strong>quicunque</strong></span> <span class='ocrx_word' id='word_1_709' title='bbox 1151 4775 1372 4846; x_wconf 73' lang='lat' dir='ltr'><strong>exierit,</strong></span> <span class='ocrx_word' id='word_1_710' title='bbox 1405 4778 1514 4828; x_wconf 90' lang='lat' dir='ltr'><strong>etc.</strong></span> 
     </span>
    </p>
   </div>
   <div class='ocr_carea' id='block_1_95' title="bbox 282 4844 1860 4919">
    <p class='ocr_par' dir='ltr' id='par_1_95' title="bbox 282 4844 1860 4919">
     <span class='ocr_line' id='line_1_95' title="bbox 282 4844 1860 4919; baseline 0 -18"><span class='ocrx_word' id='word_1_711' title='bbox 282 4845 303 4919; x_wconf 59' lang='grc' dir='ltr'>ξ</span> <span class='ocrx_word' id='word_1_712' title='bbox 330 4845 439 4911; x_wconf 82' lang='lat' dir='ltr'><strong>Qui</strong></span> <span class='ocrx_word' id='word_1_713' title='bbox 470 4846 611 4919; x_wconf 85' lang='lat' dir='ltr'><strong>huic</strong></span> <span class='ocrx_word' id='word_1_714' title='bbox 640 4844 1105 4919; x_wconf 74' lang='lat' dir='ltr'><strong>Hieronymianm</strong></span> <span class='ocrx_word' id='word_1_715' title='bbox 1127 4844 1860 4919; x_wconf 88' lang='lat' dir='ltr'><strong>assertioni,sacerdotium</strong></span> 
     </span>
    </p>
   </div>
   <div class='ocr_carea' id='block_1_96' title="bbox 219 4917 1860 4991">
    <p class='ocr_par' dir='ltr' id='par_1_96' title="bbox 219 4917 1860 4991">
     <span class='ocr_line' id='line_1_96' title="bbox 219 4917 1860 4991; baseline 0.002 -24"><span class='ocrx_word' id='word_1_716' title='bbox 219 4917 543 4991; x_wconf 6' lang='lat' dir='ltr'><strong>apSamuele</strong></span> <span class='ocrx_word' id='word_1_717' title='bbox 574 4917 988 4991; x_wconf 79' lang='lat' dir='ltr'><strong>abjudicantis,</strong></span> <span class='ocrx_word' id='word_1_718' title='bbox 1024 4918 1655 4991; x_wconf 82' lang='lat' dir='ltr'><strong>adversantur_veteres</strong></span> <span class='ocrx_word' id='word_1_719' title='bbox 1715 4918 1860 4991; x_wconf 83' lang='lat' dir='ltr'><strong>scri-</strong></span> 
     </span>
    </p>
   </div>
   <div class='ocr_carea' id='block_1_97' title="bbox 215 4988 1861 5063">
    <p class='ocr_par' dir='ltr' id='par_1_97' title="bbox 215 4988 1861 5063">
     <span class='ocr_line' id='line_1_97' title="bbox 215 4988 1861 5063; baseline 0.004 -24"><span class='ocrx_word' id='word_1_720' title='bbox 215 4989 407 5063; x_wconf 74' lang='lat' dir='ltr'><strong>ptores</strong></span> <span class='ocrx_word' id='word_1_721' title='bbox 435 4988 681 5063; x_wconf 80' lang='lat' dir='ltr'><strong>aliquot,</strong></span> <span class='ocrx_word' id='word_1_722' title='bbox 713 5007 780 5047; x_wconf 91' lang='lat' dir='ltr'><strong>eo</strong></span> <span class='ocrx_word' id='word_1_723' title='bbox 813 4989 1083 5063; x_wconf 88' lang='lat' dir='ltr'><strong>videntur</strong></span> <span class='ocrx_word' id='word_1_724' title='bbox 1104 4988 1437 5063; x_wconf 78' lang='lat' dir='ltr'><strong>accipiendi</strong></span> <span class='ocrx_word' id='word_1_725' title='bbox 1460 5004 1661 5063; x_wconf 79' lang='lat' dir='ltr'><strong>sensu,</strong></span> <span class='ocrx_word' id='word_1_726' title='bbox 1696 4994 1760 5063; x_wconf 79' lang='lat' dir='ltr'><strong>ut</strong></span> <span class='ocrx_word' id='word_1_727' title='bbox 1789 4990 1861 5063; x_wconf 90' lang='lat' dir='ltr'><strong>de</strong></span> 
     </span>
    </p>
   </div>
   <div class='ocr_carea' id='block_1_98' title="bbox 217 5058 1860 5135">
    <p class='ocr_par' dir='ltr' id='par_1_98' title="bbox 217 5058 1860 5135">
     <span class='ocr_line' id='line_1_98' title="bbox 217 5058 1860 5135; baseline 0.001 -20"><span class='ocrx_word' id='word_1_728' title='bbox 217 5058 581 5135; x_wconf 68' lang='lat' dir='ltr'><strong>sacerdotum</strong></span> <span class='ocrx_word' id='word_1_729' title='bbox 613 5062 817 5135; x_wconf 88' lang='lat' dir='ltr'><strong>ordine</strong></span> <span class='ocrx_word' id='word_1_730' title='bbox 845 5079 910 5118; x_wconf 90' lang='lat' dir='ltr'><strong>ac</strong></span> <span class='ocrx_word' id='word_1_731' title='bbox 933 5062 1147 5135; x_wconf 88' lang='lat' dir='ltr'><strong>specie,</strong></span> <span class='ocrx_word' id='word_1_732' title='bbox 1181 5058 1250 5116; x_wconf 79' lang='lat' dir='ltr'><strong>ut</strong></span> <span class='ocrx_word' id='word_1_733' title='bbox 1275 5061 1355 5116; x_wconf 88' lang='lat' dir='ltr'><strong>ita</strong></span> <span class='ocrx_word' id='word_1_734' title='bbox 1383 5058 1653 5135; x_wconf 82' lang='lat' dir='ltr'><strong>dixerim,</strong></span> <span class='ocrx_word' id='word_1_735' title='bbox 1698 5062 1860 5135; x_wconf 84' lang='lat' dir='ltr'><strong>Levi-</strong></span> 
     </span>
    </p>
   </div>
   <div class='ocr_carea' id='block_1_99' title="bbox 215 5131 1857 5208">
    <p class='ocr_par' dir='ltr' id='par_1_99' title="bbox 215 5131 1857 5208">
     <span class='ocr_line' id='line_1_99' title="bbox 215 5131 1857 5208; baseline -0.001 -21"><span class='ocrx_word' id='word_1_736' title='bbox 215 5131 329 5208; x_wconf 50' lang='lat' dir='ltr'><strong>tam</strong></span> <span class='ocrx_word' id='word_1_737' title='bbox 360 5132 709 5208; x_wconf 79' lang='lat' dir='ltr'><strong>intelligant.</strong></span> <span class='ocrx_word' id='word_1_738' title='bbox 746 5134 840 5192; x_wconf 90' lang='lat' dir='ltr'><strong>Sic</strong></span> <span class='ocrx_word' id='word_1_739' title='bbox 874 5131 1083 5208; x_wconf 9' lang='lat' dir='ltr'><strong>nos-ter,</strong></span> <span class='ocrx_word' id='word_1_740' title='bbox 1105 5135 1252 5189; x_wconf 89' lang='lat' dir='ltr'><strong>Zens</strong></span> <span class='ocrx_word' id='word_1_741' title='bbox 1293 5136 1465 5208; x_wconf 81' lang='lat' dir='ltr'><strong>tract.</strong></span> <span class='ocrx_word' id='word_1_742' title='bbox 1500 5131 1586 5201; x_wconf 78' lang='grc'><strong>46,</strong></span> <span class='ocrx_word' id='word_1_743' title='bbox 1644 5150 1707 5208; x_wconf 88' lang='lat' dir='ltr'><strong>_n_.</strong></span> <span class='ocrx_word' id='word_1_744' title='bbox 1770 5133 1857 5200; x_wconf 85' lang='grc'><strong>14,</strong></span> 
     </span>
    </p>
   </div>
   <div class='ocr_carea' id='block_1_100' title="bbox 215 5196 1860 5280">
    <p class='ocr_par' dir='ltr' id='par_1_100' title="bbox 215 5196 1860 5280">
     <span class='ocr_line' id='line_1_100' title="bbox 215 5196 1860 5280; baseline 0.001 -21"><span class='ocrx_word' id='word_1_745' title='bbox 215 5196 449 5280; x_wconf 70' lang='lat' dir='ltr'><strong>§amuel.</strong></span> <span class='ocrx_word' id='word_1_746' title='bbox 483 5196 698 5279; x_wconf 68' lang='lat' dir='ltr'><strong>inquit,</strong></span> <span class='ocrx_word' id='word_1_747' title='bbox 728 5208 990 5280; x_wconf 84' lang='lat' dir='ltr'><strong>egregius</strong></span> <span class='ocrx_word' id='word_1_748' title='bbox 1021 5206 1116 5262; x_wconf 86' lang='lat' dir='ltr'><strong>ille</strong></span> <span class='ocrx_word' id='word_1_749' title='bbox 1145 5196 1590 5280; x_wconf 33' lang='lat' dir='ltr'><strong>sacerdostete&#39;.</strong></span> <span class='ocrx_word' id='word_1_750' title='bbox 1644 5196 1860 5280; x_wconf 85' lang='lat' dir='ltr'><strong>Verum</strong></span> 
     </span>
    </p>
   </div>
   <div class='ocr_carea' id='block_1_101' title="bbox 211 5271 1856 5349">
    <p class='ocr_par' dir='ltr' id='par_1_101' title="bbox 211 5271 1856 5349">
     <span class='ocr_line' id='line_1_101' title="bbox 211 5271 1856 5349; baseline 0.003 -23"><span class='ocrx_word' id='word_1_751' title='bbox 211 5271 498 5349; x_wconf 87' lang='lat' dir='ltr'><strong>Josephus</strong></span> <span class='ocrx_word' id='word_1_752' title='bbox 525 5271 694 5335; x_wconf 80' lang='lat' dir='ltr'><strong>vetus</strong></span> <span class='ocrx_word' id='word_1_753' title='bbox 734 5271 1104 5335; x_wconf 74' lang='lat' dir='ltr'><strong>Christianus</strong></span> <span class='ocrx_word' id='word_1_754' title='bbox 1162 5282 1368 5349; x_wconf 78' lang='lat' dir='ltr'><strong>auctor</strong></span> <span class='ocrx_word' id='word_1_755' title='bbox 1402 5271 1856 5349; x_wconf 42' lang='lat' dir='ltr'><strong>&#39;Idypomnestic.</strong></span> 
     </span>
    </p>
   </div>
   <div class='ocr_carea' id='block_1_102' title="bbox 471 5349 1857 5388">
    <p class='ocr_par' dir='ltr' id='par_1_102' title="bbox 471 5349 1857 5388">
     <span class='ocr_line' id='line_1_102' title="bbox 471 5349 1857 5388; baseline 0 0"><span class='ocrx_word' id='word_1_756' title='bbox 471 5366 484 5379; x_wconf 79' lang='grc' dir='ltr'><strong>ο</strong></span> <span class='ocrx_word' id='word_1_757' title='bbox 538 5349 690 5388; x_wconf 66' lang='grc' dir='ltr'><strong>Τίυερ</strong></span> <span class='ocrx_word' id='word_1_758' title='bbox 746 5349 794 5388; x_wconf 58' lang='grc' dir='ltr'><strong>ηδ</strong></span> <span class='ocrx_word' id='word_1_759' title='bbox 849 5353 946 5388; x_wconf 50' lang='lat' dir='ltr'><strong>vni}</strong></span> <span class='ocrx_word' id='word_1_760' title='bbox 1009 5349 1266 5388; x_wconf 56' lang='grc' dir='ltr'><strong>νηηηησιὶ)</strong></span> <span class='ocrx_word' id='word_1_761' title='bbox 1346 5349 1606 5388; x_wconf 62' lang='grc' dir='ltr'><strong>»πηνίνηυην</strong></span> <span class='ocrx_word' id='word_1_762' title='bbox 1656 5349 1857 5388; x_wconf 57' lang='lat' dir='ltr'><strong>ieram-ri-</strong></span> 
     </span>
    </p>
   </div>
   <div class='ocr_carea' id='block_1_103' title="bbox 212 5344 1858 5502">
    <p class='ocr_par' dir='ltr' id='par_1_103' title="bbox 212 5344 1858 5502">
     <span class='ocr_line' id='line_1_103' title="bbox 213 5344 1857 5438; baseline 0.002 -41"><span class='ocrx_word' id='word_1_763' title='bbox 213 5344 420 5438; x_wconf 41' lang='lat' dir='ltr'><strong>cap—7</strong></span> <span class='ocrx_word' id='word_1_764' title='bbox 471 5366 484 5405; x_wconf 88' lang='lat'><strong>:</strong></span> <span class='ocrx_word' id='word_1_765' title='bbox 538 5349 690 5411; x_wconf 80' lang='grc' dir='ltr'>Τίνες</span> <span class='ocrx_word' id='word_1_766' title='bbox 746 5349 799 5403; x_wconf 71' lang='grc' dir='ltr'>οἱ</span> <span class='ocrx_word' id='word_1_767' title='bbox 849 5353 946 5404; x_wconf 76' lang='grc' dir='ltr'>τοῦ</span> <span class='ocrx_word' id='word_1_768' title='bbox 1006 5344 1273 5421; x_wconf 72' lang='grc' dir='ltr'><strong>Σαμουὴλ</strong></span> <span class='ocrx_word' id='word_1_769' title='bbox 1346 5344 1610 5423; x_wconf 39' lang='lat' dir='ltr'><strong>captivo—vo:</strong></span> <span class='ocrx_word' id='word_1_770' title='bbox 1656 5347 1857 5422; x_wconf 72' lang='grc' dir='ltr'><strong>ἱερατι-</strong></span> 
     </span>
     <span class='ocr_line' id='line_1_104' title="bbox 212 5420 1858 5502; baseline 0.001 -29"><span class='ocrx_word' id='word_1_771' title='bbox 212 5433 294 5502; x_wconf 52' lang='lat' dir='ltr'><strong>not</strong></span> <span class='ocrx_word' id='word_1_772' title='bbox 318 5420 609 5502; x_wconf 80' lang='lat' dir='ltr'><strong>:_Quinam</strong></span> <span class='ocrx_word' id='word_1_773' title='bbox 634 5425 867 5496; x_wconf 79' lang='lat' dir='ltr'><strong>fuerunt</strong></span> <span class='ocrx_word' id='word_1_774' title='bbox 896 5423 1169 5502; x_wconf 66' lang='lat' dir='ltr'><strong>Samuelis</strong></span> <span class='ocrx_word' id='word_1_775' title='bbox 1192 5421 1567 5502; x_wconf 60' lang='lat' dir='ltr'><strong>progenitgres</strong></span> <span class='ocrx_word' id='word_1_776' title='bbox 1586 5436 1655 5475; x_wconf 72' lang='lat' dir='ltr'><strong>ea:</strong></span> <span class='ocrx_word' id='word_1_777' title='bbox 1672 5437 1858 5502; x_wconf 59' lang='lat' dir='ltr'><strong>safer-</strong></span> 
     </span>
    </p>
   </div>
   <div class='ocr_carea' id='block_1_104' title="bbox 212 5487 1859 5566">
    <p class='ocr_par' dir='ltr' id='par_1_104' title="bbox 212 5487 1859 5566">
     <span class='ocr_line' id='line_1_105' title="bbox 212 5487 1859 5566; baseline -0.001 -18"><span class='ocrx_word' id='word_1_778' title='bbox 212 5487 921 5566; x_wconf 40' lang='lat' dir='ltr'><strong>dotali&#39;generefquaerens</strong></span> <span class='ocrx_word' id='word_1_779' title='bbox 953 5487 1320 5566; x_wconf 58' lang='lat' dir='ltr'><strong>itacenset&#39;:</strong></span> <span class='ocrx_word' id='word_1_780' title='bbox 1356 5514 1384 5541; x_wconf 89' lang='grc'><em>‹‹</em></span> <span class='ocrx_word' id='word_1_781' title='bbox 1436 5491 1669 5566; x_wconf 78' lang='lat' dir='ltr'><strong>Primus</strong></span> <span class='ocrx_word' id='word_1_782' title='bbox 1718 5494 1859 5548; x_wconf 88' lang='lat' dir='ltr'><strong>Core</strong></span> 
     </span>
    </p>
   </div>
   <div class='ocr_carea' id='block_1_105' title="bbox 212 5562 1856 5685">
    <p class='ocr_par' dir='ltr' id='par_1_105' title="bbox 212 5562 1856 5685">
     <span class='ocr_line' id='line_1_106' title="bbox 212 5562 1856 5685; baseline 0.002 -68"><span class='ocrx_word' id='word_1_783' title='bbox 212 5562 305 5685; x_wconf 58' lang='lat' dir='ltr'><strong>aui</strong></span> <span class='ocrx_word' id='word_1_784' title='bbox 332 5562 550 5649; x_wconf 78' lang='lat' dir='ltr'><strong>Moysis</strong></span> <span class='ocrx_word' id='word_1_785' title='bbox 581 5562 843 5638; x_wconf 80' lang='lat' dir='ltr'><strong>tempore</strong></span> <span class='ocrx_word' id='word_1_786' title='bbox 893 5565 1242 5649; x_wconf 73' lang='lat' dir='ltr'><strong>seditionem</strong></span> <span class='ocrx_word' id='word_1_787' title='bbox 1293 5563 1495 5619; x_wconf 88' lang='lat' dir='ltr'><strong>movit.</strong></span> <span class='ocrx_word' id='word_1_788' title='bbox 1528 5563 1856 5652; x_wconf 74' lang='lat' dir='ltr'><strong>Secundus,</strong></span> 
     </span>
     <span class='ocr_line' id='line_1_107' title="bbox 252 5632 1855 5685; baseline 0 0"><span class='ocrx_word' id='word_1_789' title='bbox 252 5632 362 5685; x_wconf 83' lang='lat' dir='ltr'><strong>llus</strong></span> <span class='ocrx_word' id='word_1_790' title='bbox 390 5635 570 5685; x_wconf 77' lang='lat' dir='ltr'><strong>huius</strong></span> <span class='ocrx_word' id='word_1_791' title='bbox 601 5637 840 5685; x_wconf 74' lang='lat' dir='ltr'><strong>Elkann-</strong></span> <span class='ocrx_word' id='word_1_792' title='bbox 874 5639 1105 5685; x_wconf 65' lang='lat' dir='ltr'><strong>Tertius</strong></span> <span class='ocrx_word' id='word_1_793' title='bbox 1140 5635 1619 5685; x_wconf 66' lang='lat' dir='ltr'><strong>Exandﬂuartus</strong></span> <span class='ocrx_word' id='word_1_794' title='bbox 1668 5636 1855 5685; x_wconf 60' lang='lat' dir='ltr'><strong>[alim].</strong></span> 
     </span>
    </p>
   </div>
   <div class='ocr_carea' id='block_1_106' title="bbox 252 5632 1855 5707">
    <p class='ocr_par' dir='ltr' id='par_1_106' title="bbox 252 5632 1855 5707">
     <span class='ocr_line' id='line_1_108' title="bbox 252 5632 1855 5707; baseline 0.001 -20"><span class='ocrx_word' id='word_1_795' title='bbox 252 5632 362 5707; x_wconf 86' lang='lat' dir='ltr'><strong>lius</strong></span> <span class='ocrx_word' id='word_1_796' title='bbox 390 5632 570 5707; x_wconf 72' lang='lat' dir='ltr'><strong>hujus</strong></span> <span class='ocrx_word' id='word_1_797' title='bbox 601 5632 842 5707; x_wconf 75' lang='lat' dir='ltr'><strong>Elkana,</strong></span> <span class='ocrx_word' id='word_1_798' title='bbox 874 5638 1105 5694; x_wconf 85' lang='lat' dir='ltr'><strong>Tertius</strong></span> <span class='ocrx_word' id='word_1_799' title='bbox 1140 5635 1619 5699; x_wconf 84' lang='lat' dir='ltr'><strong>Exaud.Quartus</strong></span> <span class='ocrx_word' id='word_1_800' title='bbox 1668 5632 1855 5691; x_wconf 81' lang='lat' dir='ltr'><strong>Eliud.</strong></span> 
     </span>
    </p>
   </div>
   <div class='ocr_carea' id='block_1_107' title="bbox 211 5702 1855 5779">
    <p class='ocr_par' dir='ltr' id='par_1_107' title="bbox 211 5702 1855 5779">
     <span class='ocr_line' id='line_1_109' title="bbox 211 5702 1855 5779; baseline -0.002 -13"><span class='ocrx_word' id='word_1_801' title='bbox 211 5702 750 5767; x_wconf 45' lang='lat' dir='ltr'><strong>Quintus’l‘evaam.</strong></span> <span class='ocrx_word' id='word_1_802' title='bbox 785 5702 997 5768; x_wconf 84' lang='lat' dir='ltr'><strong>Sextus</strong></span> <span class='ocrx_word' id='word_1_803' title='bbox 1026 5707 1573 5779; x_wconf 84' lang='lat' dir='ltr'><strong>Elkana,Septimus</strong></span> <span class='ocrx_word' id='word_1_804' title='bbox 1597 5707 1855 5775; x_wconf 89' lang='lat' dir='ltr'><strong>Samuel,</strong></span> 
     </span>
    </p>
   </div>
   <div class='ocr_carea' id='block_1_108' title="bbox 210 5779 1858 5861">
    <p class='ocr_par' dir='ltr' id='par_1_108' title="bbox 210 5779 1858 5861">
     <span class='ocr_line' id='line_1_110' title="bbox 210 5779 1858 5861; baseline 0.001 -27"><span class='ocrx_word' id='word_1_805' title='bbox 210 5781 566 5861; x_wconf 64' lang='lat' dir='ltr'><strong>§x_quo_nati</strong></span> <span class='ocrx_word' id='word_1_806' title='bbox 598 5782 715 5861; x_wconf 84' lang='lat' dir='ltr'><strong>duo</strong></span> <span class='ocrx_word' id='word_1_807' title='bbox 734 5781 841 5861; x_wconf 80' lang='lat' dir='ltr'><strong>ﬁlii</strong></span> <span class='ocrx_word' id='word_1_808' title='bbox 873 5783 975 5857; x_wconf 90' lang='lat' dir='ltr'><strong>qui</strong></span> <span class='ocrx_word' id='word_1_809' title='bbox 1006 5782 1197 5861; x_wconf 80' lang='lat' dir='ltr'><strong>patria</strong></span> <span class='ocrx_word' id='word_1_810' title='bbox 1225 5779 1600 5861; x_wconf 79' lang='lat' dir='ltr'><strong>successione</strong></span> <span class='ocrx_word' id='word_1_811' title='bbox 1628 5780 1858 5854; x_wconf 89' lang='lat' dir='ltr'><strong>indigni</strong></span> 
     </span>
    </p>
   </div>
   <div class='ocr_carea' id='block_1_109' title="bbox 206 5845 1857 5929">
    <p class='ocr_par' dir='ltr' id='par_1_109' title="bbox 206 5845 1857 5929">
     <span class='ocr_line' id='line_1_111' title="bbox 206 5845 1857 5929; baseline 0.003 -24"><span class='ocrx_word' id='word_1_812' title='bbox 206 5845 449 5918; x_wconf 69' lang='lat' dir='ltr'><strong>iudicati</strong></span> <span class='ocrx_word' id='word_1_813' title='bbox 475 5858 636 5914; x_wconf 87' lang='lat' dir='ltr'><strong>sunt.</strong></span> <span class='ocrx_word' id='word_1_814' title='bbox 670 5877 701 5907; x_wconf 83' lang='lat'><strong>»</strong></span> <span class='ocrx_word' id='word_1_815' title='bbox 728 5845 944 5915; x_wconf 72' lang='lat' dir='ltr'><strong>Locum</strong></span> <span class='ocrx_word' id='word_1_816' title='bbox 973 5845 1400 5929; x_wconf 74' lang='lat' dir='ltr'><strong>eiseripsimus</strong></span> <span class='ocrx_word' id='word_1_817' title='bbox 1431 5855 1497 5910; x_wconf 86' lang='lat' dir='ltr'><strong>ut</strong></span> <span class='ocrx_word' id='word_1_818' title='bbox 1536 5867 1673 5910; x_wconf 91' lang='lat' dir='ltr'><strong>cum</strong></span> <span class='ocrx_word' id='word_1_819' title='bbox 1721 5845 1857 5925; x_wconf 66' lang='lat' dir='ltr'><strong>pro-</strong></span> 
     </span>
    </p>
   </div>
   <div class='ocr_carea' id='block_1_110' title="bbox 2045 4766 3623 4840">
    <p class='ocr_par' dir='ltr' id='par_1_110' title="bbox 2045 4766 3623 4840">
     <span class='ocr_line' id='line_1_112' title="bbox 2045 4766 3623 4840; baseline -0.001 -14"><span class='ocrx_word' id='word_1_820' title='bbox 2045 4773 2067 4805; x_wconf 79' lang='grc'><strong><em>³</em></strong></span> <span class='ocrx_word' id='word_1_821' title='bbox 2096 4772 2297 4826; x_wconf 70' lang='lat' dir='ltr'><strong>Am&#39;ovi</strong></span> <span class='ocrx_word' id='word_1_822' title='bbox 2321 4768 2459 4840; x_wconf 80' lang='lat' dir='ltr'><strong>hinc</strong></span> <span class='ocrx_word' id='word_1_823' title='bbox 2488 4766 2756 4823; x_wconf 29' lang='lat' dir='ltr'><strong>vo’eulam</strong></span> <span class='ocrx_word' id='word_1_824' title='bbox 2789 4766 2990 4839; x_wconf 68' lang='lat' dir='ltr'><strong>inquit,</strong></span> <span class='ocrx_word' id='word_1_825' title='bbox 3033 4785 3161 4840; x_wconf 72' lang='lat' dir='ltr'><strong>qua:</strong></span> <span class='ocrx_word' id='word_1_826' title='bbox 3198 4767 3256 4821; x_wconf 91' lang='lat' dir='ltr'><strong>in</strong></span> <span class='ocrx_word' id='word_1_827' title='bbox 3307 4783 3450 4822; x_wconf 92' lang='lat' dir='ltr'><strong>mss.</strong></span> <span class='ocrx_word' id='word_1_828' title='bbox 3509 4786 3623 4825; x_wconf 90' lang='lat' dir='ltr'><strong>non</strong></span> 
     </span>
    </p>
   </div>
   <div class='ocr_carea' id='block_1_111' title="bbox 1972 4838 3626 4900">
    <p class='ocr_par' dir='ltr' id='par_1_111' title="bbox 1972 4838 3626 4900">
     <span class='ocr_line' id='line_1_113' title="bbox 1972 4838 3626 4900; baseline -0.002 1"><span class='ocrx_word' id='word_1_829' title='bbox 1972 4844 2243 4900; x_wconf 86' lang='lat' dir='ltr'><strong>habetur.</strong></span> <span class='ocrx_word' id='word_1_830' title='bbox 2278 4838 2454 4896; x_wconf 91' lang='lat' dir='ltr'><strong>Paulo</strong></span> <span class='ocrx_word' id='word_1_831' title='bbox 2481 4843 2614 4895; x_wconf 86' lang='lat' dir='ltr'><strong>ante</strong></span> <span class='ocrx_word' id='word_1_832' title='bbox 2659 4838 3074 4896; x_wconf 80' lang='lat' dir='ltr'><strong>Casauatensis</strong></span> <span class='ocrx_word' id='word_1_833' title='bbox 3126 4843 3250 4895; x_wconf 87' lang='lat' dir='ltr'><strong>Non</strong></span> <span class='ocrx_word' id='word_1_834' title='bbox 3300 4849 3626 4897; x_wconf 86' lang='lat' dir='ltr'><strong>numeratur</strong></span> 
     </span>
    </p>
   </div>
   <div class='ocr_carea' id='block_1_112' title="bbox 1972 4915 3621 5056">
    <p class='ocr_par' dir='ltr' id='par_1_112' title="bbox 1972 4915 3621 5056">
     <span class='ocr_line' id='line_1_114' title="bbox 1972 4915 2593 4989; baseline -0.013 -17"><span class='ocrx_word' id='word_1_835' title='bbox 1972 4933 2074 4989; x_wconf 88' lang='lat' dir='ltr'><strong>pro</strong></span> <span class='ocrx_word' id='word_1_836' title='bbox 2107 4915 2223 4970; x_wconf 87' lang='lat' dir='ltr'><strong>Non</strong></span> <span class='ocrx_word' id='word_1_837' title='bbox 2252 4915 2593 4969; x_wconf 69' lang='lat' dir='ltr'><strong>nominatur.</strong></span> 
     </span>
     <span class='ocr_line' id='line_1_115' title="bbox 2042 4981 3621 5056; baseline -0.002 -14"><span class='ocrx_word' id='word_1_838' title='bbox 2042 4989 2063 5021; x_wconf 72' lang='grc'><strong>⁴</strong></span> <span class='ocrx_word' id='word_1_839' title='bbox 2092 4987 2223 5042; x_wconf 67' lang='lat' dir='ltr'><strong>Haec</strong></span> <span class='ocrx_word' id='word_1_840' title='bbox 2256 4986 2437 5040; x_wconf 87' lang='lat' dir='ltr'><strong>ferme</strong></span> <span class='ocrx_word' id='word_1_841' title='bbox 2464 4983 2845 5056; x_wconf 67' lang='lat' dir='ltr'><strong>Hebraeorum</strong></span> <span class='ocrx_word' id='word_1_842' title='bbox 2867 4981 3223 5056; x_wconf 71' lang='lat' dir='ltr'><strong>opinioest,</strong></span> <span class='ocrx_word' id='word_1_843' title='bbox 3267 4982 3621 5056; x_wconf 78' lang='lat' dir='ltr'><strong>sanguinem</strong></span> 
     </span>
    </p>
   </div>
   <div class='ocr_carea' id='block_1_113' title="bbox 1970 5053 3622 5136">
    <p class='ocr_par' dir='ltr' id='par_1_113' title="bbox 1970 5053 3622 5136">
     <span class='ocr_line' id='line_1_116' title="bbox 1970 5053 3622 5136; baseline -0.004 -20"><span class='ocrx_word' id='word_1_844' title='bbox 1970 5077 2047 5136; x_wconf 83' lang='lat' dir='ltr'><strong>ex_</strong></span> <span class='ocrx_word' id='word_1_845' title='bbox 2070 5076 2185 5131; x_wconf 90' lang='lat' dir='ltr'><strong>quo</strong></span> <span class='ocrx_word' id='word_1_846' title='bbox 2218 5059 2407 5136; x_wconf 66' lang='lat' dir='ltr'><strong>impar</strong></span> <span class='ocrx_word' id='word_1_847' title='bbox 2436 5053 2994 5136; x_wconf 44' lang='lat' dir='ltr'><strong>reddebaturnDavid</strong></span> <span class='ocrx_word' id='word_1_848' title='bbox 3020 5054 3099 5135; x_wconf 41' lang='lat' dir='ltr'><strong>.ad</strong></span> <span class='ocrx_word' id='word_1_849' title='bbox 3162 5053 3477 5136; x_wconf 57' lang='lat' dir='ltr'><strong>te‘m_pluin_</strong></span> <span class='ocrx_word' id='word_1_850' title='bbox 3509 5054 3622 5136; x_wconf 84' lang='lat' dir='ltr'><strong>Do-</strong></span> 
     </span>
    </p>
   </div>
   <div class='ocr_carea' id='block_1_114' title="bbox 1971 5125 3621 5194">
    <p class='ocr_par' dir='ltr' id='par_1_114' title="bbox 1971 5125 3621 5194">
     <span class='ocr_line' id='line_1_117' title="bbox 1971 5125 3621 5194; baseline -0.002 -8"><span class='ocrx_word' id='word_1_851' title='bbox 1971 5125 2130 5187; x_wconf 60' lang='lat' dir='ltr'><strong>min&#39;o</strong></span> <span class='ocrx_word' id='word_1_852' title='bbox 2161 5125 2768 5194; x_wconf 54' lang='lat' dir='ltr'><strong>mdiﬁ&#39;candumjllum</strong></span> <span class='ocrx_word' id='word_1_853' title='bbox 2803 5125 2984 5181; x_wconf 83' lang='lat' dir='ltr'><strong>fuisse</strong></span> <span class='ocrx_word' id='word_1_854' title='bbox 3018 5125 3348 5182; x_wconf 85' lang='lat' dir='ltr'><strong>innocentis</strong></span> <span class='ocrx_word' id='word_1_855' title='bbox 3381 5126 3621 5194; x_wconf 78' lang='lat' dir='ltr'><strong>Urim,in</strong></span> 
     </span>
    </p>
   </div>
   <div class='ocr_carea' id='block_1_115' title="bbox 1971 5197 3621 5275">
    <p class='ocr_par' dir='ltr' id='par_1_115' title="bbox 1971 5197 3621 5275">
     <span class='ocr_line' id='line_1_118' title="bbox 1971 5197 3621 5275; baseline -0.003 -15"><span class='ocrx_word' id='word_1_856' title='bbox 1971 5220 2147 5275; x_wconf 89' lang='lat' dir='ltr'><strong>quam</strong></span> <span class='ocrx_word' id='word_1_857' title='bbox 2179 5208 2236 5275; x_wconf 83' lang='lat' dir='ltr'><strong>et</strong></span> <span class='ocrx_word' id='word_1_858' title='bbox 2264 5201 2653 5271; x_wconf 85' lang='lat' dir='ltr'><strong>Hieronymus</strong></span> <span class='ocrx_word' id='word_1_859' title='bbox 2676 5197 2817 5252; x_wconf 87' lang='lat' dir='ltr'><strong>abit.</strong></span> <span class='ocrx_word' id='word_1_860' title='bbox 2844 5197 3080 5275; x_wconf 62' lang='lat' dir='ltr'><strong>Veteres</strong></span> <span class='ocrx_word' id='word_1_861' title='bbox 3099 5203 3317 5275; x_wconf 82' lang='lat' dir='ltr'><strong>autem,</strong></span> <span class='ocrx_word' id='word_1_862' title='bbox 3342 5200 3621 5255; x_wconf 86' lang='lat' dir='ltr'><strong>recentio-</strong></span> 
     </span>
    </p>
   </div>
   <div class='ocr_carea' id='block_1_116' title="bbox 1971 5268 3620 5348">
    <p class='ocr_par' dir='ltr' id='par_1_116' title="bbox 1971 5268 3620 5348">
     <span class='ocr_line' id='line_1_119' title="bbox 1971 5268 3620 5348; baseline -0.002 -17"><span class='ocrx_word' id='word_1_863' title='bbox 1971 5268 2181 5348; x_wconf 74' lang='lat' dir='ltr'><strong>resque</strong></span> <span class='ocrx_word' id='word_1_864' title='bbox 2211 5274 2361 5329; x_wconf 90' lang='lat' dir='ltr'><strong>hanc</strong></span> <span class='ocrx_word' id='word_1_865' title='bbox 2393 5268 2595 5348; x_wconf 67' lang='lat' dir='ltr'><strong>unum,</strong></span> <span class='ocrx_word' id='word_1_866' title='bbox 2628 5284 2805 5341; x_wconf 86' lang='lat' dir='ltr'><strong>quam</strong></span> <span class='ocrx_word' id='word_1_867' title='bbox 2863 5268 2959 5348; x_wconf 82' lang='lat' dir='ltr'><strong>ille</strong></span> <span class='ocrx_word' id='word_1_868' title='bbox 2986 5269 3328 5348; x_wconf 45' lang='lat' dir='ltr'><strong>“improbat,</strong></span> <span class='ocrx_word' id='word_1_869' title='bbox 3381 5288 3620 5348; x_wconf 82' lang='lat' dir='ltr'><strong>causam</strong></span> 
     </span>
    </p>
   </div>
   <div class='ocr_carea' id='block_1_117' title="bbox 1970 5342 3621 5420">
    <p class='ocr_par' dir='ltr' id='par_1_117' title="bbox 1970 5342 3621 5420">
     <span class='ocr_line' id='line_1_120' title="bbox 1970 5342 3621 5420; baseline -0.002 -16"><span class='ocrx_word' id='word_1_870' title='bbox 1970 5342 2318 5420; x_wconf 76' lang='lat' dir='ltr'><strong>agnoscunt,</strong></span> <span class='ocrx_word' id='word_1_871' title='bbox 2353 5343 2890 5420; x_wconf 62' lang='lat' dir='ltr'><strong>nimirumpropter</strong></span> <span class='ocrx_word' id='word_1_872' title='bbox 2914 5342 3093 5420; x_wconf 62' lang='lat' dir='ltr'><strong>bellaL</strong></span> <span class='ocrx_word' id='word_1_873' title='bbox 3112 5342 3244 5397; x_wconf 82' lang='lat' dir='ltr'><strong>Vid.</strong></span> <span class='ocrx_word' id='word_1_874' title='bbox 3294 5343 3621 5420; x_wconf 80' lang='lat' dir='ltr'><strong>Josephum</strong></span> 
     </span>
    </p>
   </div>
   <div class='ocr_carea' id='block_1_118' title="bbox 1968 5413 3619 5491">
    <p class='ocr_par' dir='ltr' id='par_1_118' title="bbox 1968 5413 3619 5491">
     <span class='ocr_line' id='line_1_121' title="bbox 1968 5413 3619 5491; baseline -0.001 -16"><span class='ocrx_word' id='word_1_875' title='bbox 1968 5413 2218 5491; x_wconf 65' lang='lat' dir='ltr'><strong>Antii/.1.</strong></span> <span class='ocrx_word' id='word_1_876' title='bbox 2252 5433 2355 5491; x_wconf 84' lang='lat' dir='ltr'><strong>vn,</strong></span> <span class='ocrx_word' id='word_1_877' title='bbox 2390 5417 2451 5470; x_wconf 90' lang='lat' dir='ltr'><strong>E.</strong></span> <span class='ocrx_word' id='word_1_878' title='bbox 2502 5415 2564 5491; x_wconf 66' lang='lat' dir='ltr'><strong>ll</strong></span> <span class='ocrx_word' id='word_1_879' title='bbox 2602 5430 2614 5478; x_wconf 90' lang='lat'><strong>;</strong></span> <span class='ocrx_word' id='word_1_880' title='bbox 2656 5413 2996 5491; x_wconf 76' lang='lat' dir='ltr'><strong>Eusebium,</strong></span> <span class='ocrx_word' id='word_1_881' title='bbox 3054 5414 3271 5491; x_wconf 61' lang='lat' dir='ltr'><strong>Pinpar.</strong></span> <span class='ocrx_word' id='word_1_882' title='bbox 3429 5413 3508 5484; x_wconf 71' lang='lat' dir='ltr'><strong>fx,</strong></span> <span class='ocrx_word' id='word_1_883' title='bbox 3568 5435 3619 5473; x_wconf 86' lang='lat' dir='ltr'><strong>c.</strong></span> 
     </span>
    </p>
   </div>
   <div class='ocr_carea' id='block_1_119' title="bbox 1968 5484 3617 5562">
    <p class='ocr_par' dir='ltr' id='par_1_119' title="bbox 1968 5484 3617 5562">
     <span class='ocr_line' id='line_1_122' title="bbox 1968 5484 3617 5562; baseline 0.002 -21"><span class='ocrx_word' id='word_1_884' title='bbox 1968 5492 2075 5559; x_wconf 89' lang='lat'><strong>30;</strong></span> <span class='ocrx_word' id='word_1_885' title='bbox 2106 5484 2252 5562; x_wconf 67' lang='lat' dir='ltr'><strong>&#39;quin</strong></span> <span class='ocrx_word' id='word_1_886' title='bbox 2285 5484 2468 5542; x_wconf 90' lang='lat' dir='ltr'><strong>immo</strong></span> <span class='ocrx_word' id='word_1_887' title='bbox 2501 5486 2691 5562; x_wconf 84' lang='lat' dir='ltr'><strong>ipsum</strong></span> <span class='ocrx_word' id='word_1_888' title='bbox 2724 5484 3080 5562; x_wconf 76' lang='lat' dir='ltr'><strong>scripturam</strong></span> <span class='ocrx_word' id='word_1_889' title='bbox 3112 5484 3159 5541; x_wconf 33' lang='lat' dir='ltr'><strong>l.’</strong></span> <span class='ocrx_word' id='word_1_890' title='bbox 3194 5486 3443 5562; x_wconf 82' lang='lat' dir='ltr'><strong>Paralip.</strong></span> <span class='ocrx_word' id='word_1_891' title='bbox 3478 5505 3617 5562; x_wconf 66' lang='lat' dir='ltr'><strong>xvii,</strong></span> 
     </span>
    </p>
   </div>
   <div class='ocr_carea' id='block_1_120' title="bbox 1968 5557 3622 5630">
    <p class='ocr_par' dir='ltr' id='par_1_120' title="bbox 1968 5557 3622 5630">
     <span class='ocr_line' id='line_1_123' title="bbox 1968 5557 3622 5630; baseline -0.001 -13"><span class='ocrx_word' id='word_1_892' title='bbox 1968 5565 2002 5617; x_wconf 89' lang='lat'>8</span> <span class='ocrx_word' id='word_1_893' title='bbox 2033 5557 2320 5617; x_wconf 50' lang='lat' dir='ltr'><strong>{Multum</strong></span> <span class='ocrx_word' id='word_1_894' title='bbox 2357 5559 2686 5630; x_wconf 75' lang='lat' dir='ltr'><strong>sanguinem</strong></span> <span class='ocrx_word' id='word_1_895' title='bbox 2742 5557 3006 5629; x_wconf 81' lang='lat' dir='ltr'><strong>eﬂ&#39;udisti,</strong></span> <span class='ocrx_word' id='word_1_896' title='bbox 3067 5566 3116 5613; x_wconf 84' lang='lat' dir='ltr'><strong>et</strong></span> <span class='ocrx_word' id='word_1_897' title='bbox 3169 5557 3421 5630; x_wconf 83' lang='lat' dir='ltr'><strong>plurima</strong></span> <span class='ocrx_word' id='word_1_898' title='bbox 3479 5560 3622 5616; x_wconf 87' lang='lat' dir='ltr'><strong>bella</strong></span> 
     </span>
    </p>
   </div>
   <div class='ocr_carea' id='block_1_121' title="bbox 1970 5628 3620 5700">
    <p class='ocr_par' dir='ltr' id='par_1_121' title="bbox 1970 5628 3620 5700">
     <span class='ocr_line' id='line_1_124' title="bbox 1970 5628 3620 5700; baseline -0.002 -10"><span class='ocrx_word' id='word_1_899' title='bbox 1970 5635 2209 5700; x_wconf 81' lang='lat' dir='ltr'><strong>bellasti,</strong></span> <span class='ocrx_word' id='word_1_900' title='bbox 2242 5630 2462 5687; x_wconf 90' lang='lat' dir='ltr'><strong>dicitur</strong></span> <span class='ocrx_word' id='word_1_901' title='bbox 2491 5630 2561 5684; x_wconf 88' lang='lat' dir='ltr'><strong>ad</strong></span> <span class='ocrx_word' id='word_1_902' title='bbox 2597 5628 2895 5684; x_wconf 83' lang='lat' dir='ltr'><strong>Davidem.</strong></span> <span class='ocrx_word' id='word_1_903' title='bbox 2928 5628 3338 5687; x_wconf 15' lang='lat' dir='ltr'><strong>Acceditrordo</strong></span> <span class='ocrx_word' id='word_1_904' title='bbox 3394 5637 3620 5700; x_wconf 88' lang='lat' dir='ltr'><strong>tempo-</strong></span> 
     </span>
    </p>
   </div>
   <div class='ocr_carea' id='block_1_122' title="bbox 1970 5701 3622 5774">
    <p class='ocr_par' dir='ltr' id='par_1_122' title="bbox 1970 5701 3622 5774">
     <span class='ocr_line' id='line_1_125' title="bbox 1970 5701 3622 5774; baseline -0.001 -13"><span class='ocrx_word' id='word_1_905' title='bbox 1970 5706 2051 5763; x_wconf 90' lang='lat' dir='ltr'><strong>ris</strong></span> <span class='ocrx_word' id='word_1_906' title='bbox 2077 5723 2192 5774; x_wconf 91' lang='lat' dir='ltr'><strong>quo</strong></span> <span class='ocrx_word' id='word_1_907' title='bbox 2226 5703 2402 5761; x_wconf 87' lang='lat' dir='ltr'><strong>David</strong></span> <span class='ocrx_word' id='word_1_908' title='bbox 2436 5705 2922 5774; x_wconf 29' lang='lat' dir='ltr'><strong>antehpatratam</strong></span> <span class='ocrx_word' id='word_1_909' title='bbox 2982 5701 3127 5758; x_wconf 62' lang='lat' dir='ltr'><strong>Uria;</strong></span> <span class='ocrx_word' id='word_1_910' title='bbox 3185 5718 3387 5759; x_wconf 87' lang='lat' dir='ltr'><strong>necem</strong></span> <span class='ocrx_word' id='word_1_911' title='bbox 3447 5701 3622 5761; x_wconf 62' lang='lat' dir='ltr'><strong>adiﬁ-</strong></span> 
     </span>
    </p>
   </div>
   <div class='ocr_carea' id='block_1_123' title="bbox 1968 5723 3004 5849">
    <p class='ocr_par' dir='ltr' id='par_1_123' title="bbox 1968 5723 3004 5849">
     <span class='ocr_line' id='line_1_126' title="bbox 1970 5723 3004 5774; baseline -0.003 -13"><span class='ocrx_word' id='word_1_912' title='bbox 1970 5723 2051 5763; x_wconf 76' lang='lat' dir='ltr'><strong>I‘ls</strong></span> <span class='ocrx_word' id='word_1_913' title='bbox 2121 5723 2192 5762; x_wconf 78' lang='lat' dir='ltr'><strong>UO</strong></span> <span class='ocrx_word' id='word_1_914' title='bbox 2226 5723 2402 5761; x_wconf 78' lang='lat' dir='ltr'><strong>uavm</strong></span> <span class='ocrx_word' id='word_1_915' title='bbox 2436 5723 2570 5757; x_wconf 76' lang='lat' dir='ltr'><strong>ante</strong></span> <span class='ocrx_word' id='word_1_916' title='bbox 2633 5723 2922 5774; x_wconf 73' lang='lat' dir='ltr'><strong>patratum</strong></span> <span class='ocrx_word' id='word_1_917' title='bbox 2984 5723 3004 5758; x_wconf 84' lang='grc' dir='ltr'>Ι.</span> 
     </span>
     <span class='ocr_line' id='line_1_127' title="bbox 1968 5723 3004 5849; baseline -0.006 -13"><span class='ocrx_word' id='word_1_918' title='bbox 1968 5723 2140 5836; x_wconf 68' lang='lat' dir='ltr'><strong>eamdi</strong></span> <span class='ocrx_word' id='word_1_919' title='bbox 2171 5774 2377 5849; x_wconf 88' lang='lat' dir='ltr'><strong>templi</strong></span> <span class='ocrx_word' id='word_1_920' title='bbox 2407 5771 2720 5832; x_wconf 88' lang='lat' dir='ltr'><strong>consilium</strong></span> <span class='ocrx_word' id='word_1_921' title='bbox 2752 5778 3004 5847; x_wconf 89' lang='lat' dir='ltr'><strong>ceperat.</strong></span> 
     </span>
    </p>
   </div>
  </div>
