3944 6426
318 438 441 521 ass

1554 452 1618 521 S.
1666 448 1977 522 EUSEBII
2015 448 2487 523 HIERONYMI.

3598 440 3724 517 356

316 592 525 665 typum
554 588 683 662 ejus
702 592 759 646 et
778 588 1049 645 meritum
1071 587 1317 662 implere
1332 606 1448 647 non
1466 587 1692 663 poterit.
1708 587 1958 645 Obsecro
1989 587 2043 657 Α
2070 606 2199 646 rare
2231 607 2346 648 non
2379 593 2691 665 poterunt;
2723 589 2863 663 quia
2880 588 3114 665 justitia
3142 588 3329 664 patris
3359 604 3477 646 non
3506 584 3722 645 libera-

320 683 401 750 te,
434 679 632 745 lector,
665 683 722 734 et
759 678 815 733 id
862 679 1058 750 ipsum
1099 696 1251 752 sape
1298 696 1661 745 commoneo,
1702 682 1769 734 ut
1813 677 1965 733 scias

321 785 438 835 me,
467 785 592 842 quae
622 767 845 839 loquor,
879 767 1224 825 necessitate
1253 768 1443 824 dicere
1477 785 1489 823 :
1524 784 1628 823 nec
1661 767 1965 823 detrahere

319 856 414 914 his
445 856 543 928 qui
575 856 635 912 in
660 855 785 928 lege
816 857 1239 927 praecesserint,
1273 858 1373 914 sed
1406 855 1654 912 servisse
1685 873 1783 912 eos
1811 860 1959 911 tem-

318 946 561 1020 poribus
591 950 649 1001 et
670 945 1107 1001 conditionibus
1135 945 1280 1015 suis,
1313 950 1369 1001 et
1396 944 1557 1001 illam
1589 945 1820 1001 Domini
1851 945 1959 1000 im-

317 1034 509 1108 plesse
539 1032 893 1090 sententiam
929 1051 942 1089 :
975 1036 1232 1102 Crescite,
1286 1038 1337 1090 et
1382 1035 1861 1105 multiplicamini,
1910 1038 1961 1089 et

315 1125 519 1197 replete
548 1132 751 1180 terram
778 1123 942 1194 (Gen.
978 1124 1027 1190 1,
1059 1124 1188 1195 28);
1221 1128 1279 1179 et
1309 1124 1463 1195 quod
1509 1123 1602 1178 his
1644 1119 1839 1195 majus
1872 1127 1961 1178 est

318 1214 653 1269 futurorum
689 1218 853 1284 typos
886 1212 1220 1283 praebuisse.
1254 1212 1432 1268 Nobis
1481 1217 1700 1279 autem,
1741 1212 1959 1283 quibus

315 1300 566 1357 dicitur:
604 1302 827 1371 Tempus
861 1301 919 1353 in
942 1301 1162 1355 collecto
1189 1308 1287 1367 est,
1317 1303 1584 1371 superest,
1617 1303 1679 1354 ut
1708 1300 1804 1370 qui
1853 1298 1958 1353 ha-

318 1390 443 1446 bent
469 1405 687 1453 uxores,
717 1390 795 1445 sic
823 1390 933 1443 sint
963 1390 1122 1459 quasi
1158 1404 1269 1443 non
1309 1390 1545 1443 habeant
1571 1388 1615 1456 (Ι
1676 1387 1796 1442 Cor.
1856 1404 1956 1454 vn,

313 1479 429 1551 29),
473 1478 631 1535 aliud
691 1476 948 1550 praecipi,
1004 1482 1063 1533 et
1116 1477 1513 1550 virginitatem
1571 1492 1604 1531 a
1659 1475 1957 1532 Salvatore

311 1567 537 1642 virgine
567 1565 844 1623 dedicari.

380 1654 473 1712 25.
503 1656 706 1712 Norma
743 1656 1177 1727 Scripturarum,
1232 1655 1437 1710 Probat
1475 1653 1744 1710 Susanna:
1789 1654 1954 1707 histo-

310 1748 481 1802 riam.
503 1776 572 1787 —
603 1744 791 1799 Eliam
811 1748 869 1799 et
898 1741 1169 1798 Eliswum
1203 1759 1381 1815 quam
1413 1741 1589 1799 stulte
1612 1743 1668 1797 in
1692 1742 1954 1814 catalogo

307 1834 571 1906 posuerit
598 1832 966 1901 maritorum,
1000 1849 1093 1888 me
1124 1835 1368 1900 tacente,
1415 1831 1793 1886 manifestum
1842 1836 1949 1886 est.

312 1924 370 1981 Si
395 1924 551 1979 enim
572 1924 823 1978 Joannes
848 1921 1109 1993 Baptista
1136 1920 1291 1977 venit
1346 1921 1406 1976 in
1455 1919 1667 1992 spiritu
1725 1923 1782 1975 et
1837 1919 1954 1974 vir-

311 2016 438 2069 tute
467 2009 625 2077 Elias,
656 2015 713 2065 et
741 2010 997 2066 Joannes
1023 2009 1185 2083 virgo
1215 2014 1304 2065 est
1336 2026 1348 2077 ;
1382 2009 1584 2080 utique
1615 2025 1729 2064 non
1762 2007 1953 2064 solum

309 2099 387 2158 in.
405 2099 616 2173 spiritu
646 2099 773 2170 ejus
805 2099 979 2167 venit,
1031 2099 1131 2154 sed
1154 2099 1328 2154 etiam
1360 2098 1419 2154 in
1461 2097 1720 2170 corporis
1778 2097 1953 2153 casti-

307 2192 448 2247 tate.
483 2189 656 2245 Porro
705 2187 849 2243 illud
881 2188 1035 2261 quod
1093 2188 1163 2243 de
1221 2186 1463 2243 Ezechia
1507 2186 1953 2243 commemorari

311 2266 525 2353 petest,
570 2293 908 2350 quanquam
959 2276 1067 2332 hoc
1109 2275 1207 2332 ille
1246 2276 1417 2333 solita
1467 2276 1784 2332 stoliditate
1838 2291 1952 2330 non

308 2367 538 2437 viderit,
574 2366 727 2440 quod
757 2371 886 2439 post
916 2367 1095 2422 vitam
1133 2370 1556 2439 recuperatam,
1601 2369 1658 2421 et
1705 2364 1951 2437 quinde-

311 2457 426 2515 cim
475 2470 767 2513 armorum
822 2456 1010 2529 spatia
1066 2455 1372 2528 protelata,
1443 2453 1651 2510 dixerit
1696 2472 1709 2510 :
1752 2454 1951 2509 Amodo

310 2547 454 2620 ﬁlios
494 2548 743 2618 faciam;
771 2545 915 2601 sciat
969 2544 1029 2600 in
1080 2544 1332 2600 Hebraeis
1386 2542 1783 2599 voluminibus
1834 2559 1947 2598 non

310 2635 537 2703 haberi,
571 2635 669 2691 sed
697 2633 809 2707 legi
842 2650 944 2705 pro
975 2633 1082 2690 hoc
1110 2651 1121 2689 :
1157 2634 1173 2667 ¹
1204 2638 1375 2689 Pater
1404 2633 1537 2703 ﬁliis
1566 2640 1753 2688 notam
1788 2633 1955 2701 faciet

308 2726 598 2781 veritatem
641 2726 797 2777 tuam
841 2722 964 2794 (Isa,
1015 2738 1249 2789 xxxvm,
1307 2722 1415 2789 19).
1474 2722 1588 2777 Nec
1643 2721 1859 2775 mirum
1900 2720 1949 2776 si

307 2814 453 2870 Olda
483 2828 628 2867 uxor
649 2810 869 2867 Selium
899 2810 1267 2883 prophetissa
1295 2809 1638 2866 consulatur
1669 2811 1772 2881 [AL
1807 2826 1948 2865 con-

307 2901 553 2974 solatur]
578 2902 649 2957 ab
688 2900 850 2957 Josia
896 2917 1029 2972 rege
1069 2901 1253 2968 Judss,
1291 2900 1419 2971 jam
1476 2898 1807 2972 captivitate
1864 2899 1948 2954 vi-

311 2990 464 3062 cina,
504 2994 563 3046 et
617 2989 703 3045 ira
764 2988 987 3044 Domini
1042 2988 1298 3045 stillante
1356 3004 1533 3060 super
1580 2986 1945 3044 Jerusalem:

306 3097 440 3137 cum
499 3080 621 3135 haec
670 3095 877 3134 norma
936 3078 1014 3133 sit
1041 3078 1499 3151 Scripturarum,
1531 3082 1596 3132 ut
1619 3078 1773 3134 276
1803 3077 1942 3132 deﬁ-

308 3168 597 3227 cientibus
626 3167 768 3224 viris
798 3167 1038 3235 sanctis,
1085 3168 1364 3223 mulieres
1420 3165 1478 3221 in
1530 3166 1788 3222 virorum
1819 3165 1946 3221 lau-

305 3260 516 3316 dentur
545 3257 881 3331 opprobria.
929 3255 1305 3329 Superfluum
1363 3259 1558 3312 autem
1589 3260 1680 3311 est
1722 3256 1793 3311 de
1836 3255 1945 3312 Da-

2075 679 2161 735 bit
2189 679 2399 746 fllium,
2432 697 2536 737 nec
2569 683 2871 753 peccatum
2914 678 3156 737 alterius
3186 678 3353 736 alteri
3401 675 3721 750 imputabi-

2073 772 2188 823 tur.
2250 771 2449 824 Anima
2504 772 2653 825 enim
2710 785 2836 841 quae
2888 771 3208 841 peccaverit.
3273 771 3401 840 ipsa
3454 769 3726 824 morietur

2074 857 2283 928 (Ezech.
2318 874 2479 923 xvm,
2510 858 2587 927 4).
2618 858 2728 913 Sed
2760 862 2817 913 et
2869 857 2978 913 hoc
3025 857 3365 924 dicendum,
3415 855 3719 913 Danielem

2062 946 2229 1017 juxta
2265 945 2574 1001 historiam
2604 945 2738 1001 libri
2771 947 2921 1017 ejus,
2954 962 3089 1001 cum
3118 946 3388 1003 Joachim
3417 961 3554 1019 rege
3582 960 3722 1016 cap-

2069 1039 2198 1090 tum
2226 1050 2293 1090 eo
2323 1038 2603 1107 tempore,
2634 1052 2751 1107 quo
2782 1034 3039 1090 Ezechiel
3092 1051 3325 1108 quoque
3370 1035 3583 1091 ductus
3632 1036 3724 1089 est

2069 1124 2128 1179 in
2158 1122 2576 1195 captivitatem.
2609 1124 2909 1189 Quomodo
2934 1138 3071 1196 ergo
3094 1123 3281 1196 potuit
3301 1123 3516 1179 habere
3543 1120 3718 1189 filios,

2069 1212 2168 1283 qui
2197 1212 2388 1268 adhuc
2427 1228 2573 1284 puer
2623 1215 2793 1267 erat?
2821 1216 2880 1267 et
2928 1211 3154 1284 expleto
3201 1210 3475 1279 triennio,
3526 1210 3719 1266 intro-

2068 1301 2280 1357 ductus
2313 1305 2402 1356 est
2431 1302 2503 1356 ad
2536 1300 2689 1373 regis
2720 1301 3089 1373 obsequium.
3123 1302 3198 1357 Ac
3247 1318 3321 1357 ne
3366 1300 3501 1373 quis
3551 1303 3721 1372 putet

2066 1390 2324 1446 Ezechiel
2371 1391 2499 1461 jam
2556 1389 2664 1445 viri
2720 1390 3063 1446 meminisse
3129 1389 3409 1457 Danielis,
3483 1392 3540 1444 et
3595 1405 3715 1444 non

2066 1479 2282 1551 pueri:
2329 1481 2554 1536 Factum
2600 1486 2698 1545 est,
2737 1477 2951 1551 inquit,
3009 1481 3071 1533 in
3125 1495 3269 1534 anno
3325 1482 3500 1546 sexto,
3558 1476 3716 1549 regis

2065 1568 2285 1625 scilicet
2313 1568 2601 1638 Joachim,
2633 1569 2693 1623 in
2732 1584 2917 1624 mense
2943 1571 3114 1638 sexto,
3148 1570 3206 1624 in
3271 1569 3463 1640 quinta
3507 1568 3718 1622 mensis

2065 1658 2281 1727 (Ezech.
2312 1675 2437 1725 VIII,
2470 1660 2561 1725 1);
2596 1658 2682 1726 Et,
2714 1659 2821 1729 Ego
2869 1657 3130 1713 sedebam
3157 1658 3218 1713 in
3266 1657 3422 1714 domo
3466 1673 3609 1725 mea,
3661 1660 3716 1711 et

2063 1763 2214 1803 senes
2272 1746 2409 1802 Juda
2465 1746 2725 1802 sedebant
2779 1763 2965 1802 coram
3021 1762 3107 1802 me
3162 1746 3370 1818 (Ibid),
3428 1748 3619 1817 Atque
3649 1743 3713 1800 in

2064 1835 2267 1890 eadem
2299 1834 2391 1891 die
2422 1836 2493 1891 ad
2525 1850 2661 1891 eum
2693 1835 2928 1903 dicitur,
2960 1835 3023 1891 Si
3056 1837 3269 1906 fuerint
3298 1837 3487 1903 Noe,et
3516 1835 3713 1890 Daniel

2062 1930 2116 1980 et
2163 1924 2258 1980 Job
2300 1924 2458 1992 (Ibid.
2504 1939 2620 1994 xw,
2669 1923 2782 1994 44).
2834 1923 2966 1979 Erat
3023 1922 3202 1996 igitur
3271 1922 3468 1979 Daniel
3516 1922 3712 1979 adhuc

2064 2029 2229 2085 puer,
2262 2017 2321 2068 et
2350 2016 2525 2067 notus
2576 2012 2814 2085 populo,
2861 2011 2949 2068 vel
2998 2016 3236 2085 propter
3283 2012 3713 2085 interpretatio-

2064 2118 2197 2158 nem
2240 2101 2605 2157 somniorum
2637 2100 2902 2174 regis,vel
2937 2105 3174 2174 propter
3201 2102 3477 2158 Susanna
3501 2100 3714 2158 libera-

2062 2191 2302 2259 tionem,
2336 2194 2393 2246 et
2421 2190 2771 2246 occisionem
2802 2191 2823 2224 ⁸
2852 2190 3345 2263 presbyterorum.
3379 2190 3451 2245 Et
3479 2190 3708 2262 perspi-

2062 2296 2169 2337 cue
2196 2281 2631 2352 comprobatur,
2663 2296 2729 2335 eo
2757 2282 3020 2351 tempore
3046 2296 3160 2351 quo
3192 2279 3312 2335 ἰ]ωο
3361 2278 3712 2335 dicebantur

2059 2371 2131 2426 de
2161 2370 2277 2425 Noe
2308 2374 2366 2425 et
2397 2368 2634 2425 Daniele
2664 2373 2721 2424 et
2766 2367 2899 2435 Job,
2961 2368 3155 2424 adhuc
3211 2384 3459 2440 puerum
3520 2368 3708 2424 fuisse

2062 2458 2356 2515 Danielem
2389 2474 2495 2513 nec
2524 2457 2785 2530 potuisse
2813 2456 3027 2514 habere
3059 2456 3211 2513 ﬁlios
3250 2460 3308 2512 et
3334 2456 3507 2527 filias,
3556 2473 3709 2529 quos

2060 2565 2168 2604 sua
2189 2547 2424 2618 justitia
2452 2546 2743 2602 liberaret.
2776 2545 2900 2601 Huc
2935 2562 3123 2619 usque
3154 2546 3224 2602 de
3255 2545 3405 2618 lege.

2131 2637 2281 2693 217
2332 2636 2422 2691 26.
2469 2636 2829 2706 Evangelium
2879 2652 2989 2691 non
3039 2639 3117 2691 est
3164 2642 3291 2691 ante
3326 2635 3531 2691 Christi
3571 2652 3706 2692 cru-

2057 2742 2190 2781 cem.
2241 2725 2491 2781 Mulieres
2573 2725 2890 2781 Iudaeorum
2958 2725 3353 2780 ministrabant
3424 2727 3707 2796 magistris

2057 2816 2345 2871 alimenta.
2392 2816 2626 2869 Joannes
2659 2814 3003 2885 evangelista
3047 2816 3235 2882 virgo;
3264 2814 3514 2870 ordinem
3567 2820 3706 2875 eta-

2056 2905 2126 2960 tis
2152 2903 2491 2960 commendat
2528 2920 2549 2964 ;
2584 2919 2689 2975 quo
2738 2906 2980 2973 tempore
3043 2911 3291 2959 mortuus
3340 2920 3361 2964 ;
3402 2904 3706 2975 privilegia

2054 2995 2190 3065 ejus.
2224 3024 2292 3033 —
2335 2992 2500 3048 Venit
2538 2993 2611 3047 ad
2657 2991 3059 3065 Evangelium,
3111 2996 3169 3047 et
3212 2992 3485 3064 proponit
3530 2993 3703 3051 nobis

2054 3082 2393 3138 Zachariam
2424 3085 2481 3136 et
2508 3080 2827 3149 Elisabeth,
2862 3080 3095 3136 Petrum
3127 3084 3185 3136 et
3216 3097 3450 3137 socrum
3480 3081 3632 3153 ejus,
3646 3086 3705 3141 et

2054 3175 2334 3228 consueta
2361 3169 2629 3225 vecordia
2659 3186 2773 3225 non
2805 3166 3079 3240 intelligit
3108 3169 3251 3224 istos
3284 3185 3517 3241 quoque
3548 3169 3704 3226 inter

2056 3278 2175 3326 eos,
2208 3260 2307 3331 qui
2340 3258 2451 3331 legi
2484 3257 2808 3325 servierint,
2840 3258 3116 3313 debuisse
3148 3258 3466 3313 numerari.
3501 3258 3702 3330 Neque

304 3348 452 3406 niele
483 3327 676 3404 dicere
707 3361 836 3402 cum
867 3327 1089 3402 Hebraei
1124 3362 1310 3417 usque
1339 3344 1510 3401 hodie
1539 3349 1863 3414 autument,
1887 3348 1945 3400 et
1974 3327 2017 3395 C
2056 3327 2635 3421 enim-Evaﬂgelium
2658 3351 2792 3403 ante
2838 3362 3073 3402 crucem
3119 3346 3336 3402 Christi
3384 3350 3493 3415 est,
3542 3327 3700 3420 φίοά

306 3440 426 3493 tres
458 3452 669 3507 pueros
701 3433 881 3491 fuisse
909 3433 1232 3502 ennuchos,
1263 3451 1330 3490 ex
1365 3432 1464 3489 illa
1494 3433 1593 3490 Dei
1628 3433 1939 3502 sententia,

304 3542 485 3599 quam
517 3524 699 3581 Isaias
746 3521 1008 3595 loquitur
1061 3524 1134 3578 ad
1188 3522 1533 3579 Ezechiam:
1566 3524 1631 3579 Et
1686 3523 1752 3579 de
1810 3524 1943 3593 ﬁliis

302 3618 435 3684 tuis,
469 3616 566 3688 qui
594 3621 889 3670 nascentur
916 3628 985 3667 ex
1013 3621 1081 3680 te,
1114 3613 1306 3669 tollent
1335 3620 1386 3668 et
1419 3614 1627 3683 facient
1670 3614 1943 3669 eunuchos

301 3706 361 3761 in
393 3705 550 3760 domo
580 3704 726 3773 regis
754 3702 841 3775 (IV
870 3704 992 3773 Reg.
1024 3719 1117 3756 xx.
1149 3702 1261 3769 l8).
1314 3701 1656 3773 Rursusque
1713 3701 1773 3755 in
1831 3701 1941 3757 Da-

300 3793 453 3851 niele
477 3792 769 3867 legimus:
803 3794 869 3848 Et
894 3791 1039 3847 dixit
1092 3807 1194 3847 rex
1248 3791 1498 3862 Asphane
1547 3791 1793 3863 principi
1845 3806 1941 3846 eu-

297 3883 626 3951 nuchorum,
656 3892 718 3939 ut
768 3881 1107 3938 introducere
1163 3881 1228 3937 de
1275 3882 1411 3953 ﬁliis
1466 3882 1804 3953 captivitatis
1860 3884 1942 3936 Is-

299 3973 440 4042 rael,
471 3980 524 4029 et
553 3971 617 4027 de
643 3973 855 4028 semine
908 3972 1058 4041 regio
1117 3974 1169 4026 et
1224 3970 1291 4025 de
1350 3968 1773 4042 phorthommim
1831 3967 1939 4041 [AL

296 4061 701 4133 phortemmim]
730 4076 920 4132 pueros
951 4061 992 4127 ³,
1026 4060 1087 4115 in
1116 4060 1314 4130 quibus
1365 4075 1473 4115 non
1514 4062 1645 4114 esset
1701 4059 1938 4126 macula,

294 4148 557 4222 pulchros
582 4151 741 4219 facie,
773 4156 823 4204 et
870 4149 1239 4220 intelligentes
1292 4149 1623 4220 sapientiam
1675 4149 1838 4219 (Dan,
1899 4165 1938 4216 ι,

299 4239 355 4310 3,
386 4238 460 4311 4).
481 4239 552 4294 Et
576 4241 1043 4311 argumentatur,
1076 4238 1126 4293 si
1156 4239 1228 4293 de
1276 4237 1499 4294 semine
1557 4238 1715 4311 regio
1775 4236 1940 4293 electi

299 4332 441 4384 sunt
470 4327 672 4384 Daniel
701 4331 759 4382 et
788 4331 906 4382 tres
928 4328 1094 4399 pueri
1120 4344 1133 4395 ;
1168 4327 1239 4383 de
1277 4327 1500 4383 semine
1536 4331 1729 4384 autem
1784 4326 1942 4399 regio

299 4416 602 4474 eunuchos
634 4417 753 4473 fore
783 4415 1084 4487 Scriptura
1112 4416 1398 4488 praedixit,
1425 4416 1533 4472 bos
1553 4433 1683 4473 esse
1714 4416 1816 4489 qui
1847 4433 1944 4472 eu-

300 4504 480 4562 nuchi
529 4503 665 4560 facti
721 4508 879 4560 sunt.
931 4504 990 4560 Si
1034 4521 1166 4561 vero
1225 4510 1282 4561 et
1335 4503 1480 4561 illud
1534 4504 1871 4577 opposuerit
1899 4506 1942 4575 ³,

298 4594 534 4668 quodin
564 4593 860 4650 Ezechiele
906 4592 1120 4650 dicitur
1165 4595 1308 4667 (cap.
1367 4612 1482 4662 x1v,
1544 4594 1657 4665 44),
1717 4593 1835 4649 Noe
1889 4597 1947 4649 et

2050 3439 2323 3512 passione
2353 3443 2411 3493 et
2441 3436 2728 3509 sanguine
2760 3436 2948 3508 ipsius
2980 3435 3488 3493 dedicatur.Juxta
3519 3452 3700 3509 quam

2052 3526 2314 3601 regulam
2352 3528 2555 3584 Petrus
2584 3530 2641 3581 et
2670 3524 2861 3581 caeteri
2891 3524 3161 3597 apostoli,
3192 3527 3258 3581 ut
3297 3525 3347 3581 ei
3379 3541 3448 3581 ex
3494 3542 3700 3599 super-

2050 3619 2166 3675 ﬂuo
2198 3617 2434 3672 interim
2467 3614 2804 3687 concedam,
2837 3614 3171 3671 habuerunt
3191 3613 3429 3685 quidem
3461 3614 3701 3688 [ALqui-

2049 3708 2208 3778 dam]
2240 3722 2448 3762 uxores
2477 3705 2578 3760 sed
2610 3720 2755 3776 quas
2786 3720 2852 3760 eo
2880 3709 3142 3776 tempore
3172 3707 3534 3776 acceperant,
3582 3721 3700 3777 quo

2048 3794 2428 3869 Evangelium
2469 3793 2830 3849 nesciebant.
2889 3793 2997 3859 Qui
3048 3792 3340 3866 assumpti
3386 3797 3591 3864 postea
3636 3793 3699 3850 in

2050 3884 2467 3958 apostolatum,
2499 3882 2846 3955 relinquunt
2874 3880 3136 3938 ofﬁcium
3184 3881 3515 3954 conjugale.
3548 3882 3699 3939 Nam

2049 3990 2184 4030 cum
2215 3974 2418 4030 Petrus
2449 3989 2519 4029 ex
2549 3988 2801 4045 persona
2822 3969 3223 4043 apostolorum
3274 3970 3417 4027 dicit
3466 3970 3541 4027 ad
3583 3971 3699 4029 Do-

2051 4062 2277 4119 minum
2312 4082 2328 4117 :
2364 4064 2497 4118 Ecce
2524 4078 2624 4118 nos
2652 4062 2980 4133 reliquimus
3026 4062 3234 4128 omnia,
3282 4063 3334 4116 et
3377 4062 3553 4116 secuti
3596 4077 3704 4117 su-

2051 4169 2173 4209 mus
2201 4154 2300 4209 te“
2350 4152 2561 4222 (Matth.
2613 4168 2727 4211 xxx.
2776 4151 2891 4219 27),
2937 4149 3242 4221 respondit
3287 4148 3341 4204 ei
3390 4148 3700 4220 Dominus,

2052 4248 2234 4299 Amen
2264 4242 2382 4297 dico
2431 4243 2600 4305 vobis,
2651 4241 2912 4311 quoniam
2952 4254 3111 4294 nemo
3159 4240 3237 4294 est
3281 4238 3378 4309 qui
3422 4236 3702 4294 dimiserit

2050 4332 2291 4398 domum,
2315 4335 2414 4386 aut
2441 4334 2715 4401 parentes,
2748 4337 2845 4383 aut
2886 4331 3112 4400 fratres,
3160 4331 3258 4383 aut
3306 4337 3709 4394 uxorem,‘aut

2053 4421 2194 4490 ﬁlios
2217 4424 2442 4492 prepter
2470 4435 2703 4487 regnum
2733 4419 2951 4489 Dei,qui
2963 4432 3074 4473 non
3092 4415 3508 4488 recipiatmulto
3537 4416 3708 4487 plura

2056 4512 2115 4564 in
2142 4509 2340 4565 δίκαιιο
2370 4509 2493 4569 isto,
2525 4515 2576 4562 et
2624 4509 2683 4561 in
2729 4507 2931 4563 saeculo
2977 4511 3164 4577 futuro
3212 4506 3385 4560 vitam
3435 4513 3706 4561 aeternam

2055 4597 2213 4668 (Ibid.
2246 4597 2338 4668 28)
2372 4597 2432 4653 Si
2463 4600 2660 4652 autem
2693 4595 2863 4652 nobis
2893 4594 3041 4651 illud
3076 4594 3420 4668 opposuerit
3448 4594 3519 4649 ad
3569 4609 3707 4666 pro-

297 4683 501 4741 Daniel
530 4687 588 4740 et
612 4682 722 4756 Job
754 4683 814 4739 in
841 4688 996 4740 terra
1024 4682 1342 4756 peccatrice
1372 4683 1525 4739 filios
1555 4687 1612 4739 et
1670 4682 1821 4738 filias
1877 4683 1942 4738 li-
1974 4695 2020 4759 [)
2052 4687 2335 4753 bandum,
2368 4686 2521 4758 quod
2555 4700 2760 4741 omnes
2791 4683 3041 4756 apostoli
3092 4700 3302 4741 uxores
3367 4682 3711 4752 habuerint,

299 4774 504 4831 berare
534 4789 649 4829 non
682 4788 872 4846 posse,
920 4772 1397 4845 respondendum
1430 4777 1537 4839 est,
1582 4772 1736 4843 quod
1776 4772 1946 4843 juxta

297 4862 671 4937 hypothesim
698 4862 921 4918 dictum
952 4862 1048 4917 sit.
1073 4861 1187 4917 Nec
1217 4862 1373 4917 enim
1403 4878 1469 4919 eo
1511 4865 1775 4934 tempore
1827 4862 1944 4918 Noe

298 4956 355 5009 et
380 4953 490 5008 Job
522 4957 690 5008 erant
719 4968 867 5023 quos
898 4950 1115 5007 multis'
1147 4955 1281 5007 ante
1332 4950 1561 5007 saeculis
1605 4950 1788 5006 fuisse
1846 4967 1945 5006 co-

298 5042 629 5116 gnovimus.
660 5042 839 5096 Etest
870 5056 1079 5095 sensus
1108 5041 1130 5073 ‘
1163 5058 1175 5096 :
1208 5041 1269 5098 Si
1318 5040 1465 5096 tales
1522 5044 1579 5096 et
1636 5039 1781 5096 tales
1837 5040 1947 5096 viri

298 5131 517 5187 fuerint
542 5130 604 5185 in
623 5133 780 5186 terra
810 5129 1312 5200 peccatrice,ﬁlios
1343 5146 1482 5186 suos
1512 5135 1569 5184 et
1625 5129 1778 5185 ﬁlias
1808 5128 1947 5186 libe-

394 5341 842 5400 1(lasanatensis
900 5359 914 5398 :
970 5364 999 5394 «
1058 5345 1267 5401 Notam
1326 5344 1540 5399 faceret
1588 5341 1945 5401 voluntatem

301 5422 585 5543 tusilileiil
615 5501 749 5558 cum
778 5485 959 5541 veteri
989 5486 1265 5558 editione,
1299 5508 1327 5536 ‹‹
1361 5486 1429 5542 Et
1460 5486 1530 5541 de
1561 5489 1945 5558 tyrannorum

304 5574 565 5637 pueros:
603 5557 989 5637 »a1._pueris._
1035 5557 1216 5614 Paulo
1274 5574 1455 5631 supra
1506 5557 1610 5630 pro
1662 5560 1950 5632 Asphanez.

306 5629 422 5693 duo
453 5645 606 5701 mss.
628 5629 1023 5701 Asphanezech.

373 5708 395 5741 ³
426 5702 575 5758 Nota
596 5700 752 5757 hunc
783 5701 1001 5757 locum.
1100 5747 1112 5759 .

373 5773 775 5831 t>Veronensis
825 5778 882 5830 et
938 5774 999 5831 S.
1065 5772 1285 5842 Crucis,
1342 5774 1409 5831 Et
1463 5777 1540 5831 est
1594 5776 1784 5848 semel,
1844 5793 1949 5849 pro

302 5862 514 5917 senum.

2056 4775 2332 4846 Numquid
2360 4790 2468 4829 non
2499 4774 2757 4830 habemus
2781 4776 3098 4846 potestatem
3125 4773 3388 4828 mulieres
3432 4771 3519 4828 uel
3564 4787 3711 4827 uxo-

2055 4882 2141 4922 res
2172 4863 2615 4920 circumducendi
2645 4863 2807 4936 (quia
2834 4863 2969 4935 γυνή
3006 4862 3161 4936 apud
3185 4861 3412 4919 Graecos
3432 4860 3455 4896 ³
3480 4863 3715 4917 utrum-

2057 4970 2170 5027 que
2200 4953 2511 5026 signiﬁcat)
2542 4955 2683 5009 sicut
2712 4955 2901 5011 caeteri
2947 4952 3199 5025 apostoli,
3262 4960 3311 5007 et
3366 4950 3592 5023 Cephas,
3655 4961 3713 5007 et

2054 5045 2254 5115 fratres
2284 5044 2505 5098 Domini
2534 5043 2582 5115 (I
2611 5042 2731 5099 Cor.
2765 5060 2841 5112 1x,
2874 5044 2950 5115 5),
2971 5043 3186 5115 jungat
3231 5045 3289 5096 et
3344 5039 3490 5097 illud
3549 5040 3711 5112 quod

2056 5133 2118 5190 in
2149 5131 2366 5189 Graecis
2424 5132 2725 5191 codicibus
2777 5135 2904 5189 est:
2938 5131 3217 5204 Numquid
3274 5145 3389 5186 non
3442 5128 3712 5187 habemus

2128 5348 2149 5383 ⁸
2177 5346 2589 5404 Casanatensis
2619 5363 2753 5402 cum
2783 5345 2913 5419 ipso
2943 5344 3287 5415 Veronensi,
3324 5349 3554 5419 propter
3599 5342 3711 5400 Su-

2055 5434 2250 5476 sanna:
2277 5419 2567 5474 historiam
2595 5420 2647 5474 et
2673 5420 3028 5486 occasionem,
3060 5421 3169 5475 etc.

2127 5493 2149 5527 ⁶
2174 5492 2317 5546 Tres
2350 5506 2493 5546 mss.
2528 5493 2670 5546 Ecce
2697 5505 2795 5545 nos
2837 5492 3025 5545 omnia
3068 5493 3260 5547 nostra
3313 5488 3709 5560 relinquentes,

2056 5565 2229 5619 secuti
2254 5578 2445 5618 sumus
2474 5570 2560 5629 te;
2594 5561 2694 5633 qui
2738 5566 2795 5617 et
2823 5561 2997 5635 paulo
3027 5561 3181 5618 infra
3223 5576 3421 5616 vocem
3468 5560 3716 5632 Apostoli

2058 5651 2174 5691 non
2206 5638 2553 5706 agnoscunt.

2129 5708 2147 5742 ⁷
2177 5702 2597 5771 Τθ“ι·ιυΙΙὶιιιιιιθ,
2620 5705 2705 5777 de
2734 5704 3124 5777 Monogamia,
3151 5728 3203 5777 _«
3253 5704 3436 5759 Penes
3481 5702 3713 5759 Graecos

2057 5778 2363 5837 communi
2391 5776 2674 5836 vocabulo
2701 5775 3017 5836 censentur
3044 5775 3320 5835 mulieres
3346 5778 3410 5833 et
3435 5789 3707 5833 uxores.
