3944 6396
204 315 312 385 257

1277 311 1692 384 ADVERSUS
1735 313 2221 384 JOVINIANUM
2263 311 2414 381 LIB.
2460 311 2512 379 Ῑ.

3476 323 3596 388 258

203 458 508 529 potestatem
546 467 755 509 sorores
798 451 1077 521 mulieres,
1135 454 1217 509 vel
1274 470 1472 510 uxores
1528 454 1835 510 circumdu-
1865 455 1920 522 Α
1953 452 2113 510 baolh
2135 452 2444 524 reliquisset
2475 451 2630 507 nobis
2656 467 2861 520 semen,
2890 455 3050 527 quasi
3080 454 3308 512 Sodoma
3336 473 3591 529 essemus,

203 545 348 602 σενιάί
373 549 398 598 γ
425 544 502 600 Ex
531 559 646 615 quo
679 548 920 614 apparet
948 558 1082 598 eum
1114 543 1185 598 de
1217 542 1346 599 aliis
1365 545 1584 600 sanctis
1616 544 1835 600 dixisse

208 634 558 701 mulieribus,
592 649 720 704 quae
743 633 916 704 juxta
946 649 1170 688 morem
1201 633 1514 688 Judaicum
1535 633 1838 706 magistris

205 725 269 780 de
296 741 401 780 sua
429 722 761 778 substantia
796 721 1234 789 ministrabant,
1267 722 1422 779 sicut
1441 723 1694 795 legimus
1724 722 1836 795 ipsi

203 829 418 885 quoque
448 811 694 868 Domino
727 811 1233 867 factitatum.Nam
1267 817 1324 866 et
1353 813 1494 868 ordo
1526 813 1837 868 verborum

203 903 300 958 hoc
338 901 628 974 significat
681 919 702 954 .·
745 900 1020 972 Numquid
1063 917 1174 957 non
1221 901 1478 957 habemus
1507 905 1839 973 ‘potestatem

206 990 584 1054 manducandi,
633 997 685 1045 et
726 989 972 1056 bibendi,
1001 995 1096 1045 aut
1151 1006 1361 1046 sorores
1413 992 1672 1046 mulieres
1728 993 1837 1046 cir-

201 1079 546 1136 cumducendi
573 1078 731 1147 (Ibid.
765 1079 820 1147 3,
853 1080 908 1150 5)
939 1078 966 1134 ‘?
1000 1079 1105 1134 Ubi
1141 1080 1212 1135 de
1243 1081 1602 1136 comedendo
1651 1084 1708 1135 et
1750 1080 1838 1134 hi-

205 1171 402 1236 bendo,
435 1185 503 1224 ac
533 1169 604 1224 de
635 1168 1157 1224 administratione
1189 1174 1534 1240 sumptuum
1586 1170 1843 1241 praemit-

209 1260 361 1324 titur,
391 1262 447 1314 et
478 1258 549 1313 de
580 1256 930 1314 mulieribus
965 1258 1269 1314 sororibus
1322 1259 1570 1313 infertur
1622 1260 1659 1327 ί,
1710 1275 1841 1331 per-

207 1348 461 1421 spicuum
493 1351 602 1416 est,
635 1363 749 1402 non
781 1363 994 1402 uxores
1026 1347 1236 1403 debere
1267 1345 1536 1419 intelligi,
1569 1349 1669 1403 sed
1719 1364 1839 1414 cas,

207 1445 264 1492 ut
290 1436 561 1504 diximus,
599 1453 727 1508 qua:
759 1437 829 1492 de
869 1453 977 1492 sua
1021 1437 1355 1493 substantia
1406 1437 1842 1494 ministrabant.

206 1527 356 1592 Quod
387 1531 444 1582 et
477 1527 538 1581 in
569 1526 745 1582 veteri
768 1525 894 1598 lege
923 1526 994 1581 de
1027 1526 1397 1582 Sunamitide
1420 1526 1520 1582 illa
1544 1527 1844 1595 scribitur,

206 1633 320 1688 qua
351 1614 526 1671 solita
555 1616 633 1670 sit
663 1615 934 1671 Elisaeum
967 1616 1246 1688 recipere,
1275 1619 1334 1671 et
1365 1633 1577 1688 ponere
1595 1617 1644 1671 ei
1680 1632 1844 1672 men-

204 1721 339 1773 sam,
371 1709 427 1761 et
454 1721 690 1777 panem,
723 1709 780 1761 et
836 1704 1279 1773 candelabrum,
1338 1710 1395 1761 et
1451 1711 1679 1762 caetera.
1729 1709 1846 1761 Aut

206 1799 346 1851 certe
375 1795 424 1850 si
454 1787 736 1868 γυναῖὲιας,
767 1811 992 1861 uxores,
1051 1795 1375 1868 accipimus
1425 1812 1538 1851 non
1587 1797 1846 1851 mulieres
1878 1835 1926 1900 B

210 1885 261 1939 id
290 1884 438 1957 quod
501 1884 757 1956 additur,
815 1900 1042 1953 sorores,
1104 1884 1254 1940 tollit
1313 1901 1528 1952 uxores,
1587 1889 1642 1940 et
1693 1885 1846 1941 278

211 1973 456 2030 ostendit
484 1990 584 2030 eas
616 1989 930 2046 germanas
961 1975 1020 2029 in
1068 1974 1280 2045 spiritu
1328 1975 1530 2042 fuisse,
1565 1992 1679 2031 non
1712 1991 1847 2030 con-

199 2064 360 2136 juges
390 2064 429 2118 ².
475 2065 848 2134 Quanquam,
899 2068 1134 2134 excepto
1179 2063 1443 2135 apostolo
1495 2064 1682 2131 Petro,
1732 2082 1846 2120 non

207 2151 277 2208 sit
305 2152 611 2209 manifeste
644 2151 890 2208 relatum
921 2153 990 2208 de
1023 2151 1155 2208 aliis
1200 2153 1480 2225 apostolis
1520 2155 1676 2226 quod
1707 2171 1848 2210 uxo-

207 2258 290 2299 res
319 2242 670 2310 habuerint;
702 2246 759 2297 et
787 2259 922 2297 cum
950 2243 1022 2297 de
1054 2258 1168 2298 uno
1195 2242 1481 2316 scriptum
1528 2244 1626 2311 sit,
1681 2261 1746 2300 ac
1780 2245 1850 2300 de

207 2331 416 2388 caeteris
445 2331 716 2399 tacitum,
750 2330 1077 2404 intelligere
1111 2332 1398 2388 debemus
1421 2333 1547 2388 sine
1570 2333 1849 2390 uxoribus

205 2437 294 2478 eos
321 2419 602 2489 fuisse,de
633 2421 849 2493 quibus
881 2420 1025 2476 nihil
1057 2420 1171 2476 tale
1205 2421 1505 2494 Scriptura
1535 2423 1846 2495 signiﬁcet.

206 2511 268 2566 Et
293 2515 491 2567 tamen
525 2509 622 2566 ille
651 2509 750 2581 qui
782 2510 952 2566 nobis
1001 2511 1217 2582 objecit
1257 2511 1598 2568 Zachariam
1650 2517 1706 2567 ct
1735 2513 1848 2568 Eli-

209 2600 421 2668 sabeth,
455 2600 700 2656 Petrum
730 2604 787 2656 et
818 2617 1051 2656 socrum
1083 2601 1234 2672 ejus,
1273 2601 1438 2667 sciat,
1474 2603 1544 2657 de
1574 2602 1853 2658 Zacharia

206 2693 257 2745 et
282 2689 578 2746 Elisabeth
609 2689 897 2746 Joannem
929 2690 1113 2746 fuisse
1153 2696 1518 2763 generatum,
1551 2692 1609 2747 id
1640 2697 1749 2760 est,
1781 2693 1851 2748 de

207 2778 414 2851 nuptiis
445 2778 760 2851 virginem,
795 2779 864 2834 de
886 2778 1012 2852 lege
1041 2779 1522 2852 Evangelium,de
1553 2781 1852 2836 matrimo-

209 2868 294 2923 nio
324 2868 655 2925 castitatem
711 2872 775 2924 ut
814 2886 849 2924 a
873 2868 1156 2941 prophela
1193 2869 1417 2941 virgine
1445 2870 1616 2942 .virgo
1668 2870 1856 2926 Domi-

211 2975 314 3014 nus
343 2963 395 3014 et
426 2957 907 3024 annuntiaretur,
960 2963 1017 3013 et
1062 2959 1478 3030 baptizaretur.
1532 2960 1854 3017 Possumus

213 3052 392 3103 autem
425 3048 505 3102 de
536 3047 701 3103 Petro
733 3047 947 3118 dicere,
980 3049 1136 3120 quod
1183 3048 1457 3104 habuerit
1501 3065 1735 3106 socrum
1787 3067 1854 3106 eo

211 3141 459 3210 tempore
495 3152 611 3208 quo
642 3137 973 3206 credidit,et
1001 3154 1237 3193 uxorem
1263 3140 1389 3210 jam
1412 3155 1528 3194 non
1560 3139 1851 3197 habuerit.

1947 551 1998 600 el
2024 543 2232 599 similes
2261 547 2536 599 Gomorra:
2579 543 2874 612 fuissemus
2914 544 3040 614 (Isa.
3097 563 3134 600 ι.
3170 549 3244 614 9).
3298 547 3405 612 Qui
3457 564 3594 621 ergo

1947 637 2210 688 erantex
2236 631 2482 698 Judaeis,
2511 630 2907 703 virginitatem
2953 650 3130 705 quam
3181 634 3240 690 in
3291 636 3598 694 Judaismo

1949 722 2289 786 amiserant,
2323 720 2380 774 in
2417 719 2728 792 Evangelio
2777 720 2991 776 habere
3039 739 3154 777 non
3208 728 3496 795 poterant.
3531 730 3600 782 Et

1949 817 2144 867 tamen
2175 811 2436 867 Joannes
2468 827 2625 864 unus
2664 827 2731 865 ex
2783 810 3108 882 discipulis,
3164 812 3264 884 qui
3315 813 3599 874 minimus

1949 900 2204 956 traditur
2234 900 2414 954 fuisse
2444 898 2598 953 inter
2627 899 2943 970 apostolos,
2977 905 3032 955 ct
3060 917 3233 973 quem
3267 902 3410 959 fides
3435 903 3600 959 Chri-

1951 991 2028 1044 sti
2068 989 2354 1062 virginem
2403 993 2714 1064 repererat,
2768 989 2930 1060 virgo
2979 991 3323 1063 permansit,
3367 998 3422 1048 et
3469 995 3599 1052 ideo

1950 1078 2085 1152 plus
2118 1082 2351 1134 amatur
2380 1095 2412 1132 a
2445 1078 2710 1144 Domino,
2743 1084 2799 1133 et
2829 1080 3121 1134 recumbit
3170 1097 3346 1153 super
3396 1088 3600 1154 pectus

1950 1170 2115 1224 Jesu.
2151 1172 2216 1222 Et
2243 1168 2396 1238 quod
2431 1170 2452 1201 ‘
2482 1167 2709 1236 Petrus,
2744 1167 2846 1238 qui
2892 1185 3126 1224 uxorem
3173 1169 3476 1240 habuerat,
3511 1174 3602 1227 in-

1952 1264 2246 1330 terrogare
2280 1274 2395 1313 non
2428 1257 2626 1322 audet,
2660 1255 2826 1311 illum
2860 1261 3025 1330 rogat
3056 1263 3118 1313 ut
3165 1259 3501 1332 interroget.
3535 1262 3604 1318 Et

1955 1351 2086 1418 post
2124 1346 2611 1402 resurrectionem
2674 1346 2981 1402 nuntiante
3032 1347 3215 1404 Maria
3259 1349 3600 1422 Magdalene

1954 1436 2111 1508 quod
2153 1435 2438 1490 Dominus
2482 1436 3174 1507 resurrexisset,uterque
3220 1438 3477 1494 cucurrit
3529 1440 3602 1496 ad

1955 1525 2291 1597 sepulcrum
2327 1543 2339 1592 ;
2371 1525 2470 1579 sed
2505 1524 2599 1579 ille
2647 1526 2947 1596 prtevenit.
3000 1530 3260 1598 Cumque
3300 1532 3498 1584 essent
3542 1531 3603 1586 in

1957 1615 2086 1670 navi
2142 1620 2200 1669 et
2258 1617 2627 1687 piscarentur
2684 1614 2741 1669 in
2800 1614 2926 1669 lacu
2991 1615 3367 1684 Genezareth,
3428 1617 3603 1676 Jesus

1957 1705 2150 1760 stabat
2206 1703 2263 1758 in
2325 1703 2540 1770 littore,
2600 1720 2702 1758 nec
2773 1704 3039 1759 sciebant
3107 1705 3356 1776 apostoli
3425 1724 3602 1780 quem

1957 1793 2254 1860 viderent;
2288 1792 2449 1848 solus
2498 1793 2658 1865 virgo
2706 1793 2990 1865 virginem
3036 1795 3321 1866 agnoscit,
3366 1800 3424 1852 et
3467 1797 3608 1853 dicit

1960 1883 2126 1938 Petro
2163 1900 2174 1938 :
2209 1883 2473 1938 Dominus
2500 1885 2599 1937 est.
2662 1882 2918 1938 Rursum
2977 1888 3108 1955 post
3165 1884 3428 1940 auditam
3479 1903 3608 1944 sen-

1959 1972 2224 2038 tentiam,
2259 1971 2411 2043 quod
2445 1971 2516 2026 ab
2548 1970 2660 2026 alio
2712 1972 3037 2043 cingendus
3073 1978 3227 2028 esset
3275 1974 3502 2044 Petrus,
3552 1980 3611 2034 et

1961 2059 2269 2116 ducendus
2328 2076 2442 2131 quo
2503 2061 2656 2116 279
2731 2060 2931 2127 nollet,
3003 2066 3059 2116 et
3134 2063 3326 2119 crucis
3402 2065 3611 2124 fuisset

1959 2149 2042 2205 illi
2101 2149 2298 2221 passio
2353 2149 2718 2221 prophetata,
2803 2155 2860 2206 et
2916 2149 3016 2207 ille
3046 2151 3265 2208 diceret
3312 2156 3605 2223 :Domine,

1958 2239 2091 2312 quid
2123 2242 2222 2294 iste
2249 2240 2430 2308 (Joan.
2479 2256 2595 2306 χχι,
2645 2240 2736 2310 21)
2784 2239 2812 2294 ‘l
2866 2239 3071 2295 nolens
3120 2241 3385 2298 deserere
3427 2244 3607 2302 Joan-

1960 2345 2117 2394 nem,
2143 2345 2276 2383 cum
2311 2343 2426 2398 quo
2458 2344 2690 2399 semper
2749 2328 2939 2384 fuerat
2997 2329 3324 2400 copulatus,
3386 2332 3528 2389 dicit
3554 2333 3606 2390 ei

1960 2417 2248 2472 Dominus
2277 2435 2289 2472 :
2325 2417 2473 2489 Quid
2503 2417 2571 2471 ad
2603 2420 2651 2472 te
2675 2418 2695 2451 ⁵
2724 2419 2776 2472 si
2816 2433 2941 2472 eum
2987 2419 3105 2474 volo
3152 2421 3232 2474 sic
3279 2437 3392 2477 esse
3438 2423 3600 2491 (Ibid.

1959 2509 2051 2576 22)
2086 2507 2113 2560 ’ἲ
2146 2507 2306 2562 Unde
2341 2511 2398 2561 et
2428 2523 2620 2562 sermo
2651 2506 2826 2561 exivit
2854 2507 3006 2562 inter
3037 2508 3270 2576 fratres,
3317 2509 3486 2566 illum
3518 2512 3607 2568 di-

1962 2596 2257 2668 scipulum
2290 2613 2406 2651 non
2439 2596 2814 2652 moriturum.
2847 2600 2926 2652 Ex
2958 2613 3074 2668 quo
3119 2601 3450 2656 ostenditur
3498 2602 3608 2659 vir-

1962 2687 2270 2758 ginitatem
2302 2703 2418 2742 non
2451 2685 2621 2751 mori,
2655 2703 2759 2741 nec
2791 2686 2994 2742 sordes
3032 2688 3374 2760 nuptiarum
3407 2689 3610 2748 ablue-

1965 2793 2024 2832 re
2054 2777 2074 2810 δ
2104 2793 2307 2831 cruore
2339 2775 2623 2848 martyrii,
2657 2775 2758 2832 sed
2792 2792 3027 2832 manere
3075 2794 3208 2833 cum
3259 2777 3510 2844 Christo,
3555 2786 3612 2837 et

1963 2865 2374 2921 dormitionem
2407 2866 2536 2936 ejus
2566 2865 2883 2920 transitum
2914 2882 3061 2936 esse,
3098 2883 3214 2923 non
3247 2874 3520 2929 mortem.
3552 2870 3612 2927 Si

1963 2961 2157 3011 autem
2191 2955 2399 3010 obnixe
2429 2954 2798 3010 contenderit
2842 2955 3128 3012 Joannem
3178 2957 3462 3030 virginem
3494 2977 3610 3020 non
3646 2990 3660 3005 ο

1966 3045 2166 3112 fuisse,
2191 3049 2247 3100 et
2269 3061 2374 3100 nos
2404 3043 2620 3099 amoris
2649 3044 2924 3116 praecipui
2949 3061 3188 3102 causam
3216 3047 3610 3119 virginitatem

1964 3133 2242 3200 diximus,
2277 3137 2529 3205 exponat
2552 3132 2668 3199 ille,
2698 3133 2746 3189 si
2781 3134 2939 3206 virgo
2972 3150 3086 3189 non
3128 3135 3256 3202 fuit,
3291 3153 3394 3191 cur
3442 3144 3610 3194 caete-

212 3243 550 3299 quanquam
581 3225 810 3298 legatur
834 3229 855 3261 ³
881 3227 940 3282 in
980 3223 1257 3300 περιόδοις
1307 3233 1363 3284 et
1407 3245 1552 3285 uxor
1598 3231 1746 3301 ejus,
1797 3233 1856 3286 et
1883 3213 1926 3280 C
1963 3223 2044 3278 ris
2075 3221 2356 3294 apostolis
2389 3221 2522 3293 plus
2553 3225 2786 3277 amatus
2811 3222 2888 3277 sit
2916 3223 2943 3277 ‘l
2972 3227 3045 3277 At
3075 3224 3243 3290 dicis,
3275 3242 3456 3298 super
3503 3227 3612 3285 Pe-

213 3314 457 3372 ﬁlia.Sed
498 3331 652 3370 nunc
683 3315 854 3372 nobis
883 3315 955 3371 de
980 3333 1201 3373 canone
1222 3333 1396 3373 omne
1426 3324 1718 3374 certamen
1744 3324 1852 3375 est.

213 3404 274 3462 Et
301 3405 434 3477 quia
493 3405 564 3460 ad
613 3405 910 3478 apostolos
952 3406 1302 3478 provocavit,
1355 3408 1509 3479 quod
1564 3408 1856 3480 principes

212 3493 529 3568 disciplina:
577 3499 810 3560 nostrae,
864 3499 921 3550 et
973 3495 1258 3551 Chistiani
1313 3496 1605 3568 dogmatis
1653 3497 1853 3565 duces,

211 3583 457 3657 virgines
497 3601 611 3640 non
645 3584 886 3650 fuerint,
919 3588 983 3640 ut
1022 3601 1121 3641 eos
1157 3585 1391 3641 interim
1435 3584 1690 3658 virgines
1721 3603 1855 3643 con-

215 3673 482 3730 cedamus
520 3690 633 3730 non
666 3674 1084 3746 fuisse(neque
1115 3674 1273 3730 enim
1326 3674 1433 3730 hoc
1491 3679 1697 3746 praeter
1755 3681 1856 3730 Pe-

217 3766 361 3818 trum
394 3762 636 3836 probari
680 3764 888 3834 potest)
937 3763 1161 3818 noverit
1207 3762 1316 3819 hos
1363 3780 1492 3820 esse
1539 3763 1857 3836 apostolos,

217 3850 281 3907 de
309 3854 528 3924 quibus
575 3851 756 3908 Isaias
798 3851 1156 3908 vaticinatur
1207 3870 1220 3908 :
1274 3854 1394 3908 Nisi
1441 3855 1704 3910 Dominus
1753 3855 1857 3911 Sa-

287 3977 299 4008 ¹
332 3975 515 4032 Iidem
549 3992 693 4032 mss.
728 3976 818 4032 Sic
847 3978 1107 4047 infertur.

281 4049 300 4122 _’
327 4049 767 4117 Casanatensis,
797 4049 1097 4122 In‘spiritu
1121 4049 1294 4122 [uisse
1322 4050 1595 4122 conjuges.

277 4120 568 4192 'Legatur
611 4123 672 4176 in
728 4116 1026 4190 περιόδοις.
1088 4116 1690 4192 Periodosattribuit
1743 4122 1862 4178 Cle-

221 4191 682 4266 mentisuprain
716 4210 841 4266 cap.
877 4209 893 4247 1
927 4192 1106 4266 Epist.
1170 4192 1239 4247 ad
1290 4191 1482 4266 Calat.
1537 4194 1737 4249 dicens
1791 4195 1862 4250 de

224 4261 379 4336 Petro
411 4281 424 4318 :
451 4261 632 4327 «Ἀθ,
667 4268 730 4319 ut
759 4261 1025 4320 Clemens
1075 4264 1134 4319 in
1183 4263 1438 4336 periodis
1488 4266 1618 4336 ejus
1665 4266 1858 4333 refert,

220 4335 497 4391 calvitiem
530 4335 773 4391 haberet
803 4336 869 4408 in
894 4336 1102 4408 capite.
1145 4335 1193 4384 a
1220 4335 1607 4392 ΜΑΜῚΑΝᾏ-
1653 4337 1863 4394 Memo-

217 4411 371 4479 ratur
400 4407 644 4479 quidem
671 4425 816 4464 uxor
855 4407 1022 4479 Petri,
1051 4409 1499 4474 Recognilionum
1549 4407 1648 4463 lib.
1699 4427 1777 4464 vn
1807 4415 1865 4466 et

215 4475 354 4534 libro
387 4475 466 4544 1x,
501 4480 746 4535 minime
785 4496 921 4534 vero
969 4478 1111 4535 filia.
1167 4480 1354 4544 Quare
1400 4481 1698 4536 diversum
1749 4483 1860 4536 for-

214 4553 357 4624 tasse
407 4551 480 4607 ab
532 4552 689 4607 edito
737 4551 1060 4624 exemplar‘
1093 4550 1372 4624 habuisse
1423 4569 1536 4624 pris
1580 4553 1862 4624 manibus

213 4619 264 4675 S.
296 4622 609 4696 Doctorem,
632 4619 1316 4696 suspicamurLCaaterum
1351 4619 1544 4678 innuit
1575 4623 1682 4678 hoc
1715 4623 1858 4693 loco,

215 4696 270 4747 ut
295 4695 545 4767 videtur,
581 4694 888 4751 dimissam
928 4713 962 4751 a
1010 4694 1176 4751 Petro
1228 4711 1493 4761 uxorem,
1544 4701 1857 4767 postquam

211 4766 566 4840 credidisset.
598 4770 761 4840 Certe
793 4767 948 4822 idem
1000 4767 1205 4822 statuit
1245 4767 1302 4821 in
1348 4767 1518 4840 epist.
1547 4766 1770 4834 118,71).
1806 4770 1858 4836 4,

212 4837 276 4911 ad
303 4837 632 4911 Julianum,
667 4838 764 4895 ubi
795 4856 948 4911 eam,
977 4855 1101 4894 cum
1129 4837 1471 4895 navicula—et
1519 4842 1627 4895 reti
1706 4841 1859 4897 dere-

214 4907 431 4979 liquisse
461 4909 660 4967 tradit.

278 4982 297 5014 ⁴
317 4985 501 5055 Vetus
529 4981 706 5055 editio
737 4997 806 5038 ex
834 4999 976 5055 quo,
1004 4986 1080 5050 et,
1124 4983 1264 5053 quod
1313 4985 1428 5054 ipse
1487 4983 1859 5054 interrogare;

215 5051 458 5126 denique
489 5053 640 5110 infra
682 5070 814 5109 cum
841 5051 1102 5126 'optimis
1132 5051 1344 5122 “mss,
1387 5056 1658 5123 Virginem
1696 5051 1860 5111 reco-

213 5129 567 5252 gnoscitjiro
590 5126 872 5210 agnoscit.
1007 5198 1016 5208 θ
1092 5198 1101 5208 ,
1136 5198 1146 5208 θ
1277 5196 1288 5208 ⁸
1691 5197 1703 5209 .

278 5197 298 5230 ⁵
329 5198 428 5252 Oui
496 5199 570 5252 ad
605 5206 673 5252 te.
703 5215 773 5252 si.
805 5202 913 5252 etc.
963 5197 1182 5252 Similis
1231 5196 1325 5252 hic
1369 5212 1533 5252 error
1583 5203 1703 5252 ant]

278 5197 298 5230 ⁵
329 5196 468 5270 Quid
496 5199 570 5270 ad
605 5196 673 5264 te,
703 5200 773 5264 si,
805 5202 913 5254 etc.
963 5197 1182 5270 Similis
1231 5196 1325 5252 hic
1366 5212 1533 5270 error
1583 5197 1858 5270 antiquo-

217 5283 337 5342 rum
366 5269 740 5342 librariorum
771 5270 1016 5342 est,ejus
1038 5270 1137 5341 qui
1168 5269 1405 5341 irrepsit
1426 5269 1483 5324 in
1516 5269 1856 5326 contextum

215 5337 617 5423 §vangelicum
655 5337 933 5398 Joannis:
953 5337 1198 5423 leum
1219 5412 1230 5423 _
1255 5337 1372 5396 volo
1437 5347 1856 5423 munerehetc.

216 5409 438 5485 Narnia
477 5414 674 5470 tribus
709 5430 852 5470 mss.
887 5415 1185 5470 codicibus
1218 5412 1326 5469 hoc
1375 5414 1548 5485 modo
1590 5413 1810 5485 legitur
1842 5430 1854 5468 :

218 5483 345 5558 quid
372 5486 443 5541 ad
466 5488 521 5541 te
548 5490 574 5540 .9
599 5489 680 5542 sic
707 5502 833 5542 eum
867 5487 982 5542 volo
999 5502 1106 5542 esse
1128 5507 1147 5552 ,ο
1170 5502 1272 5558 pro
1304 5484 1560 5558 genuina
1589 5483 1857 5549 lcetione,

215 5555 269 5610 Si
295 5572 416 5629 eum
442 5558 564 5613 volo
597 5561 679 5614 sic
731 5574 864 5614 esse.
927 5555 1215 5614 ΜΑιιτιΑιῆ.
1268 5555 1337 5596 -έ-
1395 5556 1485 5629 lta
1536 5560 1858 5629 praeferunt

216 5628 386 5684 nostri
415 5645 623 5686 omnes
651 5635 860 5686 mss.et
887 5635 1053 5686 vetus
1127 5645 1199 5685 uo
1246 5644 1318 5684 uc
1349 5627 1853 5686 editio—concinit:

217 5698 270 5753 Si
294 5703 409 5756 volo
437 5717 565 5756 eum
594 5719 727 5756 esse.
758 5702 889 5756 auid
918 5703 989 5756 ad
1015 5646 1132 5756 leg?
1192 5645 1318 5756 lgon
1379 5703 1573 5756 tamen
1632 5700 1853 5756 inficia-

217 5646 386 5684 nosiri
415 5646 623 5686 omnes
651 5646 860 5686 mss.et
887 5646 1053 5686 vetus
1127 5646 1199 5685 uo
1246 5646 1318 5684 uc
1349 5646 1530 5683 eamo
1561 5646 1853 5686 concinit:

217 5698 270 5753 Si
294 5703 409 5786 volo
437 5717 727 5786 cumesse,
758 5702 889 5786 quid
918 5703 989 5786 od
1015 5646 1132 5785 te}?
1146 5646 1318 5786 “lacn
1379 5703 1573 5786 tamen
1632 5700 1855 5786 inficia-

218 5784 342 5832 mur
362 5774 493 5852 jam
523 5773 624 5834 diu
653 5770 794 5838 olim
820 5774 882 5835 in
910 5775 1116 5838 Joanis
1145 5770 1458 5849 Evangelio
1473 5771 1852 5836 librariorum

1892 4590 1940 4654 D

1965 3317 2123 3367 trum
2156 3312 2439 3366 fundatur
2467 3310 2724 3367 Ecclesia
2756 3329 2768 3366 :
2802 3311 3013 3368 licetid
3036 3312 3230 3385 ipsum
3263 3314 3320 3370 in
3343 3315 3456 3372 alio
3486 3316 3611 3374 loco

1966 3419 2143 3475 super
2166 3417 2370 3457 omnes
2402 3400 2696 3473 apostolos
2728 3402 2829 3457 fiat
2860 3403 2900 3467 7,
2933 3408 2990 3458 et
3017 3404 3213 3459 cuncti
3233 3404 3421 3462 claves
3452 3406 3615 3480 regni

1966 3492 2244 3547 cmlorum
2279 3491 2590 3563 accipiant,
2621 3497 2676 3546 et
2706 3508 2774 3546 ex
2804 3508 2970 3564 aequo
3001 3510 3178 3565 super
3207 3511 3306 3551 eos
3345 3495 3613 3554 Ecclesia

1969 3581 2245 3637 fortitudo
2287 3580 2571 3637 solidetur
2621 3586 2817 3637 tamen
2863 3587 3169 3654 propterea
3209 3584 3359 3640 inter
3396 3586 3614 3644 duode-

1967 3671 2080 3727 cim
2106 3688 2259 3726 unus
2289 3669 2547 3743 eligitur,
2581 3675 2646 3725 ut
2676 3671 2864 3743 capite
2896 3673 3233 3740 constituto,
3278 3674 3617 3732 schismatis

1969 3760 2210 3817 tollatur
2239 3761 2486 3816 occasio.
2521 3761 2632 3816 Sed
2665 3777 2770 3816 cur
2809 3777 2924 3816 non
2956 3762 3212 3818 Joannes
3259 3762 3478 3820 electus
3527 3768 3618 3822 est

1967 3850 2129 3922 virgo
2160 3850 2186 3905 ?
2217 3850 2389 3905 {litati
2423 3849 2681 3906 delatum
2715 3851 2980 3921 est,quia
3010 3851 3215 3906 Petrus
3244 3851 3441 3907 senior
3469 3857 3613 3923 erat,

1968 3990 2162 4048 errore
2180 3973 2542 4048 _obtinuisse.
2569 3975 2658 4029 Sic
2684 3976 2957 4048 eumhvolo
2987 3991 3229 4043 manere,
3248 4047 3257 4048 ί
3276 3981 3408 4045 etc.,
3457 3979 3613 4048 quod

1968 4045 2740 4118 etiamrin‘llieronymianis
2770 4045 2994 4118 aliquot
3046 4063 3189 4103 mss.
3243 4045 3616 4107 Martiarizeus

1971 4117 2209 4173 invenit.
2243 4116 2386 4172 Vide
2422 4116 2547 4190 qua:
2596 4121 2666 4173 ad
2730 4116 2885 4174 eum_
2921 4118 3113 4174 locum
3173 4120 3464 4194 Evangelii
3512 4123 3616 4180 ad-

1972 4195 2266 4246 notamus.

2041 4263 2063 4334 ti
2095 4261 2200 4316 Pro
2231 4261 2474 4327 abluere,
2510 4262 2664 4333 quod
2700 4262 3013 4334 prmferunt
3043 4280 3186 4319 mss.
3246 4263 3617 4321 Martianceus

1972 4333 2188 4405 aliique
2219 4340 2390 4388 antea
2418 4333 2670 4389 editores
2700 4333 2854 4390 ablui
2874 4333 3095 4407 legunt,
3129 4353 3304 4392 sensu
3329 4353 3444 4394 non
3476 4339 3618 4394 satis

1971 4422 2249 4461 COHEPUO.

2043 4424 2074 4459 n
2124 4422 2249 4460 ruo.

2043 4422 2376 4558 7g\Z’id‘eatur
2405 4476 2812 4558 Hieronymus,
2853 4478 3097 4558 Joannis
3151 4479 3530 4558 apostoli,_ex_
3551 4496 3616 4537 eo

1972 4549 2125 4620 quod
2159 4549 2319 4621 virgo
2353 4549 2693 4622 perstiterit,
2726 4550 3000 4606 meritum
3036 4549 3306 4622 praeferre
3345 4553 3568 4608 caeteris
3601 4569 3613 4608 :

1972 4619 2554 4694 attamen—Ecclesia)
2608 4619 2783 4694 caput
2841 4639 2874 4676 ει
2932 4619 3178 4679 Domino
3235 4622 3616 4678 constitutum

1974 4693 2154 4748 fuisse
2186 4709 2300 4748 non
2332 4693 2641 4758 Joannem,
2675 4693 2773 4749 sed
2819 4694 3076 4760 Petrum,
3130 4694 3372 4750 minime
3402 4694 3616 4750 diffite-

1973 4771 2088 4820 tur.
2123 4764 2245 4822 Ιτηο
2277 4763 2435 4819 hisce
2474 4765 2666 4837 verbis
2709 4765 2945 4820 definite
2992 4765 3270 4831 declarat,
3323 4765 3618 4837 apostolos

1971 4837 2206 4908 quidem
2241 4841 2478 4892 caeteros
2510 4835 2728 4893 honore
2760 4837 2937 4892 simul
2995 4843 3052 4893 et
3149 4835 3391 4893 otestate
3447 4853 3619 4910 pares

1972 4910 2152 4964 fuisse
2177 4909 2363 4965 Petro.
2394 4907 2532 4965 auia
2561 4925 2764 4965 omnes
2789 4909 3006 4965 pariter
3035 4926 3069 4963 a
3106 4856 3336 4965 Christo
3368 4925 3615 4965 evange-

1972 4907 2363 4983 l'uissel’etro,
2394 4907 2532 4983 quia
2561 4925 2764 4983 omnes
2789 4909 3069 4983 par_iter_a
3106 4907 3336 4965 Christo
3368 4907 3615 4983 evange-

1969 4979 2203 5053 lizanrdi,
2237 4979 2552 5051 ligandi,ac
2583 4979 2843 5036 solvendi
2875 4980 3207 5036 facultatem
3242 4979 3612 5053 acceperunt,

1970 5052 2233 5108 omnium
2278 5058 2473 5134 tamen
2541 5059 2716 5134 caput
2774 5069 2956 5134 unum
3013 5053 3243 5134 Petrum
3264 5052 3615 5134 “exstitisse,

1970 5141 2147 5196 quam
2200 5123 2508 5194 potestatis
2574 5123 3208 5196 discretionemvocat
3263 5125 3321 5180 S.
3371 5125 3484 5181 Leo
3540 5128 3613 5181 Μ.

1968 5197 2165 5277 (3ρὶξῇΔ
2197 5199 2283 5277 lg,
2335 5212 2400 5277 n,‘
2445 5197 2507 5250 14
2543 5197 2759 5277 :_Inter
2790 5195 3190 5277 beatis_simos_
3213 5196 3508 5277 apostolos
3538 5198 3616 5277 _in

1969 5267 2356 5342 similitudine
2388 5267 2627 5342 honoris
2660 5269 2768 5323 fuit
2820 5269 3088 5342 quaedam
3136 5267 3406 5325 discretio
3454 5273 3617 5342 pote-

1969 5340 2222 5408 statis,et
2253 5355 2387 5395 cum
2418 5339 2684 5394 omnium
2713 5357 2818 5412 par
2849 5346 3002 5394 esset
3031 5341 3255 5405 electio,
3289 5342 3389 5397 uni
3421 5339 3617 5397 tamen

1970 5412 2170 5493 datum
2203 5418 2311 5477 est,
2349 5413 2657 5493 utcmteris
2688 5413 3111 5493 prgeemineret.
3165 5436 3192 5462 »
3242 5413 3371 5493 Haec
3427 5414 3617 5470 obiter

1970 5484 2026 5537 in
2055 5500 2261 5556 eorum
2295 5482 2564 5556 gratiam,
2600 5482 2708 5554 qui
2735 5483 3065 5556 Hieronymi
3098 5485 3291 5540 locum
3332 5486 3488 5542 hunc
3520 5502 3614 5542 ca-

1968 5555 2264 5630 villantur.
2299 5555 2580 5630 Craterum
2607 5556 2736 5609 vide
2766 5555 3071 5630 Gelasium,
3103 5574 3314 5630 papam
3359 5562 3613 5614 tractatu

1968 5628 2024 5695 4,
2057 5644 2117 5700 n.
2137 5628 2192 5694 5,
2227 5626 2376 5700 etde
2402 5630 2681 5700 perpetua
2729 5628 2975 5685 Joannis
3023 5626 3356 5700 virginitate
3405 5630 3461 5688 S.
3494 5635 3614 5687 Au-

1966 5699 2273 5775 gustinum
2304 5696 2680 5759 libido—Bono
2709 5701 3009 5778 conjugali,
3043 5696 3216 5774 c.'24,
3267 5719 3326 5762 n.
3371 5703 3464 5781 26,
3496 5707 3611 5770 etc.
