3944 6410
282 345 403 411 259

288 568 367 624 tis
397 566 738 623 hominibus
768 565 1154 638 praeferretur,
1186 568 1243 620 et
1272 563 1551 636 magister
1582 562 1792 628 bonus,
1835 560 1937 634 qui

293 654 861 727 occasionemjurgii
915 654 1197 709 debuerat
1247 654 1475 709 auferre
1522 649 1848 722 discipulis,
1881 653 1940 706 et

291 744 392 817 qui
415 744 640 800 dixerat
687 743 817 798 eis:
853 744 1049 798 Pacem
1091 758 1267 797 meam
1312 741 1379 796 do
1422 741 1572 795 vobis
1616 755 1806 809 pacem
1851 754 1936 793 re-

291 835 485 906 linquo
513 832 659 889 vobis
689 834 866 901 (Joan.
897 849 1016 901 xiv,
1056 833 1146 897 27)
1183 856 1196 896 ;
1229 836 1304 897 et,
1358 831 1463 898 Qui
1508 829 1741 883 voluerit
1793 829 1938 882 inter

294 939 390 977 vos
421 922 605 993 major
634 937 766 986 esse,
824 923 1091 976 minimus
1144 922 1393 975 omnium
1443 920 1516 972 sit
1572 917 1780 988 (Matth.
1842 933 1934 981 xx,

288 1012 402 1083 27),
438 1012 499 1067 in
529 1010 962 1067 adolescentem
995 1025 1168 1081 quem
1200 1008 1766 1068 dilexerat._causam
1799 1022 1939 1077 prte-

288 1101 425 1157 here
453 1100 749 1156 videretur
776 1098 1107 1154 invidiae.Ut
1135 1102 1330 1153 autem
1360 1096 1620 1151 sciamus
1646 1094 1933 1150 Joannem

290 1196 431 1246 tunc
460 1189 642 1245 fuisse
668 1205 937 1261 puerum,
970 1186 1451 1242 manifestissime
1502 1185 1712 1241 docent
1752 1183 1931 1239 eccle-

290 1279 539 1335 siasticaa
570 1278 844 1342 historiae,
891 1277 1043 1348 quod
1095 1291 1281 1347 usque
1328 1275 1400 1330 ad
1449 1274 1687 1345 Trajani
1730 1272 1937 1327 vixerit

291 1368 633 1441 imperium,
665 1368 721 1421 id
753 1372 864 1433 est,
908 1370 1041 1437 post
1069 1365 1402 1437 passionem
1434 1363 1663 1419 Domini
1696 1377 1932 1434 sexage-

288 1458 439 1513 simo
471 1462 671 1512 octavo
703 1471 854 1511 anno
884 1454 1219 1510 dormierit:
1256 1454 1414 1526 quod
1448 1456 1504 1508 et
1533 1469 1641 1507 nos
1683 1451 1744 1506 in
1784 1450 1932 1506 libro

288 1547 358 1602 de
388 1546 699 1602 Illustribus
760 1545 900 1600 Viris
929 1543 947 1577 ¹
996 1542 1245 1598 breviter
1295 1541 1766 1614 perstrinximus.
1828 1543 1933 1594 Pe-

285 1640 412 1691 trus
441 1633 744 1707 apostolus
772 1638 862 1689 est
889 1650 903 1699 ;
937 1637 993 1688 et
1020 1632 1280 1687 Joannes
1302 1628 1622 1703 apostolus,
1658 1629 1928 1695 maritus,

285 1729 343 1781 et
368 1723 553 1796 virgo,
587 1723 690 1779 sed
722 1722 926 1778 Petrus
956 1719 1261 1793 apostolus
1287 1724 1516 1775 tantum
1551 1739 1565 1788 ς
1597 1719 1853 1774 Joannes
1874 1720 1932 1773 et

1442 344 1445 351 ’
1523 337 1588 405 8.
1629 333 1939 405 ΕυΞΕΒῙῙ
1979 336 2448 405 HIERONYMI.

182 549 191 555 _
286 494 360 535 ne
392 478 585 535 adhuc
616 475 958 533 adolescens
987 491 1053 531 ac
1082 490 1228 548 pene
1258 490 1422 547 puer,
1455 489 1774 546 progressa:
1807 476 1938 528 aata-
1965 477 2018 542 Α
2052 474 2148 542 ﬁet
2186 491 2288 545 per
2324 474 2569 546 ﬁliorum
2610 474 3035 544 generationem,
3083 474 3133 526 si
3171 472 3583 543 permanserint
3632 472 3694 525 in

3570 330 3695 403 260

2049 562 2176 631 ﬁde,
2203 568 2257 618 et
2285 563 2593 629 dilectione,
2644 567 2695 617 et
2747 563 3181 633 sanctiﬁcatione
3227 576 3352 615 cum
3404 560 3696 615 sobrietate

2048 652 2102 721 (Ι
2146 652 2278 706 Tim.
2332 669 2394 720 ii,
2446 653 2663 721 12-15).
2728 651 3180 707 Consideremus
3227 666 3331 704 cur
3377 639 3694 720 Apostolus

2047 740 2117 796 ad
2149 740 2301 795 hanc
2332 741 2704 807 sententiam,
2736 745 2792 795 et
2823 742 2976 795 unde
3007 738 3329 811 pervenerit
3361 756 3374 793 :
3414 740 3536 794 Volo
3565 754 3694 808 ergo

2044 831 2188 883 uiros
2209 846 2368 885 orare
2413 831 2474 883 in
2531 832 2682 884 omni
2739 831 2874 899 loco,
2934 831 3004 884 let
3020 834 3173 884 antes
3227 836 3441 883 sanctas
3492 843 3692 883 manus

2043 919 2166 973 sine
2197 920 2280 973 ira
2327 927 2377 973 et
2427 920 2848 988 cogitationibus
2907 918 3063 989 (Ibid.
3123 918 3198 987 8).
3258 920 3692 989 Consequenter

2043 1005 2240 1078 itaque
2272 1007 2618 1062 mulieribus
2650 1008 2794 1064 281
2833 1008 2933 1063 dat
2963 1012 3247 1079 praecepta
3278 1005 3425 1072 vitis,
3458 1010 3515 1060 et
3566 1005 3686 1060 ait:

2045 1095 2316 1151 Similiter
2343 1101 2396 1152 et
2423 1095 2690 1152 mulieres
2738 1100 2797 1151 in
2854 1097 3047 1152 habitu
3093 1104 3309 1165 ornato,
3367 1111 3492 1150 cum
3538 1110 3691 1150 rere-

2041 1184 2243 1240 cundia
2272 1190 2323 1240 et
2352 1186 2623 1256 castitate,
2657 1190 2913 1241 amantes
2942 1202 3017 1251 se,
3048 1201 3157 1240 non
3206 1188 3265 1239 in
3311 1186 3466 1240 tortis
3510 1180 3687 1240 crini-

2044 1273 2161 1340 bus,
2195 1278 2292 1328 aut
2320 1290 2456 1330 auro
2512 1276 2593 1329 uel
2650 1278 2975 1343 margaritis
3025 1277 3139 1329 sive
3195 1282 3340 1329 veste
3395 1274 3684 1344 pretiosa:

2040 1363 2131 1417 sed
2185 1364 2482 1419 secundum
2536 1365 2558 1398 ‘
2601 1364 2743 1435 quod
2808 1364 2954 1419 decet
3018 1365 3284 1419 mulieres
3305 1364 3686 1435 promittentes

2039 1453 2297 1523 pietatem
2323 1469 2612 1524 perapera
2671 1454 2828 1521 bona,
2888 1454 3086 1507 Mulier
3128 1455 3188 1507 in
3244 1453 3461 1507 silentio
3511 1452 3689 1506 discat

2040 1556 2164 1595 cum
2191 1542 2345 1595 omni
2388 1541 2740 1613 subjectione.
2788 1542 2990 1596 Docere
3055 1551 3238 1596 autem
3290 1541 3519 1596 mulieri
3572 1555 3683 1596 non

2034 1631 2315 1700 permitto,
2341 1644 2515 1702 neque
2541 1630 2822 1686 dominari
2852 1632 2912 1685 in
2954 1634 3135 1686 virum
3163 1629 3295 1685 ἐνδεᾶ
3343 1645 3455 1685 esse
3493 1631 3551 1684 in
3598 1632 3682 1684 si-

2042 1718 2212 1775 lentio
2242 1719 2404 1786 (Ibid.
2430 1720 2464 1774 9
2495 1724 2685 1791 seqq,).
2720 1720 2788 1774 Et
2819 1736 2889 1773 ne
2921 1720 3211 1775 videretur
3240 1717 3505 1775 mulieris
3534 1720 3684 1774 dura

290 1811 593 1886 apostolus
626 1814 684 1866 et
712 1809 1083 1883 evangelista,
1134 1814 1190 1864 et
1236 1808 1537 1881 propheta.
1587 1805 1926 1879 Apostolus,
1962 1851 2007 1916 Β
2040 1807 2318 1878 conditio,
2352 1824 2478 1879 quae
2508 1825 2635 1863 eam
2668 1809 2727 1862 in
2763 1808 2955 1863 mariti
2996 1809 3282 1881 redigeret
3319 1808 3686 1877 servitutem,

286 1901 425 1974 quia
453 1899 689 1972 scripsit
719 1899 789 1954 ad
812 1897 1098 1954 Ecclesiae
1130 1902 1195 1953 ut
1218 1897 1496 1969 magister
1528 1914 1541 1964 ;
1576 1894 1930 1967 evangelista

286 1991 426 2063 quia
455 1988 610 2046 280
632 1987 849 2045 librum
880 1986 1178 2060 Evangelii
1210 1984 1489 2053 condidit,
1514 1986 1669 2057 quod
1692 1989 1928 2055 excepto

290 2078 583 2145 Matthmo,
616 2076 714 2133 alii
746 2094 814 2133 ex
844 2076 1150 2133 duodecim
1183 2075 1427 2147 apostoli
1478 2092 1595 2131 non
1645 2075 1926 2129 fecerunt.

284 2168 605 2241 Propheta:
629 2166 773 2222 vidit
793 2166 951 2222 enim
972 2165 1029 2219 in
1056 2165 1332 2221 Pathmos
1352 2163 1571 2229 insula,
1590 2163 1648 2218 in
1673 2179 1790 2235 qua
1812 2163 1932 2219 fue-

288 2261 380 2314 rat
408 2274 443 2313 a
471 2256 801 2313 Domitiano
834 2254 1093 2327 principe
1124 2254 1196 2309 ob
1232 2252 1455 2309 Domini
1480 2252 1823 2325 martyrium
1848 2266 1931 2307 re-

288 2345 538 2418 legatus,
582 2342 989 2417 Apocalypsim
1016 2342 1247 2398 infinita
1287 2342 1616 2397 futurorum
1654 2338 1931 2413 mysteria

285 2434 703 2497 continentem.
740 2433 937 2488 Refert
964 2435 1159 2489 autem
1189 2430 1609 2498 Tertullianus,
1643 2430 1797 2501 quod
1826 2429 1930 2484 Ro-

286 2540 395 2578 mae
422 2524 444 2557 ³
476 2522 698 2578 missus
722 2522 778 2576 in
822 2522 1095 2577 ferventis
1152 2520 1261 2576 olei
1307 2520 1555 2586 dolium,
1616 2519 1818 2591 purior
1873 2522 1929 2573 et

286 2612 544 2684 vegetior
568 2610 827 2678 exiverit,
869 2627 1047 2682 quam
1089 2610 1412 2667 intraverit.
1463 2609 1574 2664 Sed
1623 2612 1681 2663 et
1731 2608 1927 2680 ipsum

287 2702 336 2772 ej
348 2717 417 2757 us
447 2699 822 2772 Evangelium
845 2698 1097 2754 multum
1125 2700 1302 2755 distat
1322 2715 1357 2754 a
1375 2696 1929 2754 czeteris.Matlhteus

287 2790 455 2863 quasi
486 2789 559 2844 de
588 2789 825 2845 homine
857 2788 1060 2861 incipit
1089 2790 1341 2844 scribere
1373 2805 1386 2843 :
1419 2788 1583 2842 Liber
1616 2786 1929 2857 generatio-

288 2880 378 2935 nis
407 2880 534 2934 Jesu
565 2877 787 2944 Christi,
822 2878 932 2948 ﬁlii
968 2878 1163 2946 David,
1219 2878 1331 2948 ﬁlii
1384 2875 1659 2932 Abraham
1716 2873 1927 2945 (Matth.

292 2985 332 3037 1,
372 2967 425 3039 1)
460 2984 473 3034 ;
510 2966 696 3021 Lucas
751 2984 785 3021 a
842 2966 1164 3021 sacerdotio
1211 2964 1496 3021 Zachariae
1542 2965 1673 3033 (Luc
1728 2980 1766 3029 ι,
1823 2962 1877 3032 5)
1914 2979 1927 3032 ;

297 3056 529 3112 Marcus
562 3072 595 3111 a
625 3054 929 3127 prdphetia
956 3054 1251 3109 Malachite
1284 3052 1577 3125 propheta:
1609 3052 1649 3119 ³,
1669 3056 1725 3107 et
1747 3051 1927 3107 Isaiae.

290 3146 523 3201 Primus
550 3144 726 3201 habet
747 3144 955 3199 faciem
972 3142 1249 3210 hominis,
1274 3147 1509 3215 propter
1532 3139 1930 3213 genealogiam

2038 1896 2184 1968 legis
2216 1898 2552 1953 recordatur
2582 1898 2833 1968 antiquae
2867 1902 2922 1953 et
2952 1898 3021 1953 ad
3047 1896 3329 1970 originale
3348 1896 3680 1969 exemplum

2038 1986 2189 2041 redit
2217 2002 2231 2040 :
2268 1976 2423 2058 quod
2454 1988 2638 2042 Adam
2675 1988 2903 2059 primus
2936 1988 3122 2042 factus
3145 1986 3456 2049 sit,deinde
3474 1984 3686 2041 mulier

2039 2093 2107 2130 ex
2136 2080 2297 2131 costa
2341 2077 2517 2147 ejus;
2552 2081 2607 2131 et
2650 2077 2805 2148 quod
2854 2077 3038 2132 Adam
3088 2075 3359 2132 diabolus
3409 2076 3686 2131 seducere

2040 2181 2154 2221 non
2188 2166 2461 2236 potuerit,
2494 2166 2594 2220 sed
2629 2166 2803 2220 Evam
2839 2183 2851 2233 ;
2884 2169 2941 2220 et
2997 2165 3152 2237 quod
3211 2168 3343 2238 post
3398 2165 3681 2220 offensam

2043 2252 2139 2307 Dei
2172 2254 2369 2309 statim
2402 2254 2525 2309 viro
2556 2254 2818 2323 subjecta
2848 2254 2945 2319 sit,
2978 2259 3034 2310 et
3085 2255 3158 2311 ad
3197 2253 3476 2309 maritum
3524 2253 3683 2309 illius

2038 2342 2191 2397 facta
2219 2343 2555 2411 conversio;
2591 2344 2863 2415 quodque
2883 2359 3135 2399 errorem
3157 2348 3407 2399 veterem
3432 2342 3532 2398 illa
3555 2358 3685 2415 quis

2040 2431 2218 2486 semel
2249 2432 2537 2487 connubio
2568 2431 2838 2503 c0pulata
2863 2437 3034 2498 est,et
3063 2433 3297 2487 redacta
3316 2431 3377 2486 in
3403 2432 3687 2487 conditio-

2039 2536 2174 2575 nem
2206 2520 2617 2585 Evm,ﬁ|iorum
2650 2522 3051 2593 procreatione
3080 2522 3327 2587 deleret;
3360 2521 3445 2577 ita
3465 2528 3686 2589 tamen,

2038 2608 2089 2663 si
2120 2608 2280 2682 ipsos
2312 2608 2462 2664 ﬁlios
2495 2610 2755 2665 erudiret
2784 2610 2842 2665 in
2877 2610 2989 2666 {ide
3016 2614 3073 2665 et
3103 2608 3412 2665 dilectione
3441 2610 3683 2676 Christi,

2038 2702 2094 2753 et
2122 2697 2182 2752 in
2219 2698 2678 2754 sanctiﬁcatione
2735 2704 2791 2753 et
2848 2698 3129 2771 pudicitia
3162 2716 3176 2766 ;
3209 2715 3324 2754 non
3381 2698 3536 2754 enim
3597 2700 3688 2769 (ut

2039 2786 2189 2842 male
2220 2787 2468 2842 habelur
2498 2788 2556 2842 in
2585 2788 2810 2843 Latinis
2841 2788 3162 2858 codicibus)
3191 2789 3454 2844 sobrietas
3488 2791 3578 2843 est
3607 2788 3686 2842 le-

2038 2877 2249 2947 genda,
2284 2876 2384 2931 sed
2415 2879 2659 2941 castitas,
2694 2877 2749 2930 id
2802 2882 2911 2942 est,
2946 2886 3258 2948 σωφροσύνη.
3308 2876 3453 2932 Vide
3499 2876 3686 2949 igitur

2040 2966 2332 3037 quomodo
2363 2981 2434 3020 ex
2462 2966 2570 3020 hoc
2601 2982 2834 3037 quoque
2864 2966 3198 3022 testimonio
3246 2966 3564 3038 superaris,
3626 2970 3685 3022 et

2041 3054 2193 3126 quod
2225 3055 2474 3125 putabas
2502 3070 2629 3110 esse
2658 3071 2761 3126 pro
2791 3055 3035 3125 nuptiis,
3067 3071 3170 3127 pro
3200 3054 3530 3127 virginitate
3555 3071 3685 3111 sen-

2040 3144 2146 3198 tire
2178 3144 2422 3215 cogaris.
2455 3143 2601 3199 Nam
2634 3144 2681 3198 si
2723 3142 2985 3200 salvetur
3043 3143 3254 3199 mulier
3309 3144 3368 3198 in
3426 3143 3682 3199 ﬁliorum

295 3234 590 3291 secundus
623 3234 828 3289 faciem
862 3231 1049 3299 vituli,
1081 3235 1316 3304 propter
1338 3231 1727 3287 sacerdotium
1763 3247 1775 3297 ;
1808 3234 1923 3284 ter-
1959 3217 2002 3283 C
2039 3232 2431 3305 generatione,
2465 3237 2521 3288 et
2566 3231 2882 3288 liberorum
2916 3248 3197 3288 numerus
3229 3232 3392 3288 salus
3424 3236 3683 3288 matrum

287 3324 410 3379 tius
440 3322 643 3378 faciem
677 3320 882 3392 leonis,
905 3324 1142 3393 propter
1167 3337 1366 3375 vocem
1398 3318 1708 3376 clamantis
1738 3318 1796 3373 in
1829 3319 1929 3373 de-

291 3415 491 3468 serto:
526 3413 728 3465 Parate
786 3411 931 3465 viam
970 3409 1210 3476 Domini,
1261 3417 1439 3464 rectas
1492 3411 1654 3479 facite
1707 3408 1930 3462 semitas

293 3501 409 3571 ejus
440 3498 628 3570 (Marc.
663 3515 701 3563 ι,
730 3497 809 3568 2),
840 3496 1096 3553 Joannes
1126 3513 1257 3551 vero
1290 3501 1487 3552 noster
1515 3497 1681 3568 quasi
1734 3494 1931 3567 aquila

290 3589 363 3645 ad
385 3603 642 3660 superna
685 3585 859 3650 volat,
908 3591 964 3641 et
1010 3587 1081 3641 ad
1127 3586 1314 3657 ipsum
1369 3587 1598 3641 Patrem
1648 3584 1927 3656 pervenit,

291 3676 491 3733 dicens
526 3677 637 3745 :Jn
665 3675 943 3746 principio
972 3678 1087 3730 erat
1142 3674 1386 3744 Verbum,
1433 3679 1483 3730 et
1545 3673 1771 3745 Verbum
1813 3678 1931 3728 erat

287 3765 433 3839 apud
490 3766 679 3831 Deum,
739 3766 789 3818 et
842 3765 983 3819 Deus
1039 3772 1158 3819 erat
1229 3763 1476 3819 Verbum.
1536 3764 1642 3819 Hoc
1696 3771 1814 3818 erat
1869 3764 1930 3817 in

287 3856 561 3928 principio
614 3853 761 3925 apud
815 3854 984 3909 Deum
1043 3855 1220 3925 (Joan.
1284 3870 1323 3922 ι,
1385 3855 1438 3921 1,
1467 3854 1543 3925 2),
1596 3857 1655 3908 et
1706 3856 1928 3907 cmtera.

288 3942 570 4017 Exposuit
592 3942 918 4016 virginitas,
953 3942 1107 4015 quod
1157 3942 1372 4014 nuptiae
1418 3942 1564 3997 scire
1612 3958 1726 3997 non
1771 3946 1929 4014 pote-

290 4036 442 4100 rant,
474 4036 533 4088 et
561 4036 628 4088 ut
655 4032 812 4087 brevi
864 4048 1131 4088 sermone
1179 4032 1367 4087 multa
1413 4031 1926 4102 comprehendam,

292 4122 651 4193 doceamque
682 4120 852 4191 cujus
883 4120 1167 4193 privilegii
1224 4120 1298 4176 sit
1354 4121 1632 4187 Joannes,
1693 4120 1811 4175 imo
1867 4120 1925 4175 in

291 4209 515 4265 Joanne
540 4208 865 4281 virginitas,
896 4226 931 4263 a
965 4209 1204 4265 Domino
1240 4208 1485 4281 virgine,
1529 4213 1715 4265 mater
1770 4208 1931 4283 virgo

293 4299 473 4369 (Joau.
502 4315 541 4368 ι,
576 4299 625 4365 1,
655 4301 710 4365 2)
741 4296 951 4370 virgini
984 4298 1273 4370 discipulo
1302 4299 1767 4355 commendatur.

366 4477 454 4530 27.
502 4475 762 4532 Materna:
796 4476 1136 4546 uirginitatis
1174 4476 1417 4544 amissio,
1452 4486 1797 4549 compensata
1819 4480 1934 4533 vir-

2037 3326 2148 3389 est,
2180 3321 2560 3388 cur'addidit,
2592 3322 2652 3377 Si
2698 3324 3105 3393 permanserint
3153 3324 3262 3393 ﬁlii
3308 3324 3368 3377 in
3416 3323 3687 3378 charitate

2036 3415 2085 3467 et
2106 3412 2536 3481 sanctiﬁcatione
2565 3428 2690 3466 cum
2745 3414 3002 3467 castitate
3052 3411 3129 3465 5?
3158 3412 3321 3466 Tunc
3378 3427 3515 3483 ergo
3567 3410 3688 3467 sal-

2036 3500 2267 3555 vabitur
2286 3499 2516 3564 mulier,
2549 3500 2597 3555 si
2630 3499 2760 3556 illos
2793 3500 3061 3571 genuerit
3083 3500 3254 3567 ﬁlios,
3287 3501 3387 3571 qui
3429 3500 3687 3573 virgines

2039 3589 2406 3661 permansuri
2438 3594 2576 3644 sunt
2606 3606 2619 3643 :
2654 3589 2703 3645 si
2734 3591 2888 3661 quod
2923 3590 3051 3661 ipsa
3100 3589 3373 3661 perdidit,
3421 3589 3687 3662 acquirat

2039 3679 2097 3732 in
2146 3677 2365 3741 liberis,
2422 3683 2479 3733 et
2525 3679 2807 3733 damnum
2868 3677 3081 3733 radicis
3137 3682 3194 3732 et
3248 3678 3486 3744 cariem,
3546 3677 3687 3733 ﬂore

2039 3766 2368 3838 compensei
2402 3767 2694 3839 etfpomis.

2107 3856 2195 3911 28.
2234 3856 2374 3909 Vitia
2428 3854 2748 3911 mulierum.
2784 3856 3042 3912 Diabolus
3070 3861 3123 3912 et
3152 3856 3290 3925 ﬁliae
3318 3857 3433 3927 ejus
3453 3858 3682 3912 insatia-

2041 3944 2192 3999 biles.
2226 3945 2389 4000 Amor
2418 3945 2668 4000 mulieris
2699 3947 2830 4016 quid
2857 3961 3035 4000 secum
3064 3947 3234 4000 trahit
3263 3949 3289 3998 .9
3316 3977 3383 3985 —
3409 3945 3600 4017 Supra
3623 3946 3684 4001 in

2040 4034 2312 4102 transitu,
2348 4033 2448 4088 ubi
2479 4030 2649 4090 nobis
2679 4034 3048 4090 adversarius
3089 4039 3473 4107 proposuerat
3519 4033 3686 4090 Salo-

2043 4139 2276 4179 monem
2309 4122 2730 4191 multinubum,
2764 4123 2863 4194 qui
2904 4124 3191 4196 templum
3241 4123 3341 4179 Dei
3386 4123 3697 4189 exstruxit,

2043 4212 2292 4267 strictim
2325 4212 2764 4283 responderem,
2796 4214 2862 4267 ut
2894 4227 2995 4284 per
3032 4212 3386 4284 quaestiones
3434 4211 3695 4284 reliquas

2044 4317 2358 4357 currerem.
2387 4300 2551 4356 Nunc
2600 4317 2673 4356 ne
2722 4300 2982 4356 clamitet
3028 4305 3085 4356 et
3130 4300 3287 4357 hunc
3336 4305 3393 4356 et
3440 4300 3587 4357 alios
3636 4300 3701 4356 in

2043 4388 2170 4462 lege
2200 4388 2561 4461 patriarchas
2593 4393 2650 4445 et
2678 4389 2995 4461 prophetas
3046 4394 3105 4446 et
3157 4393 3391 4446 sanctos
3447 4391 3601 4446 viros
3668 4406 3708 4445 a

2046 4478 2218 4534 nobis
2245 4494 2376 4535 esse
2404 4481 2738 4545 temeratos,
2774 4493 3172 4550 proponamus
3220 4478 3399 4549 hujus
3430 4477 3621 4550 ipsius
3654 4478 3701 4546 ⁸,

293 4566 526 4655 ginitate
550 4565 814 4655 ﬁliorum.
845 4595 917 4655 -έέ
946 4564 1159 4655 Verum
1191 4581 1357 4655 casso
1382 4563 1581 4625 labore
1606 4567 1934 4655 fraudamus.
1969 4590 2015 4655 D
2046 4568 2147 4640 qui
2180 4569 2397 4623 multas
2457 4583 2666 4623 uxores
2682 4572 2740 4622 ct
2761 4568 3122 4623 concubinas
3150 4566 3456 4634 habuit,de
3479 4566 3707 4639 nuptiis

294 4654 509 4725 Objicit
539 4653 757 4726 quippe
787 4653 955 4711 nobis
986 4653 1352 4710 adversarius
1380 4654 1774 4728 Apostolicam
1807 4672 1937 4712 sen-

2048 4656 2429 4712 voluntatem.
2463 4655 2645 4711 Nemo
2674 4656 2829 4711 enim
2864 4656 3073 4712 melius
3128 4657 3274 4712 scire
3322 4661 3511 4729 potest
3556 4655 3705 4728 quid

292 4742 564 4810 tentiam,
589 4746 648 4798 et
674 4742 1003 4798 aitzddam
1034 4744 1252 4814 primus
1294 4744 1565 4814 formatus
1606 4752 1701 4811 est,
1747 4745 1943 4801 deinde
2052 4762 2217 4812 uxor,
2268 4746 2420 4802 282
2470 4744 2557 4799 vel
2608 4744 2839 4811 mulier,
2884 4744 2985 4801 illo
3035 4745 3136 4817 qui
3188 4761 3402 4818 passus
3447 4748 3558 4801 est.
3592 4745 3705 4801 Lo-

296 4833 439 4901 Eva,
475 4839 527 4887 et
555 4831 727 4887 Adam
766 4848 875 4889 non
932 4842 1011 4888 est
1065 4832 1357 4901 seductus;
1390 4834 1595 4889 mulier
1648 4842 1828 4890 autem
1855 4850 1944 4890 se-
2053 4834 2255 4908 quitur
2283 4850 2419 4907 ergo
2451 4834 2510 4888 in
2539 4834 2901 4890 Proverbiis:
2937 4835 3135 4890 Mulier
3182 4837 3450 4908 insipiens
3496 4842 3549 4890 et
3597 4851 3703 4890 au-

297 4919 458 4975 ducta
494 4923 556 4976 in
606 4924 1129 4993 pramaricationem
1183 4924 1331 4993 facta
1387 4929 1483 4976 est.
1544 4922 1706 4978 Salva
1764 4926 1946 4979 autem
2052 4925 2183 4990 dux,
2217 4925 2372 4995 inops
2398 4924 2559 4995 panis
2587 4923 2826 4994 efﬁcitur
2854 4924 3037 4991 (Prov.
3073 4924 3153 4992 ix,
3203 4924 3317 4996 43.)
3369 4925 3552 4995 Cujus
3595 4939 3704 4996 pa-

367 5098 381 5131 ¹
415 5101 481 5152 1η
512 5098 653 5154 libro
682 5098 747 5154 de
774 5099 1092 5155 Illustribus
1128 5100 1287 5154 Viris.
1354 5098 1436 5153 Ex
1486 5098 1597 5155 hoc
1651 5100 1777 5157 loco
1819 5119 1944 5158 ma-

298 5168 680 5245 nifestissime
705 5172 1157 5245 comprobemus
1202 5168 1531 5245 librum__de
1580 5171 1948 5245 Scriptoribus

298 5241 686 5314 Ecclesiasticis
717 5241 1005 5314 scriptum
1048 5242 1231 5314 fuisse
1259 5257 1325 5295 ac
1359 5241 1597 5314 editum
1629 5241 1945 5314 antequam

298 5312 647 5386 Hieroymus
680 5312 961 5369 scriberet
1008 5312 1290 5368 adversus
1347 5312 1747 5371 Jovinianum.
1782 5312 1947 5373 MAR-

297 5401 453 5441 TIAN.

368 5457 390 5490 ²
420 5455 571 5524 Quod
603 5455 805 5528 Romae.
840 5455 946 5528 Pro
995 5456 1202 5522 Romae,
1262 5454 1462 5528 plures
1521 5474 1664 5514 mss.
1721 5460 1948 5517 codices

300 5528 505 5598 legunt
531 5542 567 5579 (ι
595 5526 820 5598 Nerone.
856 5526 1143 5581 Maurum.
1173 5558 1240 5568 -—
1263 5526 1405 5583 Mss.
1434 5545 1638 5586 omnes
1683 5534 1739 5586 et
1784 5540 1948 5587 vetus

299 5596 475 5676 editio
506 5596 646 5676 quod
674 5599 1193 5676 a__Neronemissus,
1253 5605 1361 5676 etc.
1421 5601 1839 5676 Tertulliauus,
1886 5605 1951 5660 de

302 5668 853 5743 Prwscriptionibus,
901 5685 1024 5742 cap.
1079 5670 1149 5724 36
1189 5686 1202 5728 :
1236 5693 1265 5720 «
1308 5672 1639 5743 Apostolus
1694 5668 1950 5732 Joannes

297 5743 686 5843 posteaquam
716 5739 777 5800 in
802 5739 997 5803 oleum
1017 5742 1257 5820 igneum
1287 5739 1616 5820 demersus,
1650 5744 1799 5807 nihil
1822 5763 1953 5825 pas-

2056 5120 2158 5160 sus
2183 5106 2291 5171 est,
2325 5102 2382 5157 in
2415 5102 2673 5159 insulam
2708 5103 3019 5174 relegatur.
3059 5125 3085 5151 ››

2125 5176 2146 5209 ³
2177 5175 2577 5247 Expunximus
2617 5175 2711 5230 hic
2739 5191 2936 5231 vocem
2976 5174 3277 5245 Propheta,
3328 5190 3504 5247 quam
3552 5190 3701 5230 mss.

2056 5264 2173 5302 non
2200 5250 2549 5317 agnoscunt.
2948 5290 2990 5317 ί.

2126 5319 2149 5353 ὀ
2183 5316 2397 5373 vocula
2446 5317 2749 5372 secundum
2785 5333 2891 5372 nec
2943 5316 3161 5374 habent
3217 5319 3445 5375 codices
3490 5318 3703 5384 nostri,

2056 5406 2161 5445 nec
2191 5390 2315 5460 ipse
2342 5388 2631 5461 Vulgatus
2662 5390 2972 5460 interpres.

2129 5462 2149 5496 ⁵
2180 5463 2321 5517 Tres
2353 5460 2521 5531 mss.,
2556 5461 2960 5525 permanserint
2991 5460 3100 5530 ﬁlii
3128 5463 3187 5515 in
3227 5460 3331 5531 ﬁde
3359 5465 3410 5516 et
3439 5461 3710 5516 charitate

2059 5536 2169 5588 etc.
2202 5536 2378 5587 Graec.
2414 5530 2464 5585 ἐν
2498 5531 2885 5603 utcunquam
2916 5547 3114 5586 vocem
3146 5530 3270 5588 alia:
3302 5534 3479 5588 etiam
3512 5537 3711 5588 textus

2061 5605 2346 5660 editiones
2370 5605 2607 5660 habent.

2131 5677 2152 5711 ⁶
2182 5676 2448 5750 Plerique
2477 5692 2623 5731 mss.
2662 5677 3043 5747 Proponamus
3090 5675 3217 5733 huic
3270 5676 3466 5750 ipsius,
3521 5679 3580 5734 et
3632 5676 3711 5735 De

2058 5749 2273 5826 nuptiis
2302 5749 2654 5827 voluptatem.
