3944 6410
195 336 293 401 261

1243 327 1667 403 ADVERSUS
1712 326 2195 404 JOVI-NIANUM
2239 334 2390 404 LIB.
2437 338 2487 404 Ι.

3452 334 3569 406 262

197 472 310 529 nis?
334 470 546 542 Nempe
574 468 737 527 illius
768 471 869 543 qui
899 470 971 527 de
992 469 1136 526 coelo
1192 471 1524 528 descendit:
1585 473 1811 528 statim-
1840 479 1892 543 Α
1924 472 2058 529 bola
2087 473 2377 547 legimus:
2411 478 2519 531 Per
2543 477 2655 532 tria
2683 483 2930 534 movetur
2957 481 3125 544 terra,
3160 486 3422 549 quartum
3468 494 3572 537 au-

196 578 292 636 que
318 558 616 633 subjungit
640 577 653 614 :
687 560 988 629 Terrigenae
1012 559 1159 631 apud
1181 576 1302 615 eam
1324 568 1579 633 pereunt,
1640 566 1692 617 et
1749 565 1808 617 in

192 649 501 725 profundum
532 650 747 720 inferni
792 650 1092 705 incurrunt
1139 648 1296 718 (Ibid.
1355 651 1467 722 48).
1527 650 1635 715 Qui
1672 656 1813 707 sunt

194 740 465 813 terrigenae
491 738 592 811 qui
625 739 781 811 apud
811 754 940 795 eam
966 739 1260 812 pereunt?
1290 739 1501 812 Utique
1550 740 1656 807 illi,
1709 740 1811 813 qui

195 826 494 903 sequuntur
522 828 779 901 primum
800 828 1008 895 Adam,
1040 828 1142 900 qui
1172 829 1243 883 de
1274 832 1428 885 terra
1457 833 1567 895 est,
1608 834 1666 885 et
1694 847 1810 886 non

195 919 513 984 secundum,
537 917 635 990 qui
668 918 741 974 de
771 915 914 974 ccslo
928 922 1037 973 est.
1071 919 1141 973 Et
1161 934 1398 973 rursum
1423 918 1484 974 in
1506 919 1618 975 alio
1642 918 1769 975 loco
1796 937 1808 975 :

196 1007 324 1063 Sicut
350 1007 405 1061 in
433 1008 585 1076 ligno
614 1007 834 1073 vermis,
890 1008 972 1062 ita
1015 1007 1196 1077 perdit
1237 1010 1419 1062 virum
1458 1024 1624 1063 suum
1669 1024 1814 1064 uxor

194 1096 411 1169 maleﬁca
439 1094 626 1167 (Prov.
652 1112 785 1163 xxv,
836 1095 951 1166 20).
982 1094 1044 1151 Si
1099 1100 1296 1152 autem
1355 1097 1811 1153 asserveraveris

193 1184 287 1240 hoc
305 1184 368 1240 de
388 1182 562 1239 malis
591 1183 941 1256 conjugibus
971 1184 1195 1240 dictum
1237 1201 1387 1251 esse,
1442 1190 1500 1240 et
1549 1201 1655 1259 ego
1705 1186 1813 1242 tibi

191 1273 415 1329 breviter
460 1273 861 1345 respondebo:
920 1274 1054 1338 Quae
1100 1272 1257 1329 enim
1318 1273 1465 1329 mihi
1525 1275 1815 1331 incumbit

193 1362 484 1419 necessitas
511 1362 710 1419 venire
740 1361 801 1417 in
832 1362 1103 1430 dubium,
1135 1366 1335 1418 utrum
1368 1364 1521 1419 bona
1550 1381 1624 1420 an
1657 1365 1814 1421 mala

191 1452 365 1508 futura
382 1451 462 1508 sit
482 1467 662 1524 quam
689 1451 956 1508 duxero?
1008 1452 1201 1508 Melius
1247 1456 1349 1523 est,
1394 1454 1610 1525 inquit,
1660 1454 1815 1510 habi-

192 1545 291 1597 tare
317 1544 374 1597 in
401 1550 551 1597 terra
572 1541 822 1611 deserta,
875 1557 1041 1613 quam
1085 1558 1210 1598 cum
1254 1558 1428 1599 uxore
1477 1544 1725 1614 litigiosa
1763 1553 1814 1601 et

190 1630 431 1686 iracunda
459 1632 638 1700 (Prov.
668 1647 785 1698 xxx,
820 1631 894 1702 9).
955 1632 1142 1697 Quam
1197 1648 1398 1687 rarum
1443 1632 1521 1687 sit
1572 1649 1811 1689 uxorem

189 1720 297 1776 sine
324 1720 412 1775 his
442 1719 601 1776 vitiis
630 1720 898 1788 inveniri,
921 1721 1083 1775 novit
1108 1720 1209 1776 ille
1238 1721 1339 1793 qui
1362 1721 1527 1777 duxit
1549 1739 1809 1790 uxorem,

188 1809 334 1910 Unde
365 1808 619 1913 pulchro
644 1809 856 1866 Varius
886 1809 1203 1913 Geminus1
1255 1810 1524 1868 sablimis
1579 1816 1809 1870 orator:
1842 1848 1891 1913 B

187 1920 212 1948 «
239 1898 338 1963 Qui
365 1898 483 1955 ‘non
515 1897 727 1972 litigat,
769 1897 982 1972 inquit,
1031 1898 1244 1956 caelebs
1289 1904 1396 1956 est.
1436 1923 1462 1949 »
1502 1900 1692 1957 Melius
1733 1904 1812 1957 est

185 1988 410 2044 habitare
435 1989 500 2043 in
527 1989 732 2061 angulo
759 1990 903 2057 tecti,
935 2006 1097 2061 quam
1155 2006 1281 2045 cum
1328 2006 1501 2046 uxore
1544 1991 1814 2047 maledica

185 2080 239 2133 in
262 2077 406 2135 domo
432 2081 716 2135 communi
744 2079 923 2149 (Prov.
958 2096 1082 2153 xxv,
1115 2080 1229 2148 24).
1283 2079 1342 2135 Si
1392 2079 1606 2136 domus
1653 2096 1812 2137 com-

184 2168 364 2224 munis
391 2167 591 2224 mariti
629 2172 688 2225 et
710 2168 908 2224 uxoris
938 2168 1111 2241 erigit
1140 2185 1382 2224 uxorem
1402 2168 1458 2225 in
1473 2171 1812 2241 superbiam

185 2256 652 2317 etcontumeliam
681 2258 805 2313 viro
836 2256 1010 2313 facit:
1045 2261 1266 2329 quanto
1297 2259 1488 2330 magis
1549 2260 1598 2314 si
1640 2259 1816 2317 ditior

186 2363 315 2403 uxor
348 2347 547 2415 fuerit,
579 2351 638 2403 et
665 2346 726 2402 in
761 2346 935 2403 domo
960 2348 1087 2419 ejus
1117 2347 1205 2402 vir
1250 2348 1570 2404 manserit!
1606 2348 1816 2422 Incipit

182 2436 321 2493 enim
349 2452 469 2493 non
501 2453 647 2493 uxor
672 2452 822 2506 esse,
847 2436 946 2493 sed
980 2435 1220 2493 domina
1246 2455 1259 2505 ;
1296 2441 1354 2492 et
1381 2438 1503 2494 viro
1535 2438 1585 2493 si
1632 2439 1813 2496 offen-

181 2525 330 2596 derit,
362 2527 739 2599 migrandum
768 2529 878 2582 est.
910 2523 1220 2582 Stillicidia
1245 2526 1487 2598 ejiciunt
1516 2527 1812 2585 hominem

181 2614 234 2670 in
261 2615 347 2670 die
374 2614 616 2672 hiemali
668 2615 739 2671 de
791 2615 964 2671 domo
1011 2631 1139 2685 sua,
1186 2615 1461 2672 similiter
1499 2620 1558 2672 et
1606 2617 1818 2675 mulier

185 2703 449 2761 maledica
484 2705 556 2760 de
585 2704 821 2778 propria
844 2705 1018 2761 domo
1049 2705 1234 2777 (Prov.
1270 2722 1450 2774 xxvn,
1485 2706 1594 2778 15).
1654 2709 1813 2763 Assi-

183 2794 301 2850 duis
330 2794 553 2868 quippe
574 2794 791 2868 jurgiis
822 2798 879 2850 et
907 2794 1255 2867 quotidiana
1280 2794 1622 2867 garrulitate
1679 2797 1818 2853 facit

183 2883 447 2955 perﬂuere
479 2885 501 2921 ³
530 2884 771 2940 domum
803 2884 953 2955 ejus,
979 2887 1036 2940 et
1064 2883 1243 2955 ejiciit
1274 2900 1412 2940 eum
1472 2885 1545 2940 de
1588 2886 1815 2943 aedibus

183 2973 313 3041 suis,
343 2973 400 3029 id
430 2977 529 3029 est
547 2973 619 3029 de
650 2972 925 3029 Ecclesia.
959 2972 1122 3028 Unde
1151 2977 1209 3029 et
1259 2989 1439 3045 supra
1491 2975 1562 3030 ab
1611 2976 1815 3031 eodem

183 3061 482 3120 Salomone
511 3062 885 3135 praecipitur:
919 3062 1037 3117 Fili
1064 3078 1135 3117 ne
1160 3064 1541 3133 superet/luas.
1576 3064 1645 3119 Et
1672 3066 1820 3136 Apo-

184 3149 353 3209 stolus
411 3152 490 3208 ad
558 3151 849 3208 Hebraeos.
913 3154 1209 3223 Propterea
1264 3150 1479 3223 inquit,
1564 3152 1817 3209 debemus

1920 568 2032 618 tem
2058 580 2169 620 non
2197 572 2372 637 potest
2390 568 2540 636 ferre
2569 567 2717 638 [mss.
2752 565 2907 635 ferri]
2934 586 2953 622 :
2979 569 3033 622 si
3058 582 3243 622 servus
3271 570 3479 640 regnet,
3521 579 3573 626 et

1920 652 2122 708 stultus
2150 654 2201 708 si
2225 657 2506 709 saturetur
2528 655 2788 727 panibus,
2821 663 2872 710 et
2901 654 3090 711 odiosa
3133 672 3277 712 uxor
3298 658 3350 711 si
3380 657 3576 714 habeat

1923 742 2123 796 bonum
2151 744 2354 810 virum,
2414 752 2468 799 et
2514 745 2721 799 ancilla
2767 746 2818 799 si
2859 746 3045 816 ejiciat
3092 744 3372 800 dominam
3413 763 3574 803 suam

1922 830 2081 901 (Ibid.
2115 832 2177 886 21
2210 834 2401 903 seqq.).
2433 833 2579 888 Ecce
2610 838 2667 889 et
2699 834 2789 888 hic
2822 833 2972 890 inter
3001 834 3290 890 malorum
3336 836 3569 909 magni-

1922 920 2188 976 tudinem
2223 938 2367 975 uxor
2399 921 2654 994 ponitur.
2705 924 2869 989 Quod
2920 923 2967 978 si
3014 923 3409 995 responderis,
3470 926 3569 980 sed

1923 1024 2067 1064 uxor
2095 1008 2319 1077 odiosa,
2351 1009 2542 1067 dicam
2576 1011 2682 1067 tibi
2716 1012 2868 1084 quod
2904 1016 2961 1067 et
2991 1029 3189 1085 supra.
3230 1013 3405 1085 Atqui
3464 1013 3572 1070 hoc

1923 1096 2247 1168 periculum
2298 1098 2355 1153 in
2402 1105 2618 1155 memet
2671 1101 2793 1155 fieri
2826 1102 3049 1174 ‘grave
3088 1107 3197 1157 est.
3248 1101 3355 1167 Qui
3413 1102 3570 1158 enim

1922 1184 2084 1240 ducit
2115 1202 2375 1253 uxorem,
2407 1187 2466 1241 in
2498 1188 2775 1260 ambiguo
2805 1194 2915 1257 est,
2950 1195 3149 1246 utrum
3172 1190 3460 1259 odiosam,
3495 1207 3569 1247 an

1924 1274 2237 1330 amabilem
2269 1274 2463 1330 ducat.
2497 1276 2557 1331 Si
2586 1277 2849 1332 odiosam
2882 1278 3130 1345 duxerit,
3164 1279 3299 1337 ferri
3324 1296 3438 1335 non
3471 1296 3575 1352 po-

1931 1366 2067 1417 test.
2104 1363 2163 1418 Si
2224 1363 2556 1432 amabilem,
2599 1382 2765 1421 amor
2813 1366 2973 1422 illius
3020 1366 3249 1423 inferno
3287 1372 3345 1423 et
3390 1369 3578 1424 arenti

1923 1453 2111 1517 terrae,
2146 1455 2202 1508 et
2232 1453 2500 1509 incendio
2531 1458 2923 1527 comparatur.

1993 1543 2083 1596 29.
2114 1540 2398 1613 Sapientia
2425 1545 2610 1598 carnis
2639 1554 2691 1599 et
2720 1547 2965 1616 spiritus.
2993 1547 3138 1601 Boni
3162 1547 3336 1602 creati
3384 1563 3577 1603 sumus

1922 1645 1955 1685 a
1983 1631 2129 1691 Deo:
2184 1633 2315 1687 vitio
2362 1637 2545 1688 nostro
2588 1634 2757 1705 lapsi.
2790 1634 3204 1691 ~Veniamus
3255 1636 3327 1691 ad
3376 1636 3574 1692 Eccle—

1924 1720 2168 1787 siasten,
2223 1721 2295 1776 de
2342 1721 2471 1793 ipso
2519 1738 2754 1795 quoque
2812 1740 2995 1794 pauca
3068 1724 3408 1780 testimonia
3470 1741 3573 1798 po-

1924 1813 2168 1865 nentes:
2221 1810 2486 1866 Omnibus
2536 1816 2748 1885 tempus
2785 1817 2887 1881 est,
2935 1817 2985 1868 et
3025 1822 3238 1885 tempus
3279 1818 3429 1870 omni
3496 1816 3581 1870 rei

1921 1898 2020 1953 sub
2066 1899 2216 1955 creto.
2272 1900 2494 1970 Tempus
2556 1900 2834 1972 pariendi,
2892 1910 2946 1957 et
2999 1909 3208 1974 tempus
3272 1901 3573 1969 moriendi,

1922 1996 2134 2059 tempus
2184 1989 2497 2059 plantandi,
2536 1992 2587 2044 et
2648 1997 2857 2062 tempus
2900 1989 3170 2046 evellendi
3216 1990 3355 2062 quod
3400 1990 3569 2062 plan-

1924 2080 2101 2132 talum
2130 2081 2208 2133 est
2224 2078 2416 2148 (Eccte.
2451 2094 2534 2133 ιιι.
2568 2084 2587 2134 ι
2620 2080 2811 2151 seq/1.).
2834 2079 3174 2151 Peperimus
3195 2080 3253 2135 in
3288 2078 3413 2152 lege
3432 2095 3568 2134 cum

1922 2170 2136 2238 Moyse,
2168 2167 2493 2223 moriamur
2520 2166 2579 2222 in
2611 2167 2920 2241 Evangelia
2942 2185 3076 2225 eum
3108 2158 3358 2225 Christo.
3390 2167 3568 2223 Plan-

1921 2257 2179 2312 tavimus
2210 2256 2270 2310 in
2301 2256 2546 2328 nuptiis,
2577 2256 2897 2313 evellamus
2928 2273 3033 2331 per
3054 2258 3396 2331 pudicitiam
3420 2258 3577 2329 quod

1923 2344 2254 2418 plantatum
2287 2350 2394 2401 est.
2430 2347 2652 2418 Tempus
2679 2347 3053 2418 amplexandi,
3086 2356 3138 2403 et
3164 2351 3373 2418 tempus
3416 2348 3576 2415 longe

1929 2435 2048 2490 ﬁeri
2078 2435 2147 2489 ab
2176 2435 2456 2505 amplexu.
2488 2436 2709 2506 Tempus
2738 2438 2993 2502 amandi,
3024 2439 3074 2492 et
3103 2445 3311 2509 tempus
3327 2435 3572 2495 odiendi.

1932 2527 2162 2596 Tempus
2192 2523 2321 2579 belli
2351 2532 2405 2580 et
2434 2528 2642 2596 tempus
2667 2525 2822 2595 pacis
2850 2525 3008 2596 (Ibid.
3038 2528 3092 2594 5,
3125 2527 3204 2597 8).
3261 2528 3569 2603 Simulque

1924 2630 2032 2670 nos
2063 2617 2414 2682 commonet,
2438 2628 2511 2669 ne
2540 2613 2731 2687 legem
2779 2615 3090 2687 Evangelia
3148 2618 3530 2688 praeferamus
3556 2646 3571 2689 ;

1926 2720 2032 2759 nec
2065 2703 2377 2776 puritatem
2391 2702 2767 2776 virginitatis,
2789 2704 3014 2776 nuptiis
3038 2709 3312 2776 putemus
3339 2724 3580 2779 aquan-

1926 2794 2098 2850 dam:
2146 2793 2369 2848 Meliora
2432 2801 2562 2848 sunt
2621 2793 2843 2863 dicens,
2908 2796 3206 2851 novissima
3281 2800 3574 2868 sermonis,

1926 2900 2088 2955 quam
2117 2883 2341 2938 initium
2377 2884 2494 2954 ejus
2550 2882 2745 2955 (Eccle.
2796 2900 2897 2951 vn,
2947 2884 3024 2953 9).
3060 2884 3389 2957 Statimque
3436 2888 3578 2944 sub-

1917 2972 2150 3045 jungit:
2183 2973 2259 3028 Ne
2282 2973 2516 3041 dixeris,
2548 2972 2679 3044 quid
2701 2974 2909 3043 factum
2938 2981 3036 3039 est,
3069 2975 3201 3044 quia
3229 2974 3343 3030 dies
3367 2979 3582 3048 priores

1925 3063 2177 3117 meliores
2206 3070 2387 3130 erant,
2426 3078 2594 3133 quam
2621 3062 2680 3116 hi
2697 3061 2725 3116 ‘2
2756 3060 2896 3130 Quia
2923 3078 3037 3117 non
3082 3060 3358 3133 sapienter
3404 3066 3575 3120 inter-

1927 3152 2132 3221 rogasti
2160 3151 2225 3205 de
2259 3152 2358 3206 hoc
2391 3148 2546 3215 (Ibid.
2591 3152 2715 3218 il);
2756 3154 2814 3205 et
2860 3150 3052 3205 reddit
3100 3167 3339 3207 causam
3400 3169 3582 3223 quare

184 3241 449 3297 intendere
482 3240 733 3310 amplius
761 3241 845 3296 his
870 3254 995 3313 quae
1018 3240 1298 3306 dicuntur,
1330 3243 1552 3312 neforte
1570 3245 1815 3313 superef-
1846 3224 1888 3292 C
1927 3240 2052 3296 dies
2076 3238 2424 3312 posteriores
2456 3238 2727 3294 meliores
2758 3238 2876 3295 sint
2906 3255 3083 3311 quam
3130 3240 3351 3312 priores
3380 3258 3392 3297 :
3441 3243 3585 3310 Quia

180 3328 397 3398 [luamus
424 3329 613 3400 (Hebr.
639 3346 703 3397 ιι,
732 3331 805 3402 1).
828 3327 975 3385 Illud
992 3345 1127 3385 vero
1139 3330 1272 3401 quis
1296 3334 1505 3400 taceat,
1528 3332 1684 3402 quod
1707 3333 1819 3387 sub

184 3419 471 3491 aenigmate
527 3418 853 3476 scribitur?
887 3420 1255 3489 Sangnisugae
1302 3427 1409 3475 tres
1454 3420 1588 3490 ﬁliae
1660 3426 1821 3477 erant

184 3506 451 3566 dilectione
469 3508 711 3574 dilectae,
741 3508 833 3565 sed
857 3510 982 3565 istm
1004 3525 1115 3565 non
1142 3516 1533 3565 saturaverunt
1568 3526 1712 3577 eam,
1770 3520 1821 3567 et

184 3604 383 3668 quarta:
409 3616 523 3657 non
547 3598 755 3671 sufﬁcit
782 3598 960 3655 dicere
1010 3600 1181 3654 satis:
1237 3600 1512 3669 Infernus,
1564 3604 1617 3655 et
1664 3618 1822 3657 amor

184 3688 440 3755 mulieris,
472 3693 528 3745 et
558 3697 709 3745 terra
739 3703 864 3760 quae
883 3704 993 3744 non
1046 3689 1289 3744 satiatur
1316 3704 1480 3760 aqua,
1539 3698 1594 3746 et
1623 3692 1770 3759 ignis
1798 3692 1820 3725 ³

184 3792 282 3831 non
309 3778 442 3835 dicit
468 3780 605 3835 satis
631 3786 708 3834 est
740 3780 922 3847 (Prov.
977 3792 1114 3847 xxx,
1146 3777 1236 3845 45,
1289 3778 1400 3849 36).
1448 3779 1821 3853 Sanguisuga

187 3864 438 3924 diabolus
467 3871 579 3932 est,
613 3866 981 3924 diaboliﬁliae
1037 3871 1177 3923 sunt
1221 3866 1532 3923 dilectione
1572 3868 1816 3925 dilectae.

187 3969 300 4025 qua:
328 3956 1152 4013 satiariinterfectorum288
1165 3972 1369 4012 cruore
1394 3973 1509 4013 non
1535 3963 1814 4030 possunt:

182 4043 427 4118 Infernus
452 4051 507 4103 et
526 4062 691 4102 amor
734 4045 1017 4114 mulieris,
1056 4054 1107 4102 et
1141 4049 1289 4102 terra
1334 4063 1520 4113 arens,
1556 4055 1608 4103 et
1667 4063 1817 4105 exae-

181 4136 379 4191 stuans.
403 4137 531 4193 Non
550 4135 647 4191 hic
664 4136 735 4191 de
749 4136 1197 4207 meretrice,non
1211 4136 1283 4192 de
1301 4136 1565 4192 adultera
1579 4136 1819 4209 dicitur,

184 4222 276 4278 sed
294 4240 457 4281 amor
478 4223 747 4280 mulieris
759 4223 1110 4297 generaliter
1126 4226 1565 4298 accusatur,qui
1586 4242 1821 4299 semper

178 4309 519 4371 insatiabilis
548 4318 660 4382 est,
694 4314 795 4386 qui
825 4313 1148 4371 exstinctus
1179 4315 1538 4381 accenditur,
1572 4319 1630 4370 et
1687 4321 1820 4388 post

181 4402 391 4474 copiam
421 4419 661 4460 rursum
694 4403 863 4475 inops
895 4409 1004 4471 est,
1027 4403 1415 4476 animumque
1438 4403 1666 4460 virilem
1687 4406 1818 4461 eire-

181 4491 370 4561 minat,
400 4499 460 4550 et
498 4498 738 4566 excepta
784 4493 1057 4566 passione
1103 4509 1280 4566 quam
1332 4493 1603 4557 sustinet,
1658 4493 1816 4553 aliud

184 4596 284 4639 non
313 4582 454 4641 sinit
483 4584 763 4658 cogitare.
797 4583 997 4640 Simile
1023 4582 1165 4656 quid
1188 4587 1245 4639 et
1272 4583 1332 4639 in
1354 4584 1623 4656 sequenti
1655 4600 1818 4656 para-
1845 4606 1892 4672 Β

241 4707 256 4740 ¹
290 4708 481 4767 Varius
514 4709 795 4781 Geminus,
806 4707 1015 4781 _Altum
1035 4708 1190 4781 apud
1217 4711 1486 4781 auctores
1508 4707 1820 4764 historicas

180 4776 465 4838 silentium
498 4783 571 4837 de
613 4782 725 4837 isto
773 4779 946 4836 Vario
994 4776 1237 4835 Gemino
1281 4778 1521 4836 sublimi
1572 4785 1817 4836 oratore.

178 4850 349 4927 Quare
375 4869 483 4910 nec
543 4869 648 4927 ego
697 4852 846 4927 scire
894 4852 1344 4927 possum,_quis
1403 4852 1597 4927 fuerit_
1629 4854 1821 4909 Varius

181 4920 460 4997 Geminus,-
491 4920 609 4997 nec
630 4920 961 4997 temeritate
982 4920 1639 4997 'dicendi'ﬁngerevolo
1696 4940 1821 4979 ora-

179 4996 349 5070 torem
374 4996 581 5070 nescio
607 5013 782 5070 quem
810 4996 975 5070 apud
996 4994 1415 5070 grammaticos
1464 4994 1819 5070 divinatores

178 5063 692 5150 futurumt'orsitan
703 5063 1028 5150 aliquando
1032 5067 1409 5150 celeberrimo
1419 5067 1720 5150 m'.'l"uit_po
1727 5084 1819 5150 ero

183 5136 548 5222 Varius_alius
570 5146 740 5214 poeta
782 5136 1064 5222 tragicus,
1101 5138 1329 5222 Virgilii
1379 5143 1437 5194 et
1474 5136 1695 5222 Horatii
1724 5140 1820 5222 .fa-

178 5209 412 5269 miliaris
442 5231 456 5268 :
493 5209 600 5269 nec
616 5229 731 5269 non
762 5209 910 5268 alter
941 5215 1110 5284 poeta
1134 5209 1315 5338 hujus
1331 5210 1611 5277 nominis,
1644 5212 1817 5282 cujus

178 5285 436 5338 meminit
464 5284 769 5338 Virgilius.
791 5284 938 5338 Vide
968 5282 1146 5338 Horat
1167 5281 1205 5336 li
1257 5325 1268 5336 .
1306 5284 1355 5336 1.
1384 5282 1590 5338 Serm.
1623 5287 1734 5338 sat.
1756 5285 1816 5338 5.

178 5285 436 5358 meminit
464 5284 769 5358 Virgilius,
791 5281 1146 5358 Vide—Horat
1160 5281 1268 5358 lib.
1295 5284 1355 5358 _l.
1384 5282 1593 5358 Serm,
1618 5281 1816 5358 sat15,

176 5356 229 5408 et
253 5354 407 5413 alibi.
440 5352 723 5413 ΜΑιινῐιΑΝ.
753 5352 826 5397 4-
865 5355 1105 5411 Varium
1147 5352 1458 5410 Geminum
1505 5354 1813 5412 sublimem

178 5432 452 5501 oratorem
488 5433 609 5501 tam
642 5444 794 5501 saepe
815 5431 1102 5501 memorat
1146 5428 1366 5501 Seneca
1412 5426 1472 5481 in
1521 5427 1817 5483 Suasoriis

179 5500 226 5569 et
246 5500 686 5569 Controversiis,
720 5498 787 5556 ut
814 5499 1211 5557 Martianaaum
1247 5498 1424 5553 mirer
1452 5504 1813 5555 asserentem

178 5568 342 5646 altum
372 5574 534 5646 apud
556 5568 841 5646 auctores
864 5570 1270 5646 ethistoricos
1294 5568 1481 5646 deillo
1510 5569 1814 5646 silentium

179 5656 305 5717 esse.
332 5641 515 5703 Porro
544 5644 788 5702 Gravius
817 5643 1108 5717 festivum_
1113 5641 1414 5717 quoddam
1440 5642 1816 5717 Epigramma

179 5711 231 5779 in
254 5717 378 5797 ejus
395 5717 753 5779 sententiam
785 5717 989 5779 affert:
1025 5738 1054 5771 α
1086 5711 1264 5791 Heus,
1297 5711 1505 5790 viator;
1550 5711 1811 5780 miracu-

1932 3330 2091 3399 bona,
2124 3328 2334 3401 inquit,
2366 3336 2444 3384 est
2469 3329 2745 3400 sapientia
2776 3344 2899 3383 cum
2932 3328 3248 3386 haereditate
3278 3330 3435 3392 (Ibid.
3473 3332 3583 3403 12).

1930 3420 1993 3474 Ιιι
2022 3418 2148 3491 lege
2179 3417 2334 3474 enim
2368 3417 2720 3489 sapientiam
2754 3418 2976 3490 carnis,
3033 3435 3191 3476 mors
3231 3420 3589 3493 sequebatur

1929 3508 2239 3575 occidens;
2277 3507 2336 3562 in
2367 3504 2680 3579 Evangelio
2712 3507 3063 3579 sapientiam
3096 3509 3363 3581 spiritus,
3406 3509 3581 3566 heare.

1929 3598 2082 3653 ditas
2112 3601 2408 3670 exspectat
2435 3601 2687 3653 aeterna:
2722 3598 2852 3653 Ecce
2892 3596 2991 3653 hoc
3036 3600 3243 3665 inveni,
3290 3599 3434 3655 dicit
3473 3604 3581 3655 Ec-

1930 3686 2252 3754 clesiastes,
2283 3688 2561 3742 hominem
2588 3703 2763 3742 unum
2801 3686 2866 3741 de
2914 3687 3068 3742 mille
3114 3690 3319 3755 inveni,
3372 3697 3424 3744 et
3467 3706 3586 3744 mu-

1930 3777 2121 3832 lierem
2150 3778 2211 3831 in
2232 3776 2318 3831 his
2346 3776 2596 3831 omnibus
2615 3790 2727 3830 non
2748 3775 2953 3830 inveni.
2981 3776 3379 3833 Verumtamem
3408 3779 3587 3848 reperi

1929 3866 2068 3939 quod
2097 3867 2225 3937 fecit
2254 3866 2392 3922 Deus
2422 3865 2575 3921 284
2608 3865 2883 3920 hominem
2910 3874 3161 3920 rectum:
3190 3873 3241 3921 et
3273 3866 3385 3935 ipsi
3431 3870 3583 3937 q‘uee-

1927 3957 2142 4011 sierunt
2167 3956 2517 4026 cogitationes
2546 3954 2724 4008 malas
2753 3953 2919 4022 (Ibid.
2957 3954 3164 4027 28-30).
3200 3953 3444 4010 Rectum
3477 3954 3585 4011 ho-

1929 4044 2149 4100 minem
2169 4043 2463 4100 invenisse
2494 4059 2554 4098 se
2584 4041 2747 4097 dicit.
2781 4042 3095 4098 Considera
3142 4043 3261 4099 vim
3291 4043 3472 4099 verbi.
3508 4044 3574 4100 1n

1928 4134 2249 4201 hominem,
2282 4138 2339 4189 et
2366 4132 2453 4187 vir
2482 4137 2540 4188 et
2570 4131 2789 4188 femina
2812 4132 3159 4189 continetur.
3180 4137 3249 4189 Et
3286 4134 3583 4190 mulierem

1927 4222 2138 4296 inquit,
2172 4225 2232 4277 in
2261 4222 2347 4277 his
2376 4222 2628 4278 omnibus
2655 4238 2764 4277 non
2794 4224 3001 4278 inveni.
3037 4222 3327 4296 Legamus
3358 4222 3583 4297 princi-

1927 4312 2090 4385 pium
2126 4312 2439 4380 Geneseos,
2470 4315 2527 4367 et
2555 4310 2921 4367 inveniemus
2950 4311 3157 4381 Adam,
3186 4311 3297 4368 hoc
3354 4317 3444 4369 est
3483 4312 3597 4369 ho-s

1928 4401 2168 4469 minem,
2213 4405 2335 4456 tam
2388 4399 2580 4457 virum
2639 4416 2817 4473 quam
2861 4400 3183 4456 feminam5
3228 4402 3580 4475 nuncupari.

1925 4495 2069 4546 Cum
2091 4506 2228 4562 ergo
2272 4488 2408 4546 boni
2465 4490 2643 4546 creati
2698 4490 2890 4546 simus
2940 4494 2998 4545 et
3043 4489 3239 4546 rectia
3268 4490 3408 4557 Deo,
3465 4490 3582 4558 ipsi

1925 4580 2063 4636 vitio
2096 4583 2296 4635 nostro
2318 4594 2526 4635 sumus
2557 4579 2629 4634 ad
2662 4580 2861 4651 pejora
2905 4577 3169 4652 delapsi;
3212 4583 3269 4635 et
3317 4579 3473 4651 quod
3519 4577 3579 4633 in

1928 4706 2051 4761 lum
2084 4704 2180 4761 hic
2208 4723 2221 4773 ;
2254 4704 2343 4759 vir
2363 4707 2420 4777 et
2446 4720 2592 4759 uxor
2620 4702 3012 4777 nonlitigant.
3049 4726 3076 4753 ››

1999 4779 2022 4811 ²
2049 4781 2187 4833 Mss.
2212 4772 2281 4831 ut
2310 4776 2559 4843 videtur,
2611 4772 2939 4840 rectiusfet
2984 4775 3274 4847 perpluere
3301 4778 3358 4829 et
3406 4772 3579 4846 paulo

1930 4854 2064 4922 post
2088 4850 2353 4921 per/luas,
2380 4852 2456 4914 et,
2475 4849 2839 4919 perﬂuamus,
2863 4863 2967 4919 pro
2988 4848 3382 4919 superﬂuas,et
3396 4861 3583 4918 super-

1972 4937 2167 4976 uamus
2174 4962 2186 4975 .

2285 4993 2403 5048 Non
2433 4990 2614 5047 dicent
2641 4992 2775 5073 satis
2798 4999 2933 5073 _est,-
2969 4990 3142 5073 juxta
3189 4990 3346 5045 Graec
3375 4986 3437 5040 οὐ
3476 4989 3575 5073 ,μή

1929 5060 2149 5137 εἶ’πῳσιν
2188 5082 2202 5133 ;
2235 5060 2361 5119 tum
2412 5061 2723 5137 praeposita
2759 5065 2808 5118 si
2857 5060 3167 5137 particula,
3218 5077 3353 5116 cum
3400 5060 3579 5117 veteri

1927 5136 2201 5201 editione,
2226 5137 2276 5191 si
2307 5136 2666 5205 sanguisuga.

1997 5210 2020 5243 ‘
2050 5214 2159 5263 Pro
2188 5209 2347 5279 atqui
2377 5204 2475 5261 hec
2499 5204 2809 5278 periculum
2838 5207 2897 5260 in
2927 5212 3127 5279 memet
3159 5204 3305 5275 ﬁeri,
3338 5206 3449 5259 etc.
3482 5221 3582 5279 no-

1928 5277 2284 5337 stricodiccs
2332 5277 2578 5334 fortasse
2635 5278 2977 5333 correctoris
3037 5292 3280 5331 manum
3330 5277 3577 5348 experti,

1925 5355 1990 5409 At
2022 5352 2120 5408 hoc
2130 5352 2441 5425 periculum
2463 5350 2732 5421 imminet,
2758 5349 2900 5420 ﬁeri.
2923 5348 3232 5405 Terentius
3247 5348 3306 5403 in
3321 5348 3574 5406 Andria:

1986 5495 2054 5545 At
2082 5494 2214 5545 illud
2246 5492 2541 5557 periculum
2573 5493 2626 5543 in
2659 5492 2765 5543 ﬁlia
2787 5492 2899 5543 ﬁeri
2924 5506 3088 5557 grave
3118 5496 3214 5542 est.

1994 5641 2016 5675 ⁸
2046 5636 2440 5715 Reposuimus
2469 5652 2500 5693 e
2522 5651 2665 5694 mss.
2699 5640 2757 5695 et
2792 5636 2971 5695 veteri
3023 5635 3275 5696 editione
3303 5634 3578 5715 {minam

1924 5728 2028 5793 pro
2046 5709 2359 5771 mulierem.
