3944 6390
340 308 459 375 263

1594 306 1661 368 S.
1708 296 2021 368 EUSEBII
2065 297 2511 367 HIERONYMI

3634 296 3764 371 36.4

340 446 618 518 paradiso
649 447 874 502 rectum
905 441 965 499 in
995 440 1166 499 nobis
1192 442 1404 512 fuerat,
1446 437 1881 512 egredientibus
1928 437 1999 493 de
2025 453 2081 519 Α
2111 437 2271 493 Ficus
2310 438 2545 509 protulit
2592 451 2802 509 grossos
2848 451 2970 491 suos
3010 434 3191 507 (Cant.
3251 448 3314 499 ιι,
3352 431 3464 503 13),
3514 431 3573 488 id
3639 434 3754 519 est,

332 535 618 608 paradiso
642 535 1018 606 depravatum
1042 535 1151 587 est.
1185 530 1347 597 Quod
1380 530 1431 586 si
1480 526 1783 599 objeceris,
1833 530 1994 581 ante-

333 638 523 695 .quam
554 623 881 693 peccarent,
915 634 1122 673 sexum
1154 617 1264 671 viri
1296 620 1353 671 et
1384 615 1613 671 feminis
1638 614 1819 669 fuisse
1850 612 1995 668 divi-

340 727 498 778 sum,
519 714 576 765 et
606 710 826 780 absque
859 711 1094 779 peccato
1132 722 1230 761 eos
1252 704 1514 776 potuisse
1536 703 1834 775 conjungi,
1853 701 1994 773 quid

340 800 604 855 futurum
632 798 806 852 fuerit
837 796 1135 851 incertum
1168 797 1276 850 est.
1309 794 1506 865 Neque
1536 792 1693 847 enim
1723 791 1824 847 Dei
1871 806 1996 863 pos-

337 904 545 943 sumus
577 887 726 942 scire
768 884 1021 957 judicia,
1077 889 1135 938 et
1180 900 1248 939 ex
1291 887 1491 938 nostro
1543 879 1783 937 arbitrio
1833 877 1995 934 illius

340 977 649 1035 sententiae
683 973 1082 1047 preajudicare.
1134 972 1251 1028 Hoc
1293 971 1446 1044 quod
1499 970 1718 1025 factum
1758 972 1868 1034 est,
1936 966 1993 1021 in

345 1064 655 1138 propatulo
687 1067 798 1131 est,
829 1062 981 1134 quod
1013 1062 1113 1133 qui
1154 1060 1214 1116 in
1265 1059 1535 1132 paradiso
1576 1057 1830 1131 virgines
1872 1071 1995 1129 per-

351 1158 718 1223 manserunt,
758 1152 925 1223 ejecti
981 1151 1051 1205 de
1082 1150 1355 1223 paradiso
1386 1146 1640 1221 copulati
1675 1150 1831 1203 sunt.
1878 1148 1997 1200 Aut

349 1242 491 1315 quid
522 1242 783 1308 nocebat,
817 1239 865 1295 si
892 1239 1203 1312 paradisus
1238 1237 1475 1310 nuptias
1502 1235 1725 1308 recipit,
1749 1240 1805 1291 et
1832 1233 1997 1290 nulla

344 1335 437 1387 est
463 1331 615 1385 inter
643 1328 976 1385 maritatam
1004 1328 1019 1363 ί
1051 1328 1452 1399 virginemque
1464 1325 1792 1393 diversitas,
1816 1323 1993 1379 etiam

346 1421 407 1475 in
438 1418 710 1490 paradiso
742 1434 841 1473 eos
863 1421 997 1473 ante
1027 1416 1237 1473 sociari
1265 1416 1293 1471 ‘?
1326 1416 1656 1486 Ejiciuntur
1712 1414 1783 1469 de
1824 1428 1993 1484 para-

343 1509 505 1576 diso;
539 1511 597 1563 et
624 1507 779 1580 quod
810 1505 891 1561 ibi
939 1522 1056 1561 non
1106 1505 1388 1572 fecerunt,
1438 1504 1498 1560 in
1540 1508 1694 1559 terra
1746 1500 1992 1580 faciunt,

346 1601 413 1653 ut
441 1576 701 1652 statim—8
733 1594 1018 1667 principio
1048 1593 1399 1650 conditionis
1429 1593 1702 1648 humanae
1744 1576 1997 1661 'virgini-

342 1690 522 1742 tatem
554 1684 885 1758 paradisus,
917 1688 973 1738 et
1016 1686 1172 1738 terra
1214 1681 1451 1755 nuptias
1507 1679 1877 1737 dedicaverit.
1932 1678 1994 1732 In

343 1775 498 1831 omni
525 1777 767 1845 tempore
792 1774 908 1827 sint
936 1772 1255 1827 vestimenta
1285 1774 1380 1826 tua
1402 1770 1636 1826 candida
1668 1768 1862 1840 (Eccle.
1913 1783 1991 1832 ιιι,

345 1865 421 1934 8).
467 1862 697 1919 Candor
732 1860 985 1917 vestium
1034 1860 1452 1932 sempiternus,
1499 1856 1855 1931 virginitatis
1905 1859 1995 1910 est

344 1951 684 2025 puritas.‘ln
716 1949 1004 2006 matutino
1026 1948 1447 2004 seminavimus
1478 1964 1676 2004 semen
1725 1949 1992 2002 nostrum

341 2045 399 2098 et
427 2040 500 2097 ad
533 2055 839 2111 vesperam
869 2055 986 2094 non
1027 2053 1347 2094 cessemus.
1399 2036 1506 2102 Qui
1540 2035 1887 2093 servtvimus
1930 2032 1991 2088 in

345 2130 474 2202 lege
504 2127 745 2203 nuptiis,
776 2126 1097 2200 virginitati
1124 2126 1182 2181 in
1215 2125 1525 2199 Evangelio
1556 2124 1900 2181 serviamus.

416 2219 504 2272 30.
556 2218 845 2273 Canticum
888 2218 1228 2272 canticorum
1278 2232 1384 2271 non
1424 2216 1701 2286 signiﬁcat
1750 2227 1994 2269 amorem

344 2308 549 2364 carnis.
574 2307 911 2362 —-Transeo
936 2304 1013 2361 ad
1034 2305 1337 2361 Canticum
1361 2304 1815 2371 canticorum,et
1835 2300 1990 2373 quod

346 2395 716 2453 adversarius
746 2399 933 2451 totum
965 2397 1133 2467 putat
1161 2410 1290 2451 esse
1309 2410 1413 2466 pro
1452 2392 1698 2465 nuptiis,
1746 2390 1993 2462 virgini—

344 2484 483 2542 tatis
512 2484 809 2540 continere
838 2486 1206 2538 sacramenta
1254 2482 1613 2538 monstrabo.
1668 2480 1993 2537 Audiamus

347 2573 489 2644 quid
506 2572 783 2644 loquatur
795 2587 1032 2643 sponsa,
1055 2576 1371 2643 antequam
1386 2588 1641 2644 sponsus
1657 2571 1786 2641 ejus
1799 2568 1871 2625 ad
1886 2572 1995 2624 ter-

349 2678 445 2717 ras
474 2660 688 2728 veniat,
721 2660 998 2731 patiatur,
1030 2660 1247 2715 inferos
1278 2664 1562 2732 penetret,
1589 2675 1655 2715 ac
1702 2661 1990 2730 resurgat.

349 2748 755 2807 Similitudines
777 2750 904 2803 auri
932 2750 1194 2819 faciemus
1242 2749 1345 2802 tibi
1383 2765 1508 2804 cum
1555 2747 1995 2804 distinctionibus

350 2839 568 2907 argenti
604 2836 953 2909 quoadusque
1000 2853 1099 2891 rex
1146 2837 1206 2890 in
1236 2836 1488 2892 accubitu
1534 2852 1632 2892 suo
1678 2844 1757 2891 est
1809 2836 1990 2906 (Cant.

349 2944 389 2996 ι,
422 2927 514 2994 40,
546 2926 657 2997 41).
690 2930 1022 2997 Antequam
1056 2929 1384 2997 resurgeret
1406 2925 1711 2992 Dominus,
1732 2929 1791 2980 et
1817 2924 1993 2979 Evan-

346 3016 566 3088 gelium
598 3019 950 3080 coruscaret,
984 3030 1100 3068 non
1125 3013 1375 3070 habebat
1395 3031 1604 3070 aurum
1631 3030 1868 3085 sponsa,
1890 3012 1990 3069 sed

348 3102 770 3161 simililudines
801 3102 950 3157 auri.
981 3103 1305 3174 Argentum
1343 3108 1539 3157 autem
1584 3102 1740 3174 quod
1781 3101 1841 3156 in
1884 3117 1993 3156 nu-

2104 525 2314 582 veteris
2344 526 2491 599 legis
2522 530 2805 599 praecepta
2835 524 3191 593 ceciderunt,
3224 531 3280 578 et
3322 522 3393 577 de
3441 518 3755 594 Evangelio

2103 615 2249 671 vites
2291 615 2561 670 ﬂorentes
2592 616 2879 671 dederunt
2909 614 3165 669 odorem.
3200 611 3364 666 Unde
3408 614 3466 665 et
3511 611 3754 680 Aposto-

2103 702 2235 760 lus:
2269 703 2472 760 Christi
2502 705 2670 759 bonus
2698 704 2827 759 odor
2855 719 3043 758 sumus
3074 702 3151 771 (II
3178 700 3298 756 Cor.
3314 698 3508 769 11,15).
3555 698 3751 769 Surge,

2104 808 2250 861 veni,
2276 792 2536 862 proxima
2562 808 2703 860 mea,
2725 808 2920 863 sponsa
2948 807 3089 856 mea,
3123 792 3173 845 et
3204 791 3345 844 veni.
3381 788 3454 842 Tu
3501 786 3754 842 columba

2103 896 2224 935 mea
2255 883 2315 935 in
2344 881 2644 937 velamento
2671 885 2840 952 petrae
2861 881 3030 951 juxta
3057 878 3394 950 promurale,
3437 880 3489 931 et
3535 873 3757 932 ostende

2104 968 2244 1023 mihi
2271 971 2471 1041 [aciem
2503 974 2747 1036 tuam,et
2773 969 3019 1024 auditam
3046 972 3137 1038 fac
3184 966 3328 1022 mihi
3372 981 3551 1021 vocem
3599 968 3753 1029 tuam

2104 1059 2367 1129 quoniam
2396 1076 2498 1115 vox
2529 1063 2627 1115 tua
2654 1062 2861 1123 suavis,
2891 1061 2941 1114 et
2969 1059 3137 1128 facies
3165 1065 3261 1112 tua
3280 1058 3525 1127 speciosa
3566 1053 3751 1125 (Cant.

2105 1162 2167 1216 ιι,
2202 1148 2287 1214 13,
2324 1148 2429 1218 14).
2463 1147 2613 1203 Dum
2643 1146 2867 1201 vultum
2890 1150 3058 1201 tuum
3090 1151 3314 1216 tegeres
3375 1159 3509 1198 cum
3558 1146 3754 1214 tloyse

2103 1240 2161 1290 et
2190 1235 2587 1292 velamentum
2619 1239 2775 1292 esset
2804 1236 2862 1290 in
2896 1234 3041 1307 lege,
3076 1251 3180 1289 nec
3212 1233 3417 1288 faciem
3449 1236 3613 1288 tuam
3662 1235 3753 1285 vt-

2104 1324 2336 1391 debam,
2374 1342 2477 1379 nec
2506 1341 2705 1380 vocem
2738 1329 2901 1379 tuam
2933 1323 3221 1394 dignabar
3248 1320 3452 1378 audire
3507 1319 3749 1376 dicens:

2104 1414 2166 1467 Et
2194 1414 2245 1468 si
2267 1414 2769 1485 Imultiplicaveritis
2807 1428 2990 1485 preces
3036 1416 3238 1467 vestras
3285 1412 3469 1481 [Forte
3516 1423 3752 1481 precem

2103 1503 2400 1573 vestram],
2433 1519 2531 1558 nec
2575 1505 2653 1558 sic
2702 1502 2997 1558 exaudiam
3043 1517 3133 1556 vos
3183 1502 3307 1571 (Isa.
3362 1518 3398 1554 ι.
3449 1498 3753 1569 15).Νυῐιε

2104 1596 2299 1647 autem
2327 1592 2584 1648 revelata
2610 1591 2754 1647 facie
2799 1589 3193 1662 contemplare
3239 1588 3485 1662 gloriam
3536 1603 3753 1653 meam,

2104 1685 2160 1735 et
2180 1684 2353 1752 petra:
2376 1680 2728 1737 ﬁrmissimas
2752 1686 2944 1751 tegere
2965 1677 3307 1752 promurali.
3326 1676 3488 1742 Quod
3500 1676 3754 1732 audiens

2104 1785 2320 1840 sponsa
2332 1770 2517 1841 aperit
2535 1774 2902 1826 sacramenta
2914 1767 3204 1840 pudicitiae
3225 1784 3241 1823 :
3271 1766 3577 1824 Fratruclis
3597 1780 3757 1820 meus

2026 1826 2071 1892 Β
2101 1826 2269 1925 mihi,
2301 1867 2352 1914 et
2370 1826 2473 1929 ego
2502 1860 2593 1914 illi
2621 1860 2715 1929 qui
2734 1826 2947 1931 pascit“
2976 1860 3121 1913 inter
3142 1857 3266 1912 lilia
3290 1855 3469 1927 (Cant.
3522 1866 3588 1921 ιι,
3637 1854 3753 1925 16),

2103 1945 2213 2001 hoc
2233 1953 2342 2015 est,
2377 1947 2527 2003 inter
2555 1946 2848 2019 virginum
2871 1946 3325 2002 candidissimos
3358 1943 3586 2000 choros.
3645 1942 3757 1998 Vis

2103 2033 2251 2091 scire
2294 2035 2466 2107 quale
2512 2052 2685 2092 verus
2732 2036 3008 2091 Salomon
3058 2034 3339 2107 paciﬁcus
3405 2037 3603 2089 noster
3662 2047 3758 2089 so-

2101 2124 2250 2182 lium
2299 2125 2504 2197 quales
2551 2125 2765 2181 habeat
2816 2126 3159 2198 armigeros.
3210 2126 3362 2191 Ecce,
3412 2122 3512 2191 ait,
3579 2122 3756 2178 lectus

2100 2215 2410 2271 Salomonis
2455 2216 2746 2283 sexaginta
2785 2217 3031 2285 potentes
3095 2216 3153 2268 in
3198 2214 3436 2268 circuitu
3505 2212 3647 2283 ejus,
3688 2209 3763 2266 de

2096 2304 2404 2376 potentibus
2433 2304 2621 2372 Israel,
2652 2319 2836 2359 omnes
2866 2308 3102 2359 tenentes
3129 2305 3401 2373 frameam
3429 2302 3468 2369 ³,
3501 2309 3551 2356 et
3606 2299 3762 2355 docti

2104 2393 2261 2464 bello,
2305 2394 2737 2465 uniuscujusque
2783 2394 2893 2448 viri
2942 2392 3167 2462 gladius
3214 2393 3278 2447 in
3322 2393 3532 2462 femore
3577 2391 3759 2461 ipsius

2103 2482 2285 2554 (Cant.
2320 2498 2402 2549 ιιι,
2432 2483 2489 2549 7,
2542 2482 2619 2552 8).
2668 2481 2774 2547 Qui
2826 2481 2884 2536 in
2935 2481 3184 2536 circuitu
3232 2478 3565 2536 Salomonis
3615 2482 3767 2536 sunt

2103 2570 2363 2643 gladium
2396 2570 2615 2626 habent
2645 2570 2704 2625 in
2736 2570 2972 2638 femore,
2999 2568 3311 2625 sicutAoth
3335 2567 3633 2638 illejudex
3656 2566 3767 2639 ἀμ.-

2103 2654 2473 2735 φοτεροδὲξιος
2505 2659 2646 2730 [sciL
2691 2658 3075 2730 ambidexter]
3118 2657 3319 2730 (Judic.
3374 2674 3458 2722 ιιι,
3508 2658 3587 2728 5),
3647 2655 3758 2729 qui

2104 2748 2393 2803 interfecit
2422 2747 2647 2807 hostem
2681 2747 3138 2819 pinguissimum
3170 2750 3227 2802 et
3255 2749 3444 2802 totum
3466 2744 3629 2801 carni
3652 2744 3763 2800 de-

2104 2836 2316 2905 ditum,
2346 2852 2550 2892 omnes
2581 2840 2895 2908 amputans
2925 2834 3272 2907 voluptates.
3318 2836 3431 2900 Ibo,
3463 2834 3504 2901 ¹,
3560 2834 3764 2905 inquit

2101 2925 2170 2980 ad
2200 2934 2436 2980 montem
2467 2926 2710 2996 myrrha
2748 2926 2925 2993 (Cant.
2980 2942 3053 2993 ιν,
3102 2926 3199 2995 6);
3258 2924 3330 2980 ad
3375 2940 3475 2981 eos
3531 2922 3764 2980 scilicet

2104 3014 2204 3087 qui
2236 3015 2732 3070 mortificaverunt
2763 3014 2917 3072 280
2967 3030 3209 3087 corpora
3260 3030 3405 3081 sua;
3455 3022 3507 3069 et
3536 3013 3605 3068 ad
3641 3014 3766 3069 col-

2104 3106 2216 3159 lem
2241 3104 2459 3170 Libani,
2491 3104 2562 3159 ad
2595 3103 2946 3176 purissimos
2974 3102 3271 3176 virginum
3301 3117 3527 3176 greges,
3586 3111 3638 3158 et
3668 3102 3760 3159 lo-

350 3193 487 3267 ptiis
518 3193 732 3249 habere
781 3206 843 3247 se
884 3189 1209 3263 pollicetur,
1250 3190 1505 3248 habebat
1545 3190 1773 3247 varium
1818 3194 1995 3261 atque
2024 3195 2067 3262 ρ
2106 3210 2246 3265 quar
2271 3208 2489 3265 sponsae
2526 3209 2697 3255 mete;
2746 3194 2866 3248 Tota
2907 3194 3150 3265 speciosa
3183 3209 3258 3261 es,
3299 3194 3481 3248 amica
3522 3208 3665 3259 mea,
3706 3200 3769 3249 et

350 3282 692 3338 distinctum
713 3280 775 3335 in
795 3280 1009 3347 viduis,
1058 3281 1515 3349 continentibus,
1565 3295 1631 3336 ac
1680 3278 1991 3335 maritatis.

349 3370 568 3427 Deinde
597 3385 853 3441 sponsus
881 3370 1193 3441 respondet
1214 3370 1285 3426 ad
1318 3385 1622 3441 sponsam,
1644 3373 1702 3425 et
1722 3384 1850 3424 eam
1891 3368 1993 3422 do-

350 3462 439 3514 cet
467 3457 622 3530 quod
644 3455 860 3512 veteris
906 3456 1052 3529 legis
1076 3458 1284 3514 umbra
1314 3458 1633 3525 transierit,
1683 3463 1740 3512 et
1781 3457 1994 3512 veritas

349 3545 641 3619 Evangelii
667 3547 906 3600 venerit.
942 3546 1093 3602 285
1118 3546 1313 3615 Surge,
1348 3549 1491 3613 veni,
1522 3547 1778 3618 proxima
1797 3562 1928 3602 mea
1950 3545 1992 3613 ³,

348 3651 546 3709 sponsa
586 3652 730 3701 mea,
781 3636 1042 3708 quoniam
1082 3650 1197 3690 ecce
1253 3635 1425 3692 hiems
1487 3635 1730 3703 transiit,
1804 3636 1996 3706 pluvia

348 3724 485 3782 abiit
507 3724 615 3781 sibi
664 3726 846 3797 (Cant.
897 3741 956 3793 ιι,
1009 3724 1097 3792 40,
1150 3725 1260 3795 11).
1307 3725 1425 3781 Ηοο
1462 3726 1532 3780 de
1576 3723 1754 3780 veteri
1802 3725 1998 3781 Testa-

348 3819 565 3871 mento.
590 3817 846 3870 Rursum
909 3813 978 3869 de
1024 3812 1331 3885 Evangelio
1367 3818 1424 3868 et
1454 3813 1822 3885 virginitate:
1875 3814 1993 3868 Flo-

349 3918 435 3958 res
462 3904 569 3959 visi
594 3910 723 3959 sunt
752 3905 811 3958 in
842 3906 1011 3968 terra,
1039 3906 1254 3974 tempus
1281 3904 1540 3958 sectionis
1569 3902 1787 3958 advenit
1835 3901 1992 3974 (Ibid.

356 3992 462 4064 12).
503 3990 704 4047 Nonne
749 3992 859 4047 tibi
895 3991 1126 4047 videtur
1171 3990 1429 4063 idipsum
1469 3991 1679 4057 dicere,
1729 3992 1885 4063 quod
1940 3996 1997 4047 et

348 4078 665 4153 Apostolus
689 4098 701 4136 :
734 4079 991 4152 Superest
1018 4088 1076 4136 ut
1103 4085 1153 4135 et
1185 4082 1282 4152 qui
1309 4081 1508 4136 habent
1537 4096 1753 4147 uxores,
1798 4081 1995 4136 sitsint

349 4169 509 4240 quasi
536 4183 646 4223 non
685 4168 919 4225 habeant
948 4170 996 4240 (I
1025 4168 1145 4224 Cor.
1190 4185 1288 4236 vn,
1331 4169 1472 4238 29)?
1519 4169 1586 4224 Et
1626 4168 1995 4226 manifestius

351 4256 422 4311 de
444 4255 729 4327 prisconio
759 4255 1080 4311 castitatis:
1119 4258 1246 4324 V0.23,
1280 4257 1493 4328 inquit,
1531 4258 1769 4313 turturis
1805 4257 1995 4313 audita

350 4352 429 4401 est
458 4346 520 4400 in
547 4350 699 4402 terra
744 4348 932 4401 nostra
972 4345 1150 4417 (Cant.
1200 4362 1263 4417 ιι,
1308 4347 1416 4419 12).
1460 4347 1680 4402 Turtur
1717 4346 1839 4402 avis
1887 4363 1996 4419 pu-

349 4433 673 4502 dicissima,
700 4450 933 4507 semper
961 4433 1237 4490 habitans
1278 4434 1334 4489 in
1388 4435 1768 4502 sublimibus,
1820 4439 1995 4507 typus

350 4527 441 4581 est
478 4520 810 4579 Salvatoris.
854 4526 1141 4595 Legamus
1186 4522 1562 4597 physiologos
1622 4524 1773 4596 (Vide
1834 4524 1991 4581 Pun.

346 4613 449 4669 lib.
499 4630 561 4679 κ,
599 4628 650 4667 c.
705 4611 822 4683 34),
880 4616 938 4666 et
973 4608 1333 4684 reperiemus
1386 4613 1634 4668 turturis
1675 4613 1825 4669 hanc
1869 4630 1998 4669 esse

350 4704 646 4766 naturam,
669 4704 735 4755 ut
773 4699 822 4757 si
845 4716 1044 4773 parem
1069 4700 1411 4773 perdiderit,
1445 4699 1612 4758 alteri
1652 4719 1767 4757 non
1786 4704 2002 4775 junga-

350 4798 444 4848 tur
467 4808 480 4858 ;
508 4793 565 4846 et
577 4788 975 4863 intelligemus
997 4791 1055 4846 di
1063 4791 1319 4864 gamiam
1333 4791 1510 4847 etiam
1526 4809 1559 4847 a
1574 4791 1777 4848 multis
1800 4792 2003 4849 avibus

350 4878 648 4953 reprobari
679 4879 720 4934 ³.
767 4878 1093 4951 Statimque
1138 4883 1333 4935 turtur
1368 4878 1511 4935 dicit
1549 4881 1620 4936 ad
1670 4884 2002 4951 turturem;

425 5005 440 5039 ¹
466 5002 670 5077 Iidem,
704 5003 886 5060 veteri
910 5020 1146 5077 quoque
1166 5003 1420 5062 editione
1444 5006 1826 5063 assentiente.
1857 5010 2007 5065 Inter

353 5076 623 5148 virginem
650 5078 1021 5148 maritumque
1048 5076 1351 5132 diversitas.

423 5146 446 5180 ²
474 5146 700 5228 Rursus
726 5146 905 5228 iidem
927 5146 1071 5228 mss.
1097 5148 1513 5228 Speciosamea,
1538 5150 1806 5228 columba
1861 5165 2003 5216 mea,

358 5220 506 5292 etes;
540 5220 871 5275 consianter
892 5220 1071 5292 etiam
1095 5220 1269 5292 intra,
1301 5221 1480 5292 idque
1526 5221 1700 5291 juxta
1740 5222 2005 5278 Graecum

357 5283 501 5363 stulti)
523 5305 756 5363 pou,_ex
775 5306 891 5363 quo
918 5291 1122 5347 itidem
1163 5283 1263 5347 bis
1295 5283 1565 5363 repetunt
1612 5310 1810 5350 vocem
1842 5293 2003 5359 abiit,

362 5308 501 5354 καΛη
573 5308 655 5355 ou,
688 5308 756 5344 ex
775 5308 891 5361 quo
918 5308 945 5345 ι·

362 5308 626 5431 ἀπζὴξιόέν,
661 5356 945 5431 ἐπορεύθη.

432 5428 784 5510 aPerperan
824 5428 1127 5510 hactenus
1183 5434 1347 5510 edit._,
1406 5436 1598 5491 multis
1656 5452 1760 5508 pro
1815 5437 2004 5510 mutis,

362 5503 875 5582 quodegingenio
918 5509 1086 5582 antea
1126 5507 1621 5582 emendaveramL
1639 5503 1790 5582 nunc
1832 5508 2005 5582 vero-

362 5572 565 5629 nensis
585 5572 729 5630 libri
749 5573 1088 5633 auctoritate
1136 5578 1440 5649 confirmo,
1480 5584 1538 5638 et
1582 5572 1789 5640 Gravio
1830 5580 2007 5639 etiam

366 5643 600 5704 probari
640 5642 825 5704 video.

361 5660 600 5738 pronam
640 5660 825 5709 νιαθο.

2027 4566 2074 4632 D

2103 3298 2215 3338 non
2244 3291 2323 3338 est
2349 3282 2569 3337 macula
2598 3283 2659 3337 in
2687 3286 2737 3337 te
2757 3282 2917 3351 (Ibid.
2944 3282 2998 3337 6.
3017 3283 3094 3351 7).
3128 3280 3289 3337 Unde
3310 3284 3368 3337 et
3393 3280 3714 3354 Apostolus
3743 3299 3758 3337 :

2103 3374 2167 3427 Et
2213 3371 2483 3439 exhibeat,
2524 3370 2737 3443 inquit,
2793 3371 2901 3426 sibi
2947 3376 3194 3426 sanctam
3248 3370 3575 3437 Ecclesium,
3642 3386 3765 3427 non

2104 3460 2389 3516 habentem
2432 3462 2724 3526 maculam,
2760 3476 2930 3531 neque
3002 3476 3198 3532 rugam
3266 3459 3476 3533 (Ephes.
3528 3477 3585 3514 v.
3637 3460 3762 3531 27).

2107 3549 2237 3605 Veni
2283 3566 2318 3604 a
2366 3548 2593 3615 Libano,
2642 3565 2859 3620 sponsa,
2909 3551 3034 3605 veni
3067 3567 3099 3605 a
3146 3550 3370 3605 Libano.
3422 3550 3634 3617 Venies,
3703 3554 3766 3607 et

2100 3638 2462 3709 pertransibis
2493 3638 2560 3692 ab
2590 3639 2760 3693 initio
2781 3638 2927 3708 ﬁdei,
2960 3656 2995 3692 a
3023 3640 3199 3709 capite
3230 3638 3396 3694 Sanir
3414 3641 3464 3695 et
3496 3639 3759 3710 Hermon,

2103 3746 2137 3783 a
2166 3726 2444 3784 cubilibus
2491 3728 2709 3784 leonum
2755 3744 2790 3782 a
2832 3730 3107 3784 montibus
3146 3729 3530 3800 le0pardorum
3567 3729 3760 3801 (Cant.

2106 3833 2183 3885 1v,
2212 3818 2287 3887 8).
2324 3817 2577 3873 Libanus
2610 3813 2936 3888 λευκασμὸς,
2972 3817 3028 3873 id
3061 3822 3172 3888 est,
3203 3818 3414 3873 candor
3472 3818 3762 3889 interpre-

2103 3909 2280 3962 tatur.
2333 3904 2476 3960 Veni
2525 3921 2682 3978 ergo,
2734 3922 2952 3978 sponsa
3016 3904 3439 3963 candidissima
3505 3908 3577 3962 de
3637 3924 3761 3980 qua

2103 3994 2239 4051 alibi
2272 3993 2687 4063 diciturzouze
2732 3998 2809 4050 est
2858 3997 2982 4061 ista,
3031 4010 3157 4066 quae
3204 3995 3446 4051 ascendit
3492 3995 3755 4053 dealbata

2105 4084 2285 4157 (Cant.
2318 4101 2442 4151 vm,
2475 4082 2577 4156 5)?
2605 4088 2662 4139 et
2690 4084 2901 4140 transit
2930 4101 3031 4156 per
3076 4084 3230 4140 viam
3285 4085 3466 4157 hujus
3509 4085 3752 4155 saeculi;

2107 4173 2180 4228 ab
2211 4172 2445 4229 exordio
2490 4171 2729 4239 fidei,et
2774 4189 2844 4228 ex
2890 4172 3077 4240 Sanir,
3129 4174 3285 4247 quod
3335 4174 3761 4248 interpretatur

2102 4260 2697 4331 deuslucernzjuxta
2725 4260 2870 4317 illud
2901 4262 3054 4334 quod
3096 4262 3155 4318 in
3187 4262 3422 4320 Psalmo
3464 4262 3754 4336 legimus:

2106 4355 2355 4407 Lucerna
2380 4350 2604 4422 pedibus
2629 4352 2767 4405 meis
2788 4351 3011 4406 verbum
3049 4355 3229 4421 tuum,
3260 4353 3505 4418 Domine,
3552 4355 3605 4410 et
3652 4355 3759 4411 tua:

2103 4442 2310 4496 semitis
2357 4441 2493 4496 meis
2540 4440 2712 4511 (Psal.
2773 4456 2970 4508 cxvm,
3041 4441 3203 4512 105);
3268 4446 3325 4497 et
3370 4442 3627 4509 Hermon,
3698 4443 3762 4501 id

2104 4533 2212 4597 est,
2241 4529 2707 4585 consecratione:
2743 4533 2800 4585 et
2828 4529 2966 4601 fuge
2995 4527 3229 4586 leonum
3252 4529 3490 4597 cubilia,
3536 4535 3593 4588 et
3634 4529 3760 4590 leo-

2114 4618 2431 4689 pardorum
2462 4621 2710 4688 montes,
2744 4617 2844 4690 qui
2877 4635 2991 4672 non
3023 4622 3271 4691 possunt
3301 4622 3529 4675 mutare
3570 4619 3761 4677 varie-

2113 4709 2297 4763 tatem
2337 4722 2528 4761 suam.
2575 4705 2751 4779 Fuge,
2802 4705 3014 4779 inquit,
3064 4706 3279 4763 cubilia
3318 4706 3577 4777 leonum,
3619 4709 3762 4784 fuge

2113 4793 2450 4866 superbiam
2498 4794 2855 4862 daemonum,
2905 4800 2969 4851 ut
3016 4800 3330 4869 postquam
3374 4795 3521 4853 mihi
3575 4796 3763 4855 fueris

2113 4890 2470 4950 consecrata,
2529 4884 2751 4956 possim
2808 4884 2915 4941 tibi
2969 4884 3198 4943 dicere:
3274 4884 3595 4944 Vulnerasti
3666 4903 3765 4945 cor

2184 5009 2206 5042 ‘
2233 5009 2410 5065 Vetus
2440 5008 2638 5079 editio,

2113 5081 2253 5137 scire
2273 5081 2458 5153 quales
2487 5084 2634 5137 viros

2114 5154 2334 5209 solium.
2369 5157 2479 5208 etc.

2187 5224 2208 5258 ⁸
2231 5228 2377 5298 _Mss.
2399 5240 2626 5289 omnes,
2656 5229 2913 5283 Ferentes
2942 5228 3302 5297 [rameam,et
3317 5227 3459 5283 docti
3480 5227 3617 5298 bello
3630 5228 3763 5298 viri,

2115 5295 2333 5377 gladius
2445 5298 2649 5377 femore
2679 5299 2815 5369 ejus,
2838 5295 3007 5377 juxta
3029 5298 3190 5377 LXX.
3224 5300 3470 5355 Gravius
3497 5297 3612 5371 legi
3640 5295 3766 5377 om;

2116 5365 2422 5441 ninovult,
2447 5365 2560 5435 vir,
2584 5365 3269 5441 eumque'Hebraismum
3289 5388 3417 5427 esse
3436 5365 3762 5428 contendit.

2184 5439 2205 5473 ⁸
2240 5438 2417 5513 Iidem
2450 5456 2617 5513 mss,
2650 5438 2762 5505 Ibo,
2792 5441 2992 5513 inquit.
3022 5443 3163 5497 mihi
3189 5443 3259 5513 ad
3295 5452 3551 5510 montem,
3610 5446 3763 5509 etc.;

2117 5510 2307 5565 denuo
2333 5511 2510 5587 ju_uta
2531 5511 2795 5587 Griecum
2814 5510 3152 5586 πὸρεύσομαι
3184 5512 3435 5586 iuno-cfp;
3461 5520 3637 5587 atque
3655 5514 3768 5587 ite-

2115 5598 2247 5710 rpm
2275 5582 2447 5655 paulo
2477 5588 2611 5659 post
2625 5582 2898 5659 proxima
2918 5582 3065 5655 mea,
3085 5601 3190 5659 pro
3217 5582 3395 5645 amica
3424 5582 3567 5658 mea,
3611 5582 3769 5663 πλη-

2117 5671 2148 5710 σ
2174 5672 2230 5710 ον
2267 5672 2393 5710 nou.

2117 5671 2230 5712 σιον
2266 5672 2393 5736 μου.

2718 5011 2961 5078 ascitur;
3013 5027 3148 5068 mox
3186 5010 3616 5069 ’Jasanatensis.
3675 5014 3764 5069 Vis

2710 5083 3030 5151 alomon,et
3074 5083 3335 5155 paciﬁcus
3372 5093 3557 5141 noster
3593 5086 3765 5155 quale
