3944 6438
179 393 280 457 265

1226 387 1650 454 ADVERSUS
1695 383 2178 452 JOVINIANUM
2223 385 2374 450 LIB.
2421 390 2469 451 Ι.

3433 399 3554 483 εθβ

180 543 337 584 nicum
364 526 400 594 ί,
427 541 580 582 soror
633 541 754 582 mea
801 541 1020 598 sponsa,
1081 526 1388 580 vulnerasti
1444 541 1536 580 car
1589 540 1790 584 meum,
1821 521 2136 588 Acundus
2165 525 2224 576 et
2265 523 2552 580 candidus
2609 530 2716 592 est,
2777 527 2990 585 idcirco
3047 532 3244 590 statim
3297 535 3554 610 additur,

179 620 230 675 in
253 631 350 673 uno
401 615 680 672 oculorum
727 622 966 680 tuorum,
1016 615 1074 670 in
1128 631 1238 670 uno
1289 617 1611 670 ornamento
1657 614 1791 668 colli

179 695 248 764 tui
273 705 432 778 (Cant.
457 721 532 772 ιν,
564 704 641 776 9).
674 705 836 771 Quod
867 703 1030 772 dicit,
1066 703 1474 775 hujuscemodi
1523 706 1630 759 est.
1664 703 1787 757 Non

179 793 390 868 repudio
419 793 676 866 nuptias,
696 793 876 850 habes
906 796 963 849 et
982 791 1292 849 sinistrum
1326 791 1585 859 oculum,
1610 807 1786 862 quem

178 883 269 941 tibi
294 883 413 940 dedi
446 887 684 956 propter
705 880 1162 938 imbecillitatem
1223 898 1448 942 eorum.
1482 881 1582 953 qui
1632 883 1790 936 recta

177 972 347 1029 videre
373 988 485 1028 non
517 977 788 1046 possunt.
822 971 932 1028 Sed
966 971 1156 1044 magis
1205 970 1350 1027 mihi
1381 971 1580 1026 dexter
1609 969 1788 1040 virgi-

175 1061 351 1118 nitatis
377 1059 581 1118 oculus
612 1060 818 1134 placet,
851 1061 950 1132 qui
983 1059 1032 1116 si
1077 1065 1326 1116 eaeeatus
1385 1059 1579 1128 fuerit,
1613 1075 1785 1115 omne

171 1167 352 1224 corpus
383 1150 437 1206 in
467 1150 728 1207 tenebris
758 1155 862 1206 est.
888 1153 966 1206 Ac
997 1167 1068 1205 ne
1089 1153 1432 1222 putaremus
1464 1165 1596 1205 eum
1631 1165 1788 1204 amo-

171 1257 275 1298 rem
301 1235 506 1309 carnis,
529 1245 586 1295 et
619 1238 856 1312 nuptias
887 1238 1219 1312 signiﬁcare
1263 1254 1594 1310 corporeae,
1629 1237 1784 1293 illico

170 1329 394 1386 excludit
421 1329 580 1384 hunc
610 1344 874 1396 sensum,
897 1333 954 1384 et
975 1329 1055 1384 ait
1087 1345 1101 1382 :
1141 1329 1452 1384 Vulnerasli
1471 1344 1564 1383 cor
1583 1344 1784 1396 meum,

167 1434 300 1475 soror
349 1435 463 1474 mea
490 1433 708 1490 sponsa.
771 1416 874 1473 Ubi
954 1415 1170 1473 sororis
1245 1434 1460 1473 nomen
1517 1421 1626 1484 est,
1687 1433 1784 1472 su-

167 1507 326 1581 spicio
353 1507 546 1564 omnis
581 1507 714 1562 fcedi
747 1505 966 1562 amoris
1020 1505 1370 1562 excluditur.
1435 1507 1610 1575 Quam
1666 1522 1786 1578 spe-

166 1597 293 1653 ciosa
316 1603 439 1653 sunt
469 1597 648 1652 ubera
671 1600 766 1651 tua
795 1598 922 1653 vino
953 1595 1134 1668 (Cant.
1170 1613 1245 1664 1v,
1283 1595 1388 1667 10),
1441 1597 1512 1650 de
1570 1595 1788 1668 quibus

163 1689 214 1741 et
236 1703 403 1758 supra
431 1685 658 1741 dixerat
693 1701 706 1740 :
739 1685 1042 1740 Fratruelis
1069 1701 1226 1740 meus
1256 1686 1416 1749 mihi.
1447 1692 1498 1740 et
1519 1701 1614 1756 ego
1639 1683 1738 1740 illi
1764 1701 1786 1747 ;

164 1778 212 1830 in
238 1775 400 1832 medio
422 1773 654 1832 uberum
667 1791 913 1830 meorum
935 1775 1374 1830 Commorabitur
1395 1775 1574 1844 (Cant,
1597 1774 1742 1847 1,12)
1767 1791 1780 1829 :

1897 616 2088 682 guttur
2118 609 2204 684 [Al
2245 615 2450 680 gustus]
2511 615 2628 687 ejus
2681 615 3016 688 dulcedines,
3044 626 3097 677 et
3152 627 3298 682 totus
3351 609 3555 686 concus-

1892 701 2401 790 pisccntia(tln'd.).
2433 707 2698 775 Sponsus
2725 706 2910 780 virgo,
2959 708 3240 771 laudatus
3271 732 3306 772 a
3335 733 3558 790 sponsa

1896 789 2142 863 virgine,
2175 788 2382 878 laudat.
2404 791 2661 849 vicissim
2690 795 2976 870 virginem
2999 817 3300 874 sponsam,
3333 788 3393 862 et
3413 807 3560 866 dicit

1897 878 1946 934 ei
1981 897 1995 934 :
2029 879 2268 950 Speciosi
2293 881 2432 951 facti
2463 891 2590 938 sunt
2642 901 2855 955 gressus
2903 889 2990 944 tui
3046 891 3105 946 in
3153 893 3555 970 calceamentis,

1893 967 2023 1039 ﬁlia
2052 969 2074 1002 ³
2099 969 2406 1024 Aminadab
2437 969 2616 1042 (Cant.
2647 991 2770 1043 VIII,
2805 975 2882 1046 l),
2905 979 3062 1050 quod
3113 967 3555 1057 interpretatur,

1894 1059 2085 1129 populi
2111 1075 2168 1114 se
2196 1067 2380 1130 sponte
2435 1062 2730 1132 offerentis.
2791 1065 3110 1138 Virginitas
3141 1071 3297 1128 enim
3345 1073 3556 1131 volun-

1897 1147 2045 1201 taria
2076 1153 2184 1216 est,
2231 1152 2285 1202 et
2345 1147 2474 1204 ideo
2531 1167 2769 1222 gressus
2827 1153 3096 1213 Ecclesia:
3153 1159 3214 1215 in
3265 1162 3554 1222 castitatis

1897 1235 2336 1326 pulchritudine
2363 1237 2791 1296 collaudantur.
2825 1243 2950 1300 Non
2997 1252 3087 1302 est
3117 1247 3297 1322 hujus
3327 1255 3554 1326 tempo-

1899 1324 1977 1380 ris
2008 1325 2066 1378 in
2101 1343 2319 1381 morem
2351 1326 2765 1385 Commentarii
2797 1334 2996 1390 omnia
3041 1336 3114 1392 de
3141 1338 3382 1397 Cantico
3409 1324 3556 1400 can-

1896 1412 2143 1502 ticorum
2174 1413 2526 1485 virginitatis
2559 1419 2811 1489 pandere
2853 1431 3242 1495 sacramenta,
3300 1430 3442 1502 quia
3495 1435 3556 1488 et

1896 1501 2017 1556 haec
2048 1503 2176 1574 ipsa
2207 1504 2512 1560 fastidiose
2547 1505 2740 1563 lectori
2781 1527 2952 1568 nares
3006 1501 3378 1574 contractura
3434 1536 3553 1578 non

1896 1591 2152 1664 ambigo.

1965 1681 2036 1736 32
2068 1682 2354 1755 Loquitur
2384 1683 2565 1741 Isaias
2595 1685 2720 1758 spei
2753 1691 2964 1744 nostra:
3022 1690 3278 1766 ﬁdeique
3333 1700 3556 1770 myste-

1897 1769 2046 1826 rium
2083 1788 2096 1826 ε
2130 1773 2260 1828 Ecce
2291 1775 2448 1842 virgo
2478 1777 2538 1829 in
2566 1778 2720 1830 utero
2747 1779 3014 1848 concipiet
3064 1785 3117 1836 et
3141 1785 3322 1856 pariet
3373 1769 3558 1855 ﬁlium

160 1863 210 1920 in
234 1863 533 1938 principali
567 1863 940 1937 [ἡγεμονικὸν]
970 1864 1184 1929 cordis,
1217 1865 1316 1919 ubi
1373 1863 1552 1920 habet
1593 1880 1784 1921 sermo
1814 1895 1862 1961 Β
1893 1863 1947 1914 et
1974 1861 2188 1916 vocabis
2217 1878 2412 1918 nomen
2439 1865 2556 1935 ejus
2595 1865 2922 1924 Emmanuel
2980 1869 3085 1934 (Isa
3143 1887 3246 1936 vu,
3281 1873 3392 1946 14).
3425 1875 3556 1933 Scio

162 1953 246 2009 Dei
271 1951 612 2027 hospitium.
639 1955 812 2022 Quam
835 1955 1076 2025 speciosa
1121 1957 1251 2008 sunt
1279 1953 1453 2008 ubera
1510 1958 1604 2008 tua
1638 1956 1782 2010 vino.

159 2041 302 2106 Quod
332 2042 488 2099 istud
519 2043 722 2098 vinum
753 2046 862 2110 est,
895 2043 1049 2114 quod
1081 2059 1310 2114 sponsae
1342 2059 1634 2098 mammas
1665 2041 1791 2114 pul-

160 2130 459 2189 cherrimas
489 2133 728 2200 facit,et
757 2133 1052 2205 pudicitiae
1084 2132 1233 2188 laete
1264 2132 1586 2188 fecundat?
1617 2133 1790 2188 Nem-

158 2219 596 2295 peillud,dequo
615 2221 952 2294 Sponsusin
975 2221 1468 2292 consequentibus
1495 2220 1790 2292 loquitur:

159 2311 268 2366 Bibi
296 2312 484 2368 vinum
513 2327 698 2368 meum
725 2327 851 2366 cum
874 2311 1014 2368 lacte
1043 2327 1182 2367 meo.
1216 2311 1565 2378 Manducate,
1595 2311 1791 2382 proxi-

157 2400 228 2454 mi
250 2402 372 2468 mei,
405 2410 457 2457 et
489 2402 679 2468 bibite,
711 2404 762 2456 el
791 2401 1168 2468 inebriamini,
1201 2403 1406 2472 fratres
1429 2399 1605 2472 (Cant.
1639 2400 1790 2466 v.1).

156 2485 301 2546 Unde
325 2495 379 2546 et
410 2489 662 2564 apostoli
722 2489 866 2547 287
905 2489 1254 2546 dicebantur
1313 2493 1506 2554 musto
1565 2487 1721 2560 pleni
1777 2506 1792 2557 ;

157 2582 334 2646 musto,
361 2578 560 2652 inquit
589 2579 724 2649 (Aet.
761 2595 822 2644 ιι,
881 2579 994 2648 13),
1048 2596 1162 2634 non
1221 2578 1354 2633 vino
1408 2578 1624 2645 veteri;
1659 2576 1797 2649 quia

153 2665 334 2724 vinum
365 2685 588 2724 novum
619 2669 678 2724 in
715 2671 872 2724 utres
901 2684 1081 2724 novos
1138 2667 1392 2722 mittitur
1446 2667 1654 2735 (Matth.
1716 2683 1792 2734 1x,

154 2755 266 2824 l7);
301 2761 356 2812 et
385 2775 503 2813 non
535 2757 919 2814 ambulabant
972 2757 1030 2812 in
1088 2761 1374 2812 vetustate
1407 2755 1631 2822 litteras,
1695 2756 1794 2811 sed

153 2844 204 2900 in
235 2847 482 2904 novitate
514 2845 762 2919 spiritus
792 2847 966 2919 (Rom.
1002 2863 1102 2914 vn,
1135 2847 1212 2918 6).
1269 2847 1386 2902 Hoc
1447 2849 1539 2902 est
1592 2846 1794 2901 vinum

155 2935 296 3006 quod
345 2953 481 2992 cum
545 2935 918 2992 inebriaverit
968 2934 1368 2990 adolescentes
1425 2941 1481 2990 et
1547 2934 1793 3007 puellas,

154 3025 335 3081 statim
367 3023 768 3100 virginitatem
799 3023 1042 3092 sitiunt;
1073 3029 1132 3080 et
1163 3025 1222 3080 in
1265 3024 1567 3097 crapulam
1622 3025 1798 3081 casti-

151 3113 274 3170 tatis
293 3117 588 3181 eructant,
611 3119 667 3170 et
683 3113 946 3188 expletur
965 3113 1108 3170 illud
1126 3113 1466 3170 vaticinium
1488 3115 1793 3170 Zachariae.

151 3202 418 3261 duntaxat
436 3206 616 3278 juxta
649 3203 988 3260 Hebraicam
1039 3202 1340 3260 veritatem
1401 3204 1470 3260 de
1525 3203 1793 3260 Ecclesiae

150 3265 462 3373 virginibus
515 3291 923 3366 prephetantis
957 3309 970 3348 :
1007 3293 1432 3364 Complebuntur
1486 3293 1796 3365 infantibus
1825 3265 1868 3332 δ

148 3389 194 3438 et
239 3383 438 3455 puellis
502 3383 812 3439 ludentibus
865 3384 1070 3456 platea
1126 3384 1242 3455 ejus
1273 3383 1462 3452 (Zach.
1530 3401 1656 3450 VIII,
1717 3383 1796 3453 5).

151 3471 281 3538 Quid
307 3473 459 3528 enim
497 3473 702 3527 bonum
758 3472 876 3543 ejus
905 3479 1002 3538 est,
1059 3479 1110 3528 et
1139 3471 1270 3544 quid
1335 3471 1630 3536 pulchrum
1679 3474 1800 3544 ejus

149 3561 250 3616 nisi
267 3563 620 3632 frumentum
661 3560 972 3626 electorum,
998 3565 1049 3616 et
1079 3577 1273 3615 vinum
1323 3563 1648 3632 germinans
1687 3563 1800 3616 virs

149 3651 287 3716 gines
320 3651 575 3724 (Zachar.
610 3667 688 3717 1x,
735 3650 812 3722 l7)
837 3649 864 3704 ‘l
898 3653 1028 3706 Ista;
1055 3653 1194 3705 sunt
1239 3649 1515 3723 virgines,
1565 3650 1636 3705 de
1667 3650 1800 3722 qui-

150 3735 248 3794 bus
278 3739 334 3796 in
366 3739 826 3813 quadragesimo
858 3744 1066 3811 quarto
1097 3738 1330 3794 Psalmo
1353 3738 1640 3812 scriptum
1672 3743 1797 3796 est:

149 3827 487 3886 Addueentur
518 3830 638 3900 regi
695 3829 943 3900 virgines
997 3831 1116 3900 post
1171 3845 1312 3892 eam,
1359 3830 1626 3900 proximas
1684 3830 1802 3900 ejus

154 3916 448 3989 afferentur
478 3919 586 3974 tibi
615 3919 674 3973 in
703 3919 916 3986 laetitia,
951 3922 1003 3974 et
1045 3919 1432 3987 exsultatione,
1461 3919 1807 3974 Addueentur

152 4007 206 4060 in
233 4010 502 4082 templum
534 4007 680 4080 regis
709 4008 882 4079 (Psal.
915 4025 1065 4076 xmv,
1090 4007 1176 4077 l5,
1218 4009 1321 4077 16).

208 4095 295 4153 3l.
381 4097 669 4170 Sequitur
748 4115 760 4154 :
863 4098 1060 4153 Hortus
1115 4099 1420 4165 conclusus,
1482 4115 1636 4155 soror
1682 4115 1804 4154 mea

148 4200 339 4256 sponsa
369 4204 390 4241 :
418 4189 613 4242 hortus
665 4186 972 4253 conclusus,
1029 4188 1158 4256 fons
1205 4189 1458 4255 signatus
1501 4187 1681 4258 (Cant.
1727 4204 1801 4258 ιν,

152 4274 248 4348 12).
279 4276 447 4341 Quod
509 4275 777 4332 clausum
810 4279 900 4333 est
927 4280 1101 4347 atque
1152 4274 1474 4348 signatum,
1525 4276 1804 4332 similitu-

147 4361 335 4421 dinem
366 4365 556 4422 habet
591 4365 790 4420 Matris
845 4364 1098 4430 Domini,
1161 4365 1368 4423 matris
1425 4370 1482 4422 et
1538 4365 1802 4439 virginis.

145 4449 296 4510 Unde
325 4459 384 4512 et
416 4456 477 4511 in
512 4454 780 4527 sepulcro
812 4453 1128 4511 Salvatoris
1160 4471 1328 4522 novo,
1361 4456 1516 4528 quod
1554 4455 1608 4511 in
1641 4465 1807 4528 petra

145 4541 462 4601 durissima
525 4545 632 4616 (Al.
692 4543 1036 4617 purissima)
1115 4545 1302 4600 fuerat
1359 4545 1641 4614 excisum,
1702 4563 1808 4602 nec

1889 1950 2125 2026 judaaos
2157 1966 2452 2022 Opponere
2483 1954 2693 2020 solere,
2725 1955 2785 2010 in
2817 1955 3056 2014 Hebraeo
3113 1962 3354 2019 verbum
3403 1981 3558 2026 nam

1899 2024 2116 2112 [malm]
2149 2042 2169 2074 ι
2197 2057 2311 2096 non
2340 2041 2494 2098 288
2520 2042 2805 2116 virginem
2835 2063 3068 2117 sonare,
3098 2051 3197 2107 sed
3245 2024 3556 2112 adolescens-

1898 2129 2095 2218 tulam.
2126 2130 2195 2184 Et
2233 2147 2430 2186 revera
2485 2131 2650 2205 virgo
2703 2135 2936 2207 proprie
2992 2154 3253 2196 BETHULA
3307 2126 3553 2218 [115119;]

1900 2216 2256 2291 appellatur,
2291 2219 2729 2277 adolescentula
2775 2227 2974 2281 autem
3021 2227 3108 2284 vel
3161 2228 3377 2302 puella,
3436 2216 3554 2291 non

1900 2325 2048 2362 ALMA
2080 2307 2315 2376 dicitur,
2351 2309 2451 2364 sed
2507 2327 2694 2366 NAARA
2753 2313 2970 2386 (mm).
3026 2315 3176 2380 Quid
3225 2322 3315 2375 est
3370 2319 3559 2394 igitur

1904 2395 2058 2467 quod
2091 2395 2566 2468 signiﬁcatALMA
2595 2399 2623 2452 ?
2671 2401 3084 2460 Absconditam
3137 2405 3444 2480 virginem,
3495 2410 3555 2467 id

1904 2490 2012 2550 est,
2046 2501 2160 2540 non
2193 2483 2385 2541 solum
2415 2486 2723 2559 virginem,
2759 2506 2863 2546 sen
2907 2495 3042 2548 cum
3088 2491 3327 2549 ἐπιτάσει
3371 2497 3558 2572 virgi-

1905 2590 2038 2629 nem
2073 2592 2086 2640 ;
2121 2573 2259 2645 quia
2281 2592 2394 2630 non
2425 2577 2622 2632 omnis
2643 2577 2804 2652 virgo
2835 2581 3180 2640 abscondita
3208 2589 3299 2641 est
3347 2603 3452 2644 nec
3481 2589 3556 2645 ab

1905 2661 2212 2718 hominum
2247 2665 2482 2720 fortuito
2510 2672 2779 2738 separata
2821 2676 3160 2743 conspectu.
3211 2673 3473 2748 Denique
3501 2681 3562 2734 et

1908 2751 2169 2809 Rebecca
2197 2753 2253 2808 in
2277 2753 2488 2810 Genesi
2519 2755 2594 2810 ob
2624 2757 2870 2814 nimiam
2901 2762 3232 2820 castitatem
3281 2768 3340 2820 et
3370 2765 3566 2824 Eccle-

1907 2841 2003 2898 siae
2035 2847 2262 2916 typum,
2297 2860 2470 2917 quem
2503 2845 2561 2901 in
2592 2863 2700 2902 sua
2723 2846 3058 2921 virginitate
3088 2851 3381 2926 signabat,
3402 2872 3560 2914 ALMA

1909 2932 2208 3003 scribitur,
2243 2949 2356 2988 non
2391 2951 2671 3002 samum,
2704 2936 2857 2993 sicut
2887 2939 3264 2998 manifestum
3295 2959 3426 3002 esse
3455 2961 3558 3018 po-

1907 3021 2040 3076 terit
2069 3038 2136 3076 ex
2169 3022 2543 3079 sermonibus
2575 3025 2740 3096 pueri
2774 3026 3092 3097 Abraham,
3124 3047 3274 3102 quos
3297 3031 3561 3106 loquitur

1905 3109 1962 3165 in
1997 3111 2416 3183 Mesopotamia
2449 3129 2462 3167 :
2495 3113 2559 3167 Et
2605 3115 2758 3170 dixit
2789 3115 2810 3148 ⁸
2841 3133 2854 3172 :
2886 3117 3113 3174 Domine
3157 3121 3298 3176 Deus
3344 3121 3560 3180 domini

1906 3201 2018 3254 inci
2047 3199 2349 3272 Abraham,
2379 3203 2432 3256 si
2463 3206 2523 3256 lu
2585 3201 2784 3272 dirigis
2830 3207 2980 3260 viam
3019 3223 3198 3264 meam
3242 3225 3343 3281 per
3389 3227 3558 3282 quam

1907 3305 2005 3356 ego
2027 3289 2327 3360 ingredior;
2355 3307 2476 3346 ecce
2502 3291 2634 3346 dum
2658 3296 2850 3349 stetero
2896 3311 3059 3366 super
3109 3300 3318 3368 fontem
3371 3315 3554 3372 aqua,

1911 3381 2066 3448 virgo
2087 3395 2206 3449 quae
2235 3379 2553 3451 egredietur
2580 3385 2638 3436 ut
2669 3380 2897 3440 hauriat
2923 3402 3147 3456 aquam,
3179 3392 3229 3443 et
3265 3388 3458 3445 dixero
3485 3389 3558 3446 ad

1909 3483 2032 3521 eam
2065 3483 2077 3520 :
2119 3467 2201 3521 Da
2224 3467 2366 3522 mihi
2389 3470 2686 3540 paululum
2726 3487 2850 3542 aqua
2904 3477 2967 3528 ut
3024 3475 3206 3532 bibam
3260 3477 3325 3534 de
3357 3477 3564 3551 hydria

1909 3560 2006 3611 tua
2034 3573 2054 3616 ,'
2080 3557 2134 3611 ei
2162 3557 2500 3628 responderit
2529 3576 2546 3612 :
2577 3561 2644 3614 Et
2672 3568 2731 3616 tu
2760 3561 2903 3630 bibe,
2935 3567 2986 3619 et
3013 3567 3240 3622 camelis
3288 3569 3377 3624 tui
3423 3568 3564 3625 hau-

1911 3648 2059 3700 riam
2093 3663 2104 3700 :
2139 3646 2258 3703 haec
2286 3649 2392 3702 erit
2419 3664 2580 3716 uxor,
2615 3667 2782 3721 quam
2801 3656 3142 3725 praeparavit
3160 3656 3430 3729 Dominus
3447 3656 3567 3729 ﬁlio

1912 3736 2135 3792 domini
2162 3737 2274 3791 mei
2302 3735 2434 3809 (Gen
2463 3755 2612 3805 xxtx,
2639 3739 2708 3792 42
2734 3724 2930 3812 sepq.).
2979 3741 3042 3798 In
3085 3758 3152 3799 eo
3201 3724 3360 3800 enim
3411 3724 3562 3813 loco,

1911 3824 1970 3880 in
2003 3842 2116 3897 quo
2148 3825 2231 3880 ait
2263 3843 2275 3881 :
2317 3828 2476 3896 Virgo
2505 3843 2631 3898 qum
2658 3828 2993 3899 egredietur,
3025 3835 3086 3887 ut
3119 3833 3342 3889 hauriat
3364 3848 3568 3905 aquam

1912 3914 1969 3969 in
2003 3914 2286 3970 Hebraico
2319 3916 2601 3988 scriptum
2635 3921 2724 3972 est
2746 3935 2916 3988 ALMA,
2947 3919 3003 3974 id
3039 3924 3132 3976 est
3149 3923 3304 3991 virgo
3331 3925 3566 3992 secreta,

1913 4007 1969 4058 et
1990 4003 2174 4058 nimia
2205 4009 2513 4076 parentum
2547 4004 2846 4078 diligentia
2881 4008 3192 4066 custodita.
3224 4011 3374 4067 Ante
3413 4013 3570 4068 certe

1913 4093 2228 4148 ostendant
2259 4092 2401 4148 mihi
2435 4093 2535 4148 ubi
2568 4093 2677 4150 hoc
2707 4097 2879 4152 verbo
2909 4097 3257 4170 appelentur
3282 4104 3340 4158 et
3367 4103 3566 4175 nupta

1913 4185 1970 4237 et
2001 4181 2353 4254 imperitiam
2387 4183 2726 4240 confitebor.
2761 4188 2908 4242 Ecce
2953 4188 3102 4260 virgo
3149 4191 3210 4245 in
3256 4198 3407 4250 utero
3435 4207 3574 4250 con-

1913 4273 2097 4344 cipiet,
2129 4275 2181 4327 et
2217 4273 2400 4343 pariet
2457 4273 2639 4344 ﬁlium
2698 4273 2756 4330 Si
2817 4291 2932 4332 non
2991 4277 3298 4350 praefertur
3346 4279 3569 4354 nuptiis

1917 4359 2246 4432 virginitas,
2305 4360 2560 4432 Spiritus
2617 4367 2856 4421 sanctus
2925 4381 3031 4422 cur
3105 4368 3400 4437 maritam,
3461 4385 3568 4427 cur

1916 4450 2152 4505 viduam
2185 4467 2301 4506 non
2332 4449 2560 4521 elegit?
2591 4451 2740 4520 Nam,
2783 4453 2884 4510 illo
2927 4459 3189 4530 tempore
3237 4463 3361 4515 erat
3401 4461 3572 4516 Anna

1919 4542 2040 4597 lilia
2077 4539 2385 4596 Phanuelis
2413 4541 2483 4596 de
2513 4541 2669 4597 tribu
2703 4547 2872 4614 Aser,
2908 4545 3161 4619 insignis
3184 4548 3568 4620 pudicitie,et

147 4633 291 4701 ante,
322 4651 434 4690 nec
470 4639 678 4708 postea
707 4635 1024 4707 quisquam
1090 4635 1319 4707 positus
1347 4639 1454 4691 est.
1487 4635 1558 4690 Et
1615 4640 1811 4692 tamen
1845 4643 1890 4707 D
1918 4646 2151 4702 semper
2187 4645 2401 4684 vacans
2451 4629 2818 4687 orationibus
2867 4637 2924 4689 et
2953 4633 3200 4706 jejuniis
3243 4637 3302 4691 in
3346 4634 3568 4709 templo

146 4718 258 4778 haec
287 4723 459 4797 virgo
493 4725 776 4796 perpetua
809 4721 1129 4779 multarum
1163 4727 1255 4779 est
1277 4729 1462 4778 mater
1488 4723 1806 4797 virginum.

149 4807 424 4882 Sequitur
457 4811 620 4868 enim
683 4828 696 4868 :
751 4811 1080 4869 Emissiones
1133 4819 1240 4868 tua:
1290 4813 1587 4884 paradisus
1642 4817 1812 4870 malo-

147 4909 514 4967 granatorum
563 4918 688 4968 cum
738 4901 929 4976 fructu
982 4919 1267 4974 pomorum
1318 4903 1498 4975 (Cant.
1559 4920 1636 4970 1v,
1705 4903 1810 4977 l3).

150 4988 206 5044 1n
237 4991 675 5065 malogranatis
704 4996 760 5047 et
792 4990 1004 5065 pomis,
1029 4993 1296 5048 omnium
1322 4991 1605 5048 virtutum
1638 4992 1815 5066 signi-

150 5077 353 5137 ﬁcatur
381 5081 446 5136 in
482 5078 816 5154 virginitate
849 5085 1166 5138 concentus
1211 5083 1254 5148 ³,
1304 5083 1610 5138 Fratruelis
1662 5099 1815 5140 meus

151 5169 414 5226 candidus
439 5178 499 5227 et
521 5169 861 5226 rubicundus
891 5169 1072 5241 (Cant.
1101 5187 1157 5236 v,
1219 5171 1304 5242 l0)
1359 5189 1372 5240 ;
1412 5171 1699 5228 candidus
1754 5172 1814 5228 in

150 5256 514 5334 virginitate,
567 5259 934 5317 rubicundus
972 5260 1030 5315 in
1059 5259 1358 5333 martyrio.
1390 5260 1459 5316 Et
1489 5260 1628 5332 quia
1657 5261 1816 5318 rubi-

220 5439 648 5498 ‘Veronensis
702 5457 795 5498 cor
848 5445 1102 5498 nostrum
1161 5458 1263 5512 pro
1320 5456 1551 5506 meum;
1597 5441 1822 5499 scilicet

156 5513 514 5589 tersioni‘ex
571 5512 765 5570 Graeco
817 5513 1292 5571 constantissime
1351 5512 1617 5584 inhaeret,
1669 5512 1822 5589 ἐκαρ-

165 5578 361 5646 εῐωσας
393 5585 572 5656 ἡμᾶς.

221 5657 243 5693 ³
269 5655 699 5730 Casanalensis
729 5673 862 5712 cum
894 5657 1070 5713 veteri
1102 5656 1358 5730 editione
1387 5661 1695 5730 conceptus.

223 5730 246 5770 ⁸
303 5727 701 5790 Maluinimus
785 5731 1059 5790 assentiri
1133 5729 1342 5790 Gravio
1399 5727 1638 5806 corrigit
1681 5729 1822 5808 ﬁlia,

493 5857 756 5926 PATROL.
830 5859 1047 5926 XXIII.

1922 4719 2044 4776 Dei.
2077 4719 2134 4774 Si
2166 4719 2524 4774 conversatio
2557 4724 2785 4776 tantum
2825 4725 2884 4777 et
2914 4723 3068 4779 bona
3111 4740 3289 4797 Opera
3326 4729 3384 4781 et
3402 4724 3568 4796 jeju-

1923 4809 2022 4865 nia
2047 4809 2270 4880 absque
2299 4807 2654 4880 virginitate,
2683 4809 2932 4882 Spiritus
2951 4812 3140 4868 sancti
3163 4814 3236 4869 ad
3259 4829 3322 4871 se
3345 4829 3572 4870 meren-

1921 4903 2019 4954 tur
2048 4899 2389 4967 adventum,
2421 4899 2612 4970 potuit
2639 4904 2695 4954 et
2726 4899 2839 4956 ista
2885 4906 3073 4957 mater
3128 4917 3258 4959 esse
3311 4902 3572 4962 Domini.

1921 4990 2239 5044 Curramus
2270 4987 2341 5042 ad
2374 4985 2601 5059 reliqua
2633 5004 2646 5042 :
2678 4989 2896 5060 Sprevit
2925 4989 3269 5062 te,inquit,et
3293 4992 3567 5065 despexit,

1923 5080 2083 5147 virgo
2109 5078 2228 5146 ﬁlia
2258 5079 2394 5132 Sion
2427 5077 2534 5149 (lsa
2557 5095 2770 5147 xxxv",
2795 5079 2909 5151 22).
2943 5079 3128 5144 Quam
3179 5079 3363 5137 filiam
3413 5081 3573 5139 dixe-

1926 5173 2034 5235 rat,
2068 5165 2379 5240 appellavit
2405 5171 2462 5223 et
2503 5166 2790 5240 virginem
2825 5185 2838 5224 :
2874 5186 2945 5225 ne
2997 5169 3046 5226 si
3103 5173 3334 5228 tantum
3391 5170 3576 5230 tiliam

1928 5257 2312 5326 nominasset,
2347 5257 2718 5314 arbitrareris
2747 5261 2804 5314 et
2833 5263 3100 5332 nuptam.
3135 5259 3266 5317 Haec
3295 5264 3387 5318 est
3412 5261 3576 5337 virgo

1930 5441 2179 5542 urgente
2209 5436 2385 5491 etiam
2443 5437 2659 5506 Graeco,
2719 5435 2949 5512 Θύγατερ
2984 5455 2996 5493 ;
3031 5443 3206 5496 antea
3263 5445 3390 5498 erat

2047 5509 2400 5542 \fnuunnnein
2431 5513 2735 5542 nnnatnnln
2767 5511 2965 5542 annikﬂ
3036 5513 3188 5542 ΔΠΔΙ
3211 5514 3289 5542 ΜΔ

2047 5509 2402 5564 Veronensis
2431 5513 2736 5564 constante
2767 5509 2990 5580 scribit,
3022 5513 3315 5571 ΑΗΑιΜΑ.

2004 5582 2024 5615 ⁵
2058 5581 2452 5664 lfcrperamnin
2479 5579 2677 5664 editis.
2715 5582 2774 5664 fit
2805 5582 2936 5638 dicit
2968 5602 3069 5658 pro
3102 5586 3164 5642 Et
3211 5585 3354 5655 dimi,
3385 5601 3418 5643 e
3447 5586 3579 5662 qui.

1936 5653 2049 5710 bus
2070 5653 2348 5725 incipitur
2373 5653 2683 5726 Scriptura:
2715 5656 2899 5716 locus.

3442 5442 3577 5514 ﬁlii.
