3944 6452
356 414 486 488 967

1611 422 1675 484 S.
1721 418 2032 486 EUSEBII
2073 416 2518 487 HIERONYMI

3645 412 3766 484 268

371 554 495 612 ﬁlia
523 554 597 611 ad
630 568 805 628 quam
838 554 977 612 alibi
1007 552 1222 612 dicitur
1255 578 1282 607 »
1318 572 1330 612 :
1363 556 1588 624 Laetare,
1637 557 1863 625 sterilis,
1892 572 2011 628 qum
2038 559 2093 624 Α
2125 558 2263 629 ipsa:
2295 575 2458 629 aequo
2488 557 2683 612 animo
2715 556 3015 629 patiantur
3044 554 3437 628 virginitatem
3471 552 3585 609 sibi
3618 569 3759 626 prte-

367 660 483 700 non
504 646 681 717 paris,
726 661 951 717 erumpe
1006 650 1055 701 et
1083 648 1280 714 clama,
1315 661 1439 718 qua:
1459 662 1569 702 non
1594 647 1859 717 periuris,
1882 661 2011 717 quo-

360 735 533 789 luiam
564 734 723 789 multi
742 735 851 804 lilii
872 734 1094 791 deserta
1122 738 1298 806 magis
1325 752 1493 807 quam
1539 737 1652 806 ejus
1706 750 1832 805 qua:
1858 735 2017 790 habet

373 826 559 878 virum
588 823 712 894 (Isa.
742 840 849 892 LIV,
885 825 958 895 1).
992 824 1109 881 Ista
1138 832 1221 880 est
1267 825 1336 881 de
1385 841 1501 896 qua
1547 840 1650 896 per
1700 823 2013 879 Jeremiam

364 910 636 983 loquitur
664 911 840 980 Deus,
888 912 1090 969 dicens
1125 931 1137 968 :
1170 913 1429 985 Nuuquid
1474 914 1818 968 obliviscetur
1854 927 2014 983 spon-

373 1016 438 1056 sa
459 1003 778 1058 ornamenti
815 1004 925 1069 sui,
983 1007 1080 1057 aut
1127 1005 1278 1073 virgo
1326 1004 1519 1073 fascia?
1559 1002 1849 1073 pectoralis
1901 1017 2016 1056 suae

375 1090 595 1162 (Jerem.
629 1107 691 1157 ιι,
720 1090 813 1160 32)
842 1090 869 1145 ‘I
898 1091 978 1147 De
1008 1091 1115 1147 hac
1146 1091 1203 1146 in
1235 1092 1437 1147 eadem
1465 1091 1769 1163 prophetia
1797 1090 2017 1162 grande

377 1179 732 1236 miraculum
762 1184 872 1249 est,
900 1180 1039 1253 quia
1070 1181 1285 1236 femina
1313 1180 1762 1236 circumdederit
1802 1179 2014 1245 virum,

379 1269 534 1326 289
564 1272 622 1326 et
648 1269 1043 1325 universitatis
1073 1273 1372 1342 parentem
1409 1269 1653 1341 virginis
1700 1271 1901 1324 venter
1929 1267 2017 1321 in-

376 1355 636 1414 eluserit.

449 1447 538 1502 33.
570 1448 832 1503 Jeremias
868 1450 1038 1519 virgo,
1093 1450 1211 1519 ejus
1257 1449 1576 1520 privilegia.
1637 1440 1830 1503 Verum
1886 1456 2019 1503 tem-

364 1533 531 1607 plum
562 1537 684 1605 Dei,
715 1536 855 1608 quod
880 1536 909 1592 ‘l
938 1569 1005 1578 —
1041 1559 1062 1586 ιι
1097 1537 1256 1603 Esto,
1307 1537 1518 1608 inquit,
1575 1537 1916 1609 nuptiarum
1965 1539 2023 1591 et

378 1624 734 1697 virginitatis
763 1625 842 1681 sit
869 1625 1101 1681 diversa
1129 1624 1407 1691 conditio,
1441 1624 1582 1696 quid
1615 1625 1685 1680 ad
1719 1624 1826 1679 hoc
1859 1628 2022 1696 potes

361 1712 589 1769 ‘dicere
616 1713 644 1767 ?
673 1712 734 1767 Si
762 1713 924 1785 virgo
955 1718 1013 1768 et
1040 1712 1218 1768 vidua
1254 1712 1471 1768 fuerint
1498 1712 1820 1784 baptizatus,
1853 1716 1909 1769 et
1941 1712 2023 1767 ita

386 1800 842 1873 permanserint,
867 1818 994 1873 qua:
1015 1801 1124 1856 erit
1141 1800 1293 1856 inter
1307 1804 1619 1873 utramque
1646 1801 2018 1857 diversitas?»

2123 646 2280 700 ferri.
2314 647 2373 701 Si
2404 646 2559 701 enim
2590 644 2721 700 illas
2754 662 2883 701 sera
2913 645 3199 717 pudicitia
3216 647 3350 717 post
3381 644 3763 714 despumatas

2124 735 2383 805 corporis
2413 734 2740 806 voluptates
2772 734 2944 806 erigit
2970 738 3172 789 contra
3204 733 3504 788 maritatas
3536 730 3767 804 [Al.ma-

2125 822 2309 893 ritas],
2335 839 2439 877 cur
2469 839 2583 877 non
2616 823 2767 877 infra
2792 827 3131 894 perpetuam
3163 826 3495 878 castitatem
3527 836 3658 877 esse
3706 836 3769 877 se

2125 912 2392 965 noverint
2419 910 2447 965 ?

2194 1000 2283 1054 35.
2317 1000 2538 1055 Leviora
2590 1010 2857 1072 pracepta
2903 1002 3032 1056 data
3086 1002 3216 1056 rudi
3271 1002 3451 1057 adhuc
3489 1002 3764 1058 Ecclesiaz.

2124 1089 2463 1144 Electionum
2492 1106 2668 1144 causa:
2698 1093 2887 1145 variae.
2923 1092 3153 1162 0/]‘ensio
3200 1093 3471 1147 malorum
3514 1091 3611 1159 esl,
3660 1106 3770 1147 non

2126 1179 2408 1233 bonorum.
2447 1180 2646 1234 Vitium
2683 1181 2971 1249 antiquum
3020 1183 3080 1235 in
3127 1182 3385 1235 Ecclesia.
3449 1180 3770 1251 Ofﬁciomm

2124 1269 2371 1334 nomina,
2403 1284 2513 1323 non
2544 1271 2883 1323 meritorum.
2908 1299 2976 1308 —
3008 1293 3035 1318 «
3070 1270 3330 1334 Frustra,
3380 1269 3595 1342 inquit,
3647 1268 3767 1325 haec

2126 1356 2404 1428 loqueris,
2440 1357 2579 1429 quia
2608 1362 2665 1413 et
2693 1357 2946 1430 episcopi
2973 1363 3030 1414 et
3072 1359 3392 1431 presbyteri
3423 1363 3481 1414 et
3508 1358 3768 1415 diaconi-

2129 1445 2307 1501 unius
2330 1446 2527 1502 uxoris
2555 1446 2686 1517 viri,
2718 1451 2775 1502 et
2822 1446 3105 1503 habentes
3154 1447 3327 1515 filios,
3380 1449 3451 1503 ab
3496 1446 3769 1520 Apostolo

2128 1534 2566 1599 constituuntur
2592 1537 2633 1590 ³.
2670 1557 2696 1584 ››
2728 1536 3027 1601 Quomodo
3057 1536 3128 1592 de
3156 1536 3486 1609 virginibus
3515 1538 3764 1609 Aposto-

2129 1621 2222 1678 lus
2254 1623 2391 1677 dicit
2423 1642 2484 1680 se
2514 1641 2628 1680 non
2660 1624 2873 1680 habere
2906 1628 3278 1697 praereptum,
3329 1629 3386 1681 et
3428 1630 3631 1682 tamen
3660 1626 3767 1681 dat

2130 1712 2464 1779 consilium,
2493 1714 2659 1785 quasi
2692 1714 3151 1770 misericordiam
3184 1719 3534 1771 consecutus
3586 1732 3620 1771 a
3649 1714 3771 1771 Do—

2132 1800 2311 1867 mino,
2345 1806 2401 1856 et
2428 1802 2537 1857 hoc
2568 1803 2687 1874 agit
2716 1802 2775 1857 in
2803 1803 2961 1857 omni
2994 1802 3095 1859 illa
3126 1804 3540 1876 disputatione,
3575 1808 3641 1860 ut
3663 1803 3778 1860 vir-

381 1890 545 1955 Quod
578 1891 649 1946 de
681 1892 842 1946 Petro
872 1895 929 1947 et
955 1892 1200 1961 Joanne,
1237 1892 1404 1947 Anna
1450 1896 1508 1947 et
1555 1891 1737 1946 Maria
1793 1892 2017 1947 dudum
2053 1926 2099 1991 B
2132 1889 2431 1961 ginitatem
2462 1892 2728 1962 praeferat
2785 1890 3183 1959 matrimonio,
3240 1897 3299 1947 et
3354 1892 3561 1948 suadet
3619 1892 3779 1965 quod

381 1978 661 2051 diximus,
694 1979 802 2036 hoc
829 1980 1099 2051 praesenti
1130 1980 1254 2036 loco
1285 1980 1565 2053 proﬁciat.
1599 1980 1658 2035 Si
1688 1981 1843 2035 enim
1873 1981 2023 2037 inter

387 2067 673 2142 virginem
706 2074 763 2124 et
796 2069 1031 2124 viduam
1062 2069 1385 2142 baptizatus
1416 2068 1562 2124 nihil
1593 2069 1855 2140 interest,
1888 2070 2026 2142 quia

382 2158 677 2231 baptisma
717 2175 931 2214 novum
979 2158 1277 2214 hominem
1295 2158 1451 2226 facit,
1476 2159 1677 2214 eadem
1693 2158 2023 2215 conditione

381 2252 441 2305 et
469 2251 663 2304 scorta
690 2251 865 2319 atque
895 2247 1220 2320 prostibula
1248 2248 1295 2304 si
1320 2248 1534 2303 fuerint
1554 2249 1877 2320 baptizatae,
1909 2249 2023 2303 vir-

381 2336 618 2410 ginibus
648 2337 1056 2409 aequabuntur.
1116 2337 1176 2392 Si
1234 2336 1389 2392 enim
1444 2337 1743 2410 praeterita:
1806 2336 2022 2410 nuptias

380 2426 529 2482 nihil
558 2429 768 2482 nocent
794 2426 981 2481 viduae
1014 2426 1335 2498 baptizataz,
1368 2430 1426 2481 et
1458 2427 1776 2498 praeteritae
1809 2427 1869 2481 in
1901 2442 2025 2482 me-

366 2516 692 2573 retricibus
717 2515 1064 2589 voluptates,
1095 2516 1475 2587 expositaque
1505 2515 1748 2587 publicae
1798 2515 2022 2571 libidini

383 2620 651 2677 corpora,
683 2608 816 2674 post
843 2604 1137 2661 lavacrum
1163 2604 1519 2676 virginitatis
1551 2604 1791 2676 prazmia
1817 2621 2027 2660 conse-

386 2703 660 2773 quentur.
690 2696 861 2751 Aliud
906 2712 1001 2750 esr
1042 2692 1423 2765 purissimam
1473 2696 1727 2748 mentem
1767 2696 1824 2748 et
1865 2691 2028 2747 nulla

360 2787 785 2846 'recordatione
805 2783 1093 2857 pollutam
1133 2782 1248 2837 Deo
1286 2782 1555 2853 jungere,
1607 2780 1765 2836 aliud
1815 2781 2028 2836 memi-

387 2880 547 2936 nisse
573 2875 951 2949 amplexuum
980 2871 1087 2927 viri
1121 2872 1282 2926 feda:
1314 2870 1681 2925 necessitatis
1729 2886 1740 2924 :
1772 2873 1828 2925 et
1870 2871 2025 2942 quod

388 2982 629 3039 corpore
660 2981 775 3020 non
816 2974 976 3035 agas,
1010 2958 1407 3016 recordatione
1447 2957 1725 3014 simulare
1773 2959 1811 3013 ¹.
1862 2958 2028 3015 Jere-

388 3058 559 3122 mias,
592 3054 691 3127 qui
725 3053 785 3107 in
816 3056 979 3106 utero
1010 3047 1409 3104 sanctificatus
1439 3051 1547 3115 est,
1580 3050 1635 3102 et
1654 3046 1922 3119 cognitus
1963 3048 2021 3103 in

364 3147 559 3205 'vulva
613 3142 843 3209 matris,
898 3140 1029 3195 ideo
1087 3138 1195 3193 hoc
1252 3134 1552 3209 privilegio
1611 3136 1845 3204 fruitur,
1891 3137 2031 3208 quia

364 3235 740 3311 ‘virginitatis
768 3235 893 3287 erat
920 3226 1268 3285 beatitudini
1298 3226 1721 3281 destinatus.Et
1741 3242 1873 3281 cum
1905 3243 2029 3282 om-

2131 1980 2418 2050 imperare
2444 1996 2559 2034 non
2590 1980 2783 2047 audet,
2821 1997 2891 2035 ne
2922 1980 3158 2050 injicere
3179 1981 3445 2037 videatur
3472 1980 3777 2053 laqueum,

2131 2072 2188 2122 et
2218 2067 2347 2139 plus
2373 2068 2670 2140 imponere
2702 2069 2997 2141 ponderis,
3028 2086 3203 2141 quam
3238 2074 3427 2142 potest
3464 2070 3780 2128 hominum

2132 2157 2422 2212 sustinere
2478 2157 2834 2213 naturazita
2888 2162 2946 2213 et
3003 2157 3062 2212 in
3120 2158 3515 2215 ecclesiastico
3572 2160 3779 2217 ordine

2133 2244 2562 2315 constituendo,
2597 2245 2735 2317 quia
2764 2246 2929 2302 rudis
2959 2263 3026 2303 ex
3058 2248 3334 2319 gentibus
3383 2248 3780 2305 constitueba-

2132 2339 2230 2389 tur
2257 2333 2532 2402 Ecclesia,
2565 2334 2780 2391 leviora
2819 2352 3005 2408 nuper
3061 2337 3431 2394 credentibus
3489 2338 3590 2395 dat
3645 2354 3782 2411 pre-

2134 2428 2318 2495 cepta,
2352 2440 2424 2478 ne
2470 2424 2657 2479 territi
2719 2425 2867 2479 ferre
2914 2441 3026 2480 non
3096 2430 3355 2497 possent.
3417 2427 3675 2500 Denique
3726 2431 3786 2484 et

2135 2513 2378 2583 apostoli
2414 2517 2470 2567 et
2499 2512 2757 2568 seniores
2805 2514 2875 2568 de
2924 2513 3341 2587 Hierosolymis
3388 2514 3612 2572 litteras
3643 2516 3786 2573 mit-

2136 2606 2289 2667 tunt,
2319 2606 2382 2656 ut
2435 2619 2548 2657 non
2600 2602 2857 2674 amplius
2907 2603 3243 2675 imponatur
3291 2605 3489 2661 oneris
3536 2605 3632 2662 his
3680 2605 3787 2678 qui

2136 2691 2207 2745 de
2234 2690 2505 2761 gentibus
2535 2690 2906 2747 crediderunt
2960 2692 3073 2747 nisi
3133 2697 3197 2748 ut
3252 2694 3588 2751 abstineant
3614 2711 3676 2751 se
3715 2696 3790 2752 ab

2136 2778 2548 2845 idololatria,et
2575 2780 3044 2851 fornicatione,et
3074 2799 3108 2837 a
3136 2783 3510 2855 sanguine,et
3538 2783 3793 2840 asufﬂ‘o-

2137 2868 2280 2923 catis
2310 2886 2322 2935 ;
2354 2873 2409 2922 et
2430 2869 2597 2939 quasi
2630 2868 2884 2941 parvulis
2916 2871 3434 2942 atqueinfantibus
3468 2872 3558 2929 lac
3579 2878 3794 2945 potum

2137 2958 2296 3024 dant,
2332 2975 2446 3013 non
2479 2958 2732 3014 solidum
2764 2959 2958 3014 cibum
2985 2978 2997 3028 ;
3033 2977 3136 3015 nec
3169 2962 3514 3033 praecipiunt
3543 2963 3613 3018 de
3642 2979 3788 3020 con-

2139 3047 2405 3115 tinentia,
2440 3062 2543 3101 nec
2574 3047 2645 3102 de
2673 3047 3001 3118 virginitate
3033 3050 3391 3121 significant,
3433 3068 3538 3107 nec
3591 3052 3668 3108 ad
3693 3054 3787 3125 je-

2129 3136 2301 3207 junia
2330 3141 2661 3208 provocant,
2696 3153 2882 3209 neque
2912 3139 3115 3193 dicunt
3141 3139 3283 3195 illud
3316 3141 3470 3212 quod
3502 3140 3562 3196 in
3602 3142 3793 3197 Evan-

2140 3225 2288 3299 gelio
2318 3226 2389 3280 ad
2422 3225 2715 3297 apostolos
2746 3226 3149 3298 dirigitur3,ne
3164 3228 3421 3285 habeant
3450 3230 3598 3286 duas
3630 3230 3793 3287 tuni-

370 3292 676 3398 'nesoeapti
707 3322 843 3391 sint,
872 3334 1010 3375 vasa
1038 3332 1273 3389 quoque
1301 3314 1503 3387 templi
1537 3314 1851 3387 Babylonio
1897 3332 2028 3388 rege
2060 3292 2102 3359 Ε
2142 3332 2259 3382 cas,
2294 3330 2365 3369 ne
2398 3332 2616 3387 peram,
2652 3332 2723 3369 ne
2754 3333 2831 3371 tus
2859 3316 2919 3371 in
2942 3316 3203 3385 zonis,ne
3232 3317 3457 3390 virgam
3490 3318 3550 3373 in
3577 3336 3790 3387 manu,

385 3421 655 3475 vastante
680 3413 926 3483 direpta,
959 3407 1068 3463 iste
1099 3405 1258 3462 solus
1289 3404 1437 3459 liber
1484 3404 1554 3459 ab
1604 3404 1875 3460 hostibus
1922 3410 2030 3477 est,

368 3513 449 3566 'et
486 3501 841 3578 captivitatis
869 3496 1056 3553 nescit
1080 3494 1348 3565 injurias,
1381 3497 1437 3548 et
1461 3493 1837 3549 avictoribus
1868 3511 2029 3550 acce-

352 3597 359 3605 ’
390 3598 477 3671 pit
506 3590 817 3667 stipendia,
844 3591 902 3643 et
928 3583 1331 3652 Nabuzardan,
1372 3582 1466 3637 cui
1514 3582 1585 3637 de
1629 3583 1849 3638 sanctis
1894 3600 2027 3638 san-

360 3671 365 3677 .
390 3693 619 3745 ctorum
650 3676 1189 3737 Nabuchodonosor
1216 3688 1332 3727 non
1363 3676 1730 3743 praeceperat,
1758 3673 2029 3744 praecepit

366 3778 459 3835 'de
482 3770 755 3831 Jeremia.
780 3772 898 3823 Hoc
919 3764 1077 3821 enim
1108 3778 1309 3818 verum
1347 3760 1632 3832 templum
1682 3760 1781 3815 Dei
1832 3765 2028 3829 est,,et

364 3862 506 3923 haec
532 3864 747 3920 Sancta
776 3860 1134 3919 sanctorum,
1190 3867 1317 3923 quae
1364 3849 1720 3921 virginitatis
1773 3850 2024 3921 puritate

358 3952 631 4012 'Domino
661 3948 1098 4006 consecrantur.
1134 3941 1201 3995 At
1230 3957 1260 3995 e
1290 3939 1578 3994 contrario
1609 3938 1890 4008 Ezechiel,
1922 3938 2023 4012 qui

379 4043 644 4116 captivus
673 4037 982 4094 tenebatur
1009 4032 1070 4087 in
1100 4028 1409 4101 Babylone,
1461 4028 1561 4100 qui
1609 4033 2019 4100 tempestatem

362 4133 455 4189 ‘ab
486 4127 774 4202 Aquilone
801 4124 1130 4180 venientem
1158 4119 1463 4187 viderat,et
1491 4117 1790 4173 turbinem
1813 4123 2022 4174 cuncta

386 4220 733 4294 rapientem,
765 4214 847 4269 ait
878 4230 891 4267 :
923 4213 1139 4269 Mortua
1176 4212 1250 4263 est
1279 4224 1422 4262 uxor
1465 4223 1586 4262 mea
1629 4206 1698 4262 ad
1746 4224 2021 4278 vesperam

387 4318 439 4367 et
485 4309 593 4381 feci
648 4318 809 4360 mane
863 4302 1003 4357 sicut
1054 4299 1384 4370 praeceptum
1438 4297 1579 4351 mihi
1632 4305 1749 4351 erat
1806 4297 2017 4367 (Ezech.

354 4404 533 4456 ‘xxrv.
566 4394 678 4468 48).
710 4390 1060 4447 Praedixerat
1105 4385 1261 4442 enim
1309 4385 1359 4441 ei
1401 4385 1704 4452 Dominus,
1755 4386 1907 4456 quod
1961 4385 2017 4440 in

380 4488 474 4544 die
503 4484 605 4540 illa
630 4480 952 4554 aperiretur
981 4491 1046 4531 os
1094 4475 1241 4545 ejus,
1288 4478 1343 4529 et
1389 4472 1744 4545 loqueretur,
1795 4478 1853 4528 et
1901 4490 2017 4529 non

377 4578 596 4635 taceret
625 4569 900 4643 amplius.
944 4564 1263 4637 Diligenter
1318 4563 1571 4631 attende,
1632 4562 1815 4617 donec
1872 4580 2020 4619 uxor

2141 3421 2213 3460 ne
2244 3403 2633 3459 calceamenta
2661 3404 2719 3459 in
2749 3404 3018 3476 pedibus,
3051 3411 3153 3461 aut
3183 3410 3337 3462 certe
3371 3406 3515 3463 illud
3552 3425 3565 3463 :
3600 3407 3666 3463 Si
3707 3410 3793 3464 vis

2136 3497 2403 3566 perfectus
2431 3510 2557 3559 esse,
2590 3494 2721 3548 vade
2752 3498 2803 3549 et
2834 3494 3000 3549 vende
3029 3498 3215 3550 omnia
3245 3500 3339 3551 tua
3390 3501 3440 3551 et
3465 3496 3535 3552 da
3569 3513 3789 3570 paupe-

2136 3584 2287 3638 ribus
2319 3600 2330 3639 :
2365 3593 2417 3638 ct
2447 3586 2815 3653 vcni,scquere
2843 3584 3164 3655 me(Matih.
3192 3601 3305 3639 xxx.
3352 3584 3520 3657 :4).Si
3551 3586 3715 3642 enim
3740 3603 3797 3643 a-

2135 3671 2433 3728 dolescens
2445 3671 2644 3743 illequi
2660 3673 3264 3743 sejactaveratcuncta
3276 3673 3481 3730 fecisse
3497 3690 3627 3747 quas
3641 3673 3800 3749 legis

2135 3767 2295 3829 sunt,
2327 3762 2573 3817 audiens
2602 3761 2925 3827 hoc,tristis
2948 3761 3257 3834 abiit,quia
3278 3763 3535 3819 habebat
3555 3779 3798 3835 posses-

2132 3851 2326 3906 siones
2384 3850 2620 3919 multas,
2677 3854 2735 3905 et
2790 3849 3062 3906 Pharisaei
3087 3850 3495 3923 hujuscemodi
3549 3852 3798 3909 Domini

2131 3939 2478 3995 sententiam
2525 3939 2972 3995 subsannabant
3022 3955 3034 3993 ε
3088 3944 3310 4011 quanto
3370 3939 3558 4013 magis
3618 3944 3798 3998 tanta

2130 4030 2395 4101 gentium
2427 4028 2761 4095 multitudo,
2794 4028 2886 4083 cui
2910 4045 3146 4084 summa
3173 4029 3360 4085 virtus
3411 4034 3537 4085 erat
3587 4028 3794 4089 aliena

2130 4134 2245 4174 non
2279 4135 2499 4190 rapere,
2542 4135 2657 4173 non
2710 4116 2964 4173 habebat
3013 4134 3249 4173 necesse
3297 4122 3656 4191 praeceptum
3709 4119 3789 4177 de

2128 4207 2395 4262 castitate
2423 4210 2479 4262 et
2507 4205 2863 4261 continentia
2893 4210 3194 4278 perpetua,
3239 4207 3455 4279 quibus
3477 4206 3793 4266 scribeba-

2127 4302 2224 4351 tur
2257 4300 2321 4351 ut
2351 4296 2715 4351 abstinerent
2743 4311 2805 4349 se
2836 4295 2909 4350 ab
2941 4294 3134 4361 idolis,
3185 4299 3242 4351 et
3290 4314 3324 4351 a
3368 4295 3787 4365 fornicatione,

2125 4390 2182 4440 et
2209 4385 2267 4440 in
2291 4385 2505 4456 quibus
2538 4383 2885 4440 audiebatur
2916 4383 3246 4451 fornicatio,
3300 4390 3357 4440 et
3404 4383 3540 4442 talis
3590 4386 3789 4443 forni-

2127 4474 2295 4541 catio,
2330 4491 2456 4546 qua:
2489 4490 2559 4529 ne
2591 4474 2742 4528 inter
2770 4478 2970 4545 gentes
3026 4474 3266 4546 quidem
3326 4479 3415 4531 est
3476 4473 3487 4529 l
3551 4475 3667 4531 Sed
3720 4480 3790 4534 et

2126 4564 2271 4619 291
2306 4563 2432 4633 ipsa
2490 4561 2837 4633 episcopalis
2893 4561 3099 4618 electio
3156 4578 3387 4619 mecum
3446 4563 3604 4620 facit.
3639 4565 3781 4622 Non

375 4667 589 4724 viveret
615 4679 732 4719 non
761 4657 1015 4714 habebat
1044 4654 1370 4710 libertatem
1422 4652 1704 4725 populum
1755 4670 2015 4708 commo-
2046 4662 2091 4727 D
2122 4652 2277 4707 enim
2309 4652 2448 4707 dicit
2479 4668 2493 4719 ;
2529 4650 2791 4723 Eligatur
2827 4651 3160 4724 episc0pus,
3212 4652 3315 4723 qui
3367 4668 3546 4707 unam
3594 4652 3789 4710 ducat

310 4746 316 4752 ’
374 4755 573 4814 nendi.
603 4750 844 4808 Moritur
873 4763 1037 4812 uxor,
1069 4748 1128 4800 et
1157 4742 1461 4815 coniugale
1509 4741 1808 4797 vinculum
1841 4742 2015 4798 solvi-

372 4849 490 4915 tur,
522 4849 578 4900 et
606 4842 826 4912 absque
856 4835 977 4892 ulla
1007 4832 1393 4905 trepidatione
1436 4847 1668 4903 semper
1715 4831 1774 4885 in
1823 4831 2014 4888 officio

372 4930 699 5008 prophetali
732 4932 840 4984 est.
874 4924 980 4991 Qui
1012 4922 1168 4978 enim
1201 4920 1349 4976 liber
1376 4925 1615 4975 vocatus
1645 4925 1750 4987 est,
1774 4938 1904 4976 vere
1926 4926 2015 4977 est

368 5040 575 5081 servus
604 5017 838 5075 Christi.
871 5015 997 5070 Non
1031 5027 1177 5083 nego
1208 5012 1409 5066 beatas
1432 5025 1559 5065 esse
1606 5009 1834 5076 viduas,
1885 5028 2011 5083 qua:

356 5102 451 5169 “ita
470 5115 601 5185 post
617 5107 979 5180 baptismum
998 5101 1323 5156 manserint
1346 5117 1358 5168 ;
1388 5114 1490 5153 nec
1512 5096 1746 5154 illarum
1770 5098 2010 5156 detraho

369 5200 598 5267 merito,
628 5198 783 5254 290
812 5210 938 5266 quae
967 5207 1101 5247 cum
1132 5188 1272 5245 viris
1302 5188 1359 5242 in
1383 5188 1651 5243 castitate
1668 5189 2007 5260 perdurant,

366 5291 469 5348 sed
501 5288 677 5345 sicuti
724 5287 809 5341 hm
854 5281 1096 5354 majoris
1147 5278 1301 5350 apud
1345 5282 1528 5333 Deum
1577 5277 1800 5349 praemii
1848 5283 2009 5347 sunt,

367 5395 547 5453 quam
580 5378 780 5447 nuptm
834 5368 1126 5443 conjugali
1179 5367 1368 5424 officio
1423 5367 1761 5435 servientes,
1822 5367 1902 5423 ita
1952 5371 2010 5423 et

435 5623 452 5657 ¹
519 5618 953 5678 Casanatensis.
1024 5613 1410 5673 RecOrdatione
1482 5612 1832 5667 dissimulare
1892 5627 2005 5667 non

2125 4758 2383 4807 uxorem,
2415 4746 2471 4795 et
2502 4739 2649 4795 filios
2683 4740 2855 4795 faciat
2890 4758 2903 4808 ;
2937 4741 3039 4795 sed
3073 4740 3172 4812 qui
3206 4757 3385 4795 unam
3419 4741 3596 4797 ducat
3625 4759 3784 4799 uxo-

2124 4834 2329 4895 rem,ct
2359 4828 2509 4884 filios
2540 4829 2597 4884 in
2630 4829 2788 4884 omni
2820 4829 3088 4885 subditos
3118 4828 3430 4901 disciplina
3459 4831 3507 4901 (l
3536 4830 3782 4900 Tim.m,

2121 4922 2175 4987 2,
2211 4921 2241 4973 4
2275 4937 2287 4986 ;
2323 4920 2418 4983 Tit,
2452 4936 2491 4985 ι,
2525 4920 2601 4987 6).
2654 4918 2819 4974 Certe
2881 4918 3174 4974 conﬁteris
3235 4936 3350 4974 non
3409 4935 3582 4991 posse
3641 4936 3785 4977 esse

2121 5009 2483 5081 episcopum,
2515 5008 2615 5079 qui
2648 5009 2703 5063 in
2728 5007 3066 5079 episcopatu
3101 5007 3249 5064 ﬁlios
3284 5006 3475 5063 faciat.
3506 5006 3783 5082 Alioqui,

2121 5097 2169 5152 si
2200 5097 2598 5168 deprehensus
2629 5096 2824 5163 fuerit,
2860 5114 2973 5152 non
3002 5097 3170 5169 quasi
3194 5097 3282 5151 vir
3310 5096 3628 5167 tenebitur,
3664 5099 3784 5155 sed

2120 5186 2287 5259 quasi
2319 5186 2547 5241 adulter
2576 5186 2972 5242 damnabitur.
3009 5191 3125 5241 Aut
3156 5186 3425 5259 permitte
3447 5187 3781 5256 sacerdoti-

2119 5276 2230 5332 bus
2260 5292 2522 5332 exercere
2554 5293 2731 5349 opera
2769 5276 3131 5348 nuptiarum,
3177 5281 3243 5331 ut
3286 5276 3442 5332 idem
3491 5275 3621 5332 sint
3646 5276 3779 5335 vir-

2118 5365 2289 5439 gines
2322 5366 2475 5438 quod
2508 5365 2703 5421 mariti
2737 5382 2749 5420 :
2784 5371 2886 5422 aut
2914 5365 2963 5421 si
3006 5366 3412 5423 sacerdotibus
3456 5381 3575 5421 non
3626 5364 3785 5423 licet

2185 5611 2206 5643 ²
2236 5609 2393 5664 Idem
2425 5608 2851 5664 Casanatensis.
2883 5609 2960 5663 Ab
2988 5610 3233 5680 Apostolo
3272 5625 3383 5665 non
3411 5607 3784 5684 confundun-

396 5710 534 5751 osse.
560 5694 842 5759 Jeremias,
875 5695 1006 5759 etc.,
1030 5686 1205 5762 paulo
1235 5685 1387 5742 infra
1413 5684 1715 5760 Babylonio
1752 5690 2002 5741 vastante
2114 5690 2205 5762 tu):
2236 5698 2338 5762 pro
2359 5683 2787 5762 opustituuntur.

403 5768 611 5829 abetur
641 5765 701 5824 in
730 5779 874 5824 mss.
905 5763 1126 5836 absque
1156 5773 1302 5833 rege.

2183 5754 2204 5793 ³
2231 5752 2335 5823 Ms,
2368 5754 2424 5810 S.
2459 5753 2680 5821 Crucis,
2708 5753 2791 5809 «Id
2820 5752 3081 5827 apostolos
3109 5753 3334 5811 dicitur.
