3944 6432
196 408 301 471 Ξ69

1248 400 1662 467 ADVERSUS
1709 396 2195 466 JOVINIANUM
2240 402 2391 465 LIB.
2438 401 2487 465 Ι.

3444 401 3577 469 επ

201 555 381 597 uxores
416 541 675 612 tangere,
706 534 767 595 in
815 554 882 596 eo
912 537 1099 596 sancti
1139 540 1299 607 sunt,
1344 538 1483 610 quia
1513 539 1818 594 imitantur
1845 535 2199 605 Ajussioni.
2231 537 2513 608 Quodque
2571 536 2662 592 his
2730 539 2898 611 pejus
2949 542 3057 610 est,
3101 538 3222 595 illis
3265 537 3573 596 clericatus

197 628 514 704 pudicitiam
545 627 910 701 virginalem.
936 628 1048 684 Sed
1078 630 1135 683 et
1163 626 1271 683 hoc
1301 627 1690 684 inferendum.
1750 628 1811 685 Si

182 719 360 791 laicus
385 723 443 773 et
470 716 807 790 quicunque
838 717 1026 775 ﬁdelis
1056 737 1223 777 orare
1271 736 1386 775 non
1436 724 1646 794 potest,
1697 720 1811 776 nisi

197 811 366 865 careat
393 806 584 863 ofﬁcio
606 807 921 879 conjugali,
954 812 1263 879 sacerdoti,
1298 813 1391 869 cui
1429 829 1663 885 semper
1708 828 1811 885 pro

193 895 384 970 populo
412 895 708 951 offerenda
731 900 870 952 sunt
889 897 1194 972 sacriﬁcia,
1254 918 1486 975 semper
1524 903 1811 957 orandum

196 989 287 1043 est.
316 984 371 1041 Si
391 1001 625 1058 semper
652 986 939 1041 orandum
985 992 1092 1055 est,
1152 1006 1290 1064 ergo
1339 1007 1571 1063 semper
1612 1008 1811 1047 caren-

195 1076 315 1131 dum
345 1073 737 1131 matrimonio.
764 1074 908 1131 Nam
935 1079 991 1132 et
1029 1077 1089 1133 in
1142 1081 1321 1135 veteri
1369 1080 1493 1153 lege
1552 1082 1651 1154 qui
1709 1099 1813 1154 pro

178 1163 382 1238 populo
409 1164 633 1221 hostias
653 1164 992 1233 offerebant,
1024 1183 1138 1223 non
1180 1168 1372 1225 solum
1424 1170 1481 1225 in
1541 1170 1813 1226 domibus

194 1254 300 1311 suis
350 1258 535 1333 erant,
585 1254 684 1310 sed
776 1254 1242 1327 puriﬁcabantur
1298 1260 1369 1314 ad
1442 1264 1675 1333 tempus
1742 1263 1812 1316 ab

191 1343 444 1419 uxoribus
477 1343 753 1416 separati,
784 1348 842 1401 et
872 1345 1073 1401 vinum
1118 1351 1176 1403 et
1208 1347 1453 1405 siceram
1491 1366 1605 1404 non
1652 1349 1814 1405 bibe-

193 1433 337 1500 bant,
384 1449 512 1504 quae
533 1431 724 1489 solent
770 1432 1077 1490 libidinem
1121 1442 1453 1509 provocare.
1510 1438 1819 1511 Eliguntur

188 1521 362 1578 mariti
382 1523 441 1577 in
473 1522 889 1591 sacerdotium,
919 1539 1034 1579 non
1067 1541 1243 1598 nego;
1302 1528 1443 1598 quia
1510 1545 1622 1601 non
1680 1534 1819 1584 sunt

188 1610 316 1667 tanti
344 1611 614 1685 virgines,
669 1612 876 1683 quanti
935 1616 1251 1671 necessarii
1285 1622 1426 1671 sunt
1463 1619 1814 1674 sacerdotes.

164 1700 443 1773 ,Nunquid
476 1700 619 1774 quia
646 1699 706 1756 in
728 1700 982 1757 exercitu
1014 1703 1373 1760 fortissimus
1429 1707 1683 1779 quisque
1713 1708 1816 1763 eli-

182 1790 390 1865 gendus
414 1795 533 1865 est,
564 1790 783 1846 idcirco
802 1807 918 1847 non
950 1798 1330 1850 assumentur
1353 1800 1410 1851 et
1441 1796 1811 1854 inﬁrmiores.

181 1894 302 1935 cum
331 1895 535 1936 omnes
565 1878 745 1937 fortes
773 1896 904 1936 esse
933 1898 1049 1937 non
1096 1883 1370 1955 possint?
1420 1885 1480 1940 Si
1531 1886 1817 1943 exercitus

180 1966 385 2025 viribus
414 1973 646 2024 tantum
678 1974 993 2038 constaret,
1046 1975 1103 2027 et
1157 1988 1272 2027 non
1332 1972 1508 2029 etiam
1571 1992 1814 2032 numero

166 2056 442 2133 militum,
479 2058 875 2130 abjicerentur
916 2059 1350 2119 imbecilliores.
1397 2064 1563 2119 Nunc
1612 2070 1669 2121 et
1724 2083 1815 2122 se-

178 2148 489 2204 cundarum
517 2152 576 2205 et
606 2148 911 2205 tertiarum
942 2150 1155 2206 virium
1207 2153 1426 2224 gradus
1469 2154 1814 2224 assumitur,

182 2241 239 2292 ut
282 2237 451 2294 turba
482 2240 542 2293 et
566 2254 810 2294 numero
842 2239 1130 2296 exercitus
1161 2241 1542 2314 compleatur.
1576 2244 1646 2299 Et
1677 2260 1817 2316 quo-

166 2327 361 2393 .modo,
381 2326 640 2399 inquies,
670 2327 1008 2400 frequenter
1036 2328 1094 2383 in
1124 2330 1488 2387 ordinatione
1544 2333 1814 2388 sacerdo-

176 2414 267 2471 tali
296 2415 456 2489 virgo
490 2414 829 2488 negligitur,
864 2421 921 2472 et
952 2417 1202 2474 maritus
1233 2420 1605 2475 assumitur?
1670 2422 1815 2488 Quia

150 2504 308 2563 .forte
336 2509 552 2577 caetera
571 2521 747 2578 opera
776 2522 890 2561 non
916 2504 1094 2562 habet
1119 2506 1441 2580 virginitati
1495 2525 1816 2581 congruen-

172 2592 264 2661 tia,
294 2599 394 2651 aut
415 2595 585 2667 virgo
615 2598 877 2667 putatur,
909 2599 967 2651 et
1014 2612 1129 2651 non
1169 2601 1292 2652 est:
1352 2602 1454 2652 aut
1502 2606 1591 2654 est
1633 2599 1812 2673 virgi-

171 2682 360 2740 nitatis
390 2684 700 2754 infamis’,
732 2688 834 2739 aut
863 2688 1019 2740 certe
1046 2684 1177 2757 ipsa
1214 2685 1518 2759 virginitas
1564 2687 1615 2743 ei
1666 2688 1817 2761 parit

170 2771 526 2845 superbiam,
558 2774 616 2826 et
647 2771 787 2825 dum
821 2770 933 2826 sibi
962 2772 1273 2846 applaudit
1303 2777 1374 2832 de
1406 2776 1530 2832 sola
1554 2779 1815 2851 corporis

167 2860 446 2931 castitate,
483 2859 729 2935 virtutes
747 2866 988 2917 caeteras
1014 2862 1276 2935 negligit.
1310 2864 1435 2920 Non
1464 2865 1616 2922 fovet
1671 2884 1814 2939 pau-

167 2963 360 3020 peres:
388 2948 655 3022 pecunia:
686 2949 954 3022 cupidior
1005 2955 1112 3006 est.
1146 2952 1347 3008 Evenit
1395 2954 1689 3012 interdum
1752 2961 1817 3012 ut

166 3038 381 3094 tristior
421 3036 646 3102 vultus,
704 3039 1029 3095 adductum
1085 3041 1489 3114 supercilium,
1549 3045 1816 3102 incessus

168 3143 515 3201 pomparum
550 3126 785 3183 ferculis
810 3130 831 3162 ²
861 3128 1097 3194 similis,
1130 3130 1386 3187 offendat
1413 3133 1719 3206 populum,
1758 3141 1817 3191 et

165 3216 294 3287 quia
323 3215 481 3272 nihil
511 3216 688 3273 habet
721 3217 874 3289 quod
908 3218 1296 3291 reprehendat
1323 3220 1381 3276 in
1402 3223 1809 3289 vita,habitum

1929 625 2151 680 donant
2180 626 2452 698 gradum,
2492 643 2745 700 quorum
2776 633 2918 684 sunt
2971 627 3269 701 obsequiis
3317 626 3570 684 deliniti.

1923 713 2223 786 Alioquisi
2247 715 2421 785 juxta
2479 716 2830 773 sententiam
2884 717 3168 790 Apostoli,
3226 734 3344 774 non
3401 719 3574 773 erunt

1923 802 2181 875 episcopi
2248 804 2362 859 nisi
2404 805 2620 877 mariti,
2684 807 2808 878 ipse
2871 808 3188 879 Apostolus
3262 806 3571 879 episcopus

1922 907 2052 949 esse
2092 910 2208 948 non
2239 893 2459 962 debuit,
2484 895 2583 967 qui
2615 896 2762 952 dixit
2794 915 2807 953 :
2867 898 2986 953 Volo
3032 900 3216 954 autem
3253 912 3437 952 omnes
3489 897 3573 953 sic

1924 998 2054 1049 esse,
2085 984 2229 1037 sicut
2260 999 2354 1053 ego
2382 1000 2507 1039 sum
2523 986 2573 1054 (Ι
2596 984 2716 1040 Cor.
2750 1002 2850 1055 vu,
2901 986 2979 1057 7).
3042 987 3110 1042 Et
3166 987 3423 1044 Joannes
3472 985 3568 1042 in-

1923 1070 2141 1142 dignus
2174 1070 2283 1126 hac
2305 1073 2489 1143 gradu
2518 1074 2970 1143 existimabitur,
2997 1081 3053 1132 et
3068 1092 3272 1133 omnes
3292 1074 3572 1148 virgines,

1925 1165 1982 1214 et
2006 1161 2391 1229 continentes,
2424 1162 2642 1234 quibus
2664 1164 2834 1236 quasi
2864 1164 3305 1239 pulcherrimis;
3320 1165 3572 1238 gemmis

1927 1248 2191 1304 Ecclesiae
2226 1251 2440 1306 monile
2471 1252 2797 1308 decoratur.
2821 1255 3145 1327 Episcopus
3174 1260 3233 1311 et
3275 1256 3579 1328 presbyter

1927 1342 1983 1392 et
2014 1338 2294 1393 diaconus
2317 1356 2430 1394 non
2463 1345 2603 1396 sunt
2629 1342 2971 1398 meritorum
2994 1344 3254 1411 nomina,
3287 1345 3390 1401 sed
3447 1345 3576 1401 ofﬂ-

1926 1425 2175 1481 ciorum.
2209 1427 2324 1482 Nec
2355 1428 2607 1484 dicitur:
2636 1431 2702 1487 Si
2720 1432 2843 1501 quis
2870 1433 3244 1505 episcopatum
3279 1434 3574 1505 desiderat,

1927 1518 2131 1571 bonum
2159 1515 2427 1572 desiderat
2456 1519 2693 1587 gradum
2721 1521 2767 1588 (I
2791 1521 2924 1575 Tim.
2966 1538 3051 1589 ιιι,
3082 1521 3137 1593 4)
3156 1539 3178 1585 ;
3234 1522 3329 1578 sed
3376 1524 3576 1581 bonum

1926 1621 2062 1677 opus
2090 1604 2381 1674 desiderat,
2415 1608 2567 1678 quod
2601 1609 2661 1663 in
2693 1609 2899 1681 majori
2959 1611 3161 1667 ordine
3218 1614 3576 1671 constitutus

1928 1693 2134 1766 possit,
2168 1695 2217 1749 si
2250 1695 2402 1764 velit,
2426 1698 2792 1754 occasionem
2847 1700 3302 1758 exercendarum
3360 1702 3576 1761 habere

1926 1783 2235 1841 virtutum.

1999 1873 2088 1929 35.
2136 1875 2343 1943 Regula
2388 1876 2717 1933 sobrietatis.
2771 1878 2954 1935 Virtus
3003 1880 3206 1949 gradus
3257 1882 3581 1940 ecclesiasti-

1926 1978 2013 2017 cos
2060 1962 2243 2019 beatos
2290 1964 2489 2035 efﬁcit.
2540 1997 2608 2005 —
2653 1966 2872 2038 Oportet
2910 1985 3038 2040 ergo
3081 1972 3391 2043 episcopum
3437 1973 3577 2030 irre-

1921 2052 2353 2124 prehensibilcm
2378 2069 2511 2121 esse,
2545 2060 2608 2110 ut
2653 2056 2799 2111 nulli
2841 2057 2982 2113 vitio
3039 2059 3409 2132 mancipatus
3464 2062 3579 2132 sit;

1927 2143 2095 2196 unius
2125 2145 2318 2198 uxoris
2361 2145 2565 2211 virum,
2621 2146 2720 2216 qui
2768 2162 2947 2203 unam
3003 2164 3242 2205 uxorem
3286 2150 3581 2222 habuerit,

1926 2246 2048 2285 non
2081 2230 2326 2298 habeat;
2383 2233 2650 2302 sobrium,
2710 2235 2853 2303 sive,
2900 2240 2966 2291 ut
3011 2236 3225 2294 melius
3255 2237 3317 2293 in
3378 2239 3576 2297 Graeco

1924 2318 2163 2387 dicitur,
2184 2322 2533 2389 vigilantem,
2564 2321 2621 2378 id
2657 2328 2762 2389 est,
2794 2321 3066 2400 νηφάλεον
3102 2327 3205 2393 [ΑΙ.
3235 2324 3569 2402 νηφάλιον];

1918 2408 2202 2480 pudicum,
2221 2409 2329 2465 hoc
2359 2410 2516 2465 enim
2548 2411 2839 2483 signiﬁcat
2867 2415 3080 2490 σώφρων
3113 2415 3220 2485 [ΑΖ.
3254 2414 3568 2492 σώφρονα];

1923 2502 2200 2565 ornatum,
2232 2502 2289 2553 et
2318 2499 2583 2556 castitate
2631 2505 2689 2557 et
2741 2501 3044 2572 moribus;
3101 2505 3449 2577 hospitalem,
3504 2513 3571 2565 ut

1924 2586 2186 2642 imitetur
2215 2588 2529 2657 Abraham,
2554 2593 2771 2645 etcum
2800 2593 3146 2664 peregrinis,
3175 2594 3294 2652 imo
3321 2595 3382 2652 in
3414 2612 3573 2670 pere-

1928 2675 2135 2749 grinis,
2166 2676 2463 2733 Christum
2496 2679 2815 2752 suscipiat;
2867 2680 3159 2752 doctorem,
3210 2683 3357 2740 nihil
3413 2686 3573 2744 enim

1925 2765 2164 2837 prodest
2192 2767 2550 2823 conscientia
2579 2769 2861 2825 virtutum
2892 2771 3028 2838 frui,
3054 2773 3167 2829 nisi
3196 2778 3254 2830 et
3284 2776 3573 2833 creditum

1927 2854 2038 2910 sibi
2071 2855 2356 2937 populum
2380 2857 2564 2929 possit
2592 2858 2904 2927 instruere,
2935 2866 3002 2917 ut
3036 2862 3227 2920 valeat
3280 2865 3574 2924 exhortari

1926 2943 1985 2998 in
2019 2945 2310 3014 doctrina,
2339 2951 2396 3002 et
2424 2963 2525 3003 eos
2566 2948 2668 3020 qui
2728 2950 3135 3006 contradicunt
3187 2953 3572 3027 redarguere;

1923 3050 2035 3089 non
2067 3036 2429 3106 vinolentum,
2462 3037 2603 3108 quia
2622 3038 2723 3109 qui
2746 3055 2981 3112 semper
3000 3040 3059 3095 in
3079 3041 3312 3098 Sanctis
3343 3048 3574 3100 sancto-

1928 3139 2059 3178 rum
2090 3128 2180 3179 est
2203 3125 2224 3158 ³
2255 3130 2311 3180 et
2341 3126 2508 3181 offert
2536 3125 2782 3195 hostias,
2813 3128 3015 3184 vinum
3054 3134 3111 3185 et
3159 3130 3406 3188 siceram
3455 3150 3572 3190 non

1927 3212 2105 3280 bibet,
2139 3215 2280 3285 quia
2310 3215 2463 3271 293
2503 3215 2561 3269 in
2619 3216 2752 3271 vino
2800 3217 3032 3274 luxuria
3087 3223 3196 3275 est.
3260 3220 3355 3277 Sic
3412 3220 3575 3287 bibat

145 3284 347 3380 solum
382 3306 579 3363 odcrit
621 3310 676 3362 et
740 3284 1062 3363 incessum.
1118 3308 1283 3364 Multi
1340 3284 1639 3383 eliguntur
1694 3330 1808 3369 non
1842 3284 1886 3351 C
1926 3284 2255 3375 episcopi”:
2289 3308 2353 3358 υί
2382 3321 2455 3359 θη
2503 3304 2716 3360 biberit
2745 3305 3238 3378 ignoraturi-lion
3283 3327 3566 3382 percusso-

165 3411 353 3451 amore
384 3395 511 3462 sui,
545 3395 645 3450 sed
678 3394 915 3452 alterius
945 3396 1096 3452 odio.
1134 3398 1196 3453 In
1254 3398 1549 3472 plerisque
1605 3403 1811 3458 suifra-

164 3483 316 3556 gium
348 3487 621 3541 meretur
667 3483 793 3539 sola
839 3484 1211 3558 simplicitas,
1253 3492 1311 3543 et
1369 3489 1521 3547 292
1570 3489 1810 3547 alterius

156 3574 490 3650 prudentiae
511 3577 568 3629 et
590 3572 895 3629 calliditati
927 3574 1095 3647 quasi
1127 3576 1363 3633 malitia:
1413 3585 1810 3652 opponuntur.

162 3662 599 3736 Nonnunquam
634 3667 793 3719 errat
822 3662 1011 3735 plebis
1045 3663 1644 3739 vulgiquejudicium,
1677 3671 1812 3726 etin

152 3753 567 3829 sacerdotibus
595 3753 1070 3825 comprobandis,
1102 3756 1511 3829 unusquisque
1542 3758 1667 3815 suis
1692 3777 1813 3816 mo-

160 3840 318 3897 ribus
349 3841 533 3906 favet,
565 3844 631 3896 ut
662 3857 781 3897 non
809 3845 930 3897 tam
954 3842 1173 3899 bonum
1198 3860 1374 3917 quam
1407 3847 1498 3903 sui
1561 3849 1815 3906 similem

150 3935 376 4008 quaerat
407 3929 802 4005 propositum.
866 3931 1067 3987 Evenit
1122 3932 1434 4006 aliquoties
1477 3941 1543 3992 ut
1601 3939 1815 4006 mariti,

161 4035 280 4091 quae
310 4038 456 4094 pars
502 4021 694 4092 major
714 4020 772 4077 in
794 4020 1006 4094 populo
1029 4027 1137 4089 est,
1197 4025 1426 4081 maritis
1481 4028 1650 4098 quasi
1706 4028 1817 4085 sibi

163 4108 552 4182 applaudant,
585 4108 728 4166 etin
771 4126 837 4166 eo
874 4126 937 4166 se
986 4112 1348 4169 arbitrentur
1397 4115 1655 4173 minores
1702 4134 1819 4173 non

162 4211 285 4255 esse
342 4198 706 4273 virginibus,
768 4199 816 4255 si
878 4200 1158 4256 maritum
1212 4202 1425 4276 virgini
1487 4205 1816 4277 przeferant.

1922 3407 2057 3458 rem,
2092 3390 2149 3446 id
2173 3395 2280 3459 est,
2308 3391 2409 3464 qui
2439 3394 2828 3449 conscientias
2846 3412 2960 3451 non
3010 3399 3303 3469 percutiat
3357 3400 3565 3476 singu-

1923 3479 2155 3536 lorum:
2217 3496 2403 3552 neque
2451 3482 2608 3537 enim
2685 3483 2944 3556 pugilem
3028 3487 3312 3545 describit
3373 3508 3567 3549 sermo

1923 3587 2033 3643 apo
2044 3569 2406 3638 3tolicus,sed
2424 3570 3049 3645 pontiﬁceminstituit,
3074 3577 3216 3650 quid
3247 3580 3432 3638 facere
3452 3600 3571 3641 non

1929 3660 2154 3716 debeat.
2205 3660 2384 3717 Docet
2421 3678 2578 3717 nunc
2634 3678 2665 3717 e
2716 3664 2951 3736 regione
3007 3667 3146 3738 quid
3221 3668 3435 3727 faciat:
3471 3672 3575 3728 Sed

1927 3748 2254 3818 modestum,
2307 3767 2419 3806 non
2477 3751 2796 3824 litigiosum,
2858 3770 2967 3810 non
3015 3758 3300 3828 cupidum,
3353 3758 3576 3817 domum

1923 3855 2085 3895 suam
2117 3840 2248 3894 bene
2293 3845 2591 3911 regentem,
2620 3844 2765 3913 ﬁlios
2821 3844 3105 3900 habentem
3166 3847 3410 3903 subditos
3453 3865 3579 3906 cum

1929 3930 2081 3984 omni
2111 3932 2364 3986 castitate
2411 3930 2567 4002 (Ibid.
2628 3934 2772 4001 2-4).
2825 3933 2967 3989 Vide
3034 3938 3256 4007 quanta
3292 3938 3578 4009 pudicitia

1929 4018 2199 4091 exigatur
2228 4018 2286 4074 in
2320 4021 2616 4094 episcopo,
2649 4028 2713 4077 ut
2743 4022 2789 4078 si
2825 4022 2930 4078 ﬁlii
2961 4024 3089 4095 ejus
3118 4024 3404 4099 impudici
3450 4030 3576 4085 fue-

1934 4109 2067 4177 rint,
2101 4108 2227 4181 ipse
2277 4110 2590 4182 episcopus
2644 4127 2774 4168 esse
2834 4129 2951 4168 non
3012 4112 3218 4186 possit,
3258 4120 3317 4171 et
3370 4118 3575 4175 eodem

1929 4198 2067 4255 vitio
2120 4198 2376 4254 offendat
2424 4204 2605 4255 Deum
2663 4217 2779 4271 quo
2823 4202 3065 4259 offendit
3116 4202 3240 4259 Heli
3300 4208 3577 4279 pontifex.

159 4284 358 4344 Dicam
377 4287 614 4360 aliquid
637 4288 790 4358 quod
812 4288 1074 4345 iorsitam
1096 4306 1229 4347 cum
1254 4292 1573 4349 multorum
1600 4296 1822 4352 oﬁ‘ensa
1932 4288 2030 4361 qui
2061 4288 2423 4360 corripuerat
2454 4289 2693 4361 quidem
2736 4289 2911 4360 ﬁlios,
2942 4291 3045 4348 sed
3093 4293 3235 4365 quia
3280 4312 3395 4352 non
3427 4298 3583 4370 abje-

160 4375 438 4456 dicturus,
461 4393 602 4433 sum
640 4378 777 4445 ;sed
810 4378 946 4434 boni
977 4378 1122 4435 mihi
1158 4398 1273 4436 non
1313 4382 1821 4457 irascentur,quia
1933 4382 2089 4435 cerei
2117 4377 2546 4450 delinquentes.
2581 4383 2899 4436 retrorsum
2923 4382 3151 4451 cecidit,
3207 4389 3266 4440 et
3314 4391 3583 4447 mortuus

159 4480 255 4546 eos
282 4453 525 4539 peccati
555 4466 915 4523 conscientia
937 4485 1051 4524 non
1096 4472 1474 4528 remordebit.
1518 4453 1820 4531 Interdum
1932 4478 2040 4537 est,
2082 4474 2398 4541 antequam
2432 4467 2672 4525 lucerna
2706 4469 2807 4526 Dei
2855 4471 3324 4545 exstingueretur
3355 4476 3405 4547 (Ι
3455 4477 3581 4547 Reg.

158 4538 264 4612 hoc
283 4538 352 4613 et
371 4556 888 4630 pontiﬁcumvitio
920 4558 1153 4625 accidit,
1207 4561 1310 4632 qui
1363 4580 1479 4618 non
1528 4564 1818 4622 meliores.
1938 4582 1977 4619 ιι
2011 4567 2067 4619 et
2096 4563 2172 4635 ιν)
2195 4538 2445 4615 mulieres
2473 4560 2743 4615 similiter
2765 4560 2995 4632 pudicas
3038 4538 3087 4633 (vl
3142 4563 3275 4618 Tim.
3326 4538 3412 4631 ιιι,
3471 4538 3582 4636 Ην),

159 4646 256 4702 sed
284 4646 627 4721 argutiores
659 4646 718 4702 in
749 4645 968 4703 clerum
1002 4647 1263 4723 allegant
1288 4651 1373 4723 [At
1431 4652 1705 4727 eligunt].
1765 4661 1823 4711 et
1852 4660 1899 4724 1)
1930 4660 1988 4712 et
2017 4652 2259 4724 reliqua.
2304 4650 2365 4705 In
2397 4648 2559 4704 omni
2592 4649 2778 4721 gradu
2804 4653 2862 4705 et
2890 4667 3031 4706 sexu
3072 4656 3230 4708 tenet
3305 4651 3589 4724 pudicitia

159 4734 561 4808 simpliciores
582 4752 848 4809 quosque
899 4741 1075 4810 atque
1133 4739 1478 4799 innocentes
1536 4742 1829 4800 inhabiles
1941 4743 2358 4818 principatum.
2386 4737 2588 4794 Cernis
2619 4738 2799 4810 igitur
2840 4740 2996 4811 quod
3044 4740 3377 4814 episcopus,
3420 4757 3586 4815 pres-

164 4828 397 4897 putant,
462 4825 554 4881 vel
610 4825 889 4882 afﬁnibus
938 4832 996 4884 et
1050 4830 1315 4902 cognatis
1365 4833 1537 4904 quasi
1588 4838 1830 4890 terrenae
1940 4835 2127 4906 byter,
2161 4835 2217 4887 et
2247 4829 2531 4885 diaconus
2567 4844 2683 4883 non
2714 4827 2845 4884 ideo
2895 4828 3017 4884 sint
3063 4827 3242 4897 beati,
3291 4830 3431 4902 quia
3472 4830 3589 4902 epi-

164 4914 396 4972 militiae
429 4914 638 4972 ofﬁcia
681 4913 1032 4990 largiuntur,
1064 4918 1185 4975 sive
1241 4920 1490 4977 divitum
1551 4923 1834 4979 obediunt
1940 4921 2126 4995 scopi,
2188 4919 2276 4976 vel
2325 4917 2644 4991 presbyteri
2697 4918 2836 4983 sint,
2885 4923 2989 4974 aut
3061 4917 3311 4991 diaconi,
3359 4920 3463 4977 sed
3537 4918 3589 4977 si

236 5098 252 5132 ¹
283 5096 401 5152 Aut
432 5096 524 5151 est
552 5095 899 5178 virginitatis
929 5098 1178 5170 infamis.
1202 5098 1631 5178 _V_irginitatem_
1678 5103 1832 5178 infa-

169 5184 321 5227 mem
354 5182 577 5242 vocare
609 5170 837 5226 videtur
865 5185 1175 5242 eam,7qua:
1200 5170 1417 5242 injuria
1464 5189 1529 5229 ac
1581 5173 1837 5230 violenta

171 5256 348 5315 manu
384 5237 996 5315 hominumefﬁcitur
1115 5241 1211 5308 iis,
1231 5237 1332 5315 q'ui
1382 5244 1455 5300 ab
1495 5245 1837 5302 hominibus

158 5313 301 5370 facti
332 5315 493 5385 sunt
524 5313 908 5381 eunuchi,vel
935 5313 1139 5385 quiita
1187 5313 1306 5369 nati
1368 5322 1508 5373 sunt
1548 5333 1616 5374 ex
1675 5322 1837 5375 utero

90 5390 99 5393 ’
169 5384 421 5461 matris;
440 5382 579 5461 Hice
628 5386 932 5461 virginitas
952 5382 1201 5461 infamis
1229 5392 1335 5461 est,
1362 5388 1721 5461 impeditque
1751 5406 1839 5445 or-

170 5459 324 5516 dinis
358 5454 748 5528 dignitatem:
780 5465 837 5516 et
885 5457 1225 5515 electionem
1287 5459 1346 5513 in
1397 5454 1643 5517 clerum:
1678 5462 1836 5517 Msa-

176 5548 328 5588 TIAN.

238 5604 260 5638 ²
288 5605 555 5664 lacessas
581 5618 904 5677 pomparum
958 5602 1206 5677 ferculis.
1232 5602 1423 5677 Supra
1432 5674 1446 5677 _
1478 5603 1537 5658 in
1597 5604 1843 5677 epistola

175 5677 243 5733 ad
295 5673 594 5738 Ruﬁnum
629 5675 815 5748 col._/i
867 5673 1227 5748 zu'Fulgeat
1284 5673 1529 5748 quilibet
1576 5673 1738 5743 auro,
1770 5682 1845 5748 et

174 5750 541 5833 pompaticie
596 5746 832 5809 ferculis
900 5746 1184 5819 coruscet,
1219 5750 1275 5803 et
1307 5746 1578 5808 sarcinis
1609 5747 1847 5813 matella

1944 5102 2195 5158 radient.
2241 5100 2465 5155 nHabes
2494 5098 2570 5153 ibi
2606 5114 2955 5171 pomparum
3001 5097 3238 5155 fercula.
3294 5097 3588 5154 ΜΑιιτιΔΝ.

1947 5207 2021 5252 τε
2045 5174 2263 5252 Cicero,
2292 5171 2575 5252 {Of/iens
2604 5173 2710 5225 36:
2746 5193 2773 5220 «
2816 5171 3147 5252 Cavendum
3189 5173 3329 5252 est,_
3358 5186 3428 5252 ne
3474 5173 3591 5252 tar-

1948 5246 2230 5303 ditatibus
2266 5240 2507 5315 utamur,
2528 5242 2587 5315 in
2612 5240 3240 5315 gressumollioribus,
3274 5245 3337 5297 ut
3367 5240 3594 5298 similes

1950 5333 2300 5392 pomparum
2336 5314 2570 5398 ferculis
2596 5313 2724 5398 esse
2744 5313 3067 5398 videamur.
3106 5338 3134 5364 ››
3165 5315 3342 5398 Erant
3385 5327 3598 5398 nempe

1951 5386 2280 5463 gestamina
2299 5386 2577 5463 “quaedam
2602 5386 2818 5463 quibus
2845 5387 3100 5463 deorum
3137 5386 3499 5463 simulacra
3538 5386 3599 5441 in

1951 5456 2183 5545 pompis
2215 5456 2646 5545 defqrsbantur.
2670 5456 2811 5545 Vide
2842 5457 2901 5512 in
2929 5457 3096 5545 epist.
3131 5459 3186 5528 3,
3213 5460 3283 5515 ad
3314 5458 3596 5529 Ruﬁnum,

1951 5529 2007 5589 in
2043 5529 2157 5588 ﬁne
2188 5537 2245 5586 et
2273 5530 2343 5585 ad
2367 5531 2663 5589 Rusticum,
2696 5534 2873 5600 atque
2903 5529 3062 5585 alibi.

2022 5604 2044 5639 ³
2076 5602 2351 5676 Legimus
2383 5618 2450 5656 ex
2482 5617 2625 5655 mss.
2661 5609 2998 5676 nostrorum
3033 5620 3320 5659 cousvnsu
3358 5620 3371 5670 ;
3428 5604 3601 5676 antea

1953 5677 2108 5733 enim
2137 5672 2185 5731 ε’
2207 5674 2346 5743 Quia
2399 5687 2613 5748 semper
2663 5672 2721 5733 in
2777 5676 2994 5731 Sanctis
3040 5683 3352 5736 sanctorum
3394 5679 3495 5744 est,
3547 5674 3602 5735 et

1954 5751 2051 5833 qui
2078 5748 2256 5827 oﬁert,
2289 5750 2396 5807 etc.
3418 5760 3425 5767 ‘

581 5618 904 5678 pomparum
