3944 6440
376 410 486 488 271

1630 428 1692 489 S.
1742 424 2047 490 EUSEBII
2094 426 2535 493 HIERONYMI

3643 425 3754 486 2'72

376 558 622 615 virtutes
652 555 965 614 habuerint
992 553 1300 614 nominum
1323 575 1564 615 suorum
1588 562 1640 615 et
1664 559 2013 623 officiorum,
2047 562 2102 628 Α
2132 561 2453 629 silentium,
2492 561 2660 633 quasi
2684 561 2755 617 de
2803 560 2927 616 locu
2984 559 3251 614 videmur
3299 555 3515 625 cedere,
3570 556 3625 611 et
3666 555 3760 612 ad-

379 647 609 719 Alioqui
640 647 691 703 si
717 647 997 703 diaconus
1024 648 1282 704 sanctior
1330 649 1602 720 episcopo
1662 665 1768 704 suo
1829 649 2028 719 fuerit,

380 752 498 791 non
529 753 597 791 ex
620 751 685 792 eo
717 737 873 808 quod
903 736 1142 792 inferior
1170 738 1355 809 gradu
1378 742 1490 804 est,
1525 738 1679 809 apud
1726 738 2027 793 Christum

382 825 632 881 deterior
659 825 787 880 erit.
810 827 922 880 Aut
953 824 1284 897 Stephanus
1334 828 1637 893 diaconus,
1665 827 1765 898 qui
1802 827 2031 898 primus

382 913 660 986 martyrio
692 918 1006 971 coronatus
1032 915 1159 986 est(
1190 919 1304 971 Act:
1338 933 1416 982 v1,
1450 916 1772 986 vn),minor
1795 917 2028 972 futurus

383 1003 550 1059 estin
584 1019 760 1075 regno
791 1003 1070 1059 ccnlorum
1095 1004 1297 1060 multis
1355 1004 1664 1077 episcopis,
1717 1011 1774 1060 et
1834 1005 2029 1059 Timo-

391 1091 522 1147 theo
553 1107 619 1147 ac
647 1091 798 1162 Tito,
830 1108 977 1164 quos
1006 1096 1070 1147 ut
1090 1092 1375 1163 subjicere
1401 1109 1515 1148 non
1548 1094 1759 1161 audeo,
1794 1094 1877 1148 ita
1925 1108 2030 1148 nec

386 1180 1062 1252 anteponere.Quomodo
1092 1181 1151 1236 in
1173 1180 1499 1252 legionibus
1522 1187 1578 1237 et
1607 1182 1867 1238 exercitu
1892 1186 2032 1237 sunt

388 1268 586 1335 duces,
620 1272 758 1323 sunt
782 1269 1021 1336 tribuni,
1055 1272 1192 1324 sunt
1211 1270 1599 1337 centuriones,
1655 1276 1795 1325 sunt
1842 1271 2028 1325 feren-

386 1355 542 1425 tarii,
574 1372 642 1411 ac
672 1355 811 1412 levis
841 1360 1166 1423 armaturae,
1228 1363 1283 1412 et
1340 1358 1507 1413 miles
1565 1359 1893 1430 gregarius,
1978 1362 2033 1412 et

387 1443 710 1516 manipuli:
760 1446 1193 1516 commissaque
1242 1463 1457 1519 pugna,
1509 1453 1717 1502 vacant
1792 1448 2034 1502 nomina

388 1531 764 1605 dignitatum,
798 1538 854 1589 et
884 1533 1008 1591 sola
1038 1535 1314 1591 fortitudo
1347 1536 1661 1608 quaeritur:
1694 1536 1775 1590 ita
1802 1536 1862 1590 in
1924 1536 2032 1590 hoc

387 1637 595 1694 campo
616 1626 674 1678 et
705 1623 924 1695 praelio,
956 1640 1071 1695 quo
1097 1629 1298 1679 contra
1335 1626 1628 1680 dmmones
1679 1624 2036 1680 dimicamus

391 1726 506 1766 non
539 1716 883 1782 quaeruntur
910 1712 1167 1782 nomina,
1200 1714 1301 1768 sed
1353 1730 1564 1786 opera:
1617 1718 1674 1768 et
1728 1714 2037 1785 gloriosior

387 1798 486 1855 ille
516 1800 628 1855 sub
656 1816 789 1856 vero
821 1801 1170 1873 imperatore
1199 1802 1449 1871 Christo,
1485 1819 1599 1857 non
1631 1803 1729 1874 qui
1758 1802 2033 1869 nobilior,

394 1889 494 1944 sed
520 1888 620 1960 qui
654 1888 857 1945 fortior
886 1894 992 1946 est.

459 1977 548 2032 36.
582 1982 840 2035 Mutuum
866 1982 1107 2050 patimur
1128 1983 1299 2036 nostri
1334 1982 1602 2036 ardorem.
1659 1984 1719 2036 In
1777 1997 2029 2036 resurre-

394 2069 578 2122 ctione
608 2067 794 2123 eadem
814 2069 1121 2124 substantia
1151 2072 1271 2125 erit.
1314 2102 1365 2109 —
1404 2072 1477 2124 At
1507 2070 1663 2125 dices
1690 2087 1701 2124 :
1736 2070 1793 2124 Si
1828 2086 2031 2124 omnes

390 2156 642 2229 virgines
665 2157 1201 2230 fuerint,quomodo
1225 2160 1402 2214 stabit
1433 2159 1760 2215 humanum
1795 2175 1981 2231 genus
2004 2158 2032 2211 ?

389 2246 501 2302 Par
520 2246 642 2317 pari
674 2247 938 2302 referam.
967 2248 1023 2301 Si
1056 2264 1260 2303 omnes
1308 2247 1490 2303 viduae
1540 2247 1775 2314 fuerint,
1835 2247 1921 2301 vel
1975 2248 2031 2301 in

394 2337 768 2393 matrimonio
811 2336 1193 2406 continentes,
1247 2339 1540 2409 quomodo
1600 2338 1777 2409 stirps
1824 2341 2035 2392 morta-

391 2423 539 2481 lium
571 2425 1038 2498 propagabitur‘?
1066 2430 1182 2481 Hac
1215 2427 1439 2482 ratione
1462 2426 1605 2481 nihil
1640 2426 1878 2482 omnino
1902 2426 2029 2493 erit,

393 2531 466 2570 ne
500 2515 660 2571 aliud
717 2531 845 2570 esse
901 2515 1164 2571 desistat.
1224 2516 1397 2570 Verbi
1444 2516 1667 2587 gratia:
1727 2516 1774 2570 si
1841 2515 2034 2570 cuncti

396 2603 730 2675 philosophi
756 2604 892 2671 sint,
928 2604 1192 2676 agricola:
1226 2622 1337 2660 non
1378 2608 1568 2661 erunt.
1628 2604 1775 2669 Quid
1830 2604 2038 2674 loquar

396 2692 469 2747 de
493 2692 763 2763 agricolis
781 2692 809 2747 ?
837 2710 953 2748 non
976 2698 1253 2760 oratores,
1286 2694 1440 2749 294
1471 2710 1583 2747 non
1601 2692 2034 2763 jurisconsulti,

399 2798 514 2837 non
546 2779 905 2853 reliquarum
934 2781 1150 2837 artium
1202 2785 1602 2853 praeceptores.
1661 2782 1717 2836 Si
1780 2781 2036 2835 universi

399 2869 717 2942 principes,
748 2870 881 2941 quis
912 2870 1022 2925 erit
1046 2870 1211 2925 miles
1232 2872 1258 2924 ?
1288 2870 1346 2925 Si
1366 2886 1569 2925 omnes
1615 2873 1807 2941 caput,
1870 2871 2039 2940 cujus

398 2958 763 3015 vocabuntur
782 2962 978 3030 caput,
1013 2975 1144 3013 cum
1170 2963 1374 3014 caetera
1402 2959 1667 3013 membra
1708 2957 1994 3013 defuerint
2013 2958 2040 3012 ?

400 3048 650 3114 Vereris,
686 3064 755 3104 ne
772 3048 820 3103 si
853 3049 868 3082 ¹
901 3047 1293 3120 virginitatem
1325 3048 1522 3119 plures
1545 3047 2038 3119 appetierint,ces-

403 3141 536 3192 sent
566 3136 715 3208 lupa:
738 3138 777 3205 ²,
798 3142 1029 3192 cessent
1049 3136 1422 3201 adulterae,ne
1440 3136 1691 3192 infantes
1712 3137 1768 3191 in
1796 3137 2040 3192 urbibus

397 3226 667 3298 villisque
680 3244 794 3282 non
815 3226 1051 3299 vagiant
1069 3226 1097 3281 ?
1121 3226 1383 3290 Quotidie
1408 3226 1767 3281 mmchorum
1800 3225 2041 3297 sanguis

2142 652 2396 708 versario
2462 649 2707 706 feriendi
2766 648 3131 705 occasionem
3179 649 3339 704 dare.
3412 644 3615 701 Melius
3685 648 3769 700 est

2139 744 2334 794 tamen
2367 739 2607 807 clausis,
2636 739 2790 809 quod
2819 738 3050 804 dicitur,
3101 736 3286 791 oculis
3342 734 3769 790 Andabatarum

2140 844 2299 883 more
2330 844 2611 899 pugnare,
2636 844 2813 898 quam
2859 827 3080 881 directa
3136 823 3362 896 spicula
3417 823 3611 896 clypeo
3658 838 3770 878 non

2147 916 2424 987 repellere
2469 917 2751 972 veritatis.
2803 920 3008 970 Potera
3064 914 3301 986 quidem
3360 912 3586 969 dicere:
3636 911 3777 975 Quo-

2142 1007 2314 1061 modo
2356 1006 2643 1078 posterior
2675 1022 2808 1076 pars
2840 1004 3094 1076 corporis
3112 1008 3167 1058 et
3197 1007 3423 1059 meatus
3445 1005 3567 1074 {per
3612 1016 3777 1073 quem

2155 1094 2266 1149 alvi
2299 1099 2556 1149 stercora
2588 1100 2906 1165 egeruntur
2931 1092 3222 1164 relegatus
3252 1096 3340 1147 est
3368 1091 3439 1147 ab
3479 1090 3679 1161 oculis,
3728 1092 3781 1147 et

2138 1183 2307 1254 quasi
2341 1187 2471 1252 post
2501 1188 2729 1253 tergum
2780 1183 3025 1253 positus,
3057 1182 3137 1236 ita
3158 1186 3213 1236 et
3243 1181 3339 1236 hic
3371 1180 3470 1253 qui
3510 1180 3619 1236 sub
3645 1195 3778 1235 ven-

2138 1277 2225 1327 tre
2256 1277 2362 1337 est,
2400 1273 2468 1327 ad
2505 1272 2852 1340 digerendos
2875 1273 2895 1305 ⁵
2929 1272 3204 1325 humores
3235 1274 3290 1325 et
3320 1274 3513 1342 potus,
3563 1269 3773 1341 quibus

2139 1378 2293 1416 venze
2316 1362 2574 1433 corporis
2600 1360 2938 1431 irrigantur,
2974 1376 3007 1414 a
3038 1359 3153 1414 Deo
3190 1358 3461 1413 conditus
3518 1362 3625 1413 est.
3676 1356 3782 1412 Sed

2141 1449 2419 1521 quoniam
2484 1451 2609 1521 ipsa
2656 1466 2877 1521 organa
2934 1453 2992 1503 et
3046 1447 3390 1519 genitalium
3437 1446 3675 1513 fabrica,
3731 1447 3786 1499 et

2142 1544 2343 1593 nostra
2400 1539 2868 1609 feminarumque
2925 1538 3217 1599 discretio,
3288 1540 3346 1591 et
3428 1532 3788 1607 receptacula

2141 1625 2323 1681 vulvae
2348 1628 2417 1681 ad
2454 1628 2859 1699 suscipiendos
2890 1631 2945 1681 et
2966 1626 3273 1681 coaleudos
3321 1626 3475 1681 fetus
3532 1623 3781 1689 condita,

2144 1733 2315 1772 sexus
2348 1716 2734 1771 differentiam
2768 1715 3102 1787 praedicant,
3127 1715 3236 1769 hoc
3257 1714 3512 1769 breviter
3554 1728 3789 1785 respon-

2144 1806 2327 1860 debo:
2379 1805 2692 1875 Nunquam
2740 1820 2875 1875 ergo
2933 1819 3233 1859 cessemus
3287 1820 3321 1858 a
3378 1802 3642 1869 lididine,
3722 1816 3792 1856 ne

2144 1894 2360 1948 frustra
2389 1892 2796 1963 hujuscemodi
2830 1894 3093 1948 membra
3126 1896 3447 1964 portemus.
3476 1891 3597 1946 Cur
3619 1889 3796 1960 ;enim

2142 1983 2389 2037 maritus
2420 2000 2480 2037 se
2512 1983 2801 2037 abstineat
2843 1982 2915 2036 ab
2966 1982 3193 2037 uxore?
3251 1981 3413 2038 295
3484 1981 3601 2036 Cur
3647 1983 3801 2035 casta

2139 2072 2312 2126 vidua
2344 2076 2687 2143 perseveret,
2715 2072 2761 2125 si
2795 2072 2864 2125 ad
2899 2071 3006 2125 hoc
3038 2075 3266 2126 tantum
3302 2070 3427 2127 nati
3461 2086 3693 2136 sumus,
3724 2073 3789 2124 ut.

2142 2160 2427 2230 pecudum
2463 2176 2621 2213 more
2652 2158 2958 2213 vivamus?
2987 2160 3098 2212 Aut
3136 2158 3275 2230 quid
3331 2158 3481 2213 mihi
3544 2157 3795 2225 nocebit,

2145 2248 2191 2302 si
2217 2265 2350 2303 cum
2385 2264 2559 2302 uxore
2609 2265 2737 2303 mea
2784 2246 2937 2302 alius
2998 2246 3432 2302 concubuerit?
3491 2246 3790 2313 Quomodo

2144 2336 2296 2391 enim
2333 2337 2593 2391 dentium
2621 2336 2877 2390 officium
2898 2340 2985 2390 est
3017 2336 3318 2403 mandere,
3380 2340 3442 2391 et
3490 2335 3552 2390 in
3601 2335 3794 2390 alvum

2144 2442 2211 2480 ea
2241 2442 2365 2497 quae
2384 2429 2520 2479 sunt
2545 2442 2750 2478 mansa
2781 2424 3197 2487 transmittere,
3223 2428 3281 2479 et
3310 2440 3430 2479 non
3457 2423 3641 2479 habet
3689 2421 3803 2478 cri-

2146 2532 2279 2569 men
2313 2515 2409 2585 qui
2446 2514 2677 2585 cnnjugi
2712 2530 2850 2568 mea:
2883 2530 3091 2585 panem
3151 2514 3416 2568 dederit:
3467 2514 3554 2569 ita
3602 2513 3651 2569 si
3718 2527 3808 2585 ge—
3871 2568 3876 2578 ,

2148 2602 2413 2658 nitalium
2469 2604 2576 2657 hoc
2636 2608 2724 2658 est
2788 2603 3068 2669 officium,
3133 2608 3196 2656 ut
3239 2619 3477 2675 semper
3536 2603 3808 2658 fruantur

2149 2698 2356 2748 natura
2378 2709 2504 2761 sua,
2540 2709 2728 2747 meam
2758 2691 3163 2747 lassitudinem
3201 2691 3449 2747 alterius
3506 2692 3664 2747 vires
3713 2707 3811 2747 su-

2149 2783 2422 2854 perent‘:
2455 2787 2512 2836 et
2545 2782 2759 2847 uxoris,
2785 2787 2849 2836 ut
2882 2782 2961 2835 ita
2977 2780 3250 2848 dixerim,
3314 2781 3806 2837 ardentissimum

2149 2869 2345 2940 gulam
2382 2868 2813 2923 fortuitalibido
2847 2868 3192 2940 restinguat.
3230 2867 3380 2932 Quid
3437 2869 3556 2925 sibi
3609 2875 3808 2925 autem

2149 2958 2627 3030 vultApostolus,
2660 2962 2722 3012 ut
2756 2959 2824 3012 ad
2866 2958 3287 3013 continentiam
3338 2958 3709 3029 cohortatur,
3762 2958 3815 3012 si

2151 3052 2351 3102 contra
2383 3053 2650 3102 naturam
2682 3050 2810 3102 est?
2838 3047 2984 3113 Quid
3017 3046 3141 3118 ipse
3166 3047 3459 3104 Dominus
3492 3049 3599 3121 qui
3631 3064 3816 3104 eunu-

2152 3138 2389 3192 chorum
2410 3137 2671 3208 prmcipit
2691 3136 2998 3191 varietates
3021 3137 3224 3191 ?Certe
3256 3136 3719 3210 Apostolus,qui
3742 3137 3814 3192 ad

2152 3243 2317 3281 suam
2352 3244 2456 3281 nos
2489 3231 2759 3297 provocat
2809 3224 3170 3297 pudicitiam,
3237 3225 3414 3281 debet
3473 3230 3823 3284 constanter

399 3315 1031 3384 ell‘unditur,adulteria
1060 3316 1437 3381 damnantur,
1471 3321 1527 3370 et
1547 3314 1863 3386 interipsas
1886 3314 2041 3385 leges
2072 3303 2116 3370 C
2152 3316 2374 3371 audire.
2410 3316 2525 3370 Cur
2550 3320 2745 3386 portas
2775 3318 3136 3381 veretrum,o
3168 3314 3345 3369 Paule
3368 3314 3399 3368 ‘?
3420 3316 3545 3371 Cur
3591 3333 3628 3371 a
3678 3332 3820 3372 sexu

395 3409 452 3461 et
480 3421 713 3461 secures
742 3423 808 3461 ac
837 3404 1153 3461 tribunalia
1184 3409 1436 3476 ﬂagrans
1466 3404 1647 3459 libido
1677 3405 2034 3469 dominatur,

395 3494 525 3549 Noli
549 3498 806 3549 metuere
835 3511 903 3549 ne
935 3510 1139 3548 omnes
1168 3494 1422 3565 virgines
1457 3494 1632 3549 ﬁant:
1660 3493 1915 3547 difficilis
1944 3509 2033 3549 res

392 3588 482 3639 est
502 3583 824 3655 virginitas,
847 3589 903 3637 ct
928 3583 1054 3637 ideo
1078 3600 1224 3651 rara,
1257 3584 1395 3653 quia
1425 3582 1679 3636 difficilis
1707 3598 1717 3636 :
1753 3583 1908 3636 Mulli
1943 3599 2028 3637 r0-

394 3675 523 3743 eati,
552 3673 719 3745 pauci
746 3674 899 3728 electi
921 3671 1124 3743 (Matth.
1149 3689 1240 3739 xx,
1273 3672 1339 3726 16
1363 3689 1375 3737 ;
1398 3688 1537 3737 xui,
1604 3672 1708 3739 14).
1774 3672 2029 3742 Incipere

385 3762 771 3835 plurimorum
804 3767 910 3828 est,
941 3777 1309 3833 perseverare
1360 3776 1697 3831 paucorum.
1761 3758 1921 3814 Unde
1971 3765 2028 3814 et

381 3853 600 3924 grande
630 3851 937 3924 praemium
984 3867 1185 3905 eorum
1245 3848 1343 3921 qui
1401 3846 1913 3919 perseveraverint.
1965 3848 2021 3902 Si

382 3957 586 3996 omnes
616 3940 871 4012 virgines
901 3957 1029 3996 esse
1061 3943 1319 4011 possent,
1367 3954 1669 4009 nunquam
1717 3941 1772 3991 et
1828 3936 2022 3991 Domi-

374 4046 496 4085 nus
527 4030 781 4085 diceret:
817 4031 923 4098 Qui
939 4037 1110 4101 potest
1138 4044 1345 4100 capere,
1396 4029 1576 4098 capiat
1632 4026 1840 4093 (Matth.
1902 4044 2018 4094 XIX,

377 4118 595 4188 42):et
623 4117 934 4189 Apostolus
991 4118 1047 4172 in
1103 4117 1401 4172 suadendo
1445 4134 1560 4171 non
1622 4116 2016 4187 trepidaret":

378 4206 493 4276 (Dc
520 4206 827 4277 virginibus
854 4209 1036 4261 autem
1065 4210 1399 4277 przeceptmn
1434 4206 1661 4259 Domini
1699 4221 1805 4259 non
1853 4205 2018 4260 habeo

385 4296 413 4351 1
444 4294 564 4351 Cor.
596 4312 698 4361 vn,
730 4296 838 4365 25).
878 4297 943 4350 Et
971 4311 1096 4361 cur,
1130 4295 1381 4366 inquies,
1418 4299 1611 4349 creata
1669 4298 1809 4347 sunt
1856 4293 2015 4365 geni-

373 4384 538 4452 talia,
566 4389 622 4439 et
666 4385 751 4439 sic
809 4402 843 4439 a
898 4383 1202 4439 Conditore
1259 4383 1690 4454 sapientissimo
1749 4383 2015 4437 fabricati

370 4489 611 4537 sumus,
644 4477 709 4528 ut
728 4477 1003 4528 mutuum
1044 4471 1225 4527 nostri
1277 4472 1570 4544 patiamur
1612 4472 1898 4538 ardorem,
1960 4477 2016 4526 et

371 4562 694 4634 gestiamus
756 4563 811 4617 in
862 4560 1189 4617 naturalem
1247 4560 1565 4633 copulam?
1612 4560 2016 4615 Periclitemur

2147 3406 2517 3467 feminarum,
2543 3405 2743 3469 barba,
2778 3402 2933 3475 pilis,
2958 3403 3186 3474 aliaque
3220 3404 3644 3461 membrorum
3676 3422 3823 3478 qua-

2143 3496 2303 3550 litate
2361 3493 2789 3565 distingucris?
2844 3492 2991 3546 Cur"
3044 3496 3152 3546 tua!
3202 3510 3319 3547 non
3393 3494 3823 3550 intumescunt

2143 3582 2391 3655 papilla),
2425 3600 2536 3637 non
2562 3581 2882 3635 dilatantur
2904 3597 3214 3648 renes,non
3249 3586 3464 3653 pectus
3498 3582 3818 3639 arctatur?

2138 3672 2258 3727 Vox
2317 3672 2627 3727 obsoletior
2681 3675 2791 3736 est,
2846 3687 3036 3725 sermo
3071 3670 3333 3741 ferocior,
3389 3676 3451 3727 et
3506 3671 3812 3729 hirsutius

2138 3761 2535 3832 supercilium.
2573 3761 2811 3815 Frustra
2842 3760 2962 3815 haec
3003 3759 3199 3815 omnia
3258 3760 3536 3818 virorum
3598 3762 3815 3831 habes,

2136 3852 2183 3906 si
2245 3850 2549 3922 complexu
2607 3867 2720 3905 non
2772 3849 2955 3905 uteris
3007 3850 3384 3905 feminarum.
3452 3852 3808 3925 Compellor

2133 3940 2357 4012 aliquid
2387 3940 2545 4011 loqui
2573 3943 2627 3994 et
2657 3938 2940 4010 insipiens
2971 3938 3158 4008 Meri;
3222 3939 3320 3994 sed
3379 3957 3494 3996 vos
3560 3957 3687 4009 me,
3748 3945 3817 3998 ut

2131 4030 2291 4102 loqui
2337 4030 2604 4093 audeam,
2653 4028 2944 4099 cucgistis.
3010 4027 3295 4082 Dominus
3346 4033 3567 4086 noster
3627 4036 3814 4103 atque

2129 4119 2515 4190 Salvator,qui
2550 4117 2752 4173 cumii
2777 4118 2965 4172 forma
2995 4117 3093 4172 Dei
3126 4121 3300 4185 esset,
3336 4118 3616 4177 formam
3645 4120 3806 4177 servi

2128 4211 2403 4281 dignatus
2430 4217 2515 4263 est
2544 4208 3059 4272 assumere,factus
3083 4206 3360 4261 obediens
3396 4207 3569 4263 Patri
3608 4225 3811 4282 usque

2127 4300 2196 4353 ad
2230 4304 2497 4365 mortem,
2528 4301 2777 4351 mortem
2808 4300 3005 4350 autem
3067 4295 3274 4361 crucis,
3337 4296 3495 4366 quid
3554 4312 3813 4355 necesse

2124 4392 2267 4455 erat,
2296 4393 2359 4442 ut
2382 4387 2437 4441 in
2472 4385 2563 4440 his
2596 4384 2875 4440 membris
2907 4389 3265 4451 nasceretur,
3294 4384 3534 4455 quibus
3574 4405 3814 4445 usurus

2126 4494 2239 4530 non
2270 4474 2581 4538 crat?Qui
2606 4479 2756 4529 certe
2814 4478 2877 4527 ut
2935 4489 3138 4529 sexum
3198 4475 3556 4531 ostenderet
3620 4477 3813 4534 etiam

2123 4564 2505 4620 circumcisus
2539 4568 2645 4619 est.
2679 4563 3099 4617 CurJoannem
3160 4561 3515 4633 apostolum
3583 4571 3647 4623 et
3708 4572 3823 4624 Ba-

372 4652 773 4725 responsionis
790 4652 1156 4718 verecundia,
1184 4656 1240 4706 et
1269 4650 1439 4724 quasi
1499 4651 1649 4706 inter
1689 4652 1835 4706 duos
1888 4668 2011 4706 sco-
2044 4677 2090 4742 Ι)
2124 4656 2358 4725 ptistam
2394 4670 2502 4707 sua
2531 4651 2835 4707 dilectione
2857 4651 3154 4715 castravit,
3207 4667 3354 4722 quos
3421 4653 3601 4711 viros
3642 4655 3821 4712 nasci

369 4740 559 4813 pulos,
582 4747 638 4798 et
658 4742 943 4814 quasdam
966 4742 1329 4797 necessitatis
1362 4747 1415 4797 et
1448 4740 1737 4813 pudicitiae
1763 4736 2013 4811 συμπλη-

370 4826 538 4903 γάδας
568 4832 609 4899 ⁴,
644 4831 780 4886 hinc
816 4836 992 4903 atque
1024 4831 1178 4899 inde,
1221 4830 1307 4886 vel
1370 4830 1632 4901 pudoris,
1683 4829 1771 4885 vel
1824 4846 2014 4885 causae

379 4921 752 4994 naufragium
794 4920 1178 4976 sustinemus.
1214 4921 1268 4975 Si
1290 4920 1360 4975 ad
1413 4919 1712 4991 proposita
1767 4935 2012 4990 respon-

367 5009 632 5079 deamus,
661 5011 883 5081 pudore
940 5010 1356 5065 suffundimur.
1391 5009 1449 5063 Si
1482 5008 2014 5080 pudorimpetrarit

438 5188 459 5263 ξ
488 5187 770 5263 Voculam
804 5193 856 5245 si
883 5208 951 5246 ex
982 5195 1233 5263 quatuor
1289 5190 1504 5245 nostris
1537 5206 1679 5245 mss.
1729 5192 1786 5244 et
1830 5190 2008 5245 veteri

369 5258 623 5334 editione
654 5258 1035 5334 suffecimus‘;
1071 5262 1243 5334 paulo
1292 5268 1422 5333 post
1470 5263 1622 5334 idem
1678 5277 1820 5316 mss.
1898 5263 2006 5317 sub

360 5330 753 5407 interrogandi
787 5339 923 5407 nota
952 5330 1088 5407 nutri
1116 5351 1185 5407 ac
1216 5350 1273 5388 eo
1292 5330 1443 5405 'quod
1473 5333 1728 5407 inferior,
1764 5336 1871 5387 etc.

430 5403 452 5436 ²
483 5403 624 5458 Mss.
680 5405 862 5459 nostri
911 5410 966 5459 et
1019 5405 1262 5460 Gravius
1313 5403 1550 5477 quoque
1624 5413 1823 5459 cessent
1896 5421 2005 5460 esse

363 5473 532 5545 lupae,
566 5479 674 5529 etc.

430 5547 451 5580 ³
482 5547 717 5620 Absque
734 5547 981 5620 negandi
999 5547 1282 5619 particula
1308 5548 1421 5604 fere
1443 5547 1770 5620 elegantius
1790 5548 2005 5603 habent

355 5615 711 5747 ¢\i/eronen‘sis
734 5623 790 5673 et
817 5615 1225 5674 Casanatensis
1260 5620 1391 5674 libri
1415 5623 1473 5675 in
1508 5615 1780 5675 suadendo
1840 5622 2004 5691 trepi-

391 5697 532 5746 aret.

391 5697 532 5746 aret.

422 5761 669 5841 tNostri
750 5761 968 5821 habent
1037 5758 1402 5841 συμπαγίδας.
1464 5763 1757 5838 Impressa
1804 5765 2000 5821 autem

2127 4744 2339 4798 fecerat
2369 4742 2524 4808 ?Qui
2555 4758 2691 4812 ergo
2738 4742 2797 4795 in
2847 4740 3147 4795 Christum
3193 4739 3539 4811 credimus,
3584 4744 3822 4802 Christi

2124 4836 2413 4886 sectemur
2459 4831 2741 4901 exempla.
2771 4830 2838 4884 Et
2885 4829 2933 4883 si
2978 4844 3325 4883 noveramus
3385 4827 3580 4887 illum
3629 4834 3816 4904 juxta

2122 4937 2376 4988 carnem,
2411 4920 2509 4975 sed
2548 4920 2674 4989 jam
2724 4936 2838 4973 non
2887 4918 3195 4973 novimus“
3254 4932 3393 4972 eum
3453 4924 3822 4980 secundum

2121 5009 2612 5065 carnem.Certcin
2636 5008 3057 5063 resurrectione
3088 5006 3290 5061 eadem
3320 5006 3444 5062 erit
3467 5024 3821 5083 corporum

2121 5188 2286 5243 lectio
2320 5188 2506 5259 magis
2546 5186 2798 5259 arridet,
2846 5189 3035 5259 erant,
3073 5199 3283 5259 nempe
3340 5183 3824 5259 Symplegades

2118 5260 2322 5315 insulae
2350 5257 2474 5313 dum
2510 5258 2627 5313 sive
2660 5258 2880 5329 sc0puli
2918 5258 2974 5311 in
3018 5257 3313 5327 Bosphoro
3345 5274 3415 5329 _a
3483 5257 3823 5322 donﬂicta-

2118 5334 2273 5387 tione
2305 5331 2386 5386 sic
2419 5331 2741 5401 appellatm.
2765 5326 2779 5329 ’
2805 5330 2935 5384 Mox
2983 5326 3423 5397 Casanatcnsis,
3486 5332 3559 5387 Si
3622 5336 3827 5405 pudor

2120 5405 2406 5508 imperarit
2434 5404 2734 5457 silentium.

2238 5476 2367 5508 πηηι
2405 5479 2566 5508 an“...
2603 5474 2669 5508 ml
2699 5473 2730 5508 Α

2238 5476 2370 5529 Erat
2403 5479 2572 5529 antea
2601 5474 2670 5528 ad
2698 5473 3029 5540 dirigendos,
3056 5471 3207 5543 quod
3244 5473 3598 5532 emendant
3657 5493 3823 5535 mss.

2115 5547 2298 5601 nostri
2331 5562 2554 5601 omnes.

2184 5621 2203 5651 ⁶
2235 5618 2584 5673 Veronensis
2606 5634 2715 5671 ms.
2750 5617 3066 5687 suppurent.

2183 5692 2201 5771 ξ
2225 5691 2384 5771 idem
2407 5690 2631 5771 absque
2665 5686 2972 5760 praeposito
3000 5686 3271 5770 adverbio
3293 5703 3424 5771 cur.

2180 5762 2199 5799 ⁸
2229 5762 2369 5820 Mss.
2407 5761 2507 5818 Sed
2517 5761 2641 5839 jam
2668 5776 2815 5817 nunc
2840 5775 2949 5817 non
2988 5761 3255 5834 novimus,
3292 5768 3411 5821 etc.
