3944 6432
197 409 294 472 ΞἿ3

1241 401 1662 469 ADVERSUS
1711 401 2188 469 JOVINIANUM
2235 401 2382 465 LIB.
2430 389 2482 466 ιλ

3442 390 3566 466 874

199 536 489 602 substantia
520 553 638 612 qua
666 551 822 596 nunc
855 536 1098 608 utimur,
1139 537 1273 595 licet
1322 540 1547 596 auctior
1589 539 1800 613 gloria.
1830 541 1886 607 Α
1914 539 2034 596 tius
2065 539 2444 612 disputasset,
2480 537 2549 593 ad
2582 540 2910 594 extremum
2942 535 3145 595 intulit
3176 552 3189 594 :
3222 530 3428 610 Infelix
3461 550 3554 608 ego

197 634 318 691 Nam
347 634 398 687 et
424 629 683 687 Salvator
715 631 773 685 in
813 634 1042 684 tantum
1092 628 1287 701 ipsum
1341 646 1552 702 corpus
1597 630 1804 685 habuit

198 727 308 797 post
331 721 535 776 inferos
569 721 605 787 ί,
641 720 695 773 in
729 736 843 790 quo
877 723 933 774 et
965 719 1275 773 crucifixus
1319 709 1426 787 est,
1479 725 1542 773 ut
1593 736 1802 773 manus

197 812 480 886 perforatas
493 808 670 864 clavis
684 815 738 863 et
755 808 950 863 lateris
970 807 1184 862 vulnus
1208 809 1556 863 ostenderet.
1569 809 1740 862 Porro
1755 807 1802 861 si

198 901 382 959 clausis
403 900 703 971 ingressus
721 903 810 952 est
831 896 994 951 ostiis
1012 897 1165 968 quod
1190 897 1584 952 humanorum
1609 914 1805 968 corpo-

197 1008 308 1048 rum
334 992 532 1044 natura
564 1004 678 1042 non
711 986 948 1058 patitur,
979 1002 1114 1057 ergo
1147 991 1200 1041 et
1233 990 1467 1041 Petrum
1521 992 1574 1041 et
1609 985 1802 1042 Domi-

199 1097 316 1136 num
343 1093 619 1150 negamus
651 1093 784 1130 vera
813 1075 1090 1131 habuisse
1120 1076 1525 1147 corpora,quia
1545 1074 1804 1132 ambula-

195 1172 374 1226 verunt
401 1184 578 1239 super
605 1183 810 1238 aquas,
845 1166 998 1236 quod
1032 1169 1232 1219 contra
1265 1171 1535 1220 naturam
1593 1170 1699 1219 est.
1741 1167 1804 1218 In

195 1260 556 1316 resurrectione
587 1264 943 1321 mortuorum,
999 1273 1107 1310 nou
1164 1256 1366 1310 nubent
1423 1271 1595 1326 neque
1653 1255 1806 1310 296

192 1349 448 1415 nubenlur,
481 1351 572 1402 sed
601 1347 812 1400 similes
861 1348 1020 1398 erunt
1075 1345 1285 1414 angelis
1334 1345 1801 1414 (.lIalt/i..XXII,30),

195 1438 333 1502 Quod
359 1435 453 1492 alii
485 1438 687 1507 postea
715 1434 774 1487 in
806 1433 966 1488 oculis
998 1433 1180 1487 futuri
1212 1439 1371 1503 sunt,
1407 1433 1514 1488 hoc
1547 1433 1805 1504 virgines

191 1527 242 1583 in
269 1531 408 1582 terra
434 1541 564 1581 esse
596 1527 914 1594 emperunt.
949 1524 1006 1577 Si
1039 1522 1380 1594 angelorum
1403 1523 1570 1578 nobis
1604 1521 1806 1578 simili-

191 1616 313 1673 tudo
333 1613 688 1688 promittitur
708 1613 880 1682 (inter
905 1612 1140 1683 angelos
1161 1617 1357 1667 autem
1387 1629 1500 1668 non
1523 1621 1609 1666 est
1635 1627 1806 1666 sexus

193 1703 513 1775 diversitas),
574 1707 676 1758 aut
727 1701 853 1757 sine
909 1719 1048 1756 sexu
1108 1702 1350 1767 erimus,
1411 1703 1563 1773 quod
1618 1699 1808 1772 angeli

193 1798 350 1851 sunt:
383 1798 482 1848 aut
513 1797 683 1857 certe,
716 1791 871 1862 quod
898 1790 1120 1862 liquido
1153 1791 1589 1862 comprobatur,
1623 1807 1810 1844 resur-

189 1888 370 1957 gentes
404 1883 458 1937 in
485 1881 719 1953 proprio
739 1897 900 1949 sexu,
926 1897 1098 1935 sexus
1128 1897 1242 1934 non
1275 1880 1590 1952 fungamur
1621 1879 1811 1934 cilicio

252 1974 330 2027 37.
362 1973 580 2028 Verum
610 1971 750 2042 quid
781 1970 1010 2042 agimus
1037 1971 1423 2041 argumentis,
1458 1975 1514 2024 et
1545 1969 1811 2041 proposi-

189 2062 357 2118 tiones
387 2059 702 2117 adversarii
735 2057 945 2112 callida
975 2059 1245 2129 cupimus
1302 2059 1680 2130 responsione
1714 2076 1812 2112 su-

188 2167 369 2222 perare
398 2151 424 2204 ?
451 2153 636 2206 Vetera
674 2149 1040 2213 taansierunt,
1091 2164 1207 2202 ecce
1253 2148 1406 2221 facta
1459 2152 1584 2203 sunt
1634 2149 1817 2203 omnia

189 2257 311 2296 nova
341 2242 409 2312 (II
432 2241 554 2295 Cor.
587 2256 640 2304 v,
678 2238 788 2307 17).
821 2240 1059 2291 Curram
1092 2255 1192 2308 per
1239 2237 1636 2309 apostolorum
1689 2254 1816 2291 scn-

187 2329 401 2396 tentias,
435 2333 493 2383 et
525 2327 818 2399 quomodo
849 2326 907 2380 in
943 2325 1272 2381 Salomonis
1292 2325 1572 2397 exemplis
1620 2327 1820 2380 breves

187 2416 660 2491 expositiunculas
693 2416 948 2482 subdidi,
983 2417 1055 2469 ob
1084 2415 1445 2487 intelligendi
1482 2414 1817 2469 facilitatem

194 2509 268 2564 ita
304 2512 359 2563 et
403 2523 564 2563 nunc
609 2505 898 2561 castitatis
945 2508 1000 2559 et
1046 2504 1414 2559 continentia:
1477 2505 1821 2558 Christianae

194 2596 441 2670 exempla
469 2596 786 2668 replicabo,
819 2600 875 2648 et
904 2594 974 2648 de
1009 2593 1212 2648 multis
1251 2593 1602 2649 testimoniis
1655 2593 1819 2664 quasi

192 2704 361 2742 unum
391 2703 609 2757 corpus
630 2684 1024 2754 el‘ticium,quo
1048 2687 1104 2738 et
1135 2683 1281 2737 nihil
1313 2685 1464 2754 quod
1499 2684 1569 2737 ad
1604 2682 1824 2754 pudici-

189 2775 318 2831 tiam
346 2771 1126 2847 pertineat,praietermittam,
1163 2776 1219 2826 et
1248 2773 1440 2826 nimia:
1474 2771 1824 2843 prolixitatis

189 2864 460 2920 declinem
515 2862 837 2918 fastidium.
875 2861 1088 2916 Scribit
1147 2863 1296 2916 inter
1344 2869 1548 2916 czetera
1607 2861 1824 2916 Paulus

189 2953 475 3027 apostolus
508 2953 581 3007 ad
615 2953 904 3006 ltomanos
932 2968 943 3004 :
981 2952 1147 3018 Quem
1180 2968 1305 3019 ergo
1326 2954 1568 3022 fructum
1600 2951 1825 3005 habuis-

187 3046 250 3099 tis
278 3051 404 3098 tunc
433 3045 490 3097 in
527 3043 642 3096 illis
677 3043 716 3106 2,
750 3042 806 3094 in
861 3042 1055 3111 quibus
1099 3057 1244 3094 num:
1288 3042 1606 3095 erubescitis
1638 3046 1662 3094 ?
1693 3043 1827 3095 Νίιηι

189 3133 305 3202 finis
334 3134 562 3189 illorum
591 3147 735 3185 mors
764 3134 861 3185 est.
896 3131 1048 3184 Nunc
1080 3147 1200 3184 vero
1253 3131 1472 3185 liberati
1512 3149 1543 3184 (ι
1591 3133 1824 3202 peccato,

186 3224 318 3278 servi
369 3225 560 3277 autem
616 3221 714 3274 Dei
777 3221 932 3290 facti,
1000 3219 1205 3274 habetis
1278 3223 1520 3288 fructum
1597 3229 1828 3274 vestrum

1918 629 2225 701 homo,quis
2256 647 2340 684 me
2366 629 2618 684 liberabit
2637 629 2701 683 de
2730 644 2949 700 corpore
2969 629 3159 684 mortis
3191 629 3339 684 291
3375 627 3565 700 hujus?

1922 718 2108 774 Gratia
2146 721 2241 773 Dei
2282 736 2381 790 per
2425 721 2605 774 Jesum
2659 718 2937 772 Christum
2978 720 3271 773 Dominum
3318 726 3567 774 nostrum

1924 809 2078 880 (Ibid.
2111 811 2201 874 24,
2235 810 2344 877 25)..
2381 810 2447 862 Et
2500 809 2731 873 iterum,
2782 810 2898 879 Ipse
2942 809 3116 876 igitur
3164 811 3342 862 mente
3388 809 3565 862 seruio

1924 899 2031 966 legi
2087 899 2200 964 Dei,
2260 915 2422 952 carne
2463 901 2642 953 autem
2675 899 2779 968 legi
2807 900 3013 967 peccati
3071 897 3297 965 (Ibid.)
3357 898 3563 964 Et,Ni~

1921 988 2005 1042 hil
2034 989 2405 1043 damnatitmis
2446 992 2522 1042 est
2571 988 2674 1056 his,
2723 990 2818 1058 qui
2857 997 2985 1043 sunt
3032 991 3091 1041 in
3145 988 3361 1043 Christo
3415 990 3562 1054 Jesu,

1926 1080 2022 1146 qui
2049 1094 2157 1133 non.
2179 1077 2475 1131 seczmdum
2507 1093 2736 1132 carnem
2764 1078 3067 1132 ambulant.
3119 1078 3229 1131 Lerc
3259 1079 3406 1131 enim
3451 1078 3567 1146 spi-

1923 1169 2066 1221 ritus
2098 1170 2152 1222 in
2188 1167 2398 1221 Christo
2429 1171 2566 1222 Jesu
2608 1168 2860 1220 liberavit
2907 1183 2994 1221 me
3037 1183 3070 1220 a
3118 1169 3231 1237 lege
3283 1168 3488 1238 peccati
3518 1170 3567 1220 et

1927 1260 2118 1312 mortis
2148 1259 2319 1325 (Rom.
2354 1274 2478 1322 vm,
2528 1256 2580 1322 l,
2616 1256 2689 1324 ‘2).
2723 1258 2800 1309 Ac
2847 1255 3217 1311 manifestius
3265 1256 3324 1310 in
3369 1272 3570 1311 conse-

1927 1347 2245 1416 quentibus
2277 1348 2460 1413 docet,
2496 1345 2861 1400 Christianos
2892 1362 3005 1400 non
3038 1345 3340 1402 ambulare
3361 1363 3568 1402 secun-

1928 1436 2069 1490 dum
2097 1452 2352 1502 carnem,
2388 1435 2486 1489 sed
2521 1435 2842 1489 secundum
2885 1433 3157 1506 spiritum
3191 1433 3390 1490 dicens
3422 1451 3434 1488 :
3467 1437 3574 1504 Qui

1926 1542 2075 1579 enim
2105 1526 2402 1580 secundum
2450 1540 2670 1578 carnem
2717 1531 2863 1588 sunt,
2914 1540 3032 1594 quae
3078 1528 3205 1578 sunt
3247 1525 3436 1580 carnis
3482 1541 3572 1580 sa-

1919 1618 2102 1686 piunt.
2138 1617 2242 1683 Qui
2273 1630 2392 1669 vero
2422 1616 2718 1668 secundum
2743 1615 3028 1683 spiritum,
3063 1631 3181 1683 quae
3229 1623 3354 1669 sunt
3401 1615 3568 1685 spiri-

1925 1713 2008 1760 tus
2038 1707 2304 1760 sentiunt.
2337 1705 2476 1759 Nam
2502 1703 2797 1774 prudentia
2839 1705 3042 1765 carnis,
3093 1720 3238 1758 mors
3281 1709 3360 1760 est
3394 1721 3407 1769 ;
3437 1721 3577 1774 pru-

1928 1796 2112 1850 dentia
2153 1798 2337 1848 autem
2382 1795 2632 1864 spiritus,
2679 1793 2793 1847 vita
2846 1794 2895 1846 et
2936 1809 3054 1862 pax
3087 1811 3099 1860 ;
3132 1795 3396 1865 quoniam
3440 1810 3573 1865 pru-

1925 1886 2109 1942 dentia
2139 1885 2342 1945 carnis,
2371 1884 2670 1937 inimicitia
2693 1884 2770 1935 est
2801 1884 2858 1935 in
2917 1883 3085 1936 Deum
3140 1885 3179 1936 ‘.
3242 1884 3373 1954 Legi
3429 1885 3578 1938 enim

1928 1977 2023 2030 Dei
2055 1989 2162 2028 non
2192 1972 2508 2043 subjicitur,
2560 1987 2656 2025 nec
2699 1973 2849 2025 enim
2893 1975 3085 2042 potest.
3136 1973 3241 2040 Qui
3287 1977 3471 2029 autem
3513 1975 3573 2028 in

1927 2080 2091 2119 carne
2115 2071 2262 2127 sunt,
2300 2063 2402 2116 Deo
2439 2062 2652 2131 placere
2698 2077 2808 2114 non
2846 2064 3087 2131 possunt.
3143 2062 3236 2117 los
3284 2070 3468 2117 autem
3515 2064 3578 2116 in

1928 2170 2094 2209 carne
2121 2168 2231 2206 non
2263 2153 2410 2216 estis,
2443 2150 2532 2204 sed
2566 2152 2623 2204 in.
2654 2153 2876 2222 spiritu,
2909 2153 2958 2205 si
2998 2155 3181 2205 tamen
3217 2153 3445 2223 spiritus
3476 2153 3574 2207 Dei

1929 2244 2143 2297 habitat
2175 2243 2231 2294 in
2267 2240 2597 2310 uobis(Ibid.
2649 2240 2684 2292 5
2733 2241 2922 2310 seqq),
2985 2244 3042 2294 et
3100 2239 3328 2311 reliqua
3387 2257 3575 2312 usque

1930 2333 1997 2387 ad
2052 2329 2219 2384 illum
2270 2328 2484 2396 locum,
2541 2328 2596 2381 in
2639 2345 2753 2399 quo
2802 2328 2882 2383 ait
2914 2346 2926 2382 :
2960 2330 3118 2399 Ergo,
3160 2333 3379 2399 fratres,
3424 2329 3579 2385 debi-

1931 2429 2069 2475 tores
2100 2434 2287 2473 sumus
2316 2434 2422 2472 non
2464 2419 2642 2482 carni,
2694 2427 2752 2472 ut
2797 2417 3097 2472 secundum
3151 2434 3377 2473 carnem
3423 2419 3579 2473 viva-

1931 2526 2073 2563 mus.
2110 2509 2166 2562 Sz.
2197 2509 2344 2561 enim
2377 2506 2675 2560 secundum
2704 2523 2923 2561 carnem
2937 2507 3208 2573 vixeritz’s,
3239 2509 3577 2563 moriemini.

1933 2602 1993 2654 Si
2020 2606 2202 2652 autem
2231 2598 2432 2668 spiritu
2461 2595 2614 2668 facta
2641 2597 2826 2651 carnis
2851 2599 3335 2668 mortiﬁcaueritis,
3371 2599 3576 2653 vinetis.

1933 2689 2255 2758 Quicunque
2320 2688 2470 2740 enim
2499 2688 2701 2756 spiritu
2733 2688 2830 2741 Dei
2886 2696 3146 2757 aguntur,
3205 2689 3265 2742 hi
3319 2688 3429 2758 ﬁlii
3485 2689 3583 2743 Dei

1934 2786 2060 2832 sunt
2089 2777 2246 2848 (Ibid.
2279 2775 2495 2844 H,i/r).
2554 2776 2613 2831 Si
2673 2776 2982 2848 prudentia
3030 2777 3238 2833 carnis
3273 2777 3581 2832 inimicitia

1935 2873 2024 2922 est
2053 2868 2110 2920 in
2143 2867 2350 2931 Deum,
2385 2871 2442 2920 et
2474 2865 2574 2936 qui
2608 2866 2666 2920 in
2700 2882 2872 2920 carne
2903 2871 3043 2920 sunt
3067 2867 3174 2922 deo
3208 2866 3434 2938 placere
3465 2884 3581 2922 non

1938 2961 2188 3028 possunt
2224 2956 2506 3022 ;arbitror
2536 2971 2633 3010 eos
2663 2955 2762 3026 qui
2795 2957 3055 3011 serviunt
3077 2957 3268 3012 ofﬁcio
3289 2956 3582 3028 conjugali

1938 3045 2091 3116 quod
2127 3044 2500 3116 prudentiam
2529 3044 2723 3099 carnis
2755 3044 3024 3115 diligant,
3058 3049 3114 3099 et
3144 3045 3200 3098 in
3236 3062 3410 3101 carne
3441 3045 3579 3100 sint.

1938 3141 1985 3188 Α
2018 3151 2132 3205 qua
2163 3150 2267 3187 nos
2301 3132 2603 3187 retrahens
2624 3132 3294 3204 Apostolus,etjungens
3324 3132 3582 3204 spiritui,

1939 3223 2214 3293 deinceps
2247 3221 2505 3292 loquitur
2536 3239 2548 3276 :
2584 3222 2810 3277 ()bseero
2844 3238 2952 3286 vos,
3000 3225 3221 3292 fratres,
3268 3238 3370 3292 per
3415 3224 3585 3277 mise-

190 3314 242 3366 in
293 3311 784 3382 sanctificationem
811 3351 823 3373 ,
909 3309 1077 3377 ﬁnem
1162 3326 1287 3363 vera
1348 3311 1509 3363 vitam
1567 3313 1825 3364 aeternam
1859 3313 1900 3378 α
1939 3313 2235 3367 ricordiam
2279 3313 2372 3366 Dei
2419 3312 2457 3377 ⁵,
2517 3315 2574 3365 ut
2623 3312 2926 3366 exhibeatis
2977 3328 3202 3382 corpora
3246 3320 3423 3368 vestra
3468 3313 3585 3368 hos-

189 3403 352 3472 (Rom.
423 3419 503 3470 vr,
572 3400 662 3466 2i,
731 3399 843 3467 22}.
914 3398 1058 3453 Puto
1126 3399 1279 3470 quod
1362 3407 1417 3452 et
1485 3400 1826 3470 nuptiarum

192 3491 316 3548 linis
348 3509 511 3548 mors
544 3489 640 3544 sit.
678 3490 918 3542 Fructus
951 3491 1147 3542 autem
1191 3489 1694 3548 sanctificationis.
1728 3487 1831 3558 qui

186 3580 268 3636 vel
299 3581 370 3637 ad
400 3579 825 3652 virginitatem,
856 3576 942 3632 vel
974 3578 1042 3632 ad
1095 3578 1512 3632 continentiam
1561 3577 1828 3649 pertinet,

191 3670 302 3726 vita
340 3673 630 3742 pensatur
681 3670 914 3722 acterna.
963 3668 1041 3720 Ac
1087 3668 1295 3722 deinde
1330 3684 1341 3720 :
1375 3670 1578 3738 Itaque.
1631 3671 1834 3738 fratres

186 3761 313 3826 mei,
351 3769 401 3815 et
431 3776 525 3816 vos
556 3759 872 3827 morti/lculi
900 3759 1027 3812 estis
1060 3758 1167 3829 legi
1202 3775 1299 3829 per
1341 3774 1533 3828 corpus
1579 3757 1783 3813 Christi
1816 3775 1833 3811 .·

1937 3405 2075 3456 tiam
2116 3404 2401 3462 m’rentem,
2443 3408 2705 3467 sanctam,
2742 3403 2845 3457 Deo
2888 3403 3213 3473 placentem,
3258 3403 3587 3458 rationabile

1941 3493 2255 3561 obsequium
2289 3495 2618 3546 restrum.Et
2645 3491 2815 3546 nolite
2843 3493 3181 3561 conformari
3209 3491 3341 3548 huic
3368 3493 3585 3560 seeculo,

1941 3581 2032 3636 sed
2057 3583 2446 3652 reformamini
2478 3583 2537 3634 in.
2568 3583 2804 3635 nouitate
2832 3598 3023 3636 sensus
3067 3583 3250 3648 vestri,
3302 3590 3362 3637 ut
3406 3583 3592 3653 probe-

1945 3673 2015 3726 tis
2067 3686 2191 3742 que:
2238 3672 2307 3724 sit
2357 3671 2606 3725 mluntas
2656 3670 2752 3725 Dei
2817 3671 2974 3737 bona,
3020 3681 3074 3726 et
3120 3671 3492 3742 beneplacens,
3545 3675 3594 3726 et

1943 3763 2208 3832 perfecta.
2246 3761 2371 3814 Dico
2403 3762 2550 3814 enim
2578 3776 2678 3831 per
2721 3763 2961 3828 gratiam
3007 3775 3132 3831 quae
3161 3760 3288 3815 data
3315 3767 3391 3815 est
3457 3761 3597 3814 mihi

191 3853 246 3903 ut
272 3851 390 3905 sitis
425 3850 677 3914 alterius,
710 3848 806 3919 qui
834 3863 902 3901 ec
931 3849 1164 3902 mortuis
1194 3850 1502 3902 resurrexit
1555 3865 1566 3900 :
1625 3853 1677 3901 ut
1711 3847 1833 3918 fru-

191 3940 484 4009 ctiﬁcemus
518 3937 626 4010 (Al.
661 3936 1018 4008 fructiﬁcetis)
1053 3937 1174 3990 Deo.
1226 3938 1360 3990 Cum
1407 3939 1554 3992 enim
1605 3953 1837 3991 essemus

191 4029 243 4081 in
270 4045 456 4097 carne,
487 4032 777 4099 passiones
800 4028 821 4058 ³
853 4043 972 4096 quae
997 4043 1096 4098 per
1121 4027 1290 4096 legem
1327 4036 1504 4094 erant,
1539 4028 1836 4097 aperuimu-

189 4121 277 4172 tur
323 4119 385 4172 in
443 4117 711 4172 membris
769 4117 990 4180 nostris,
1051 4121 1110 4170 ut
1179 4117 1583 4187 frurtiﬁcarent
1656 4117 1839 4179 morti,

190 4211 345 4264 Nunc
370 4217 564 4263 autem
596 4207 764 4261 soluti
789 4222 976 4259 sumus
1006 4222 1038 4259 α
1070 4207 1184 4275 lege
1233 4207 1442 4270 mortis,
1499 4208 1556 4259 in
1598 4222 1705 4275 qua
1752 4204 1843 4258 de-

191 4298 552 4357 tinebamur;
586 4303 645 4350 ut
690 4297 995 4350 serviamus
1046 4297 1101 4348 in.
1153 4298 1387 4349 nouitate
1436 4297 1685 4365 spiritus,
1739 4310 1845 4348 non.

195 4387 250 4440 in
283 4391 549 4443 vetustate
581 4386 785 4441 litterae
815 4385 986 4454 (Rom.
1021 4401 1122 4453 v11,
1155 4385 1185 4438 4
1216 4387 1404 4456 seq/1,).
1442 4385 1597 4450 Cum,
1633 4383 1845 4454 inquit,

1947 3852 2201 3906 omnibus
2231 3851 2328 3919 qui
2356 3853 2483 3903 sunt
2523 3851 2670 3904 inter
2719 3866 2808 3904 vos
2831 3867 2848 3902 :
2881 3865 2988 3903 non.
3034 3850 3158 3919 plus
3211 3864 3402 3918 sapere
3431 3865 3596 3919 quam

1949 3943 2154 4010 Oportet
2185 3954 2392 4008 sapere,
2416 3939 2507 3991 sed
2538 3954 2731 4006 sapere
2760 3938 2829 3991 ad
2875 3937 3202 4008 pudicitiam
3246 3938 3382 4009 (non
3412 3937 3483 3991 ad
3511 3953 3595 3992 so-

1953 4030 2243 4083 brietatem
2267 4030 2327 4080 ut
2342 4025 2489 4080 male
2513 4027 2566 4079 in
2587 4026 2706 4080 Lati
2719 4027 2808 4080 nis
2822 4025 3124 4081 codicibus
3138 4025 3500 4098 legitur),sed
3514 4043 3602 4082 sa-

1950 4133 2097 4188 pere,
2135 4118 2351 4187 inquit,
2385 4117 2455 4169 ad
2481 4116 2807 4186 pudicitiam
2832 4119 3005 4182 (Rom.
3027 4135 3127 4182 xn,
3155 4116 3599 4188 i-3),Siquidem

1956 4207 2148 4260 Grmce
2179 4206 2463 4277 scriptum
2490 4204 2689 4272 est,si:
2721 4205 2782 4258 τὸ
2815 4211 3130 4281 σωφρονεῖν.
3155 4207 3602 4262 Consideremus

1955 4295 2248 4352 sententia
2279 4294 2538 4366 Apostoli
2571 4313 2591 4357 ;
2627 4296 3343 4368 Reformamini,inquit,in
3368 4299 3606 4353 novitate

1957 4402 2134 4440 sensus
2167 4385 2347 4450 uestri,
2384 4388 2440 4438 ut
2470 4387 2707 4455 probetis
2737 4403 2856 4456 qua:
2885 4388 2957 4441 sit
2989 4388 3235 4441 voluntas
3264 4387 3364 4442 Dei
3395 4387 3610 4442 bonaet

193 4490 422 4532 essemus
456 4477 521 4530 in.
553 4491 737 4539 carne,
767 4479 825 4528 et
857 4489 970 4527 non
1002 4475 1060 4526 in.
1085 4475 1316 4528 nouitate
1341 4476 1593 4544 spiritus,
1649 4473 1746 4526 sed
1793 4473 1847 4526 in
1963 4475 2332 4545 bcneptarens,
2366 4479 2415 4529 et
2461 4477 2720 4545 perfecta.
2775 4476 2936 4538 Quod
2990 4476 3148 4544 dicit,
3201 4474 3610 4546 hujuscemodi

192 4571 456 4622 vastata-te
489 4567 717 4631 litterae,
750 4563 1106 4618 faciebamus
1137 4580 1202 4618 ea
1262 4581 1387 4635 qua:
1423 4565 1614 4617 carnis
1665 4566 1848 4624 erant,
1964 4570 2072 4620 est.
2107 4564 2384 4620 Concedit
2415 4564 2654 4634 quidem
2687 4565 2839 4620 Deus
2872 4565 3129 4637 nuptias,
3154 4564 3419 4620 concedit
3449 4563 3612 4634 diga-

195 4661 251 4713 et
281 4655 799 4712 fructil’icabamus
832 4652 1024 4708 morti.
1060 4653 1224 4708 Nune
1247 4658 1441 4708 autem
1477 4653 1616 4723 quia
1638 4652 1850 4706 mortui
1889 4688 1933 4750 Β
1966 4655 2167 4720 miarn,
2202 4658 2275 4718 ct,
2309 4653 2357 4708 si
2391 4670 2624 4709 necesse
2660 4655 2852 4720 fuerit,
2915 4653 3286 4709 fornicationi
3347 4652 3498 4709 298
3558 4656 3616 4706 et

197 4762 404 4802 sumus
437 4745 580 4817 legi,
618 4760 720 4816 per
749 4759 959 4812 corpus
991 4743 1226 4810 Christi,
1262 4743 1682 4797 t’ructiticemus
1716 4742 1850 4806 Deo,
1889 4739 1928 4750 ”
1966 4743 2252 4798 adulterio
2295 4743 2521 4814 prtefert
2571 4744 2746 4797 etiam
2794 4744 3149 4815 trigamiam.
3201 4743 3309 4797 Sed
3361 4757 3467 4796 nos
3515 4739 3615 4812 qui

197 4839 260 4891 ut
291 4837 488 4892 simus
523 4835 654 4906 ejus
687 4833 788 4904 qui
820 4850 886 4887 ex
932 4833 1180 4888 mortuis
1233 4832 1567 4887 resurrexit.
1622 4833 1851 4886 Necnon
1965 4850 2206 4904 corpora
2238 4838 2439 4887 nostra
2468 4832 2738 4887 exhibere
2770 4833 3050 4887 debemus
3106 4831 3358 4887 hostiam
3404 4830 3617 4897 vivam,

197 4928 251 4979 et
281 4926 341 4980 in
366 4925 488 4980 alio
523 4923 650 4978 loco
686 4939 816 4976 cum
851 4922 1231 4993 praedixisset,
1266 4923 1385 4976 Scio
1439 4924 1563 4992 quia
1623 4923 1716 4975 ttae
1745 4923 1856 4990 spi-
1967 4928 2254 4989 sanctam,
2304 4922 2625 4993 placentem
2678 4922 2814 4988 Deo,
2866 4921 3211 4976 rationabile
3265 4919 3616 4991 obsequium

199 5015 424 5071 rimatis
458 5021 542 5070 est
568 5011 726 5084 (Ibid.
779 5013 862 5080 14)
900 5030 910 5066 ;
947 5017 1003 5066 et
1051 5028 1185 5066 cum
1227 5013 1297 5065 de
1346 5010 1619 5065 violentia
1666 5011 1858 5064 carnis
1972 5016 2261 5077 nostrum,
2295 5030 2407 5066 non
2442 5011 2580 5082 quid
2617 5012 2896 5068 concedat
2949 5013 3118 5076 Deus,
3153 5011 3252 5066 sed
3289 5010 3430 5082 quid
3462 5008 3620 5074 velit,

199 5106 355 5176 quod
391 5104 603 5161 crebro
641 5119 749 5158 nos
780 5100 1042 5173 impellat
1072 5101 1257 5157 facere
1289 5101 1442 5173 quod
1476 5100 1752 5165 nolimus,
1789 5100 1864 5155 la-
1973 5101 2410 5158 consideremus
2446 5119 2457 5156 :
2485 5105 2551 5156 ut
2582 5103 2897 5172 probemus
2930 5118 3054 5172 qua:
3105 5101 3180 5155 sit
3207 5098 3482 5155 voluntas
3521 5096 3622 5154 Dei

275 5358 292 5392 ί
330 5358 528 5411 Vetus
558 5353 734 5410 editio
761 5355 1209 5410 resurrectionem
1258 5369 1358 5423 pro
1409 5354 1614 5422 inferos
1672 5353 1865 5407 habet.

275 5429 297 5463 ²
328 5426 598 5483 Voculas
633 5430 693 5480 in
720 5427 836 5482 illis
867 5443 1011 5481 mss.
1050 5443 1162 5479 non
1193 5429 1537 5494 agnoscunt.

279 5502 300 5534 ³
362 5501 513 5556 Mss.
581 5498 786 5562 nostri,
847 5501 1134 5553 Passioncs
1183 5506 1546 5568 peceatormn,
1607 5513 1725 5566 quae
1777 5512 1876 5566 per

213 5572 382 5643 legem
415 5572 800 5644 operabantur
830 5573 889 5624 in
921 5570 1198 5628 membris,
1225 5569 1702 5644 etcscumlveteri
1755 5569 1873 5621 edi-

217 5639 371 5700 tione
403 5639 662 5715 etjuxta
711 5648 1246 5715 Grteeumqtcxtum
1305 5639 1371 5690 τὰ
1427 5641 1721 5715 παθήματα
1769 5644 1874 5690 τὼν

219 5713 540 5786 summa»,
576 5715 721 5787 quin
752 5715 926 5770 etiam
959 5713 1274 5786 Vulgatum
1318 5728 1547 5784 quoque
1597 5713 1876 5785 interpre-

219 5791 360 5847 tem.

2051 5354 2071 5384 δ
2104 5351 2181 5405 Ex
2216 5351 2590 5423 (lasanatcnsi
2626 5354 2683 5404 et
2730 5352 2906 5405 veteri
2958 5349 3214 5405 editione
3260 5349 3370 5423 legi
3425 5350 3629 5407 malim

1982 5426 2211 5478 inimica
2241 5433 2317 5479 est
2344 5427 2469 5491 Deo,
2511 5422 2595 5494 vel
2650 5424 2710 5476 in
2769 5423 2953 5476 Deum.
3017 5423 3210 5478 Graece
3259 5422 3492 5494 quoque
3543 5427 3633 5479 est

1983 5495 2172 5568 ἐχθρά.
2215 5496 2293 5548 ita
2319 5500 2374 5548 et
2404 5493 2584 5568 paulo
2619 5498 2766 5568 post.

2058 5565 2461 5620 ﬁVeronensis
2494 5565 2752 5637 plurium
2807 5583 3049 5621 numero
3087 5583 3183 5637 per
3230 5566 3633 5622 misericordias

1993 5641 2088 5692 Dei
2119 5655 2250 5692 cum
2288 5635 2736 5710 Glaucoraziitt‘ov
2781 5635 3096 5710 οἰκτιρμῶν-
3130 5642 3224 5690 τοῦ
3275 5643 3428 5693 Θεοῦ.
3482 5639 3639 5694 Infra

1994 5715 2329 5766 constanter
2342 5711 2569 5783 placens
2603 5709 2774 5766 habet
2807 5728 2908 5783 pro
2928 5709 3311 5783 bencplacens.
