3944 6432
306 390 427 468 ω

1450 386 1455 393 ’
1556 404 1619 474 s.
1666 397 1970 475 unseen
2017 402 2454 476 HIERONYMl

3585 388 3704 469 276

304 536 461 598 bona
489 525 548 598 et
569 531 955 616 beneplaceus
982 545 1041 600 et
1082 543 1355 617 perfecta.
1406 544 1551 619 Ergo
1600 545 1753 618 quod
1804 562 1939 601 con-
1972 542 2023 607 A
2056 544 2193 601 dum
2225 562 2430 602 omnes
2460 546 2533 602 ad
2565 543 2903 619 pudicitiam
2935 546 2993 602 et
3011 538 3318 618 praemium
3337 531 3701 615 virginitatis

303 626 476 697 cedit,
510 647 616 687 nec
646 632 883 697 bonum,
926 649 1029 688 nec
1077 633 1463 707 beneplacens
1511 640 1620 700 est,
1665 651 1770 690 nec
1814 651 1945 706 per-

301 716 539 774 fectum.
576 720 899 793 Redditque
926 738 1134 779 causas
1166 741 1269 779 cur
1296 724 1404 779 hoc
1434 724 1675 779 suadeat
1706 740 1719 777 :
1755 724 1946 778 Scien-

303 812 379 863 ωδ
406 809 631 877 tempus,
664 810 793 880 quia
822 809 958 866 hora
983 815 1062 867 est
1091 829 1214 884 jam
1260 829 1355 867 nos
1393 813 1458 867 de
1485 829 1671 867 somno
1701 829 1942 883 surgere.

302 899 462 952 Nunc
496 905 678 952 autem
731 901 956 970 propior
1011 909 1088 956 est
1143 909 1326 956 nostra
1375 903 1546 969 salus,
1603 919 1769 972 quam
1823 919 1947 956 cum

300 983 656 1042 credidimus.
685 989 804 1043 No.2:
830 993 1131 1057 praecessit,
1161 991 1276 1046 dies
1306 995 1489 1046 autem
1536 994 1945 1062 appr0pinqua-

301 1077 379 1128 vit
411 1073 583 1145 (Rom.
616 1092 741 1142 x111,
779 1076 866 1144 ll,
902 1079 1009 1144 12).
1046 1080 1112 1133 Et
1162 1079 1220 1133 in
1269 1085 1521 1136 extremo
1575 1098 1588 1135 :
1641 1080 1948 1135 lnduimini

300 1162 596 1219 Dominum
622 1170 814 1222 Jesum
845 1166 1138 1235 Christum,
1169 1172 1221 1223 et
1250 1172 1432 1223 carnis
1460 1186 1653 1224 curam
1694 1186 1761 1224 ne
1801 1169 1943 1241 fece-

300 1253 425 1308 ritis
453 1254 515 1307 in
543 1254 826 1310 desideriis
855 1256 1013 1325 (Ibid.
1046 1255 1157 1326 li).
1194 1257 1362 1312 Aliud
1394 1262 1485 1313 est
1514 1256 1786 1312 voluntas
1817 1256 1940 1321 Dei,

301 1339 463 1396 aliud
496 1340 874 1414 indulgentia.
911 1344 1072 1399 Unde
1103 1350 1161 1400 et
1190 1346 1258 1399 ad
1293 1346 1626 1402 Corinthios
1657 1346 1943 1413 scribens,

303 1427 385 1483 ait
414 1446 426 1482 :
461 1432 939 1501 Ego,fratres,non
965 1435 1125 1504 potui
1152 1435 1302 1505 loqui
1330 1436 1481 1490 vobis
1509 1437 1649 1489 sicut
1678 1437 1945 1507 spiritua-

303 1516 447 1573 libus
476 1538 495 1573 :
522 1519 617 1574 sed
643 1521 785 1576 sicut
811 1521 1134 1578 carnalibus
1165 1522 1460 1595 [Al.quasi]
1489 1527 1665 1591 ;sicut
1683 1525 1936 1593 parvulis

300 1607 364 1662 in
388 1607 701 1676 christo,lac
727 1611 875 1665 vobis
901 1614 1089 1682 potum
1116 1611 1262 1678 dedi,
1295 1630 1402 1668 non
1444 1630 1624 1669 escam
1657 1630 1669 1667 :
1702 1613 1946 1669 nondum

297 1697 448 1751 enim
474 1700 733 1766 poteratis
760 1714 780 1759 ,·
795 1700 888 1753 sed
916 1716 1089 1771 neque
1115 1717 1263 1755 nunc
1285 1705 1528 1772 potestis.
1562 1701 1750 1757 Adhuc
1797 1704 1948 1757 enim

298 1785 549 1841 carnales
577 1787 709 1841 estis
737 1786 787 1857 (I
808 1787 926 1843 Cor.
962 1806 1046 1847 ιιι.
1082 1790 1130 1855 l,
1162 1790 1239 1860 2).
1275 1791 1381 1856 Qui
1424 1790 1696 1846 animalis
1746 1795 1855 1860 est,
1890 1796 1948 1847 et

302 1874 656 1975 non‘recipit
676 1876 1096 1975 .(Al."percipit)
1124 1895 1190 1935 ea
1220 1896 1347 1951 quae
1380 1880 1625 1951 spiritus
1678 1880 1775 1936 Dei
1807 1885 1948 1935 sunt
1978 1910 2025 1975 Β

302 1960 575 2032 (stultitia
597 1962 753 2019 enim
785 1963 869 2019 illi
900 1970 1009 2033 est,
1043 1982 1147 2021 nec
1177 1971 1369 2039 potest
1409 1968 1751 2041 intelligere,
1809 1967 1949 2041 quia

301 2049 686 2122 spiritualiter
713 2053 1072 2125 dijudicatur
1102 2056 1164 2126 ι),
1215 2056 1323 2111 iste
1371 2074 1485 2113 non
1536 2058 1800 2129 perfectae
1850 2075 1945 2113 ca-

306 2139 525 2196 stitatis
557 2139 707 2207 cibo,
739 2143 840 2197 sed
868 2143 997 2199 rudi
1029 2145 1368 2216 nuptiarum
1398 2144 1546 2201 lacte
1580 2147 1950 2203 nutritur.Si-

302 2232 403 2284 cut
431 2244 534 2300 per
562 2228 860 2286 hominem
895 2249 1071 2299 mors,
1089 2233 1172 2288 sic
1203 2238 1260 2289 et
1290 2252 1391 2306 per
1420 2234 1719 2290 hominem
1754 2252 1946 2291 resur-

306 2316 485 2372 rectio
515 2322 900 2376 mortuorum.
933 2323 1233 2388 Quomodo
1263 2322 1323 2377 in
1355 2328 1538 2379 Adam
1581 2341 1787 2380 omnes
1824 2342 1948 2380 mo-

305 2404 515 2474 rimur,
549 2407 634 2464 sic
665 2408 723 2464 in
754 2409 985 2465 Christo
1017 2428 1221 2467 omnes
1252 2412 1948 2468 viviﬁcabimur.Scrvivi-

307 2510 441 2552 mus
473 2495 531 2551 in
565 2495 691 2569 lego
719 2498 895 2555 veteri
927 2500 1113 2556 Adam
1169 2501 1499 2557 serviamus
1529 2503 1590 2557 in
1640 2502 1949 2575 Evangelio

312 2600 461 2641 novo
491 2586 692 2642 Adam.
724 2587 935 2644 Factus
964 2594 1053 2644 est
1080 2590 1236 2644 enim
1267 2590 1495 2660 primus
1545 2591 1718 2645 homo
1769 2593 1955 2646 Adam

314 2670 376 2727 in
406 2672 667 2729 animam
697 2674 1001 2741 viventem,
1033 2682 1090 2732 et
1128 2677 1482 2734 novissimus
1530 2680 1713 2734 Adam
1747 2681 1806 2734 in
1838 2679 1957 2751 spi-

318 2759 500 2816 ritum
529 2762 937 2819 vivilicantem.
969 2767 1191 2821 Primus
1218 2767 1375 2823 homo
1406 2768 1471 2822 de
1515 2772 1663 2823 terra
1709 2773 1958 2824 terrenus

317 2850 606 2907 Secundus
636 2851 793 2908 homo
819 2853 885 2909 de
938 2855 1069 2909 caelo
1122 2856 1371 2910 ccclesiis.
1432 2855 1628 2924 Qualis
1686 2865 1955 2923 terrenus,

323 2936 464 2994 tales
488 2945 541 2995 et
568 2942 775 2996 terreni
799 2958 821 3003 ,ο
849 2950 901 2997 et
928 2942 1115 3014 qualis
1143 2945 1391 3010 cmlestis,
1408 2945 1553 2999 tales
1599 2953 1651 3000 et
1695 2944 1958 3001 ctelostes.

324 3027 479 3083 Sicut
493 3031 832 3100 portavimus
861 3034 1159 3104 imaginem
1188 3035 1411 3097 terreni,
1443 3042 1714 3104 portemus
1744 3043 1794 3089 et
1820 3036 1961 3090 ima-

322 3119 507 3188 ginem
534 3119 781 3175 cwlestis.
814 3122 920 3177 Hoc
962 3125 1151 3177 autem
1195 3122 1336 3188 dico,
1380 3124 1608 3193 fratres,
1658 3126 1789 3195 quia
1836 3140 1962 3181 caro

328 3213 379 3261 et
405 3209 630 3277 sanguis
657 3224 885 3280 regnum
912 3211 1011 3265 Dei
1032 3212 1304 3282 possidere
1346 3228 1456 3266 non
1500 3218 1744 3283 possunt,
1794 3230 1964 3285 neque

2054 633 2541 701 invitat,ostendit
2567 635 2792 690 sunctis
2822 634 3102 706 gradibus
3130 631 3536 705 virginitatem
3572 645 3704 686 esse

2055 724 2357 795 potiorem.
2394 725 2768 795 Rursumque
2826 724 2896 778 ad
2957 722 3239 787 Galatas;
3277 723 3360 776 Ea:
3419 720 3700 792 operibus,

2054 810 2268 881 inquit,
2300 812 2456 881 legis,
2489 828 2599 866 non
2620 810 3021 882 justiﬁcabitur
3064 810 3248 865 omnis
3305 822 3433 863 caro
3494 806 3698 879 (Galat.

2055 916 2118 967 ιι,
2153 901 2260 969 16).
2294 900 2480 967 Opera
2504 899 2650 971 legis
2679 905 2737 955 ct
2767 898 2980 970 nuptiae
3012 902 3171 963 sunt,
3205 897 3358 952 unde
3408 900 3466 951 et
3517 894 3704 951 male-

2054 988 2330 1043 dicuntur
2356 988 2415 1043 in
2448 1005 2534 1053 ea,
2568 989 2666 1059 qui
2719 989 2822 1059 (Αἰ.
2883 988 3031 1060 qum)
3082 1004 3194 1042 non
3249 986 3469 1041 habent
3524 983 3699 1039 filios.

2053 1076 2186 1140 Quae
2216 1078 2265 1132 si
2296 1078 2694 1132 conceduntur
2722 1077 2895 1132 etiam
2929 1076 2988 1130 in
3020 1074 3353 1146 Evangelia,
3399 1072 3557 1128 aliud
3612 1076 3707 1128 est

2055 1166 2480 1238 indulgentiam
2515 1165 2842 1220 infirmitati
2870 1165 3146 1229 tribuere,
3180 1163 3338 1219 aliud
3381 1161 3705 1218 virtutibus

2056 1255 2294 1327 praemia
2325 1254 2605 1326 polliceri.

2125 1344 2213 1408 38,
2248 1343 2448 1398 Dicam
2491 1348 2546 1398 ct
2602 1359 2706 1414 ego
2766 1342 3202 1414 nuptiatoribus
3234 1341 3402 1406 meis,
3435 1341 3534 1413 qui
3568 1345 3707 1414 post

2056 1432 2380 1487 castitatem
2406 1436 2463 1487 et
2500 1424 2841 1487 diuturnam
2885 1430 3309 1485 continentiam
3359 1430 3580 1485 subant
3628 1430 3704 1485 ad

2057 1520 2357 1585 coitum,et
2376 1520 2665 1591 pecudum
2698 1536 2857 1575 more
2878 1519 3193 1574 lasciviunt
3221 1535 3234 1573 :
3262 1518 3351 1573 Sic
3374 1519 3707 1590 insipientes

2055 1611 2200 1675 estis,
2226 1612 2283 1663 ut
2311 1626 2436 1664 cum
2465 1610 2738 1677 carpentis
2784 1610 3005 1679 spiritu,
3038 1624 3187 1663 nunc
3234 1624 3402 1663 carne
3447 1622 3709 1664 consum-

2056 1700 2287 1753 memini
2314 1703 2339 1751 ἵ
2368 1700 2532 1753 Tanta
2559 1699 2709 1769 passi
2738 1700 2861 1753 estis
2890 1700 3011 1753 sine
3059 1714 3229 1753 causa
3275 1696 3477 1767 (Galat.
3529 1713 3615 1764 ιιι,
3647 1697 3705 1765 3,

2057 1788 2109 1857 4)
2139 1787 2166 1841 ‘t
2194 1787 2696 1859 Apostolus,quod
2728 1785 3096 1842 continentia
3130 1785 3488 1858 quibusdam
3519 1785 3709 1841 nodos

2057 1874 2294 1941 relaxat,
2326 1881 2383 1930 et
2414 1875 2654 1930 dimittit
2700 1876 2863 1930 frena
2911 1874 3304 1943 currentibus,
3329 1878 3565 1947 prOpter
3608 1874 3709 1929 in-

2058 1965 2392 2020 firmitatem
2424 1964 2618 2020 carnis
2650 1964 2761 2019 hoc
2792 1964 2949 2019 facit.
2984 1965 3201 2019 Contra
3231 1980 3408 2035 quam
3444 1962 3713 2019 scribens

2056 2054 2247 2108 denuo
2295 2053 2558 2125 loquitur
2607 2071 2619 2109 :
2673 2054 2887 2124 Spiritu
2934 2053 3229 2119 ambulate,
3278 2055 3327 2107 et
3372 2051 3713 2107 desiderium

2056 2144 2242 2199 carnis
2269 2159 2379 2197 non
2404 2144 2714 2214 perﬁcictzs.
2749 2142 2886 2198 Caro
2925 2143 3075 2197 enim
3125 2142 3457 2211 concupiscit
3505 2140 3709 2197 adver-

2055 2247 2145 2286 sus
2173 2232 2455 2301 spiritum,
2484 2236 2535 2285 et
2564 2231 2790 2301 spiritus
2818 2230 3078 2285 adversus
3107 2245 3328 2284 carnem
3372 2226 3578 2299 (Galat.
3649 2246 3709 2284 ν.

2061 2320 2148 2385 16,
2176 2319 2282 2386 l7).
2316 2320 2436 2374 Non
2477 2336 2709 2375 necesse
2740 2324 2828 2374 est
2858 2335 3013 2373 nunc
3063 2319 3134 2373 de
3181 2316 3457 2389 operibus
3508 2317 3710 2373 carnis

2065 2406 2273 2472 dicere,
2308 2408 2447 2479 quia
2477 2407 2718 2479 longum
2767 2412 2876 2477 est,
2918 2412 2974 2463 et
3012 2406 3180 2462 facile
3228 2409 3421 2478 potest
3448 2405 3520 2460 de
3549 2409 3710 2478 Apo-

2064 2494 2197 2551 stoli
2228 2496 2486 2567 Epistola
2512 2513 2764 2561 sumere,
2799 2496 2899 2569 qui
2924 2497 3029 2568 (Al.
3064 2495 3223 2568 quia,
3255 2494 3392 2565 etc.)
3432 2493 3709 2561 voluerit,

2067 2584 2262 2640 Dicam
2297 2589 2522 2641 tantum
2555 2586 2626 2641 de
2659 2585 2891 2657 spiritu,
2923 2585 3094 2655 cujus
3126 2584 3349 2639 fructus
3370 2586 3546 2651 sunt;
3571 2583 3715 2639 cha-

2065 2672 2228 2740 ritas,
2261 2673 2567 2745 gaudium,
2600 2691 2729 2746 pax,
2761 2673 3199 2745 longanimitas,
3234 2671 3716 2744 benignitas,bo—

2068 2759 2242 2825 nitas,
2285 2761 2450 2827 ﬁdes,
2513 2763 2904 2819 mansuetudo
2961 2762 3001 2828 ‘,
3061 2760 3441 2815 continentia.
3494 2760 3717 2817 Omnes

2067 2848 2308 2903 virtutes
2332 2849 2769 2921 spiritus,quasi
2788 2850 3215 2905 solidissimum
3234 2849 3713 2917 fundamentum,

2069 2941 2125 2991 et
2153 2937 2406 2993 sublime
2436 2939 3045 3005 culmen,continentia
3066 2942 3362 2994 sustantat
3387 2942 3443 2992 et
3464 2938 3725 3011 protegit

2068 3026 2391 3082 Adversum
2448 3028 2855 3099 hujuscemodi
2879 3045 2991 3084 non
3050 3033 3139 3083 est
3184 3026 3295 3083 lex.
3380 3028 3489 3097 Qui
3531 3032 3723 3083 autem

2069 3119 2196 3169 sunt
2217 3115 2442 3183 Christi,
2465 3134 2682 3173 carnem
2730 3134 2888 3173 suam
2937 3117 3337 3186 cruciﬁxerunt
3382 3132 3509 3171 cum
3554 3118 3720 3173 vitiis

2070 3206 2121 3259 et
2148 3208 2699 3277 concupiscentiis.Si
2738 3209 2893 3263 800
2948 3208 3184 3261 vivimus
3233 3207 3457 3277 spiritu,
3511 3207 3721 3278 spiritu

322 3298 602 3366 corruptio
651 3277 1118 3369 incorruptionem
1175 3301 1470 3371 possidebit
1500 3277 1549 3335 ’³
1606 3302 1652 3372 (I
1700 3304 1820 3358 Cor.
1869 3277 1941 3359 av

2121 3295 2494 3350 iambulemus
2525 3296 2680 3365 (Ibid.
2712 3299 2804 3362 24,
2854 3297 2963 3367 25).
2998 3294 3107 3360 Qui
3165 3311 3298 3350 cum
3354 3277 3544 3351 Cristo
3590 3312 3723 3351 car-

322 3383 394 3437 47
422 3388 475 3438 et
502 3385 658 3456 seq.).
692 3385 807 3441 Hoc
837 3391 958 3443 tam
990 3388 1213 3445 clarum
1261 3394 1374 3457 est,
1415 3395 1480 3445 ut
1527 3390 1691 3447 nulla
1737 3391 1968 3464 exposi-

319 3468 478 3526 tione
507 3477 682 3543 queat
711 3475 1079 3532 manifestius
1109 3476 1232 3531 ﬁeri
1266 3494 1279 3531 :
1311 3481 1469 3545 Caro,
1506 3478 1716 3550 inquit,
1757 3484 1807 3535 et
1831 3498 1964 3536 san-

316 3560 447 3630 guis
474 3576 705 3633 regnum
742 3564 840 3619 Dei
881 3565 1151 3635 possidere
1197 3583 1305 3622 non
1351 3576 1597 3638 possunt,
1647 3585 1820 3640 neque
1851 3587 1963 3626 cor-

319 3649 507 3719 ruptio
545 3651 1039 3723 incorruptionem.
1114 3654 1173 3709 Si
1230 3657 1526 3726 corruptio
1604 3656 1676 3711 ad
1725 3673 1960 3714 omnem

319 3738 539 3794 coitum
572 3740 1206 3814 pertinet,incorruptio
1237 3749 1433 3799 autem
1468 3744 1699 3815 proprie
1724 3747 1962 3802 castita-

318 3824 395 3883 tis
440 3833 550 3892 est,
601 3831 841 3901 praemia
888 3832 1181 3902 pudicitiae
1227 3833 1441 3904 nuptiae
1496 3832 1793 3905 possidere
1843 3853 1957 3891 non

318 3922 588 3988 possunt.
636 3921 854 3975 Scimus
898 3922 1051 3975 enim
1096 3924 1357 3992 quoniam
1404 3925 1455 3977 si
1502 3926 1719 3978 terrena
1767 3925 1957 3981 domus

302 4002 477 4077 hujus
522 4007 877 4063 habitationis
925 4010 1077 4066 299
1141 4010 1415 4066 destructa
1455 4013 1654 4081 fuerit,
1708 4014 1955 4085 aedi/ica-

306 4094 513 4149 tionem
542 4094 832 4152 habeamus
859 4114 928 4154 ea:
963 4100 1089 4169 Deo,
1137 4101 1357 4155 bomum
1394 4117 1507 4155 non
1553 4106 1951 4172 manufactam,

303 4184 698 4252 sempiternam
724 4186 787 4240 in
811 4188 982 4242 caelis.
1016 4189 1079 4243 In
1108 4205 1211 4259 quo
1242 4192 1678 4260 ingemiscimus,
1727 4192 1953 4249 habita-

304 4269 497 4326 culum
535 4275 802 4339 noslrum,
853 4276 992 4345 quod
1018 4277 1084 4331 de
1101 4278 1232 4332 ειειο
1252 4287 1350 4344 est,
1367 4280 1697 4350 superindui
1719 4284 1953 4353 cupien-

307 4366 387 4415 tes
410 4360 451 4413 ⁸.
486 4359 743 4431 Cupimus
766 4364 921 4418 enim
948 4364 1133 4434 egredi
1179 4366 1244 4421 de
1299 4382 1538 4438 corpore,
1590 4373 1640 4423 et
1699 4370 1952 4427 habitare

303 4462 431 4503 cum
455 4448 704 4517 Christo,-
729 4462 952 4524 propter
989 4455 1126 4525 quod
1176 4464 1227 4510 et
1270 4455 1673 4513 studiosissime
1694 4461 1949 4528 nitimur,

300 4538 413 4594 sive
433 4539 493 4593 in
521 4554 761 4611 corpore,
792 4542 911 4596 sive
937 4546 1095 4598 extra
1123 4559 1317 4615 corpus
1334 4545 1553 4616 placere
1585 4547 1688 4602 Deo
1718 4550 1786 4614 (II
1819 4548 1943 4603 Cor.

2074 3399 2206 3438 nem
2240 3389 2593 3451 nostram,et
2609 3384 2954 3456 passionnes
2975 3385 3103 3455 ejus
3119 3383 3725 3455 desideriaquecruci¥

2076 3474 2330 3537 liximus,
2359 3473 2499 3545 quid
2540 3491 2773 3528 rursum
2821 3491 2888 3529 ea
2933 3490 3058 3545 quae
3107 3472 3301 3527 carnis
3347 3476 3489 3528 sunt
3542 3488 3722 3545 agere

2071 3564 2341 3635 cupimus
2371 3563 2398 3617 ‘2
2450 3562 2813 3633 Quodcunpue
2864 3563 3217 3617 seminaverit
3273 3560 3451 3628 homo,
3510 3560 3613 3618 hoc
3666 3566 3722 3617 et

2070 3654 2253 3722 metet,
2285 3653 2398 3722 Qui
2423 3653 2659 3707 seminat
2689 3652 2749 3706 in
2777 3666 2943 3706 carne
2968 3667 3092 3713 sua,
3123 3649 3190 3704 de
3219 3665 3384 3705 carne
3408 3657 3571 3706 metet
3597 3665 3720 3706 cor-

2070 3743 2395 3812 ruptionem.
2432 3742 2535 3809 Qui
2563 3749 2746 3795 autem
2771 3742 3008 3795 seminat
3031 3742 3090 3794 in
3128 3740 3357 3809 spiritu,
3402 3738 3469 3794 de
3514 3739 3719 3812 spiritu

2068 3835 2228 3885 metet
2254 3839 2424 3885 vitam
2450 3839 2714 3886 :eternum
2747 3829 2945 3900 (Galat.
2978 3846 3055 3897 ιιι,
3096 3828 3175 3899 8),
3229 3828 3509 3885 Existimo
3558 3831 3722 3901 quod

2067 3923 2165 3992 qui
2199 3936 2434 3975 uxorem
2469 3920 2662 3983 habet,
2695 3918 2951 3991 quandiu
2988 3918 3295 3973 revertitur
3322 3918 3394 3973 ad
3424 3916 3717 3990 idipsum,

2066 4025 2137 4064 ne
2168 4014 2347 4065 tentet
2376 4025 2511 4064 eum
2544 4011 2809 4076 Satanas,
2844 4008 2902 4063 in
2942 4023 3116 4063 carne
3165 4007 3441 4072 seminet,
3489 4010 3547 4062 et
3595 4023 3721 4064 non

2064 4098 2124 4153 in
2151 4098 2381 4171 spiritu.
2415 4097 2520 4161 Qui
2553 4101 2747 4153 autem
2794 4097 2852 4151 in
2897 4112 3069 4152 carne
3117 4097 3368 4151 seminat
3398 4096 3535 4166 (non
3575 4112 3709 4169 ego,

2063 4190 2162 4244 sed
2195 4186 2511 4259 Apostolus
2541 4186 2822 4258 loquitur)
2856 4184 3490 4256 metitcorruptionem.
3514 4181 3711 4258 Elegit

2062 4295 2168 4333 nos
2202 4278 2258 4333 in
2290 4276 2514 4332 Christo
2536 4277 2557 4311 ⁵
2590 4276 2743 4331 Deus
2795 4274 2963 4332 Pater
2992 4278 3128 4330 ante
3177 4272 3384 4328 mundi
3417 4274 3707 4329 constitu-

2059 4368 2302 4432 tionem,
2346 4370 2411 4420 ut
2441 4381 2705 4420 essemus
2745 4364 2932 4420 sancti
2982 4368 3039 4419 et
3082 4361 3447 4418 immaculati
3504 4358 3711 4420 coram

2059 4472 2144 4511 eo.
2178 4454 2621 4511 Ambulavimus
2650 4454 2708 4508 in
2731 4451 3221 4524 concupiscentiis
3236 4450 3452 4517 carnis,
3486 4449 3707 4507 facien-

2057 4550 2142 4601 tes
2173 4545 2527 4601 voluntatem
2561 4543 2709 4613 ejus,
2752 4547 2809 4597 et
2860 4542 3302 4613 cogitationum,
3362 4544 3419 4594 et
3476 4538 3704 4597 fuimus

300 4641 357 4692 κ,
386 4626 410 4683 l
449 4630 499 4682 et
525 4631 716 4701 seqq.).
751 4631 821 4685 Et
851 4638 911 4685 ut
943 4630 1170 4702 plenius
1210 4640 1540 4705 exponeret,
1592 4635 1795 4707 quales
1826 4654 1941 4692 non
1974 4648 2020 4711 Ι)
2053 4634 2155 4689 filii
2187 4634 2305 4699 irae,
2340 4633 2489 4688 sicut
2519 4638 2576 4687 et
2606 4633 2815 4687 caeteri.
2869 4632 3034 4686 Nunc
3087 4635 3282 4687 autem
3332 4629 3708 4686 conresusci-

297 4730 427 4773 esse
454 4715 644 4785 vellet,
687 4718 746 4773 in
800 4718 913 4776 alio
973 4720 1095 4775 loco
1150 4722 1337 4788 docet,
1396 4724 1637 4780 dicens:
1671 4726 1943 4797 Despondi

294 4806 445 4860 enim
473 4822 564 4861 vos
593 4809 695 4863 uni
724 4810 861 4877 viro,
916 4811 1187 4881 virginem
1230 4820 1435 4866 castam
1474 4812 1735 4868 exhibere
1779 4814 1941 4870 Chri-

292 4900 375 4949 ste
403 4895 477 4965 (II
502 4894 623 4951 Cor.
670 4914 748 4953 χι.
800 4899 874 4969 2).
934 4899 1096 4963 Quod
1146 4899 1196 4955 si
1254 4901 1325 4955 ad
1379 4904 1564 4957 totam
1623 4902 1939 4960 Ecclesium

290 4984 656 5042 credentium
688 4986 940 5043 volueris
971 4989 1202 5056 referre,
1237 4994 1294 5044 et
1319 4989 1377 5044 in
1412 4990 1516 5045 hac
1552 4991 1940 5064 desponsione

288 5071 525 5143 Christi,
558 5079 615 5130 et
645 5077 970 5144 maritatas,
1003 5083 1058 5133 et
1089 5079 1374 5151 digamas,
1409 5084 1466 5135 et
1491 5080 1716 5149 viduas,
1742 5087 1799 5137 et
1825 5082 1937 5137 vir-

289 5160 456 5234 gines
486 5163 791 5233 contineri,
830 5166 938 5223 hoc
965 5183 1197 5239 quoque
1230 5184 1332 5238 pro
1384 5169 1553 5223 nobis
1587 5170 1743 5224 facit.
1793 5171 1939 5226 Nam

338 5303 377 5385 .‘
410 5301 819 5385 Casanalensis
845 5324 978 5363 cum
1012 5309 1264 5385 negandi
1298 5310 1582 5385 particula
1620 5313 1737 5369 Non
1787 5314 1937 5383 diju-

288 5373 522 5454 dicatur.
555 5374 734 5458 Paulo
774 5386 904 5450 post
943 5373 1264 5458 moriuntur
1298 5373 1375 5458 ‘ct
1399 5373 1856 5458 viviﬁcabuntur
1882 5386 1937 5440 in

291 5452 762 5523 mgs._invenitur
795 5467 897 5521 pro
916 5454 1189 5507 morimur
1210 5457 1265 5508 et
1294 5455 1718 5523 viviﬁcabimur.

330 5518 382 5639 )’
417 5515 560 5571 Mss.
593 5515 1062 5603 Incorruptionem
1092 5515 1434 5579 hwreditabit
1456 5529 1624 5596 juxta
1670 5530 1936 5585 Graecum

349 5605 654 5639 ςἠβονοιιει.

292 5605 654 5659 κιςηροξιομει.

356 5607 399 5639 ,γ
449 5605 538 5639 ονο
590 5607 654 5644 ει.

356 5605 590 5747 trifida}:
626 5678 767 5747 mss.
803 5665 1207 5747 Superinduere
1234 5665 1624 5747 desiderantes.

360 5731 383 5766 ‘
412 5730 476 5787 In
507 5730 889 5795 Casanatensi
916 5737 1152 5794 additur
1168 5737 1455 5794 modestia.

2050 4723 2210 4793 tavit,
2270 4728 2327 4778 et
2383 4722 2695 4777 consedere
2752 4738 2859 4777 nos
2919 4721 3055 4775 fecit
3121 4720 3181 4775 in
3236 4716 3572 4775 caelestibus
3635 4720 3701 4775 in

2048 4812 2275 4868 Christo
2322 4812 2484 4879 Jesu,
2536 4815 2601 4865 ut
2652 4811 3018 4882 dcponamus
3071 4808 3395 4865 secundum
3445 4806 3706 4879 priorem

2048 4900 2547 4958 conversationem
2590 4904 2836 4956 veterem
2897 4897 3217 4967 hominem,
3274 4895 3376 4970 qui
3433 4912 3709 4953 corrum-

2051 4990 2399 5063 piturjuxta
2430 4987 2717 5044 desideria
2768 4988 3003 5052 erroris,
3052 4991 3109 5041 et
3156 4986 3343 5058 aptari
3389 4984 3561 5041 nobis
3592 4983 3708 5042 illa

2051 5080 2374 5135 benedictio
2389 5080 2725 5151 possitquae
2743 5077 3049 5150 mysticam
3066 5076 3158 5131 “ad
3177 5074 3459 5147 Ephesios
3474 5074 3708 5146 Episto-

2052 5168 2165 5225 lam
2197 5168 2297 5225 tali
2334 5170 2446 5223 fine
2494 5166 2787 5223 concludit
2818 5185 2831 5223 :
2865 5166 3056 5222 Gratia
3111 5166 3388 5222 vobiscum
3439 5165 3700 5220 omnibus

2118 5310 2139 5342 ⁵
2173 5315 2234 5364 In
2268 5311 2469 5365 eodem
2503 5310 2868 5365 desideratur
2893 5311 2953 5364 in
2986 5308 3217 5364 Christo.

2117 5382 2138 5414 δ
2171 5380 2336 5435 Falso
2368 5382 2653 5436 hactenus
2690 5381 2945 5437 obtinuit
3004 5382 3173 5436 missa
3219 5396 3321 5452 pro
3382 5379 3702 5452 mysticam,

2048 5453 2429 5508 renuentibus
2460 5470 2694 5525 quoque
2724 5469 2866 5509 mss.
2924 5450 3237 5525 Mysticam'
3287 5450 3703 5525 poro’Episto-g

2048 5525 2162 5579 lam
2196 5525 2267 5579 ad
2301 5522 2579 5594 Ephesios
2601 5522 2776 5580 vocat
2804 5525 2959 5596 quod
2988 5522 3304 5596 Apostolus
3350 5524 3422 5596 in!
3444 5522 3563 5596 hac
3614 5523 3705 5578 vel

2042 5597 2389 5666 potissimum
2436 5599 2681 5651 obscuros
2702 5594 2887 5651 sensus
2929 5603 2980 5650 et
3027 5594 3209 5665 ignota
3255 5594 3451 5651 δέεαιΙί
3486 5608 3693 5666 sacra-

2045 5663 2229 5722 menta
2252 5671 2671 5740 congesserit,ut
2699 5669 2823 5740 ipse
2844 5663 3231 5740 Hieronymus
3247 5667 3313 5740 in
3345 5663 3705 5740 Prtefatione

2048 5735 2610 5797 Commentariorum
2640 5739 2701 5796 in
2723 5735 2999 5797 eamdem
3055 5735 3364 5812 epistolam
3407 5735 3698 5809 loquitur.
