3944 6400
209 342 320 408 277

1271 346 1689 414 ADVERSUS
1732 342 2223 413 JOVINIANUM
2266 343 2417 413 LIB.
2462 334 2511 414 Ϊ.

3474 338 3601 453 re

204 473 556 554 quidiligunt’
577 475 869 539 Dominum
920 480 982 538 in
1036 480 1442 556 incorruptione
1497 482 1710 557 (Ephes.
1755 501 1831 552 v1,
1863 481 1911 549 Α
1949 481 2184 537 necem‘
2239 482 2698 557 Hierosolymam
2770 484 3112 542 subversam
3185 472 3416 542 referat.
3488 468 3597 544 Hic

202 568 303 641 21).
341 566 679 626 Conversatio
702 574 981 629 nostrain
1028 574 1176 628 ctelis
1202 577 1301 629 est.
1359 574 1503 631 Unde
1551 582 1601 629 et
1639 574 1830 629 Salva-

200 663 360 714 torem
377 662 744 731 exspectamus
784 662 1072 717 Dominum
1124 667 1369 718 nostrum
1421 666 1605 719 Jesum
1648 663 1830 718 Chris-

199 755 324 818 tum,
375 750 472 820 qui
516 750 932 820 transﬁgurabit
994 767 1188 823 corpus
1218 752 1550 808 humilitatis
1606 761 1826 818 nostra),

200 840 460 910 conformo
484 839 609 908 ﬁeri
637 841 853 911 corpori
896 841 1083 911 glorise
1112 858 1225 896 sua:
1283 842 1547 914 (Philipp.
1598 860 1681 908 ιιι,
1714 843 1825 914 20).

201 927 575 999 Quaecumque
621 944 757 1001 ergo
802 934 943 985 sunt
986 947 1142 998 vera,
1194 948 1559 1003 quaecunque
1594 931 1825 1004 pudica,

203 1032 549 1088 quiscunque
571 1018 759 1087 justa,
784 1035 1146 1092 quaecunque
1178 1021 1251 1075 ad
1284 1021 1610 1076 castitatem
1650 1020 1827 1092 perti-

200 1105 400 1174 nentia,
434 1104 527 1161 his
558 1105 918 1178 copulemur,
951 1107 1072 1165 haec
1104 1110 1703 1182 sequamur(Philipp.
1750 1128 1822 1178 ιν,

200 1194 269 1265 8),
292 1194 695 1251 Reconciliavit
723 1214 828 1252 nos
859 1197 1125 1253 Christus
1174 1199 1231 1253 in
1283 1215 1519 1271 corpore
1566 1217 1670 1255 suo
1708 1200 1824 1255 Deo

202 1283 337 1339 Patri
362 1300 466 1357 per
494 1288 767 1353 mortem,
793 1290 849 1341 et
878 1286 1142 1342 exhibuit
1172 1293 1404 1344 sanctos
1454 1292 1511 1344 et
1542 1289 1824 1343 immacu-

197 1370 357 1440 latos,
387 1376 444 1429 et
477 1373 701 1446 absque
734 1373 854 1431 ulla
884 1376 1335 1449 reprehensione
1386 1394 1581 1433 coram
1632 1394 1730 1433 se:
1764 1377 1825 1432 in

196 1478 300 1535 quo
326 1464 380 1517 et
409 1461 739 1519 circumcisi
769 1480 977 1521 sumus
997 1465 1439 1522 circumcisione
1471 1483 1582 1523 non
1617 1484 1825 1522 manu-

196 1550 351 1621 facta,
382 1552 442 1607 in
473 1553 953 1625 exspoliationem
988 1556 1267 1627 corporis,
1302 1556 1517 1624 carnis,
1566 1558 1666 1613 sed
1715 1556 1823 1612 cir-

195 1641 561 1698 cumcisitone
592 1642 829 1712 Christi,
862 1644 1187 1717 consepulti
1239 1646 1288 1701 ei
1340 1646 1398 1701 in
1439 1647 1733 1718 baptismo
1764 1647 1824 1701 in

194 1747 301 1803 quo
322 1735 377 1787 et
396 1732 829 1788 consurrrexim
841 1751 931 1790 us.
952 1733 1010 1790 Si
1033 1751 1168 1807 ergo
1191 1736 1667 1792 consurreximus
1689 1754 1824 1792 cum

1943 570 2171 643 primus
2202 571 2511 645 episcopus
2543 589 2611 629 ex
2630 572 2847 629 Judaeis
2868 572 3277 647 Hierosolymis
3306 573 3598 631 credentis

1941 660 2229 726 Ecclesiae,
2260 662 2332 717 ad
2388 679 2561 734 quem
2605 662 2821 720 Paulus
2865 680 3000 719 cum
3052 664 3181 719 Tito
3211 664 3597 736 Barnabaque

1940 750 2239 821 pergebat,
2298 750 2561 823 loquitur
2618 753 2675 807 in
2731 752 2985 826 Epistola
3041 769 3149 808 sua
3204 754 3382 809 Nolite
3409 767 3599 810 errare

1936 839 2136 909 fratres
2167 842 2278 895 mei
2326 841 2534 897 dilecti.
2571 840 2740 897 Omne
2794 843 2992 898 datum
3050 842 3268 910 bonum,
3328 851 3380 898 et
3415 844 3597 899 omnis

1937 930 2171 997 perfecta
2203 929 2443 997 donatio,
2474 930 2540 985 de
2567 948 2788 987 sursum
2828 940 2927 999 est,
2975 931 3300 987 descendens
3346 948 3381 987 a
3427 933 3595 987 Patre

1938 1017 2231 1086 luminum,
2266 1019 2410 1090 apud
2454 1035 2614 1090 quem
2652 1037 2763 1076 non
2814 1024 2893 1076 est
2933 1021 3260 1093 differentia,
3311 1028 3408 1076 aut
3433 1036 3591 1077 aver-

1934 1107 2144 1161 sionis3
2204 1109 2677 1163 obumbraculum'
2753 1110 2939 1167 Valens
3002 1111 3193 1178 genuit
3255 1125 3351 1164 nos
3432 1110 3590 1166 verbo

1934 1196 2201 1261 veritatis,
2260 1200 2321 1252 ut
2365 1199 2540 1252 simus
2592 1198 2865 1269 primitiw
2892 1207 3275 1253 creaturarum
3305 1200 3423 1270 ejus
3452 1198 3589 1271 (Jac.

1937 1301 1977 1349 1,
2013 1286 2097 1349 16,
2138 1285 2357 1357 17,18).
2420 1285 2595 1359 Nirgo
2655 1288 2900 1359 mystice
2954 1286 3355 1361 virginitatem
3396 1289 3589 1345 docet.

1935 1372 2118 1429 Omne
2148 1375 2468 1446 perfectum
2501 1376 2722 1430 donum
2762 1376 2833 1430 de
2864 1377 3101 1431 sursum
3132 1377 3453 1445 descendit,
3491 1376 3594 1432 ubi

1936 1480 2051 1519 non
2081 1468 2221 1519 sunt
2252 1465 2469 1536 nuptize
2495 1482 2507 1519 :
2542 1468 2600 1520 et
2624 1464 2924 1521 descendit
2954 1481 3069 1520 non
3103 1482 3137 1521 a
3164 1464 3446 1537 quolibet,
3483 1465 3585 1521 sed

1936 1569 1969 1608 a
1999 1556 2168 1608 Patre
2199 1551 2514 1621 luminum,
2549 1553 2650 1625 qui
2676 1553 2818 1609 dicit
2849 1555 2920 1609 ad
2952 1553 3284 1627 apostolos:
3334 1555 3429 1610 Vos
3461 1555 3593 1610 estis

1935 1643 2037 1698 tua:
2065 1644 2262 1699 mundi
2293 1643 2499 1715 )Matth.
2533 1661 2588 1710 v,
2625 1644 2732 1714 14).
2774 1644 2943 1715 Apud
2976 1660 3151 1716 quem
3210 1660 3326 1699 non
3358 1648 3447 1699 cst
3475 1643 3593 1701 difi-

1935 1731 2178 1788 ferentia
2206 1731 2415 1800 Judaei,
2452 1732 2570 1788 sive
2599 1730 2858 1805 gentilis,
2906 1748 3012 1787 nec
3062 1731 3163 1787 illa
3211 1734 3423 1787 umbra
3460 1748 3591 1805 qua

191 1818 427 1889 Christo,
459 1837 529 1878 ea
558 1838 681 1893 quae
713 1840 951 1878 sursum
983 1828 1123 1879 sunt
1147 1841 1504 1896 quaeramus,
1536 1826 1635 1882 ubi
1669 1825 1825 1881 Chri-
1860 1856 1905 1921 Β
1935 1822 2279 1877 versabatur
2309 1821 2367 1876 in
2400 1823 2546 1895 lege,
2582 1821 2793 1894 premit
2846 1838 2946 1877 eos
2977 1821 3077 1893 qui
3128 1821 3199 1876 de
3248 1820 3590 1879 nationibus

191 1913 307 1965 stus
337 1908 515 1965 estin
546 1910 780 1966 dextera
808 1910 907 1967 Dei
944 1912 1193 1981 sedens;
1244 1930 1309 1968 ea
1350 1913 1652 1986 sapiamus
1700 1932 1824 1987 qua:

191 2013 414 2054 sursum
446 2002 608 2064 sunt,
645 2014 758 2054 non
789 2016 916 2071 quae
948 2017 1125 2072 super
1152 2006 1390 2057 terram.
1425 2003 1637 2059 Mortui
1668 2004 1824 2059 enim

193 2103 409 2155 sumus,
442 2091 500 2143 et
528 2087 646 2143 vita
678 2092 877 2144 nostra
907 2089 1250 2146 abscondita
1294 2096 1384 2147 est
1432 2109 1565 2147 cum
1599 2093 1825 2151 Christo

190 2175 246 2232 in
273 2176 386 2233 Deo
414 2175 569 2231 Cum
600 2176 757 2232 enim
787 2176 1054 2234 Christus
1084 2180 1420 2251 apparuerit
1448 2180 1566 2236 vita
1606 2186 1824 2247 nostra,

189 2271 315 2322 tunc
345 2269 401 2321 et
431 2282 542 2322 nos
571 2266 985 2338 apparebimus
1018 2269 1163 2325 30!
1202 2286 1335 2324 cum
1385 2270 1512 2341 ipso
1557 2270 1614 2325 in
1642 2270 1825 2343 gloria

190 2354 371 2411 Coloss.
430 2373 493 2422 ιι,
546 2354 655 2416 il;
713 2356 859 2424 111,1
918 2358 1070 2430 seq.).
1130 2359 1343 2414 Nemo‘
1389 2360 1640 2415 militans
1697 2362 1820 2415 Deo.

188 2445 422 2518 implicat
449 2462 511 2500 se
540 2446 771 2514 negotiis
793 2447 1178 2515 smcularibus,
1210 2452 1269 2503 ut
1293 2450 1461 2520 possit
1492 2452 1545 2505 ei
1588 2450 1821 2521 placere,

185 2536 272 2608 qui
295 2550 351 2590 se
376 2535 541 2604 elegit
571 2535 645 2605 (ll
694 2536 824 2590 Tim.
884 2553 944 2603 11,
997 2537 1072 2607 4).
1134 2538 1401 2609 Apparuit
1447 2540 1595 2593 enim
1642 2541 1825 2608 gratia

186 2624 272 2679 Dei
298 2621 602 2680 Saluatoris
632 2624 881 2680 omnibus
936 2625 1270 2691 hominibus,
1324 2626 1577 2683 erudiens
1616 2645 1715 2683 nos
1762 2632 1824 2683 ut

185 2712 498 2785 abnegantes
531 2715 863 2785 impietatem
907 2719 960 2771 et
1006 2716 1301 2773 saecularia
1346 2716 1637 2785 desideria,
1678 2726 1824 2773 caste

186 2807 230 2858 ei
248 2803 391 2875 juste
417 2811 469 2860 et
496 2804 590 2875 pie
618 2804 862 2859 vivamus
912 2806 970 2859 in
1026 2809 1290 2877 praesenti
1349 2807 1546 2861 saeculo
1597 2810 1720 2878 (Tit.
1756 2824 1817 2874 11,

190 2890 391 2964 11,12).

246 2980 328 3037 39.
359 2984 525 3040 Filiw
576 2982 825 3056 Philippi
876 2985 1111 3055 virgines
1168 2986 1229 3040 in
1287 2986 1555 3042 Ctesarea.
1587 2988 1821 3043 Iacobus

183 3072 342 3141 frater
369 3073 620 3128 Domini.
654 3072 855 3129 Umbra
884 3076 935 3128 et
964 3075 1142 3144 imago
1176 3076 1417 3130 veritatis
1474 3077 1534 3130 in
1590 3076 1703 3146 lege
1732 3092 1818 3130 ve-

186 3162 296 3217 teri.
319 3191 383 3203 —
414 3160 553 3217 Dies
587 3177 679 3217 me
708 3162 911 3218 deﬁcis
941 3162 991 3218 si
1024 3161 1256 3219 voluero
1288 3163 1486 3219 omnia
1528 3166 1599 3221 dc
1639 3164 1815 3221 casti-

1936 1910 2349 1980 crediderunt;
2385 1911 2486 1966 sed
2517 1912 2690 1967 verbo
2722 1926 2829 1967 nos
2873 1910 3094 1983 genuit,
3128 1914 3184 1966 et
3231 1911 3385 1967 802
3415 1911 3590 1967 verbo

1934 2001 2219 2063 veritatis,
2246 2001 2385 2072 quia
2409 2000 2619 2057 umbra
2639 2005 2697 2056 et
2739 2000 2934 2073 imago
2986 2004 3043 2055 et
3063 2000 3288 2072 species
3310 2000 3582 2072 quaedam

1934 2090 2193 2147 veritatis
2224 2090 2521 2163 praecessit
2550 2090 2610 2145 in
2641 2090 2788 2162 lege,
2821 2093 2887 2146 ut
2916 2088 3105 2146 simus
3136 2087 3408 2162 primitias
3430 2106 3589 2146 crea-

1934 2182 2202 2235 turarum
2235 2180 2383 2251 ejus.
2418 2180 2488 2235 Et
2518 2179 2813 2250 quomodo
2869 2178 2998 2250 ipse
3053 2178 3482 2251 primogenitus
3521 2194 3591 2236 ex

1936 2268 2183 2325 mortuis
2214 2284 2419 2324 omnes
2452 2268 2511 2323 in
2536 2283 2596 2322 se
2636 2270 2901 2322 mortuos
2950 2265 3291 2323 suscitavit:
3344 2267 3429 2323 sic
3458 2267 3587 2341 ipse

1931 2358 2093 2431 virgo
2150 2357 2442 2430 primitias
2490 2356 2783 2428 virginum
2834 2372 3077 2411 suarum
3124 2356 3186 2410 in
3243 2370 3305 2411 se
3363 2354 3588 2429 virgine

1932 2447 2236 2504 dedicavit.
2270 2446 2477 2501 Petrus
2508 2461 2742 2517 quoque
2790 2444 2929 2516 quid
2983 2444 3054 2499 de
3104 2443 3405 2500 vocatione
3435 2459 3584 2517 gen-’-

1931 2537 2080 2593 tium
2131 2534 2364 2605 sentiat,
2418 2533 2919 2606 contemplemur:
2974 2533 3318 2601 Benedictus,
3372 2532 3587 2605 inquit,

1931 2628 2085 2694 Deus,
2138 2634 2188 2681 et
2242 2625 2408 2679 Pater
2462 2623 2683 2679 Domini
2736 2623 2915 2677 nostri
2940 2623 3069 2678 Jesu
3102 2620 3327 2690 Christi,
3375 2623 3474 2694 qui
3507 2637 3590 2679 se-

1928 2716 2167 2772 cundum
2221 2730 2476 2785 magnam
2533 2713 2967 2768 misericordiam
2998 2728 3178 2780 suam,
3239 2714 3585 2782 regeneravit

1928 2821 2032 2862 nos
2060 2806 2117 2859 in
2164 2820 2313 2875 spem
2360 2803 2507 2867 viae,
2552 2816 2653 2872 per
2694 2801 3145 2856 resurrectionem
3211 2801 3336 2856 Jcsu
3380 2799 3585 2857 Christi

1927 2911 1995 2950 ea.
2025 2894 2272 2958 mortuis,
2302 2892 2361 2947 in
2391 2890 2771 2947 haereditatem
2800 2891 3177 2962 incorruptam
3231 2897 3282 2945 et
3312 2890 3582 2946 immacu—

1929 2984 2103 3039 latum
2133 2991 2184 3038 et
2228 2980 2757 3045 immarcescibilem,
2809 2993 2937 3051 quae
2961 2986 3215 3035 servatur
3243 2980 3304 3033 in
3345 2978 3493 3035 certis
3520 2980 3583 3035 in

1927 3088 2018 3129 vos
2044 3073 2142 3145 qui
2169 3072 2369 3126 virtute
2398 3071 2495 3125 Dei
2522 3067 2877 3124 custodimmi
2897 3083 2997 3140 per
3021 3065 3191 3138 ﬁdem
3237 3068 3299 3121 in
3326 3068 3583 3135 salutem,

1926 3178 2048 3234 quae
2100 3165 2401 3231 preparota
2457 3162 2535 3213 est
2596 3157 2830 3213 revelari
2888 3157 2948 3210 in
3007 3159 3247 3226 tempore
3288 3156 3585 3234 novissimo

181 3251 287 3306 tate
336 3249 599 3325 Apostoli
656 3256 942 3325 praecepta
1001 3269 1342 3309 memorare.
1400 3254 1516 3311 Ista
1573 3258 1710 3311 sunt
1747 3228 1890 3311 deCl
1927 3228 1979 3324 (Ι
2006 3228 2153 3306 Petr.
2196 3228 2242 3317 ι,
2308 3248 2342 3302 3
2404 3249 2596 3319 scqq.).
2675 3245 2783 3301 Ubi
2843 3244 3181 3316 incorrupta
3230 3230 3586 3315 prédicatur

186 3338 381 3410 quibus
411 3342 485 3396 od
533 3340 825 3413 apostolos
875 3341 1161 3398 Dominus
1211 3341 1595 3414 loquebatur:
1630 3345 1819 3400 Adhuc
1925 3337 2253 3405 haereditas,
2304 3340 2361 3391 et
2407 3334 2785 3391 immaculata
2828 3337 2885 3390 et
2936 3331 3469 3400 immarcescibilis,
3526 3335 3587 3388 et

182 3429 341 3485 multa
368 3430 538 3486 habeo
567 3430 713 3486 vobis
763 3430 961 3500 dicere,
1005 3433 1100 3487 sed
1148 3449 1261 3488 non
1306 3435 1530 3504 potestis
1589 3451 1653 3489 ea
1686 3451 1815 3506 por-

182 3525 287 3575 tare
311 3520 485 3576 modo.
525 3518 660 3575 Cum
688 3524 875 3576 autem
906 3524 1111 3577 venerit
1144 3524 1236 3578 ille
1266 3522 1512 3594 Spiritus
1550 3526 1815 3595 veritatis,

183 3606 377 3665 docebit
404 3625 495 3665 vos
528 3624 744 3665 omnem
800 3611 1084 3665 veritatem
1143 3612 1319 3682 (Joan.
1379 3628 1515 3678 xvu,
1568 3613 1654 3682 12,
1708 3614 1817 3683 13).

184 3698 309 3753 Post
336 3714 571 3754 crucem
603 3698 839 3766 Christi,
874 3699 1071 3756 statim
1104 3700 1164 3756 in
1212 3701 1372 3756 Actis
1423 3701 1818 3773 apostolorum

184 3800 290 3842 una
318 3786 533 3844 domus
565 3787 821 3860 Philippi
871 3788 1241 3862 evangelista:
1290 3792 1639 3864 quadrigam
1690 3810 1820 3865 pro-

186 3874 333 3932 ducit
378 3877 677 3951 virginum
728 3878 1021 3935 filiarum:
1076 3884 1139 3934 ut
1180 3884 1455 3952 Caesarea,
1504 3880 1563 3936 in
1609 3899 1726 3953 qua
1755 3899 1824 3936 ex

185 3965 443 4036 gentibus
466 3966 726 4024 Ecclesia
744 3984 848 4040 per
886 3968 1286 4025 centurionem
1326 3957 1661 4027 Cornelium
1696 3971 1822 4027 fue-

189 4056 268 4110 rat
294 4055 583 4122 dedicata,
618 4056 795 4112 etiam
836 4057 1132 4131 virginum
1184 4058 1508 4130 puellarum
1540 4061 1826 4132 praeberet

187 4143 453 4217 exempla.
484 4145 749 4218 Cumque
782 4146 1065 4202 Dominus
1120 4147 1179 4202 in
1227 4148 1535 4221 Evangelio
1576 4149 1822 4205 dixerit:

190 4230 290 4288 Lex
314 4242 365 4290 et
392 4234 641 4306 pophetac
672 4250 843 4306 usque
890 4234 960 4290 ad
1015 4237 1280 4292 Joannem
1337 4237 1544 4308 (Matth.
1604 4255 1680 4306 x1,
1712 4238 1825 4309 t3),

191 4317 328 4389 ista,
359 4324 498 4396 quia
528 4324 786 4398 virgines
816 4332 1001 4393 erant,
1022 4325 1200 4381 etiam
1233 4331 1365 4397 post
1382 4325 1669 4383 Joannem
1702 4346 1830 4400 pro-

194 4406 454 4480 phetasse
485 4412 840 4470 referuntur.
874 4413 1073 4486 Neque
1115 4413 1271 4469 enim
1316 4420 1583 4487 poterant
1620 4418 1828 4472 veteris

191 4496 530 4559 Testamenti
562 4500 689 4574 lege
720 4503 953 4559 retineri
986 4504 1090 4576 [Αἰ.
1142 4503 1430 4579 detineri],
1483 4521 1610 4577 qua:
1649 4505 1831 4579 virgi-

1926 3434 2248 3503 przeparata
2276 3425 2336 3480 in
2374 3424 2552 3490 caelis,
2585 3430 2640 3480 et
2679 3424 2737 3479 in
2768 3428 3004 3495 tempus
3055 3421 3443 3479 novissimum
3493 3437 3585 3478 ro-

1928 3522 2175 3583 servata,
2210 3521 2267 3572 et
2290 3532 2425 3587 spes
2455 3515 2582 3570 vitae
2614 3520 2864 3582 aeternae,
2898 3513 3136 3586 quando
3186 3528 3303 3569 non
3336 3512 3579 3579 nubent,

1929 3624 2120 3681 neque
2152 3606 2469 3673 nubentur,
2507 3603 2583 3659 ibi
2615 3604 2744 3659 aliis
2768 3602 2958 3659 verbis
2980 3600 3332 3675 virginitatis
3354 3598 3585 3673 privile-

1930 3699 2026 3772 gia
2056 3696 2488 3752 describuntur.
2518 3694 2665 3749 Nam
2686 3698 2743 3749 et
2765 3692 2821 3747 iu
2848 3691 3229 3763 sequentibus
3254 3690 3364 3746 hoc
3385 3690 3584 3762 ipsum

1932 3790 2135 3844 docet:
2175 3792 2401 3857 Propter
2432 3783 2531 3839 hoc
2583 3783 2814 3838 accincti
2863 3780 3072 3836 lumbos
3126 3780 3325 3834 mentis
3370 3781 3584 3848 vestrae,

1934 3878 2221 3949 vigilantes
2274 3876 2527 3945 perfecte,
2588 3874 2802 3944 sperate
2850 3871 2909 3925 in
2965 3885 3088 3924 eam
3142 3868 3407 3937 gratiam,
3465 3877 3588 3939 quae

1932 3968 2083 4024 vobis
2111 3962 2400 4035 deferenda
2433 3969 2511 4017 est
2532 3962 2589 4016 in
2637 3961 2973 4015 revelatione
3000 3959 3128 4014 Jesu
3157 3956 3385 4011 Christi.
3420 3956 3592 4024 Quasi

1933 4057 2045 4127 ﬁlii
2066 4054 2390 4111 obedientim
2421 4067 2528 4105 non
2558 4048 2983 4119 conformemini
3007 4046 3287 4119 prioribus
3325 4047 3594 4115 ignoran-

1937 4148 2035 4202 tia}
2065 4143 2287 4199 vestraz‘
2320 4139 2643 4206 desideriis;
2703 4139 2796 4193 sed
2840 4136 3141 4193 secundum
3178 4152 3327 4204 eum,
3378 4135 3476 4207 qui
3500 4149 3595 4192 vos

1936 4234 2165 4298 vocavit,
2198 4232 2477 4295 Sanctum,
2520 4232 2571 4283 et
2596 4229 2704 4299 ipsi
2731 4228 2914 4283 sancti
2936 4229 3125 4294 estote,
3158 4227 3221 4280 in
3266 4226 3419 4281 omni
3459 4238 3593 4281 con-

1922 4324 2256 4380 versatione.
2305 4320 2581 4391 Scriptum
2629 4326 2708 4373 est
2747 4318 2933 4374 enim:
2984 4316 3175 4372 Sancti
3238 4318 3423 4385 estote,
3462 4315 3598 4386 quia

1938 4430 2033 4485 ego
2079 4418 2299 4467 sanctus
2339 4425 2480 4465 sum.
2522 4409 2704 4481 Neque
2750 4408 2899 4463 enim
2944 4404 3293 4477 corruptibili
3344 4419 3483 4459 auro
3541 4410 3596 4458 et

1940 4510 2162 4575 argento
2193 4499 2459 4570 redempti
2502 4513 2727 4565 sumus;
2776 4496 2866 4551 sed
2908 4496 3145 4568 pretioso
3188 4494 3464 4563 sanguine
3488 4493 3595 4547 im-

195 4584 380 4646 nitatis
400 4570 686 4647 fulserant
706 4570 1827 4661 claritate.-Tran§a1nusud-Jacobuin,
1861 4610 1906 4675 Β
1937 4570 2207 4649 maculati
2254 4589 2389 4659 agni
2432 4588 2558 4643 Jesu
2603 4585 2828 4654 Christi,
2883 4593 2940 4640 ut
2976 4582 3335 4653 castiﬁcemus
3379 4580 3598 4675 animus

194 4676 283 4747 qui
342 4677 523 4736 frater
570 4679 802 4736 Domini
855 4680 1176 4749 dicebatur,
1246 4685 1416 4736 tanta:
1476 4683 1828 4747 sanctitatis,

194 4766 471 4839 tantaeque
488 4768 756 4840 justitiae,
788 4773 844 4825 et
874 4775 1162 4841 perpetua:
1212 4769 1583 4844 virginitatis,
1643 4777 1706 4827 ut
1732 4773 1831 4829 Jo-

196 4854 399 4926 sephus
420 4873 657 4929 quoque
677 4857 995 4915 historicus
1015 4860 1373 4927 Judaeorum,
1402 4868 1634 4933 propter
1655 4862 1832 4934 hujus

198 4976 318 5035 Mox
341 4981 562 5039 habent
590 5000 735 5039 mss.
771 4983 959 5040 Gratia
986 5002 1113 5040 cum
1157 4986 1430 5052 omnibus,
1488 4986 1710 5057 absque
1742 5002 1830 5042 vo-

200 5049 292 5103 bis.
321 5053 459 5103 auia
488 5055 750 5103 voculam
785 5073 890 5103 nec.
921 5058 1155 5103 Grmnns
1178 5062 1370 5103 textus
1400 5061 1686 5103 nannsnit-

230 5055 459 5180 igﬂuia
488 5055 751 5111 voculam
785 5073 890 5111 nec
921 5058 1155 5113 Graecus
1178 5062 1370 5112 textus
1400 5055 1686 5128 agnoscit.

231 5123 282 5205 η²
367 5126 489 5205 iss.,
548 5128 711 5205 Νειηο
762 5129 1010 5205 militans
1057 5130 1373 5205 implicgt‘ur
1416 5130 1609 5185 steculi
1651 5146 1829 5205 nego-

202 5196 322 5273 (iis;
351 5197 527 5273 juxta
578 5200 841 5257 Graecum
886 5196 1345 5273 textum'odaaic
1406 5196 1831 5273 στρατευὸμεὲιος

204 5261 540 5343 ἐμιςλὲἷιετᾳι,
591 5276 699 5327 etc.
761 5272 828 5326 Et
886 5271 1029 5327 illud
1090 5272 1327 5343 quidem
1390 5261 1493 5326 Deo
1572 5261 1831 5343 ab'ipso

251 5337 445 5416 ulgato
465 5342 778 5416 interprete
809 5345 1075 5399 additum
1106 5337 1378 5398 autumat
1428 5343 1641 5412 Estius,
1676 5337 1830 5415 quod

206 5411 484 5491 n.on;sa_ti_s
523 5411 788 5491 consulto
819 5416 889 5471 ad
921 5432 1131 5472 sensus
1158 5416 1548 5488 integritatem
1593 5411 1831 5489 putave-

205 5482 274 5536 rit
300 5482 637 5541 desiderari.

266 5554 289 5586 ’
314 5554 437 5630 Non
468 5557 738 5630 equidem
771 5562 960 5615 exstat
1010 5558 1065 5613 in
1116 5557 1418 5614 hodiernis
1454 5556 1642 5630 libris
1676 5559 1833 5613 istud

209 5623 537 5705 losophiAde'
554 5629 771 5705 Jacobo
784 5630 1240 5705 testimonium;
1291 5631 1391 5686 sed
1452 5628 1671 5705 legerat
1695 5630 1834 5705 olim

210 5697 369 5758 etiam
424 5698 702 5777 Origenes
757 5701 859 5761 lib.
891 5707 995 5762 iet
1026 5720 1066 5762 11
1122 5697 1325 5761 contra
1378 5697 1636 5777 Celsum,
1678 5706 1737 5761 et
1773 5702 1833 5760 in

1940 4686 2153 4739 nostras
2187 4682 2248 4735 in
2295 4676 2601 4734 obedzentia
2642 4676 2905 4742 veritatis,
2961 4674 3146 4729 renati
3185 4687 3297 4726 non
3350 4685 3423 4725 ea:
3446 4669 3599 4725 coitu

1939 4770 2314 4842 corruptibili,
2346 4766 2439 4822 sed
2469 4782 2537 4820 ea:
2568 4766 3001 4835 incorruptione,
3020 4778 3121 4834 per
3147 4760 3371 4816 verbum
3402 4758 3597 4813 viven-

1919 4853 2010 4919 'tis
2039 4860 2141 4917 Dei
2168 4867 2217 4914 et
2243 4856 2652 4930 pri-manentis;
2683 4856 2733 4908 et
2780 4854 2922 4907 sicut
2960 4851 3173 4923 lapides
3222 4848 3334 4903 vivi
3360 4845 3600 4917 aediﬁce-

1944 4984 2153 5044 Malth.
2203 4999 2331 5037 x111.
2386 4980 2679 5035 Eusebius
2733 4995 2811 5041 x1,
2868 4980 2959 5043 22,
3018 4974 3167 5030 Hist.
3214 4974 3600 5044 (Graecajpsa

1943 5040 2122 5113 verba
2151 5054 2374 5121 laudat,
2405 5055 2688 5131 et‘noster
2729 5040 2966 5131 quoque
3021 5047 3176 5131 liier.
3209 5043 3267 5099 in
3298 5040 3598 5116 Catologo,

1943 5146 2071 5198 cap.
2104 5132 2139 5181 2
2168 5132 2224 5181 et
2252 5119 2377 5197 cap.
2412 5126 2500 5179 l3.
2538 5124 2673 5178 Vide
2702 5119 2829 5193 quae
2852 5119 2939 5198 ibi
2973 5119 3344 5198 adnotamus.
3528 5184 3567 5198 ν

2066 5185 2388 5255 Maluimus
2418 5213 2485 5251 ex
2536 5212 2680 5249 mss.
2719 5185 3088 5268 'nostrorum.
3117 5188 3449 5259 veterisque
3477 5185 3600 5268 edi-

1942 5272 2120 5329 tionis
2152 5286 2441 5327 consensu
2476 5282 2753 5338 reponere
2812 5263 3114 5319 aversionis
3156 5276 3261 5333 pro
3289 5263 3602 5315 conversio-

1941 5347 2051 5401 nis.
2085 5343 2501 5415 Grzccetpojtﬁ:
2655 5408 2691 5415 η
2881 5409 2888 5415 _
3265 5406 3275 5415 ,
3320 5402 3329 5411 ,
3402 5402 3410 5413 ,

2016 5418 2036 5450 ⁸
2067 5406 2339 5469 Sanctius
2370 5413 2567 5467 Grmco
2601 5408 2961 5463 adhaerentes
2984 5422 3127 5460 mss.
3151 5406 3357 5468 nostri,
3389 5406 3607 5474 ignora-

1945 5493 2093 5543 tione
2150 5494 2323 5541 vestra
2358 5481 2509 5553 évfcﬁ
2543 5478 2736 5553 dyvot;
2796 5477 2970 5553 ὑμῶες.
3031 5478 3182 5533 Tum
3217 5547 3232 5553 _
3260 5481 3487 5553 argento
3554 5478 3606 5553 ρι

1944 5575 2102 5623 auro,
2138 5554 2385 5639 ἀρχυρίῳ
2418 5550 2451 5620 ἤ
2486 5544 2725 5626 ﬁdem»,
2784 5554 2841 5606 et
2899 5548 3013 5606 alia
3069 5547 3337 5621 quaedam
3368 5544 3603 5602 levioris

1955 5632 2255 5687 momenti.
