3944 6402
175 390 269 460 281

1225 388 1645 463 ADVERSUS
1688 392 2173 464 JOVINIANUM
2224 390 2369 462 LIB.
2414 392 2466 463 Ῑ.

3422 386 3545 467 28'2

177 529 297 604 facta
336 531 407 588 est
449 532 635 589 nostra
680 528 942 602 charitas,
990 532 1042 589 si
1086 531 1346 605 ﬁduciam
1398 531 1689 590 habeamus
1723 535 1784 589 in
1811 534 1865 603 Α
1893 532 2062 603 debo,
2104 534 2259 605 quod
2286 533 2386 607 qui
2419 537 2621 591 octava
2654 533 2747 591 die
2776 532 3159 592 circumcisus
3208 537 3317 604 est,
3350 538 3408 591 et
3436 551 3543 609 pro

178 621 301 678 diem
316 621 516 694 judicii
537 640 556 677 :
585 625 645 678 ut
674 622 937 694 quomodo
989 621 1090 679 ille
1133 631 1232 690 est,
1282 626 1360 678 sic
1404 626 1454 678 et
1488 640 1585 679 nos
1614 626 1790 680 simus

178 713 230 767 in
254 711 339 767 hoc
374 713 570 768 arcula
621 714 666 784 (ι
719 715 879 769 Joan.
942 730 1016 780 IV,
1077 714 1184 784 17).
1246 712 1501 785 Epistola
1557 729 1789 786 quoque

177 800 316 859 Judaz
345 800 451 856 tale
482 801 621 874 quid
657 802 969 874 signiﬁcat.
1009 801 1265 857 0dientes
1290 810 1340 858 et
1387 805 1574 857 carnis
1602 804 1788 875 polln-

177 897 273 945 tam
318 892 552 947 tunicam
612 892 792 964 (Iudae
846 892 957 963 ‘23).
1028 896 1312 959 Legamus
1375 892 1786 964 Apocalypsim

176 979 406 1044 Joannis,
437 984 493 1036 et
523 980 603 1035 ibi
634 981 991 1054 reperiemus
1033 982 1265 1052 Agnum
1310 996 1487 1052 super
1522 985 1781 1036 montem

176 1067 310 1135 Sion,
340 1073 394 1124 et
420 1085 552 1125 cum
585 1086 650 1126 eo
681 1074 918 1125 centum
950 1070 1341 1141 quadraginta
1371 1074 1622 1141 quatuor
1655 1069 1785 1125 mil-

176 1156 242 1213 lia
280 1158 659 1229 signatorum,
708 1158 1051 1214 habentium
1110 1174 1324 1213 nomen
1373 1159 1522 1229 ejus,
1574 1161 1632 1213 et
1684 1175 1757 1214 no

178 1262 289 1302 men
316 1246 497 1303 Patris
528 1249 659 1319 ejus
706 1248 993 1320 scriptum
1042 1248 1102 1303 in
1154 1247 1443 1303 frontibus
1493 1249 1640 1317 suis,
1688 1249 1787 1319 qui

177 1338 382 1390 cantant
408 1335 709 1392 Canticum
748 1352 987 1403 novum,
1043 1341 1100 1392 et
1149 1353 1319 1392 nemo
1364 1341 1551 1408 potest
1599 1336 1790 1391 dicere

175 1423 444 1480 Canticum
477 1423 669 1494 illlud,
702 1425 818 1481 nisi
847 1425 906 1480 hi
952 1426 1051 1498 qui
1096 1425 1277 1498 empti
1330 1429 1469 1481 sunt
1511 1426 1583 1481 de
1612 1430 1788 1481 terra.

174 1513 260 1570 Isti
285 1518 414 1569 sunt
441 1516 544 1587 qui
584 1531 719 1570 cum
768 1514 1116 1571 mulieribus
1169 1532 1232 1570 se
1279 1532 1395 1571 non
1444 1514 1792 1587 coinquina-

174 1607 372 1669 verunt,
431 1603 706 1677 virgines,
777 1603 933 1659 enim
984 1608 1457 1676 permanserunt.
1518 1604 1671 1660 305
1722 1604 1791 1659 Hi

175 1697 473 1763 sequuntur
501 1694 737 1765 Agnum
787 1708 1139 1765 quocunque
1181 1693 1344 1749 vadit
1376 1710 1388 1748 :
1439 1694 1619 1766 empti
1655 1696 1795 1749 sunt

173 1781 307 1837 enim
334 1798 399 1837 ex
424 1781 763 1838 hominibus
792 1781 1066 1854 primitiae
1095 1782 1211 1839 Deo
1240 1791 1295 1838 et
1323 1783 1512 1854 Agno,
1534 1788 1590 1839 et
1614 1783 1672 1838 in
1696 1798 1794 1838 ore

170 1867 408 1942 ipsorum
454 1888 571 1927 non
639 1875 729 1928 est
772 1871 1073 1927 inventum
1123 1872 1519 1941 mendacium,
1569 1876 1626 1927 et
1668 1871 1795 1927 sine

172 1958 377 2017 macula
405 1965 564 2017 sunt.
605 1961 686 2016 De
730 1960 981 2033 singulis
1024 1961 1322 2027 tribubus,
1370 1965 1607 2033 excepta
1635 1962 1794 2019 tribu

171 2047 297 2117 Dan,
326 2066 425 2123 pro
473 2066 592 2122 qua
632 2050 931 2122 reponitur
979 2049 1189 2117 tribus,
1242 2050 1431 2117 Levi‘,
1484 2050 1793 2107 duodecim

172 2137 331 2195 millia
376 2139 672 2213 virginum
725 2139 1090 2212 signatorum
1151 2139 1445 2196 creditura
1495 2140 1792 2210 dicuntur,

172 2227 408 2300 quicum
437 2227 786 2285 mulieribus
825 2246 942 2284 non
987 2233 1129 2285 sunt
1178 2228 1561 2301 coinquinati.
1612 2231 1691 2284 Ac
1722 2246 1794 2286 ne

172 2321 489 2390 putaremus
518 2319 591 2374 de
621 2317 715 2373 his
742 2318 877 2386 dici,
913 2318 1013 2390 qui
1048 2322 1239 2374 scorta
1269 2335 1383 2374 non
1417 2323 1652 2385 norunt,
1675 2322 1792 2374 sta-

172 2406 262 2461 tim
290 2406 520 2463 intulit:
559 2409 817 2479 Virgines
856 2409 1005 2463 enim
1048 2416 1495 2480 permanserunt.
1548 2407 1629 2462 Ex
1678 2424 1793 2480 quo

172 2495 401 2552 ostendit
428 2513 635 2553 omnes
666 2496 767 2568 qui
798 2497 1056 2569 virgines
1086 2513 1203 2553 non
1227 2500 1695 2568 permanserunt,
1720 2497 1794 2553 ad

173 2586 642 2658 comparationem
668 2585 995 2657 purissimae
1025 2591 1083 2642 et
1105 2585 1379 2659 angelicae
1405 2586 1714 2655 castitatis,
1738 2590 1797 2641 et

172 2672 337 2746 ipsius
363 2674 592 2732 Domini
629 2674 812 2731 nostri
843 2675 875 2730 J
882 2692 985 2731 esu
1015 2674 1251 2746 Christi,
1274 2693 1401 2731 esse
1421 2674 1694 2748 pollutos.
1717 2676 1798 2730 Ηί

173 2766 286 2818 sunt
311 2766 399 2836 qai
442 2768 675 2820 cantant
723 2764 1010 2819 Canticum
1059 2780 1278 2832 novam,
1335 2764 1474 2837 quod
1517 2780 1672 2821 nemo
1698 2780 1795 2837 po-

174 2858 256 2907 test
279 2868 485 2922 canere,
519 2854 634 2908 nisi
660 2854 755 2925 qui
784 2854 943 2923 virgo
971 2857 1068 2909 est.
1112 2854 1182 2908 Hi
1229 2856 1355 2909 sunt
1399 2855 1669 2926 primitim
1701 2854 1799 2909 Dei

173 2944 217 2995 et
240 2942 388 3013 Agni,
418 2948 471 2998 et
500 2943 622 2998 sine
666 2944 887 2998 macula
934 2942 1099 3015 (Apoc
1145 2960 1262 3014 xw,
1294 2945 1346 3009 3,
1402 2944 1476 3015 4).
1531 2943 1591 2999 Si
1621 2943 1797 3016 virgi-

175 3045 263 3085 nes
288 3030 556 3103 primitize
577 3030 679 3086 Dei
701 3035 842 3087 sunt
865 3050 877 3086 :
902 3047 1039 3104 ergo
1059 3031 1245 3087 viduae
1261 3035 1319 3087 et
1344 3031 1403 3086 in
1423 3032 1798 3088 matrimonio

172 3119 534 3185 continentes,
567 3124 733 3176 erant
761 3124 894 3193 post
925 3120 1241 3194 primitias,
1273 3121 1331 3176 id
1365 3126 1472 3189 est,
1498 3121 1557 3176 in
1590 3127 1796 3178 secun-

172 3207 236 3263 do
261 3212 314 3264 et
338 3211 507 3266 tertio
528 3209 713 3283 gradu
738 3226 752 3265 :
787 3225 892 3265 nec
922 3209 1087 3282 prius
1119 3211 1384 3283 perditus
1405 3211 1659 3283 populus
1684 3210 1797 3266 sal-

1899 640 2014 696 quo
2046 625 2180 696 ραι-³
2210 628 2530 693 turturum,
2563 629 2621 681 et
2648 624 2763 681 duo
2812 623 2956 696 pulli
3006 624 3414 681 columbarum
3447 625 3540 683 die

1896 712 2265 785 purgationis
2311 712 2491 769 oblati
2539 718 2696 782 sunt,
2747 732 2880 770 cum
2925 714 3169 785 caeteris,
3224 720 3541 788 antequam

1897 804 2212 874 pateretur,
2245 802 2550 858 Judaicam
2583 803 3067 859 consuetudinem
3107 804 3543 875 comprobavit:

1897 908 1969 946 ne
2000 890 2118 946 illis
2149 892 2513 947 occasionem
2539 893 2699 964 juste
2747 910 2808 949 se
2856 892 3243 948 interﬁciendi
3288 893 3544 951 tribuere

1898 980 2208 1046 videretur,
2243 980 2410 1052 quasi
2442 980 2630 1054 legem
2668 983 2979 1038 destruens
3008 982 3415 1054 damnansque
3445 1000 3543 1037 na-

1895 1072 2111 1124 turam.
2131 1071 2475 1141 Quanquam
2493 1076 2549 1125 et
2572 1070 2678 1126 hoc
2709 1088 2812 1142 pro
2834 1072 3024 1127 nobis.
3050 1071 3157 1137 Qui
3181 1072 3336 1126 enim
3360 1071 3540 1128 semel

1895 1157 2054 1213 venit
2100 1159 2171 1213 ad
2218 1158 2475 1230 nuptias,
2525 1159 2705 1214 semel
2756 1159 2955 1215 docuit
2997 1176 3125 1216 esse
3174 1161 3537 1217 nubendum.

1898 1248 2061 1303 800
2094 1246 2161 1301 Et
2190 1253 2331 1302 tunc
2360 1248 2678 1320 virginitati
2710 1254 2908 1319 posset
2936 1249 3187 1318 ofﬁcere,
3220 1249 3269 1305 si
3310 1250 3548 1323 nuptias

1898 1340 2031 1408 post
2074 1336 2489 1409 virginitatem,
2540 1341 2596 1393 et
2636 1337 2939 1394 viduitatis
2986 1338 3397 1395 castimoniam
3430 1356 3546 1396 non

1900 1423 1960 1479 in
1992 1426 2176 1497 gradu
2208 1424 2376 1480 tertio
2409 1441 2774 1497 poneremus.
2803 1426 2970 1481 Nunc
2995 1430 3189 1482 autem
3209 1443 3344 1483 cum
3366 1427 3548 1483 heare-

1898 1512 2149 1569 tieorum
2199 1514 2275 1569 sit
2324 1514 2604 1570 damnare
2652 1515 2945 1587 conjugis,
3012 1519 3071 1571 et
3113 1515 3214 1571 Dei
3275 1531 3550 1588 spernere

1900 1602 2318 1670 conditionem,
2351 1603 2641 1676 quidquid
2673 1605 2744 1659 de
2772 1603 2947 1659 laude
2992 1604 3203 1660 dixerit
3250 1604 3356 1678 [Αἰ.
3390 1605 3551 1661 dixe;

1902 1691 2039 1763 rint]
2074 1692 2467 1764 nuptiarums,
2493 1692 2741 1748 libenter
2769 1692 3064 1749 audimus.
3100 1693 3353 1750 Ecclesia
3391 1694 3548 1751 enim

1902 1782 2281 1837 matrimonia
2308 1798 2423 1839 non
2455 1781 2717 1850 damnat,
2752 1783 2853 1837 sed
2886 1781 3160 1853 subjicit;
3189 1800 3295 1839 nec
3325 1784 3549 1855 abjicit,

1902 1871 2004 1927 sed
2030 1871 2367 1943 dispensat;
2402 1872 2612 1939 sciens,
2648 1876 2713 1926 ut
2742 1889 2924 1944 supra
2954 1872 3232 1939 diximus,
3285 1872 3344 1928 in
3375 1873 3549 1929 domo

1905 1976 2123 2033 magna
2151 1977 2268 2017 non
2299 1960 2492 2017 solum
2525 1976 2655 2017 esse
2684 1978 2823 2017 vasa
2843 1978 3020 2017 aurea
3050 1965 3108 2017 et
3128 1967 3425 2035 argentea,
3452 1963 3550 2019 sed

1904 2053 1961 2105 et
1990 2049 2185 2123 lignea
2215 2054 2274 2105 et
2305 2049 2539 2118 ﬁctilia;
2588 2055 2645 2106 et
2669 2050 2784 2106 alia
2828 2066 2957 2107 esse
3004 2051 3064 2107 in
3099 2051 3398 2121 honorem,
3432 2051 3549 2108 alia

1903 2139 1962 2194 in
1994 2137 2414 2195 contumeliam
2443 2158 2455 2208 ;
2481 2143 2537 2195 et
2557 2139 2895 2212 quicunque
2918 2155 2981 2197 se
3006 2141 3394 2211 mundaverit,
3418 2156 3552 2197 eum

1904 2227 2168 2283 futurum
2217 2245 2345 2284 esse
2394 2245 2494 2283 vas
2547 2228 2905 2293 honorabile,
2955 2232 3012 2285 et
3059 2230 3458 2287 necessarium
3494 2230 3553 2285 in

1904 2333 2078 2372 omne
2107 2333 2256 2389 opus
2289 2317 2508 2373 bonum
2541 2321 2952 2389 praeparatum.

1976 2406 2063 2460 41.
2113 2405 2382 2478 Emempla
2425 2422 2455 2460 e
2492 2407 2687 2464 saeculi
2737 2406 2999 2462 historiis.
3057 2407 3361 2475 Virginitas
3410 2407 3557 2475 apud

1905 2494 2166 2551 ethnicos.
2205 2497 2449 2566 Virgines
2499 2495 2701 2552 honore
2748 2512 2963 2567 semper
3009 2495 3215 2551 habin
3265 2495 3411 2568 apud
3452 2500 3557 2554 Ro-

1903 2600 2112 2639 manos.
2148 2584 2548 2656 Spartanorum
2576 2587 2837 2656 virgines.
2872 2586 2997 2640 Alia
3048 2586 3333 2654 Virginum
3361 2602 3552 2643 exem-

1903 2677 2016 2745 pla.
2050 2706 2118 2714 —
2148 2673 2301 2731 Satis
2347 2674 2696 2746 abundeque
2754 2673 3100 2729 Christiana:
3151 2674 3447 2746 pudicitim
3498 2680 3555 2731 et

1906 2762 2259 2836 virginitatis
2309 2762 2607 2835 angelicae,
2668 2764 2739 2819 de
2786 2763 3000 2819 divinis
3048 2762 3245 2819 Libris
3296 2763 3560 2832 exempla

1907 2852 2288 2926 praebuimus.
2311 2853 2421 2908 Sed
2446 2852 2724 2924 quoniam
2747 2851 3005 2908 intellexi
3024 2851 3084 2907 in
3109 2854 3555 2909 Commentariis

1906 2941 2249 3010 adversarii,
2285 2942 2581 3014 provocari
2614 2958 2721 2998 nos
2752 2941 2933 2997 etiam
2961 2943 3028 2997 ad
3085 2942 3289 2997 mundi
3325 2944 3559 3016 sapien-

1907 3032 2072 3097 tiam,
2106 3032 2261 3103 quod
2292 3047 2596 3102 nunquam
2631 3030 2740 3086 hoc
2771 3046 2957 3102 genus
2985 3030 3045 3085 in
3078 3030 3290 3087 saeculo
3322 3032 3401 3087 sit
3430 3048 3562 3104 pro-

1906 3120 2134 3188 batum,
2165 3124 2223 3175 et
2262 3136 2476 3175 novum
2524 3120 2735 3191 dogma
2784 3124 2986 3175 contra
3034 3123 3304 3174 naturam
3355 3118 3558 3192 religio

1908 3215 2111 3266 nostra
2161 3208 2501 3281 prodiderit,
2553 3225 2891 3280 percurram
2940 3208 3191 3264 breviter
3237 3208 3467 3265 Graecas
3504 3212 3565 3264 et

171 3298 276 3353 vari
295 3299 524 3371 poterit,
562 3298 675 3355 nisi
714 3298 865 3355 tales
903 3298 1129 3355 hostias
1167 3300 1458 3356 castitatis
1488 3305 1601 3356 Deo
1633 3300 1797 3356 obtu-
1827 3289 1871 3356 C
1910 3298 2149 3355 Latinas
2178 3298 2582 3370 Barbarasque
2614 3296 2909 3367 historias,
2942 3298 3233 3354 etdocebo
3252 3297 3556 3371 virginita-

171 3381 303 3455 lerit,
328 3390 383 3443 et
410 3386 857 3443 immaculatum
890 3392 1145 3460 Agnum,
1171 3388 1526 3461 purissimus
1549 3388 1800 3445 victimis

176 3475 632 3533 reconciliaverit.
666 3475 965 3531 Inﬁnitum
1008 3480 1098 3533 est
1145 3477 1216 3532 de
1253 3476 1566 3549 Evangelio
1598 3478 1799 3534 decem

172 3562 439 3637 virginum
470 3581 761 3638 exponere
793 3568 1228 3621 sacramentum
1281 3565 1541 3638 quinque
1591 3565 1799 3622 stulta-

173 3667 289 3709 rum
315 3660 370 3711 et
396 3655 660 3729 quinque
691 3654 1045 3727 sapientum.
1090 3655 1209 3711 Hoc
1238 3655 1429 3710 solum
1464 3673 1621 3712 nunc
1647 3655 1798 3726 dico,

175 3743 309 3812 quod
338 3744 635 3817 quomodo
665 3744 888 3816 absque
920 3744 1142 3800 caeteris.
1172 3744 1448 3817 operibus
1493 3745 1802 3818 virginitas

174 3830 283 3887 sola
308 3849 419 3890 non
441 3832 650 3899 salvat,
675 3833 759 3888 sic
780 3832 979 3889 omnia
1000 3849 1178 3905 opera
1197 3834 1420 3905 absque
1442 3834 1798 3907 virginitate,

175 3919 424 3990 puritate,
473 3920 856 3990 continentia,
907 3923 1195 3986 castitate,
1244 3922 1587 3995 imperfecta
1637 3929 1796 3980 sunt.

173 4007 245 4065 Ex
284 4027 394 4083 quo
451 4027 830 4083 nequaquam
869 4027 978 4067 nos
1036 4011 1183 4067 illud
1230 4012 1443 4083 poterit
1489 4012 1797 4085 impedire,

175 4100 311 4170 quod
341 4100 712 4158 adversarius
742 4101 961 4172 objicit,
996 4101 1178 4157 fuisse
1208 4100 1523 4157 Dominum
1556 4102 1614 4157 in
1647 4105 1802 4159 Cana

172 4185 417 4258 Galilmaa,
459 4195 519 4247 et
566 4188 907 4262 nuptiarum
954 4188 1103 4246 festa
1161 4187 1509 4259 celebrasse,
1561 4192 1798 4263 quando

168 4291 332 4348 aquas
351 4278 525 4335 vertit
546 4277 607 4335 in
628 4277 853 4335 vinum.
878 4278 997 4334 Hoc
1017 4278 1173 4334 enim
1198 4278 1541 4335 brevissime
1562 4294 1799 4353 respon-

228 4401 257 4476 ᾖ
275 4401 534 4476 Videtur,
566 4402 761 4476 inquit
789 4403 1058 4472 Gravius,
1090 4404 1288 4476 potius
1310 4403 1503 4460 tribus
1526 4404 1797 4462 Manasse

169 4469 261 4549 ﬁlii
285 4472 497 4549 Josepb
520 4469 835 4549 pro—tribu
885 4480 1008 4549 Dan
1043 4469 1334 4549 reposita,
1383 4492 1518 4549 cum
1570 4476 1700 4549 Levi
1730 4494 1798 4533 ex

168 4545 492 4613 patriarcliis
518 4545 834 4603 duodecim
866 4547 945 4603 sit
990 4545 1226 4613 tertius,
1277 4545 1333 4603 et
1384 4547 1543 4603 ﬁlius
1590 4548 1791 4605 Jacob.

170 4686 204 4740 ι.
227 4616 246 4650 ³
270 4616 547 4676 Voculam
574 4636 682 4691 par
710 4619 1054 4675 suﬁ‘ecimus
1083 4636 1153 4676 ex
1184 4636 1332 4676 mss.
1374 4625 1431 4676 et
1460 4620 1638 4676 veteri
1671 4621 1796 4677 edi-

194 4704 326 4740 lone.

194 4704 326 4745 10118.

224 4758 480 4834 {Collige
510 4779 578 4818 ex
609 4759 702 4816 his
733 4760 1009 4834 rumoris,
1034 4760 1368 4830 falsitatem,
1415 4779 1546 4818 cum
1577 4764 1649 4819 ab
1680 4764 1793 4819 hi8-

168 4829 359 4905 g'cticis,
390 4829 538 4891 taste
577 4833 904 4905 Augustino
952 4832 1052 4889 lib.
1102 4850 1144 4889 ιι
1187 4829 1458 4891 Retraet..
1514 4852 1563 4890 c.
1601 4837 1689 4904 1‘2,
1721 4836 1793 4892 de

167 4901 851 4989 hieronymo_jactahatnr,
880 4906 1171 4988 Joviniano
1199 4906 1523 4989 respondere
1560 4901 1789 4989 nonpo-

166 4975 459 5050 tuissecarn
487 4975 669 5046 laude,
702 4976 796 5032 sed
835 4993 960 5032 cum
1004 4975 1403 5049 vituperatione
1444 4975 1786 5050 nuptiarum.

223 5046 640 5120 ‘Chalchiaecus
684 5063 912 5120 quoque,
949 5053 1072 5120 etc.
1120 5046 1258 5104 Non
1321 5052 1478 5104 extat
1524 5046 1646 5106 haec
1702 5051 1790 5106 hi-

170 5117 347 5199 storia,
379 5121 536 5193 quod
566 5117 773 5199 sciam,
799 5117 962 5193 apud
1008 5124 1275 5199 auctores
1321 5120 1675 5199 fabularum.
1710 5123 1791 5180 De

167 5183 281 5268 aliis
315 5183 485 5265 porro
526 5183 986 5268 virginibus-iac
1017 5191 1253 5268 Sibyllis
1301 5192 1431 5268 vide
1474 5193 1787 5268 Nasonem,

165 5254 253 5333 lib.
281 5254 399 5331 vin,
428 5270 487 5322 et
514 5282 551 5319 x
579 5254 787 5320 Metam.
818 5281 831 5333 ;
864 5254 1141 5320 Lactant:
1163 5262 1266 5319 lib.
1315 5282 1334 5320 ι
1386 5264 1451 5321 de
1496 5266 1657 5321 Falsa
1688 5254 1790 5322 Re;

168 5326 283 5411 {iga
312 5326 559 5411 August.
585 5335 650 5411 de
680 5326 851 5411 Civit_._
872 5336 988 5411 Dei,
1021 5335 1125 5411 lib.
1180 5353 1344 5411 xx_i_u,
1376 5353 1504 5410 cap.
1538 5338 1641 5405 23;
1674 5338 1786 5394 Tit.

169 5397 269 5482 Liv.
298 5397 640 5482 vnIUDecad.
701 5424 719 5463 1
735 5424 768 5482 λ
810 5397 993 5463 Valer.
1046 5397 1341 5482 Max._libl
1392 5397 1518 5476 νιὶι,
1572 5397 1697 5482 cap.
1734 5411 1784 5480 l,

168 5476 260 5532 etc.
291 5477 592 5552 AMARTIAN.
621 5509 688 5552 -_-
735 5476 858 5552 Duo
911 5479 1266 5552 exemplaria
1311 5484 1509 5535 nostra
1555 5476 1789 5537 Chelas;

167 5558 255 5600 cos.
284 5547 687 5607 Casanatensis
719 5547 1099 5624 Gatcozeqiws,
1127 5551 1567 5624 al.7Catcodecus,
1600 5554 1787 5624 quod-

170 5570 255 5600 υυε.
284 5570 687 5607 uasanatensis
719 5570 1096 5624 eatcoaaqaos,
1127 5570 1202 5607 ai.
1229 5570 1567 5620 eaicoaecus,
1642 5570 1786 5609 uou-

170 5629 284 5675 nam
310 5638 376 5704 e_x
407 5623 501 5679 his
531 5625 764 5704 prmstet
787 5621 1149 5704 ignoramus.
1192 5570 1786 5704 Chal_ciaecus_l\ciliner-

169 5700 234 5743 ve
275 5692 787 5769 sides‘vo'cabatur
814 5692 893 5769 :in
942 5692 1401 5769 Lacedaemonis,
1454 5696 1629 5769 unde
1656 5697 1787 5769 ipsa

171 5771 373 5837 quoque
401 5766 663 5827 Minerva
692 5762 1050 5826 Chalcioecos
1071 5764 1400 5842 appellatur
1428 5783 1462 5824 a
1491 5762 1786 5842 plerisque

1907 3392 2026 3444 tem
2057 3403 2290 3459 semper
2319 3387 2580 3443 tenuisse
2611 3387 2905 3459 pudicitiae
2935 3387 3350 3460 principatum.
3386 3387 3555 3444 Refe-

1909 3481 2049 3533 runt
2080 3475 2288 3532 fabula
2318 3475 2649 3532 Atalantam
2676 3476 3053 3550 Calydoniam
3081 3476 3368 3551 virginem
3398 3494 3558 3534 sem-

1909 3581 2014 3638 per
2042 3565 2101 3620 in
2130 3566 2463 3632 venatibus,
2497 3582 2729 3639 semper
2770 3564 2831 3620 in
2876 3565 3060 3635 silvis,
3112 3583 3227 3622 non
3262 3570 3558 3624 tumentes

1909 3659 2106 3711 uteros
2137 3655 2491 3711 feminarum
2524 3655 2874 3727 fastidiaque
2897 3660 3307 3729 conceptuum,
3333 3657 3434 3712 sed
3456 3674 3559 3713 ex-

1909 3746 2168 3817 peditam
2198 3750 2255 3801 et
2293 3748 2514 3801 castam
2564 3761 2795 3801 amasse
2841 3745 3139 3801 virtutem.
3189 3744 3556 3818 Harpalicem

1910 3851 2144 3907 quoque
2172 3833 2457 3906 virginem
2487 3834 2795 3891 Thraciam
2827 3834 3079 3907 insignis
3110 3838 3281 3906 poeta
3301 3834 3556 3906 (Visam.

1913 3941 1930 3978 1
1972 3923 2214 3994 rEncid.)
2261 3923 2580 3990 describit;
2631 3928 2689 3978 et
2735 3924 2998 3995 reginam
3056 3921 3399 3979 Volscorum
3449 3923 3557 3979 Ca-

1910 4012 2157 4079 millam,
2191 4029 2368 4084 quam
2400 4012 2658 4077 Turnus,
2689 4011 2781 4068 cui
2813 4011 3028 4067 auxilio
3062 4015 3317 4080 venerat,
3351 4011 3559 4069 lauda-

1910 4117 1971 4158 re
1999 4101 2219 4168 volens,
2252 4118 2368 4157 non
2413 4099 2669 4173 amplius
2717 4100 2925 4158 habuit
2966 4101 3121 4173 quod
3172 4101 3410 4169 diceret,
3443 4102 3557 4160 nisi

1907 4190 2192 4264 virginem
2224 4190 2571 4247 nominaret.
2628 4191 2667 4247 0
2714 4190 2874 4247 decus
2923 4193 3125 4260 Italiae,
3174 4192 3330 4264 virgo
3354 4192 3555 4265 (idem,

1905 4279 2008 4336 lib.
2044 4282 2122 4353 χι)
2151 4279 2164 4335 l
2193 4279 2593 4336 Chalchimcus
2631 4296 2864 4354 quoque
2893 4282 2916 4315 ‘
2962 4280 3064 4337 illa
3113 4280 3234 4338 ﬁlia
3281 4287 3411 4352 Leo,
3444 4282 3557 4340 vir-

1907 4402 2119 4460 Graecis
2140 4402 2553 4475 scriptoribus.
2586 4403 2882 4461 Victorius
2922 4422 3100 4461 unam
3131 4421 3201 4462 ex
3251 4404 3343 4462 his
3389 4409 3557 4475 putat

1906 4474 2174 4542 indicari,
2205 4474 2395 4547 quaee
2423 4474 2607 4531 Suida
2636 4475 2747 4532 sub
2788 4475 2922 4533 aliis
2970 4476 3312 4533 nominibus
3358 4474 3553 4534 Theo-

1906 4564 2009 4619 pes
2057 4546 2286 4619 nempe,
2343 4546 2639 4614 Embules,
2671 4552 2729 4619 et
2767 4548 3069 4619 Pasitheas
3126 4554 3556 4616 memorantur,

1906 4616 2333 4692 Quarum_'una
2376 4624 2561 4692 morte
2606 4616 2934 4692 voluntaria
2998 4624 3274 4692 pestem,
3310 4622 3556 4676 deorum

1826 4668 1872 4733 D
1903 4668 2074 4763 ijram,
2123 4689 2476 4763 placaverit:
2525 4706 2773 4763 eamque
2818 4668 3559 4763 forteircognominatuma

1902 4761 2138 4818 Pallade
2168 4761 2767 4835 ChalciaecumsNota
2813 4779 2881 4817 ex
2912 4761 3204 4835 plurimis
3251 4761 3554 4835 scriptori-

1900 4836 2013 4890 bus
2049 4851 2197 4906 quos
2247 4833 2539 4890 Meursius
2590 4834 2648 4888 in
2696 4832 2976 4890 Ceremia.
3021 4834 3223 4890 laudat
3263 4832 3552 4906 historia;

1903 4924 2029 4979 quae
2057 4905 2231 4979 refert
2260 4910 2378 4961 tres
2411 4922 2526 4960 una
2557 4922 2762 4961 omnes
2781 4906 3036 4979 Minerva:
3078 4923 3182 4979 pro
3232 4905 3420 4961 salute
3454 4922 3553 4979 ur-

1900 4976 1992 5034 bis
2024 4976 2299 5044 Athenar,
2334 4980 2638 5042 mactatas,
2686 4978 2839 5033 unde
2885 4976 3173 5035 Leocorion
3216 4981 3415 5032 sancte
3446 4976 3553 5031 de-

1900 5050 2157 5106 dicatum
2190 5053 2278 5105 est
2309 5048 2368 5103 in
2394 5065 2594 5105 earum
2629 5049 2994 5105 memoriam.
3038 5050 3329 5104 Laudatus
3360 5049 3555 5104 Meur-

1900 5122 2026 5178 sius
2048 5121 2290 5194 proinde
2309 5120 2649 5194 corrigendo
2662 5138 2713 5175 m
2738 5119 2861 5194 vult
2878 5138 2979 5194 pro
2996 5120 3391 5194 Chalchiagcus
3408 5121 3552 5194 duo-

1901 5194 2011 5249 bus
2043 5191 2233 5249 verbis
2264 5192 2417 5248 Haud
2463 5191 2631 5258 secus,
2682 5192 2837 5265 quod
2879 5191 3135 5265 'probare
3183 5191 3552 5265 nullomodo

1901 5210 2011 5249 nus
2043 5210 2233 5249 νει-ωε
2264 5210 2417 5248 naua
2463 5210 2631 5258 secus,
2726 5210 2837 5248 uou
2889 5210 3135 5265 pronare
3183 5210 3343 5247 nuuo
3376 5210 3552 5249 mouo

1900 5282 2165 5339 possum.
2197 5265 2465 5339 Fortasse
2478 5210 3219 5339 autemalieronymianam
3243 5264 3556 5339 lectionem

1898 5334 2218 5405 tuebimur,
2251 5336 2300 5391 si
2323 5335 2738 5408 appellativum
2764 5334 2909 5391 illud
2927 5334 3145 5393 nomen
3169 5335 3550 5408 Chalchizcus

1900 5426 2014 5481 non
2044 5406 2683 5481 proprium—agnoscas,
2715 5424 2898 5479 eoque
2928 5409 3079 5464 scias
3127 5406 3410 5481 vocabulo
3444 5424 3551 5480 ap-

1898 5478 2176 5554 pella—tam
2211 5478 2495 5550 virginem
2528 5495 2706 5554 unam
2730 5496 2769 5554 _e
2796 5478 3047 5554 quatuor
3068 5480 3336 5537 Minervas
3359 5478 3549 5554 sacer:

1896 5550 2303 5624 dotibusiqute
2350 5551 2680 5624 Arrephoria
2728 5551 2857 5606 Deae
2908 5553 3169 5624 ferebant
3227 5550 3556 5624 percelebri

1896 5623 2334 5700 ejus_{tt_henis_
2359 5623 2527 5690 festo,
2583 5624 2740 5693 quod
2773 5624 2913 5700 item
2938 5626 3004 5677 τὶ
3034 5622 3277 5700 pinei:
3295 5624 3552 5700 vocabat-

1895 5693 2010 5753 tur.
2039 5694 2182 5751 Vide
2212 5694 2284 5751 ad
2321 5693 2471 5750 hanc
2516 5710 2716 5751 vocem
2758 5695 2997 5753 Suidam
3040 5693 3099 5753 et
3149 5696 3470 5755 Meursium
3502 5693 3552 5752 si

1894 5768 2058 5826 lubet
2084 5767 2248 5825 Attic.
2281 5766 2522 5825 Lection.
2557 5764 2659 5823 lib.
2693 5784 2771 5839 ιν,
2807 5784 2935 5842 cap.
2968 5769 3057 5826 49.
