3944 6448
397 368 520 440 283

1638 372 1704 437 S.
1744 368 2063 437 EUSEBII‘
2097 369 2564 436 HlERONYMl.
2630 408 2638 413 -

3665 366 3789 438 ω.

398 522 472 581 go
497 509 798 582 perpetua,
832 503 1229 580 pestilentiam
1261 505 1460 579 patriae
1492 507 1771 564 scribitur
1809 509 2043 578 sponta-
2073 506 2126 573 Α
2157 511 2478 574 cernerent,
2512 505 2678 579 quasi
2706 506 2780 563 ad
2810 504 3093 580 requisita
3139 508 3362 564 naturae
3408 503 3767 579 egredientes,

402 613 514 654 nea
539 598 726 652 morte
752 592 1032 663 solvisse;
1064 599 1123 652 et
1160 594 1471 668 Iphigeniae
1517 594 1755 667 virginis
1806 594 2046 667 sanguis

399 687 675 743 adversos
724 684 986 756 placasse
1028 688 1249 740 ventos.
1304 684 1447 748 Quid
1501 684 1742 738 referam
1797 682 2046 755 Sibyllas

397 775 755 849 Erythraeam
787 778 961 845 atque
991 774 1335 840 Cumanam,
1365 777 1562 829 etocto
1587 772 1841 844 reliquas
1866 775 1887 826 Ρ
1908 788 2043 827 nam

393 864 576 921 Varro
602 865 802 919 decem
827 863 1008 918 fuisse
1031 867 1316 929 autumat,
1347 878 1597 934 quarum
1621 862 1849 933 insigne
1871 860 2042 932 virgi-

397 953 551 1009 nitas
580 957 688 1022 est,
720 957 777 1007 et
805 951 1157 1024 virginitatis
1196 951 1498 1022 praemium
1549 951 1844 1006 divinatio.
1880 950 2041 1013 Quod

395 1044 444 1099 si
473 1042 675 1099 Eolici
707 1057 917 1113 genere
949 1041 1237 1096 sermonis
1266 1039 1483 1112 Sibylla
1529 1033 1809 1105 Θεοϐοὖλη
1846 1038 2040 1111 appel-

387 1131 566 1202 latur,
600 1135 752 1187 recte
780 1130 1075 1186 concilium
1108 1131 1201 1185 Dei
1229 1127 1352 1185 sola
1383 1129 1530 1186 307
1570 1127 1849 1185 scribitur
1873 1143 2042 1183 nosse

386 1221 721 1294 virginitas.
761 1219 1148 1274 Cassandram
1182 1235 1414 1290 quoque
1463 1223 1519 1273 et
1567 1218 1849 1290 Chrysein
1884 1220 2043 1272 vates

392 1308 698 1383 Apollinis,
732 1324 797 1362 ac
828 1306 1078 1362 Junonis
1107 1307 1361 1379 virgines
1413 1306 1717 1378 legimus‘.
1754 1307 1821 1361 Et
1852 1322 2039 1361 sacer-

388 1399 553 1455 dotes
582 1396 774 1453 Dianae
805 1395 1084 1463 Tauricae,
1118 1400 1175 1451 et
1203 1395 1411 1464 Vestae,
1444 1394 1915 1451 innumerabiles
1946 1410 2040 1449 ex-
2084 1388 2098 1401 ’

388 1485 680 1542 stiterunt.
714 1485 973 1549 Quarum
1008 1500 1127 1539 una
1176 1484 1420 1539 Munitia
1467 1488 1704 1556 propter
1754 1482 2039 1555 suspicio-

387 1590 523 1631 nem
556 1572 745 1645 stupri
773 1573 902 1629 viva
930 1573 1163 1628 defossa
1188 1576 1314 1628 est:
1352 1572 1588 1641 injusta,
1640 1577 1701 1626 ut
1736 1588 1883 1639 reor,
1917 1589 2037 1643 poe-

387 1680 486 1732 na,
518 1662 632 1718 nisi
663 1662 884 1735 grande
913 1661 1135 1717 crimen
1182 1665 1483 1731 putaretur
1528 1660 1665 1715 laesa
1712 1659 2035 1731 virginitas.

387 1751 554 1808 Certe
602 1750 903 1806 Romanus
950 1749 1203 1821 populus
1248 1753 1466 1820 quanto
1531 1747 1748 1804 honore
1786 1747 2038 1821 virgines

389 1856 623 1941 semper
651 1839 940 1939 habuerit,
974 1838 1112 1894 hinc
1142 1843 1419 1939 .apparet,
1469 1839 1623 1910 quod
1656 1837 1951 1907 :consules
1981 1841 2039 1893 et
2069 1877 2114 1941 Β

389 1929 792 2002 imperatores,
826 1932 883 1983 et
910 1928 971 1983 in
1002 1927 1274 1983 curribus
1322 1927 1776 1999 triumphantes,
1832 1927 1931 1999 qui
1964 1928 2035 1982 de

392 2017 687 2091 superatis
716 2017 989 2091 gentibus
1034 2016 1293 2089 trephaea
1338 2017 1687 2082 referebant,
1740 2020 1796 2071 et
1843 2016 2037 2071 omnis

387 2107 693 2182 dignitatis
725 2107 963 2180 gradus,
985 2106 1068 2162 eis
1090 2106 1159 2161 de
1178 2105 1269 2161 via
1290 2106 1492 2161 cedere
1516 2104 1722 2161 solitus
1746 2104 1842 2161 sit.
1865 2104 2034 2160 Clau-

390 2197 486 2255 dia
531 2197 694 2269 virgo
741 2194 990 2251 Vestali
1033 2212 1167 2250 cum
1216 2194 1274 2250 in
1326 2194 1722 2266 suspicionem
1785 2193 2039 2249 venisset

387 2285 598 2358 stupri,
631 2290 687 2340 et
719 2284 1102 2341 simulacrum
1135 2282 1340 2338 matris
1388 2282 1545 2337 Idaeae
1597 2283 1654 2337 in
1687 2281 1833 2337 vado
1864 2280 2033 2336 Tibe-

386 2374 469 2431 ris
497 2374 759 2441 haereret,
812 2374 883 2429 ad
933 2372 1429 2444 comprobandam
1473 2371 1816 2443 pudicitiam
1866 2386 2031 2425 suam

387 2465 571 2521 fertur
599 2461 832 2536 cingulo
864 2462 1099 2518 duxisse
1129 2478 1357 2527 navem,
1408 2478 1584 2533 quam
1636 2459 1820 2515 multa
1852 2458 2036 2514 millia

387 2553 696 2611 hominum
727 2552 960 2608 trahere
985 2551 1386 2623 nequiverant.
1443 2549 1651 2607 Melius
1698 2554 1917 2616 tamen,
1952 2548 2036 2602 in-

387 2640 517 2713 quit
551 2640 768 2697 Lucani
816 2644 995 2712 poeta:
1044 2643 1288 2711 patruus
1336 2638 1490 2709 [Scil.
1542 2638 1763 2693 Seneca
1814 2651 2035 2709 praece-

390 2734 524 2802 ptor
552 2727 844 2799 Neronis].
878 2744 1009 2783 cum
1037 2728 1139 2782 illa
1186 2733 1339 2782 esset
1384 2731 1600 2793 aetum,
1648 2726 1697 2781 si
1742 2725 1852 2781 hoc
1881 2726 2033 2797 quod

390 2816 601 2883 evenit,
635 2819 1045 2871 ornamentum
1078 2814 1275 2887 potius
1300 2814 1608 2886 exploratas
1644 2814 1852 2869 fuisset
1873 2812 2038 2886 pudi-

395 2903 563 2971 citia,
596 2920 772 2975 quam
821 2903 1009 2959 dubia:
1055 2902 1469 2974 patrocinium.
1515 2903 1628 2958 Nec
1678 2902 1893 2957 mirum
1927 2902 2036 2956 hoc

393 2993 465 3051 de
493 2992 852 3060 hominibus,
886 3008 1020 3047 cum
1054 2990 1374 3047 Minervam
1422 3007 1654 3063 quoque
1702 2994 1759 3045 et
1788 2989 2033 3045 Dianam

388 3082 641 3155 virgines
672 3082 811 3138 deas
842 3080 1073 3136 ﬁnxerit
1102 3097 1263 3136 error
1283 3079 1611 3153 gentilium,
1634 3084 1692 3135 et
1712 3078 1861 3134 inter
1891 3079 2033 3133 duo-

389 3172 577 3229 decim
608 3172 779 3245 signa
809 3170 957 3240 cceli,
998 3170 1217 3241 quibus
1268 3170 1556 3225 mundum
1606 3168 1752 3224 volvi
1803 3172 2031 3240 putant,

387 3244 689 3334 Virginem
719 3259 1075 3316 collocarint.
1116 3259 1325 3331 Magna
1348 3258 1561 3329 injuria
1584 3258 1945 3331 nuptiarum,
1970 3260 2034 3312 ut
2063 3244 2105 3311 C

387 3365 461 3405 ne
487 3350 639 3405 inter
668 3349 929 3420 scorpios
959 3348 1195 3420 quidem
1228 3352 1284 3403 et
1321 3351 1647 3413 centauros,
1681 3350 1738 3402 et
1766 3362 2026 3412 cancros,

387 3441 444 3494 et
472 3438 683 3510 pisces,
716 3442 773 3493 et
800 3440 1149 3510 aegocerotas
1192 3436 1344 3509 [Scil.
1395 3435 1849 3509 capricornum],
1883 3452 2026 3491 uxo-

388 3542 511 3582 rem
544 3526 939 3597 maritumque
968 3525 1378 3580 contruserint.
1421 3524 1686 3597 Triginta
1714 3524 2026 3580 Athenien-

389 3616 544 3672 sium
594 3615 827 3688 tyranni
874 3630 1006 3669 eum
1058 3613 1375 3669 Phidonem
1426 3615 1533 3685 [Αι.
1584 3613 1937 3684 Phedonem]
1970 3613 2028 3667 in

386 3705 645 3762 convivio
677 3707 1003 3769 necassent,
1038 3701 1190 3758 filias
1219 3703 1348 3773 ejus
1380 3702 1632 3774 virgines
1662 3703 1734 3758 ad
1757 3718 1819 3757 se
1835 3702 2030 3757 venire

379 3795 714 3869 jusserunt,
762 3798 820 3849 et
871 3796 1199 3848 scortorum
1250 3808 1411 3847 more
1460 3790 1705 3859 nudari;
1758 3808 1823 3846 ac
1854 3807 2030 3862 super

386 3883 737 3957 pavimenta,
773 3881 958 3955 patris
1009 3879 1294 3951 sanguine
1342 3884 1661 3947 cruentata,
1715 3879 2030 3951 impudicis

388 3972 651 4047 gestibus
681 3970 917 4027 ludere:
954 3986 1081 4042 qua:
1112 3967 1413 4041 paulisper
1432 3967 1802 4025 dissimulato
1835 3967 2030 4025 dolore

387 4063 508 4134 [Αἱ.
567 4059 784 4117 doloris
855 4059 1099 4130 habita],
1162 4074 1296 4114 cum
1356 4056 1708 4113 temulentos
1761 4057 2030 4114 convivas

461 4203 478 4238 ¹
511 4201 671 4257 Alias
699 4205 843 4256 erat.
878 4202 1029 4257 Vates
1069 4201 1336 4272 Apollinis
1375 4199 1516 4255 Aetii
1561 4216 1671 4255 non
1719 4203 1831 4256 nisi
1856 4203 2033 4272 rvirgi-

388 4289 484 4330 nes
530 4272 926 4343 legimus.Vide
995 4273 1067 4327 de
1114 4270 1364 4343 reliquis
1416 4272 1798 4339 Lactantium,
1853 4270 1965 4327 libi
1990 4289 2028 4339 ι,

391 4361 442 4403 ο.
472 4346 527 4400 6.
559 4343 624 4400 de
653 4344 810 4399 Falsa
841 4344 1137 4415 religione;
1168 4347 1225 4398 et
1273 4359 1322 4397 c.
1366 4344 1455 4396 22.
1497 4343 1563 4398 de
1608 4345 1699 4399 Ira.
1746 4345 1876 4411 Dei;
1913 4350 2029 4398 Au-

390 4416 729 4490 gustinum,_
750 4415 851 4469 lib.
884 4415 1523 4490 xv:_11de_Cioitate_pei,
1557 4431 1616 4490 _c.
1665 4416 1772 4470 23:
1807 4415 2030 4490 Livium

391 4484 644 4562 quoque,
808 4502 931 4551 vm,
963 4486 1086 4562 d_ec.
1177 4502 1191 4552 ;
1219 4484 1360 4562 item
1382 4484 1675 4562 Valerium
1709 4486 2030 4562 maximum

390 4556 649 4643 quoque,
682 4557 785 4643 lib2
818 4558 1087 4643 vxrriud‘ec.
1114 4558 1138 4611 1
1170 4556 1352 4643 ;‘item
1386 4556 1682 4643 Valeriu‘m
1712 4558 2031 4643 Maximum

388 4618 491 4687 lib.
520 4618 648 4696 ὖιιιξ
678 4646 727 4684 c.
766 4631 789 4684 1
818 4647 832 4695 ;
866 4618 1437 4701 Οὲιίάίιιιιιίόθιιὶᾳιιθ
1486 4631 1546 4683 in
1588 4630 1782 4696 Fastis,
1818 4629 2033 4701 quibus
2064 4618 2109 4681 D

388 4702 729 4773 hujusmodi
764 4701 1020 4757 historiae
1053 4700 1238 4755 fusius
1270 4705 1639 4773 enarrantur.

458 4771 485 4808 ί
508 4774 837 4829 Demotionis
873 4774 1344 4843 Areopagitarum.
1380 4771 1694 4843 Nunquam
1717 4771 2031 4825 consilium

388 4845 534 4901 mihi
566 4845 676 4901 fuit
704 4843 996 4900 scribendi
1026 4843 1484 4899 Commentarios
1516 4844 1573 4897 in
1607 4843 1793 4911 Opera
1822 4844 1877 4897 S.
1910 4843 2033 4897 Hie-

389 4916 639 4990 ronymi,
667 4917 780 4972 nisi
830 4917 977 4990 forte
1018 4916 1076 4969 in
1128 4915 1344 4969 librum
1394 4914 1809 4990 Hebraicorum
1843 4913 2030 4990 nomi:

388 4985 557 5056 num,
606 5004 779 5060 quem
831 4987 1086 5041 sciebam
1136 4985 2031 5060 contemptuihabitumnpud

390 5056 642 5140 inultos.—
666 5061 867 5140 Itaque
897 5073 1105 5140 puram
1255 5074 1320 5112 ac
1352 5057 1668 5140 genuinam
1718 5056 2030 5140 editionem

389 5131 723 5203 Hieronymi
755 5129 1015 5203 requirat
1044 5129 1347 5203 studiosus
1380 5129 1598 5203 le_ctor,_
1628 5144 1740 5203 non
1776 5129 2033 5203 paedago-

389 5198 993 5275 gorum'diligen'tiam
1025 5201 1400 5275 scrjptorum,
1425 5200 1482 5253 in
1510 5199 1636 5275 suis
1659 5198 1825 5253 libris
1847 5205 2034 5275 osten-

389 5270 642 5329 tantium
673 5270 1060 5328 eruditionem
1092 5270 1422 5327 Graecarum
1459 5287 1523 5324 ac
1574 5270 2032 5326 Romanensium

388 5343 741 5401 fabularum.
774 5350 1073 5406 Gzeterum,
1107 5343 1208 5415 qui
1231 5343 1377 5397 scire
1399 5343 1662 5415 voluerit,
1697 5342 1851 5397 unde
1875 5347 2035 5415 tanta

388 5414 759 5486 antiquitatis
789 5413 1169 5470 monumenta
1198 5414 1493 5486 collegerit
1522 5413 2032 5486 virrsanctusHie-

391 5485 701 5559 ronymus,
733 5485 998 5559 consulat
1048 5485 1369 5559 Chronieon
1422 5485 2032 5559 EusebianumtStra-

391 5556 624 5622 bouem,
673 5557 998 5625 Justinum,
1043 5557 1357 5628 Polybium,
1416 5563 1472 5610 [ι.
1546 5556 1798 5624 Florum,
1846 5557 2031 5613 Xeno-

390 5631 693 5703 phontem,
717 5630 1094 5703 Herodotum,
1122 5628 1941 5703 Plutarchum,Theophrastu
1953 5648 2030 5703 m,

388 5698 447 5760 et
475 5700 754 5775 reliquos,
789 5718 933 5775 quos
964 5701 1088 5775 ipse
1117 5700 1331 5773 saepius
1359 5698 1633 5775 appellat.
1651 5698 1936 5757 marum.

2157 594 2401 650 invicem
2436 612 2496 651 se
2524 595 2835 668 complexes
2885 595 3391 669 precipitaverunt
3438 592 3496 650 in
3529 598 3777 667 puteum,

2155 688 2222 739 ut
2247 684 2641 755 virginitatem
2677 691 2860 741 morte
2891 689 3200 742 servarent.
3246 684 3600 741 Demotionis
3626 686 3782 741 Areo-

2156 770 2521 843 pagitarum’
2583 772 2865 845 principis
2936 772 3095 843 virgo
3163 772 3305 838 filia,
3354 771 3552 828 audito
3599 772 3782 844 sponsi

2157 860 2496 916 Leosthenis
2527 860 2789 930 interitu,
2824 861 2922 933 qui
2952 860 3168 917 bellum
3222 861 3557 917 Lamiacum
3604 860 3779 917 conci-

2154 954 2322 1019 tarat,
2360 968 2421 1006 se
2472 951 2796 1007 interfecit:
2853 951 3156 1007 asserens3
3194 966 3532 1023 quanquam
3578 950 3779 1006 intacta

2152 1044 2308 1094 esset
2337 1056 2595 1112 corpore,
2630 1044 2823 1096 tamen
2865 1040 2913 1096 si
2965 1040 3214 1096 alterum
3264 1039 3523 1113 accipere
3566 1055 3779 1111 cogere-

2151 1132 2266 1200 tur,
2300 1130 2469 1202 quasi
2503 1130 2827 1185 secundum
2869 1130 3177 1202 acciperet,
3200 1146 3356 1194 ,cum
3392 1128 3565 1202 priori
3603 1131 3781 1184 mente

2151 1218 2470 1290 nupsisset.
2499 1219 2653 1276 308
2683 1218 2993 1292 Spartiatae
3024 1222 3081 1274 et
3111 1217 3377 1273 Messenii
3424 1216 3526 1272 diu
3555 1216 3700 1273 inter
3725 1231 3782 1272 se

2149 1306 2405 1363 habuere
2430 1308 2739 1375 amicitias,
2768 1308 2825 1363 in
2879 1310 3113 1363 tantum
3157 1309 3223 1362 ut
3242 1307 3315 1363 ob
3342 1306 3606 1378 quaedam
3627 1320 3782 1362 sacra

2149 1394 2322 1451 etiam
2355 1395 2610 1467 virgines
2630 1396 2700 1451 ad
2734 1413 2797 1451 se
2829 1399 3035 1451 mutuo
3058 1396 3376 1451 mitterent.
3408 1394 3665 1459 Quodam
3684 1392 3783 1466 igi-

2147 1488 2246 1538 tur
2272 1488 2551 1556 tempore,
2585 1502 2718 1540 cum
2754 1482 3191 1557 quinquaginta
3240 1482 3499 1555 virgines
3540 1481 3786 1538 Lacedae-

2150 1574 2481 1629 moniorum
2531 1575 2804 1630 Messenii
2850 1573 3067 1629 violare
3110 1573 3491 1640 tentassent‘,
3524 1571 3594 1628 de
3636 1574 3786 1627 tanto

2148 1679 2393 1718 numero
2424 1663 2495 1717 ad
2540 1668 2813 1735 stuprum
2872 1662 3036 1717 nulla
3081 1661 3397 1730 consensit,
3447 1661 3547 1717 sed
3596 1674 3786 1716 omnes

2146 1749 2537 1807 libentissime
2568 1769 2673 1823 pro
2706 1750 2989 1824 pudicitia
3036 1750 3457 1807 occubuerunt.
3510 1747 3786 1821 Quamob-

2148 1856 2269 1895 rem
2291 1856 2463 1913 grave
2494 1840 2711 1896 bellum
2742 1844 2797 1895 et
2830 1839 3246 1911 longissimum
3298 1839 3651 1895 concitatum
3683 1840 3786 1906 est,

2148 1932 2203 1984 et
2234 1932 2367 2000 post
2398 1927 2649 1983 multum
2696 1928 2976 2002 temporis
3029 1927 3335 1984 Mamertia
3382 1927 3660 1983 subversa
3685 1928 3785 1981 est.

2145 2016 2528 2073 Aristoclides
2561 2017 2905 2073 Orchomeni
2948 2022 3235 2089 tyrannus
3284 2016 3579 2072 adamavit
3622 2013 3785 2087 virgi-

2147 2122 2280 2161 nem
2329 2106 2819 2179 Stymphalidem,
2870 2124 2997 2178 quae
3047 2122 3202 2174 cum,
3255 2109 3416 2178 patre
3465 2104 3674 2171 occiso,
3721 2103 3788 2161 ad

2145 2196 2431 2267 templum
2480 2196 2675 2251 Dianae
2719 2196 3101 2268 confugisset,
3141 2200 3198 2250 et
3244 2192 3631 2251 simulacrum
3670 2192 3788 2263 ejus

2146 2289 2384 2351 teneret,
2418 2301 2525 2340 nec
2554 2284 2607 2339 vi
2658 2287 2855 2357 posset
2902 2283 3091 2350 avelli,
3140 2284 3199 2338 in
3252 2283 3457 2339 eodem
3504 2282 3628 2337 loco
3658 2297 3789 2336 con-

2148 2376 2303 2431 fossa
2330 2378 2436 2429 est.
2470 2373 2555 2430 Ob
2604 2374 2775 2445 cujus
2825 2389 3051 2441 necem,
3100 2376 3261 2428 tanto
3310 2372 3506 2428 omnis
3553 2368 3790 2426 Arcadia

2145 2463 2343 2519 dolore
2376 2467 2668 2519 commota
2698 2466 2806 2529 est,
2839 2466 2903 2516 ut
2935 2460 3151 2517 bellum
3186 2460 3417 2534 publice
3437 2462 3719 2525 sumeret,
3740 2460 3793 2512 et

2145 2568 2345 2608 necem
2363 2551 2605 2623 virginis
2620 2549 3017 2606 ulcisceretur.
3038 2549 3432 2605 Aristomenes
3448 2543 3789 2611 Messenius,

2145 2641 2230 2696 vir
2252 2640 2644 2711 justissimus,
2696 2638 2866 2694 victis
2914 2636 3390 2707 Lacedaemoniis,
3439 2641 3503 2692 et
3548 2634 3793 2708 quodam

2142 2734 2403 2802 tempore
2429 2732 2715 2784 nocturna
2758 2744 2925 2784 sacra
2964 2726 3418 2793 celebrantibus,
3476 2742 3605 2797 quas
3634 2739 3791 2779 voca-

2146 2818 2357 2874 bantur
2400 2816 2800 2889 Hyacinthia‘,
2853 2815 3047 2888 rapuit
3095 2815 3167 2870 de
3212 2813 3405 2869 choris
3470 2810 3793 2873 ludentium

2142 2906 2397 2979 virgines
2448 2904 2806 2977 quindecim,
2852 2908 2911 2959 et
2962 2907 3084 2959 tota
3131 2908 3297 2958 nocte
3341 2903 3532 2975 gradu
3581 2899 3793 2957 concito

2143 2994 2397 3067 fugiens,
2432 2992 2679 3049 excessit
2708 2992 2779 3047 de
2810 2992 3028 3047 finibus
3058 2991 3511 3064 Spartanorum.
3540 2994 3793 3061 Cumque

2143 3101 2241 3140 eas
2271 3081 2512 3139 comites
2542 3082 2668 3153 ejus
2700 3080 2913 3136 vellent
2944 3080 3179 3147 violare,
3228 3080 3464 3135 monuit
3512 3081 3793 3151 quantum

2143 3172 2351 3245 potuit,
2387 3188 2456 3227 ne
2488 3170 2595 3224 hoc
2638 3170 2910 3236 facerent,
2946 3173 3003 3223 et
3041 3168 3111 3224 ad
3144 3173 3474 3224 extremum
3510 3167 3795 3241 quosdam

2146 3277 2261 3317 non
2292 3264 2562 3332 parentes
2593 3258 2705 3329 [Αι.
2742 3258 3065 3330 parcentes]
3097 3256 3410 3325 interiecit,
3434 3255 3661 3313 cazteris
3688 3270 3798 3311 me-

2137 3353 2201 3406 tu
2232 3348 2519 3405 coercitis.
2556 3347 2889 3418 Redemptaa
2936 3350 3139 3418 postea
3166 3363 3201 3401 a
3251 3346 3524 3417 cognatis
3573 3343 3792 3418 puellae,

2137 3455 2271 3495 cum
2302 3437 2731 3493 Aristomenem
2770 3435 3035 3491 viderent
3064 3433 3239 3491 caedis
3271 3451 3439 3491 reum
3486 3434 3637 3502 fieri,
3669 3436 3797 3488 tan-

2137 3528 2236 3583 diu
2269 3527 2340 3582 ad
2374 3525 2623 3598 patriam
2647 3542 2763 3580 non
2785 3529 2924 3581 sunt
2944 3540 3207 3591 reversae,
3231 3524 3501 3595 quandiu
3527 3522 3795 3595 judicum

2138 3616 2422 3671 advoluta:
2454 3615 2705 3687 genibus
2737 3614 3102 3669 defensorem
3151 3612 3452 3685 pudicitiae
3503 3629 3624 3669 suae
3672 3626 3796 3667 cer-

2138 3709 2342 3761 nerent
2368 3703 2729 3760 absolutum.
2770 3704 2893 3769 Quo
2925 3716 3023 3758 ore
3053 3702 3363 3758 laudandae
3405 3706 3552 3759 sunt
3582 3699 3793 3758 Sceda-

2140 3795 2226 3850 si6
2260 3793 2390 3849 filiae
2439 3793 2498 3848 in
2546 3791 2805 3849 Leuctris
2854 3790 3104 3860 Boeotiae,
3156 3807 3325 3863 quas,
3354 3791 3647 3848 traditum
3691 3791 3795 3855 est,

2138 3884 2378 3941 absente
2413 3887 2595 3954 patre,
2631 3882 2778 3936 duos
2801 3880 3049 3952 juvenes
3079 3883 3500 3952 praetereuntes
3527 3881 3666 3952 jure
3694 3876 3797 3933 ho-

2139 3972 2299 4046 spitii
2355 3971 2705 4043 suscepisse.
2771 3969 2880 4036 Qui
2931 3968 3187 4025 multum
3256 3968 3640 4042 indulgentes
3667 3966 3797 4022 vino

2137 4063 2255 4118 vim
2283 4077 2385 4133 per
2424 4069 2651 4115 noctem
2699 4057 2948 4114 intulere
2978 4057 3327 4131 virginibus.
3375 4057 3515 4122 Qua:
3568 4056 3796 4113 amissaa

2209 4203 2506 4257 3Videtur
2567 4199 2762 4272 suppl.
2821 4199 2970 4272 quod,
3020 4199 3092 4255 ad
3152 4215 3361 4272 sensus
3417 4196 3796 4272 elegantiam.

2211 4275 2509 4330 ‘Consule
2559 4269 2855 4337 Orosium',
2914 4269 3015 4325 lib.
3067 4288 3131 4335 ιι,
3177 4287 3227 4326 c.
3277 4271 3385 4337 2i;
3448 4270 3800 4326 Strabonem

2143 4363 2395 4428 quoque,
2430 4344 2531 4426 lib.
2567 4342 3032 4428 vrjtJustinum,‘
3052 4341 3165 4423 lib.
3184 4358 3248 4397 ιιι
3274 4358 3286 4397 :
3314 4340 3799 4428 etEustach'ium,

2142 4412 2202 4498 i:n
2233 4412 2595 4498 Dionysium.
2629 4415 2763 4497 Mox
2793 4413 3224 4498 Oasanatensi's,
3257 4435 3285 4462 ‹‹
3317 4412 3599 4498 Virgines
3633 4412 3800 4498 Lage-

2145 4482 2569 4545 dzemoniorum
2628 4486 2832 4551 issent,
2885 4491 2941 4539 et
2979 4500 3077 4539 eas
3127 4482 3489 4548 Messeniif»
3539 4488 3651 4540 etc.
3705 4482 3803 4538 Pro

2145 4560 2465 4622 Mamertia,
2499 4558 2657 4633 quod
2700 4558 2869 4633 infra‘
2899 4560 3006 4633 est,
3054 4556 3284 4633 codices
3312 4554 3522 4633 _nostri
3574 4556 3806 4633 Illamne:

2142 4636 2280 4696 tina,
2317 4624 2825 4703 quemadmodum
2856 4629 2915 4683 in
2945 4627 3227 4703 Chronico
3258 4627 3331 4682 ad
3349 4624 3807 4703 annum_mu_ndi

2144 4695 2284 4781 _11130
2309 4695 2391 4758 ;’‹‹
2422 4705 2687 4781 ιξῖοεειιιιιι
2713 4716 2839 4781 quis
2869 4698 3317 4781 etyamertina,
3342 4720 3376 4779 _n
3411 4695 3808 4781 etcAPlinius,

2142 4775 2182 4830 l.
2221 4792 2305 4840 ιιι,
2341 4790 2390 4828 c.
2424 4774 2496 4826 8:
2537 4792 2559 4818 α
2592 4768 2886 4842 Oppidum
2935 4773 3203 4825 Messana
3238 4768 3464 4842 civium
3512 4769 3805 4842 Romano—

2146 4838 2303 4913 rum,
2334 4844 2433 4915 qui
2467 4838 2793 4898 Mamertini
2832 4847 3129 4915 vocantur.
3166 4864 3194 4915 η
3235 4841 3435 4915 Denuo
3452 4840 3666 4915 Areeole
3692 4838 3805 4915 Eu-

2143 4911 2373 4974 sebium
2408 4915 2479 4970 ad
2516 4931 2609 4970 an.
2642 4916 2801 4969 3670.
2837 4912 2993 4969 Infra
3024 4930 3127 4985 pro
3159 4912 3394 4968 Arcadia
3441 4911 3808 4968 Casanaten-

2144 4989 2228 5046 sis
2258 4987 2440 5042 habet
2471 4986 2697 5041 Achaia.

2214 5060 2236 5093 ⁸
2266 5058 2435 5114 Falso
2475 5062 2600 5113 erat
2664 5056 3058 5129 Hyacinthina.
3128 5056 3303 5110 Erant
3350 5058 3556 5109 autem
3610 5050 3810 5129 isthac

2146 5129 2419 5202 Apollini,
2454 5130 2573 5185 sive
2624 5123 3167 5202 Liberornocturna
3198 5123 3807 5202 _sacra._Macr_obius.

2144 5192 2247 5257 lib.
2280 5220 2298 5257 1
2331 5192 2516 5272 Satyr.
2552 5217 2601 5255 c.
2640 5201 2738 5272 1‘8:
2772 5223 2804 5272 ς(
2835 5199 3003 5272 Apud
3038 5196 3508 5272 Lacedaemonios
3541 5197 3723 5253 etiam
3751 5192 3811 5247 in

2143 5272 2347 5338 sacris,
2377 5267 2503 5341 quae
2537 5270 2786 5343 Apollini
2830 5267 3159 5343 celebrant,
3195 5267 3550 5343 Hyacinthia
3601 5280 3814 5324 vocan-

2143 5350 2251 5409 tes,
2302 5340 2517 5399 hedera
2564 5340 2915 5399 coronantur
2956 5340 3233 5396 Bacchico
3251 5340 3395 5409 ritu,
3453 5362 3483 5389 »
3531 5344 3669 5395 Mox
3715 5350 3813 5409 pro

2143 5353 2251 5409 tes,
2304 5353 2517 5399 hedera
2564 5353 2915 5399 coronantur
2956 5353 3233 5396 baccnico
3251 5353 3395 5409 ritu,
3453 5362 3483 5389 »
3531 5353 3669 5395 mox
3710 5353 3813 5464 Ero

2143 5415 2453 5489 quindecim
2480 5418 2643 5469 vetus
2673 5414 2848 5489 editio
2880 5413 3057 5489 habet
3084 5412 3385 5489 duodecim.
3428 5410 3664 5468 Deinde
3754 5423 3814 5462 a-

2145 5486 2484 5558 sanatensis,
2504 5487 2750 5557 quandiu
2777 5486 2953 5558 potuit
2994 5500 3097 5558 pro
3126 5488 3412 5558 quantum.

2214 5560 2236 5593 ⁸
2264 5558 2408 5614 Vide
2436 5548 2802 5615 Plutarchum
2839 5557 2898 5612 in
2946 5548 3242 5627 Pelopida,
3288 5560 3346 5611 et
3373 5554 3434 5609 in
3487 5548 3814 5609 Amatoriis

2146 5630 2607 5688 narrationibus.
