  <div class='ocr_page' id='page_1' title='image "/cluster/home/n/w/nwhite01/storage/ocr_20150623/23/umn.31951d034773078/152.png"; bbox 0 0 3944 6400; ppageno 0'>
   <div class='ocr_carea' id='block_1_1' title="bbox 138 383 237 453">
    <p class='ocr_par' dir='ltr' id='par_1_1' title="bbox 138 383 237 453">
     <span class='ocr_line' id='line_1_1' title="bbox 138 383 237 453; baseline -0.03 0"><span class='ocrx_word' id='word_1_1' title='bbox 138 383 237 453; x_wconf 69' lang='lat'><strong>985</strong></span> 
     </span>
    </p>
   </div>
   <div class='ocr_carea' id='block_1_2' title="bbox 1185 380 2425 458">
    <p class='ocr_par' dir='ltr' id='par_1_2' title="bbox 1185 380 2425 458">
     <span class='ocr_line' id='line_1_2' title="bbox 1185 380 2425 458; baseline 0.001 -4"><span class='ocrx_word' id='word_1_2' title='bbox 1185 385 1600 458; x_wconf 75' lang='lat' dir='ltr'><strong>ADVERSUS</strong></span> <span class='ocrx_word' id='word_1_3' title='bbox 1645 380 2136 455; x_wconf 78' lang='lat' dir='ltr'><strong>JOVlNIANUM</strong></span> <span class='ocrx_word' id='word_1_4' title='bbox 2178 391 2327 456; x_wconf 87' lang='lat' dir='ltr'><strong>LlB.</strong></span> <span class='ocrx_word' id='word_1_5' title='bbox 2373 388 2425 456; x_wconf 88' lang='grc' dir='ltr'><strong>Ῑ.</strong></span> 
     </span>
    </p>
   </div>
   <div class='ocr_carea' id='block_1_3' title="bbox 3397 393 3544 464">
    <p class='ocr_par' dir='ltr' id='par_1_3' title="bbox 3397 393 3544 464">
     <span class='ocr_line' id='line_1_3' title="bbox 3397 393 3544 464; baseline 0.027 -5"><span class='ocrx_word' id='word_1_6' title='bbox 3397 396 3477 464; x_wconf 76' lang='grc'><strong>28</strong></span> <span class='ocrx_word' id='word_1_7' title='bbox 3491 393 3544 462; x_wconf 75' lang='grc' dir='ltr'><strong>ϐ’</strong></span> 
     </span>
    </p>
   </div>
   <div class='ocr_carea' id='block_1_4' title="bbox 138 519 3525 599">
    <p class='ocr_par' dir='ltr' id='par_1_4' title="bbox 138 519 3525 599">
     <span class='ocr_line' id='line_1_4' title="bbox 138 519 3525 599; baseline 0.002 -19"><span class='ocrx_word' id='word_1_8' title='bbox 138 519 381 599; x_wconf 55' lang='lat' dir='ltr'><strong>pudicita;</strong></span> <span class='ocrx_word' id='word_1_9' title='bbox 411 519 672 582; x_wconf 82' lang='lat' dir='ltr'><strong>nolentes</strong></span> <span class='ocrx_word' id='word_1_10' title='bbox 701 524 1087 598; x_wconf 81' lang='lat' dir='ltr'><strong>supervivere,</strong></span> <span class='ocrx_word' id='word_1_11' title='bbox 1123 525 1344 582; x_wconf 85' lang='lat' dir='ltr'><strong>mutuis</strong></span> <span class='ocrx_word' id='word_1_12' title='bbox 1375 525 1754 582; x_wconf 89' lang='lat' dir='ltr'><strong>conciderunt</strong></span> <span class='ocrx_word' id='word_1_13' title='bbox 1783 528 1834 591; x_wconf 82' lang='grc' dir='ltr'>Α</span> <span class='ocrx_word' id='word_1_14' title='bbox 1869 523 2148 596; x_wconf 81' lang='lat' dir='ltr'><strong>magister</strong></span> <span class='ocrx_word' id='word_1_15' title='bbox 2168 524 2574 598; x_wconf 76' lang='lat' dir='ltr'><strong>plenissimam</strong></span> <span class='ocrx_word' id='word_1_16' title='bbox 2598 524 2801 584; x_wconf 78' lang='lat' dir='ltr'><strong>scribit</strong></span> <span class='ocrx_word' id='word_1_17' title='bbox 2819 523 3237 585; x_wconf 89' lang='lat' dir='ltr'><strong>historiam.Ac</strong></span> <span class='ocrx_word' id='word_1_18' title='bbox 3259 544 3330 585; x_wconf 90' lang='lat' dir='ltr'><strong>ne</strong></span> <span class='ocrx_word' id='word_1_19' title='bbox 3353 528 3525 588; x_wconf 89' lang='lat' dir='ltr'><strong>nobis</strong></span> 
     </span>
    </p>
   </div>
   <div class='ocr_carea' id='block_1_5' title="bbox 136 613 1757 688">
    <p class='ocr_par' dir='ltr' id='par_1_5' title="bbox 136 613 1757 688">
     <span class='ocr_line' id='line_1_5' title="bbox 136 613 1757 688; baseline 0.001 -19"><span class='ocrx_word' id='word_1_20' title='bbox 136 613 469 670; x_wconf 85' lang='lat' dir='ltr'><strong>vulneribus.</strong></span> <span class='ocrx_word' id='word_1_21' title='bbox 502 613 732 670; x_wconf 90' lang='lat' dir='ltr'><strong>Justum</strong></span> <span class='ocrx_word' id='word_1_22' title='bbox 765 619 854 672; x_wconf 91' lang='lat' dir='ltr'><strong>est</strong></span> <span class='ocrx_word' id='word_1_23' title='bbox 906 620 962 670; x_wconf 91' lang='lat' dir='ltr'><strong>et</strong></span> <span class='ocrx_word' id='word_1_24' title='bbox 1011 615 1276 671; x_wconf 83' lang='lat' dir='ltr'><strong>Locridas</strong></span> <span class='ocrx_word' id='word_1_25' title='bbox 1309 617 1414 688; x_wconf 81' lang='grc' dir='ltr'><strong>[ΑΙ.</strong></span> <span class='ocrx_word' id='word_1_26' title='bbox 1455 613 1757 686; x_wconf 82' lang='lat' dir='ltr'><strong>Lucrinas]</strong></span> 
     </span>
    </p>
   </div>
   <div class='ocr_carea' id='block_1_6' title="bbox 135 703 1761 777">
    <p class='ocr_par' dir='ltr' id='par_1_6' title="bbox 135 703 1761 777">
     <span class='ocr_line' id='line_1_6' title="bbox 135 703 1761 777; baseline 0 -19"><span class='ocrx_word' id='word_1_27' title='bbox 135 703 363 777; x_wconf 84' lang='lat' dir='ltr'><strong>virgines</strong></span> <span class='ocrx_word' id='word_1_28' title='bbox 389 721 506 760; x_wconf 91' lang='lat' dir='ltr'><strong>non</strong></span> <span class='ocrx_word' id='word_1_29' title='bbox 538 708 744 772; x_wconf 88' lang='lat' dir='ltr'><strong>tacere,</strong></span> <span class='ocrx_word' id='word_1_30' title='bbox 771 723 898 776; x_wconf 71' lang='lat' dir='ltr'><strong>qua:</strong></span> <span class='ocrx_word' id='word_1_31' title='bbox 931 722 1062 760; x_wconf 90' lang='lat' dir='ltr'><strong>cum</strong></span> <span class='ocrx_word' id='word_1_32' title='bbox 1104 704 1274 760; x_wconf 90' lang='lat' dir='ltr'><strong>Ilium</strong></span> <span class='ocrx_word' id='word_1_33' title='bbox 1305 704 1674 760; x_wconf 85' lang='lat' dir='ltr'><strong>mitterentur</strong></span> <span class='ocrx_word' id='word_1_34' title='bbox 1693 721 1761 759; x_wconf 87' lang='lat' dir='ltr'><strong>ex</strong></span> 
     </span>
    </p>
   </div>
   <div class='ocr_carea' id='block_1_7' title="bbox 136 793 1759 865">
    <p class='ocr_par' dir='ltr' id='par_1_7' title="bbox 136 793 1759 865">
     <span class='ocr_line' id='line_1_7' title="bbox 136 793 1759 865; baseline 0 -17"><span class='ocrx_word' id='word_1_35' title='bbox 136 809 276 848; x_wconf 88' lang='lat' dir='ltr'><strong>more</strong></span> <span class='ocrx_word' id='word_1_36' title='bbox 299 808 398 865; x_wconf 90' lang='lat' dir='ltr'><strong>per</strong></span> <span class='ocrx_word' id='word_1_37' title='bbox 426 810 610 849; x_wconf 90' lang='lat' dir='ltr'><strong>annos</strong></span> <span class='ocrx_word' id='word_1_38' title='bbox 655 794 885 849; x_wconf 77' lang='lat' dir='ltr'><strong>circiter</strong></span> <span class='ocrx_word' id='word_1_39' title='bbox 928 793 1107 859; x_wconf 92' lang='lat' dir='ltr'><strong>mille,</strong></span> <span class='ocrx_word' id='word_1_40' title='bbox 1159 793 1320 849; x_wconf 81' lang='lat' dir='ltr'><strong>nulla</strong></span> <span class='ocrx_word' id='word_1_41' title='bbox 1364 793 1618 849; x_wconf 89' lang='lat' dir='ltr'><strong>obscoeni</strong></span> <span class='ocrx_word' id='word_1_42' title='bbox 1662 810 1759 848; x_wconf 92' lang='lat' dir='ltr'><strong>ru-</strong></span> 
     </span>
    </p>
   </div>
   <div class='ocr_carea' id='block_1_8' title="bbox 137 881 1756 955">
    <p class='ocr_par' dir='ltr' id='par_1_8' title="bbox 137 881 1756 955">
     <span class='ocr_line' id='line_1_8' title="bbox 137 881 1756 955; baseline -0.002 -17"><span class='ocrx_word' id='word_1_43' title='bbox 137 881 296 938; x_wconf 86' lang='lat' dir='ltr'><strong>moris</strong></span> <span class='ocrx_word' id='word_1_44' title='bbox 323 887 378 937; x_wconf 89' lang='lat' dir='ltr'><strong>et</strong></span> <span class='ocrx_word' id='word_1_45' title='bbox 406 881 637 954; x_wconf 73' lang='lat' dir='ltr'><strong>polluta:</strong></span> <span class='ocrx_word' id='word_1_46' title='bbox 670 883 1022 955; x_wconf 78' lang='lat' dir='ltr'><strong>virginitatis</strong></span> <span class='ocrx_word' id='word_1_47' title='bbox 1056 882 1239 938; x_wconf 83' lang='lat' dir='ltr'><strong>ullam</strong></span> <span class='ocrx_word' id='word_1_48' title='bbox 1288 882 1544 954; x_wconf 82' lang='lat' dir='ltr'><strong>tabulam</strong></span> <span class='ocrx_word' id='word_1_49' title='bbox 1577 881 1756 937; x_wconf 90' lang='lat' dir='ltr'><strong>dedit.</strong></span> 
     </span>
    </p>
   </div>
   <div class='ocr_carea' id='block_1_9' title="bbox 136 970 1758 1043">
    <p class='ocr_par' dir='ltr' id='par_1_9' title="bbox 136 970 1758 1043">
     <span class='ocr_line' id='line_1_9' title="bbox 136 970 1758 1043; baseline -0.001 -17"><span class='ocrx_word' id='word_1_50' title='bbox 136 971 256 1034; x_wconf 87' lang='lat' dir='ltr'><strong>Quis</strong></span> <span class='ocrx_word' id='word_1_51' title='bbox 283 970 464 1025; x_wconf 83' lang='lat' dir='ltr'><strong>valeat</strong></span> <span class='ocrx_word' id='word_1_52' title='bbox 498 970 728 1026; x_wconf 89' lang='lat' dir='ltr'><strong>silentio</strong></span> <span class='ocrx_word' id='word_1_53' title='bbox 761 972 1055 1043; x_wconf 68' lang='lat' dir='ltr'><strong>prmterire</strong></span> <span class='ocrx_word' id='word_1_54' title='bbox 1085 976 1309 1042; x_wconf 87' lang='lat' dir='ltr'><strong>septem</strong></span> <span class='ocrx_word' id='word_1_55' title='bbox 1343 970 1598 1026; x_wconf 90' lang='lat' dir='ltr'><strong>Milesias</strong></span> <span class='ocrx_word' id='word_1_56' title='bbox 1645 970 1758 1024; x_wconf 92' lang='lat' dir='ltr'><strong>vir-</strong></span> 
     </span>
    </p>
   </div>
   <div class='ocr_carea' id='block_1_10' title="bbox 136 1058 1761 1132">
    <p class='ocr_par' dir='ltr' id='par_1_10' title="bbox 136 1058 1761 1132">
     <span class='ocr_line' id='line_1_10' title="bbox 136 1058 1761 1132; baseline 0.001 -19"><span class='ocrx_word' id='word_1_57' title='bbox 136 1058 296 1132; x_wconf 88' lang='lat' dir='ltr'><strong>gines,</strong></span> <span class='ocrx_word' id='word_1_58' title='bbox 327 1077 474 1131; x_wconf 62' lang='lat' dir='ltr'><strong>quae,</strong></span> <span class='ocrx_word' id='word_1_59' title='bbox 509 1059 808 1116; x_wconf 84' lang='lat' dir='ltr'><strong>Gallorum</strong></span> <span class='ocrx_word' id='word_1_60' title='bbox 852 1060 1070 1132; x_wconf 83' lang='lat' dir='ltr'><strong>impetu</strong></span> <span class='ocrx_word' id='word_1_61' title='bbox 1121 1065 1331 1115; x_wconf 87' lang='lat' dir='ltr'><strong>cuncta</strong></span> <span class='ocrx_word' id='word_1_62' title='bbox 1377 1063 1662 1126; x_wconf 81' lang='lat' dir='ltr'><strong>vastante,</strong></span> <span class='ocrx_word' id='word_1_63' title='bbox 1690 1075 1761 1114; x_wconf 89' lang='lat' dir='ltr'><strong>ne</strong></span> 
     </span>
    </p>
   </div>
   <div class='ocr_carea' id='block_1_11' title="bbox 138 1147 1760 1220">
    <p class='ocr_par' dir='ltr' id='par_1_11' title="bbox 138 1147 1760 1220">
     <span class='ocr_line' id='line_1_11' title="bbox 138 1147 1760 1220; baseline 0 -19"><span class='ocrx_word' id='word_1_64' title='bbox 138 1147 255 1220; x_wconf 89' lang='lat' dir='ltr'><strong>quid</strong></span> <span class='ocrx_word' id='word_1_65' title='bbox 280 1148 550 1204; x_wconf 88' lang='lat' dir='ltr'><strong>indecens</strong></span> <span class='ocrx_word' id='word_1_66' title='bbox 577 1149 652 1204; x_wconf 90' lang='lat' dir='ltr'><strong>ab</strong></span> <span class='ocrx_word' id='word_1_67' title='bbox 700 1149 967 1204; x_wconf 75' lang='lat' dir='ltr'><strong>hostibus</strong></span> <span class='ocrx_word' id='word_1_68' title='bbox 1014 1151 1167 1205; x_wconf 76' lang='lat'><strong>809</strong></span> <span class='ocrx_word' id='word_1_69' title='bbox 1217 1149 1599 1214; x_wconf 87' lang='lat' dir='ltr'><strong>sustinerent,</strong></span> <span class='ocrx_word' id='word_1_70' title='bbox 1639 1152 1760 1202; x_wconf 89' lang='lat' dir='ltr'><strong>tur-</strong></span> 
     </span>
    </p>
   </div>
   <div class='ocr_carea' id='block_1_12' title="bbox 137 1236 1761 1310">
    <p class='ocr_par' dir='ltr' id='par_1_12' title="bbox 137 1236 1761 1310">
     <span class='ocr_line' id='line_1_12' title="bbox 137 1236 1761 1310; baseline 0.001 -20"><span class='ocrx_word' id='word_1_71' title='bbox 137 1236 430 1308; x_wconf 85' lang='lat' dir='ltr'><strong>pitudinem</strong></span> <span class='ocrx_word' id='word_1_72' title='bbox 465 1241 649 1293; x_wconf 78' lang='lat' dir='ltr'><strong>morte</strong></span> <span class='ocrx_word' id='word_1_73' title='bbox 680 1237 974 1310; x_wconf 84' lang='lat' dir='ltr'><strong>fugerunt,</strong></span> <span class='ocrx_word' id='word_1_74' title='bbox 1008 1237 1342 1310; x_wconf 84' lang='lat' dir='ltr'><strong>exemplum</strong></span> <span class='ocrx_word' id='word_1_75' title='bbox 1391 1237 1481 1293; x_wconf 90' lang='lat' dir='ltr'><strong>sui</strong></span> <span class='ocrx_word' id='word_1_76' title='bbox 1532 1238 1761 1293; x_wconf 88' lang='lat' dir='ltr'><strong>cunctis</strong></span> 
     </span>
    </p>
   </div>
   <div class='ocr_carea' id='block_1_13' title="bbox 135 1325 1761 1400">
    <p class='ocr_par' dir='ltr' id='par_1_13' title="bbox 135 1325 1761 1400">
     <span class='ocr_line' id='line_1_13' title="bbox 135 1325 1761 1400; baseline 0.001 -21"><span class='ocrx_word' id='word_1_77' title='bbox 135 1325 432 1398; x_wconf 83' lang='lat' dir='ltr'><strong>virginibus</strong></span> <span class='ocrx_word' id='word_1_78' title='bbox 465 1325 878 1400; x_wconf 82' lang='lat' dir='ltr'><strong>relinquentes,</strong></span> <span class='ocrx_word' id='word_1_79' title='bbox 913 1327 1175 1382; x_wconf 87' lang='lat' dir='ltr'><strong>honestis</strong></span> <span class='ocrx_word' id='word_1_80' title='bbox 1227 1327 1524 1382; x_wconf 86' lang='lat' dir='ltr'><strong>mentibus</strong></span> <span class='ocrx_word' id='word_1_81' title='bbox 1575 1325 1761 1398; x_wconf 87' lang='lat' dir='ltr'><strong>magis</strong></span> 
     </span>
    </p>
   </div>
   <div class='ocr_carea' id='block_1_14' title="bbox 135 1413 1762 1487">
    <p class='ocr_par' dir='ltr' id='par_1_14' title="bbox 135 1413 1762 1487">
     <span class='ocr_line' id='line_1_14' title="bbox 135 1413 1762 1487; baseline 0 -18"><span class='ocrx_word' id='word_1_82' title='bbox 135 1414 446 1486; x_wconf 89' lang='lat' dir='ltr'><strong>pudicitiam</strong></span> <span class='ocrx_word' id='word_1_83' title='bbox 481 1432 632 1471; x_wconf 70' lang='lat' dir='ltr'><strong>cura:</strong></span> <span class='ocrx_word' id='word_1_84' title='bbox 664 1431 792 1472; x_wconf 91' lang='lat' dir='ltr'><strong>esse</strong></span> <span class='ocrx_word' id='word_1_85' title='bbox 819 1432 994 1487; x_wconf 89' lang='lat' dir='ltr'><strong>quam</strong></span> <span class='ocrx_word' id='word_1_86' title='bbox 1019 1416 1196 1470; x_wconf 89' lang='lat' dir='ltr'><strong>vitam</strong></span> <span class='ocrx_word' id='word_1_87' title='bbox 1223 1416 1270 1470; x_wconf 74' lang='lat'><strong>‘?</strong></span> <span class='ocrx_word' id='word_1_88' title='bbox 1292 1416 1563 1479; x_wconf 85' lang='lat' dir='ltr'><strong>Nicanor,</strong></span> <span class='ocrx_word' id='word_1_89' title='bbox 1594 1413 1762 1469; x_wconf 88' lang='lat' dir='ltr'><strong>victis</strong></span> 
     </span>
    </p>
   </div>
   <div class='ocr_carea' id='block_1_15' title="bbox 134 1502 1761 1576">
    <p class='ocr_par' dir='ltr' id='par_1_15' title="bbox 134 1502 1761 1576">
     <span class='ocr_line' id='line_1_15' title="bbox 134 1502 1761 1576; baseline -0.001 -18"><span class='ocrx_word' id='word_1_90' title='bbox 134 1502 322 1560; x_wconf 87' lang='lat' dir='ltr'><strong>Thebis</strong></span> <span class='ocrx_word' id='word_1_91' title='bbox 381 1510 558 1576; x_wconf 90' lang='lat' dir='ltr'><strong>atque</strong></span> <span class='ocrx_word' id='word_1_92' title='bbox 616 1504 934 1573; x_wconf 85' lang='lat' dir='ltr'><strong>subversis,</strong></span> <span class='ocrx_word' id='word_1_93' title='bbox 989 1505 1165 1559; x_wconf 90' lang='lat' dir='ltr'><strong>unius</strong></span> <span class='ocrx_word' id='word_1_94' title='bbox 1223 1503 1466 1576; x_wconf 86' lang='lat' dir='ltr'><strong>virginis</strong></span> <span class='ocrx_word' id='word_1_95' title='bbox 1522 1504 1761 1576; x_wconf 67' lang='lat' dir='ltr'><strong>captivas</strong></span> 
     </span>
    </p>
   </div>
   <div class='ocr_carea' id='block_1_16' title="bbox 136 1595 1766 1666">
    <p class='ocr_par' dir='ltr' id='par_1_16' title="bbox 136 1595 1766 1666">
     <span class='ocr_line' id='line_1_16' title="bbox 136 1595 1766 1666; baseline 0 -19"><span class='ocrx_word' id='word_1_96' title='bbox 136 1609 304 1648; x_wconf 89' lang='lat' dir='ltr'><strong>amore</strong></span> <span class='ocrx_word' id='word_1_97' title='bbox 332 1598 640 1666; x_wconf 89' lang='lat' dir='ltr'><strong>superatus</strong></span> <span class='ocrx_word' id='word_1_98' title='bbox 672 1599 780 1649; x_wconf 91' lang='lat' dir='ltr'><strong>est.</strong></span> <span class='ocrx_word' id='word_1_99' title='bbox 814 1595 993 1664; x_wconf 84' lang='lat' dir='ltr'><strong>Cujus</strong></span> <span class='ocrx_word' id='word_1_100' title='bbox 1025 1595 1364 1665; x_wconf 87' lang='lat' dir='ltr'><strong>conjugium</strong></span> <span class='ocrx_word' id='word_1_101' title='bbox 1389 1597 1680 1664; x_wconf 85' lang='lat' dir='ltr'><strong>expetens,</strong></span> <span class='ocrx_word' id='word_1_102' title='bbox 1708 1595 1766 1647; x_wconf 91' lang='lat' dir='ltr'><strong>et</strong></span> 
     </span>
    </p>
   </div>
   <div class='ocr_carea' id='block_1_17' title="bbox 133 1680 1764 1755">
    <p class='ocr_par' dir='ltr' id='par_1_17' title="bbox 133 1680 1764 1755">
     <span class='ocr_line' id='line_1_17' title="bbox 133 1680 1764 1755; baseline 0.001 -20"><span class='ocrx_word' id='word_1_103' title='bbox 133 1680 464 1738; x_wconf 88' lang='lat' dir='ltr'><strong>voluntarios</strong></span> <span class='ocrx_word' id='word_1_104' title='bbox 496 1682 822 1755; x_wconf 81' lang='lat' dir='ltr'><strong>amplexus,</strong></span> <span class='ocrx_word' id='word_1_105' title='bbox 857 1684 1010 1754; x_wconf 90' lang='lat' dir='ltr'><strong>quod</strong></span> <span class='ocrx_word' id='word_1_106' title='bbox 1045 1683 1268 1739; x_wconf 87' lang='lat' dir='ltr'><strong>scilicet</strong></span> <span class='ocrx_word' id='word_1_107' title='bbox 1305 1683 1532 1755; x_wconf 88' lang='lat' dir='ltr'><strong>captiva</strong></span> <span class='ocrx_word' id='word_1_108' title='bbox 1562 1686 1764 1754; x_wconf 90' lang='lat' dir='ltr'><strong>optare</strong></span> 
     </span>
    </p>
   </div>
   <div class='ocr_carea' id='block_1_18' title="bbox 133 1770 1761 1845">
    <p class='ocr_par' dir='ltr' id='par_1_18' title="bbox 133 1770 1761 1845">
     <span class='ocr_line' id='line_1_18' title="bbox 133 1770 1761 1845; baseline 0.001 -21"><span class='ocrx_word' id='word_1_109' title='bbox 133 1770 405 1838; x_wconf 84' lang='lat' dir='ltr'><strong>debuerat,</strong></span> <span class='ocrx_word' id='word_1_110' title='bbox 427 1772 616 1828; x_wconf 75' lang='lat' dir='ltr'><strong>sensit</strong></span> <span class='ocrx_word' id='word_1_111' title='bbox 636 1771 865 1845; x_wconf 91' lang='lat' dir='ltr'><strong>pudicis</strong></span> <span class='ocrx_word' id='word_1_112' title='bbox 889 1773 1186 1828; x_wconf 84' lang='lat' dir='ltr'><strong>mentibus</strong></span> <span class='ocrx_word' id='word_1_113' title='bbox 1211 1772 1341 1845; x_wconf 92' lang='lat' dir='ltr'><strong>plus</strong></span> <span class='ocrx_word' id='word_1_114' title='bbox 1365 1771 1761 1845; x_wconf 86' lang='lat' dir='ltr'><strong>virginitatem</strong></span> 
     </span>
    </p>
   </div>
   <div class='ocr_carea' id='block_1_19' title="bbox 134 1860 1762 1934">
    <p class='ocr_par' dir='ltr' id='par_1_19' title="bbox 134 1860 1762 1934">
     <span class='ocr_line' id='line_1_19' title="bbox 134 1860 1762 1934; baseline -0.001 -19"><span class='ocrx_word' id='word_1_115' title='bbox 134 1874 244 1915; x_wconf 85' lang='lat' dir='ltr'><strong>esse</strong></span> <span class='ocrx_word' id='word_1_116' title='bbox 274 1877 444 1932; x_wconf 90' lang='lat' dir='ltr'><strong>quam</strong></span> <span class='ocrx_word' id='word_1_117' title='bbox 475 1877 748 1934; x_wconf 84' lang='lat' dir='ltr'><strong>regnum,</strong></span> <span class='ocrx_word' id='word_1_118' title='bbox 794 1866 849 1916; x_wconf 91' lang='lat' dir='ltr'><strong>et</strong></span> <span class='ocrx_word' id='word_1_119' title='bbox 880 1860 1244 1917; x_wconf 80' lang='lat' dir='ltr'><strong>interfectam</strong></span> <span class='ocrx_word' id='word_1_120' title='bbox 1297 1861 1534 1933; x_wconf 90' lang='lat' dir='ltr'><strong>propria</strong></span> <span class='ocrx_word' id='word_1_121' title='bbox 1585 1877 1762 1916; x_wconf 92' lang='lat' dir='ltr'><strong>manu</strong></span> 
     </span>
    </p>
   </div>
   <div class='ocr_carea' id='block_1_20' title="bbox 135 1947 1760 2022">
    <p class='ocr_par' dir='ltr' id='par_1_20' title="bbox 135 1947 1760 2022">
     <span class='ocr_line' id='line_1_20' title="bbox 135 1947 1760 2022; baseline 0.001 -19"><span class='ocrx_word' id='word_1_122' title='bbox 135 1947 257 2004; x_wconf 82' lang='lat' dir='ltr'><strong>ﬂens</strong></span> <span class='ocrx_word' id='word_1_123' title='bbox 285 1955 339 2004; x_wconf 91' lang='lat' dir='ltr'><strong>et</strong></span> <span class='ocrx_word' id='word_1_124' title='bbox 368 1948 577 2022; x_wconf 89' lang='lat' dir='ltr'><strong>lugens</strong></span> <span class='ocrx_word' id='word_1_125' title='bbox 616 1953 844 2006; x_wconf 81' lang='lat' dir='ltr'><strong>amator</strong></span> <span class='ocrx_word' id='word_1_126' title='bbox 890 1949 1096 2005; x_wconf 88' lang='lat' dir='ltr'><strong>tenuit.</strong></span> <span class='ocrx_word' id='word_1_127' title='bbox 1147 1949 1396 2004; x_wconf 87' lang='lat' dir='ltr'><strong>Narrant</strong></span> <span class='ocrx_word' id='word_1_128' title='bbox 1444 1948 1760 2020; x_wconf 89' lang='lat' dir='ltr'><strong>scriptores</strong></span> 
     </span>
    </p>
   </div>
   <div class='ocr_carea' id='block_1_21' title="bbox 133 2037 1760 2111">
    <p class='ocr_par' dir='ltr' id='par_1_21' title="bbox 133 2037 1760 2111">
     <span class='ocr_line' id='line_1_21' title="bbox 133 2037 1760 2111; baseline 0.001 -20"><span class='ocrx_word' id='word_1_129' title='bbox 133 2039 284 2093; x_wconf 65' lang='lat' dir='ltr'><strong>Graeci</strong></span> <span class='ocrx_word' id='word_1_130' title='bbox 329 2043 385 2094; x_wconf 92' lang='lat' dir='ltr'><strong>et</strong></span> <span class='ocrx_word' id='word_1_131' title='bbox 431 2039 609 2094; x_wconf 91' lang='lat' dir='ltr'><strong>aliam</strong></span> <span class='ocrx_word' id='word_1_132' title='bbox 659 2039 999 2094; x_wconf 88' lang='lat' dir='ltr'><strong>Thebanam</strong></span> <span class='ocrx_word' id='word_1_133' title='bbox 1047 2037 1394 2111; x_wconf 74' lang='lat' dir='ltr'><strong>virginem’,</strong></span> <span class='ocrx_word' id='word_1_134' title='bbox 1447 2055 1624 2111; x_wconf 88' lang='lat' dir='ltr'><strong>quam</strong></span> <span class='ocrx_word' id='word_1_135' title='bbox 1657 2037 1760 2093; x_wconf 87' lang='lat' dir='ltr'><strong>ho-</strong></span> 
     </span>
    </p>
   </div>
   <div class='ocr_carea' id='block_1_22' title="bbox 135 2126 1760 2200">
    <p class='ocr_par' dir='ltr' id='par_1_22' title="bbox 135 2126 1760 2200">
     <span class='ocr_line' id='line_1_22' title="bbox 135 2126 1760 2200; baseline 0.002 -20"><span class='ocrx_word' id='word_1_136' title='bbox 135 2127 224 2182; x_wconf 88' lang='lat' dir='ltr'><strong>stis</strong></span> <span class='ocrx_word' id='word_1_137' title='bbox 251 2128 476 2184; x_wconf 87' lang='lat' dir='ltr'><strong>Macedo</strong></span> <span class='ocrx_word' id='word_1_138' title='bbox 511 2132 867 2200; x_wconf 85' lang='lat' dir='ltr'><strong>corruperat,</strong></span> <span class='ocrx_word' id='word_1_139' title='bbox 904 2126 1311 2183; x_wconf 85' lang='lat' dir='ltr'><strong>dissimulasse</strong></span> <span class='ocrx_word' id='word_1_140' title='bbox 1335 2127 1631 2200; x_wconf 87' lang='lat' dir='ltr'><strong>paulisper</strong></span> <span class='ocrx_word' id='word_1_141' title='bbox 1659 2128 1760 2183; x_wconf 89' lang='lat' dir='ltr'><strong>do-</strong></span> 
     </span>
    </p>
   </div>
   <div class='ocr_carea' id='block_1_23' title="bbox 134 2213 1762 2289">
    <p class='ocr_par' dir='ltr' id='par_1_23' title="bbox 134 2213 1762 2289">
     <span class='ocr_line' id='line_1_23' title="bbox 134 2213 1762 2289; baseline 0.002 -20"><span class='ocrx_word' id='word_1_142' title='bbox 134 2213 312 2283; x_wconf 90' lang='lat' dir='ltr'><strong>lorem,</strong></span> <span class='ocrx_word' id='word_1_143' title='bbox 336 2221 392 2271; x_wconf 91' lang='lat' dir='ltr'><strong>et</strong></span> <span class='ocrx_word' id='word_1_144' title='bbox 418 2216 758 2272; x_wconf 87' lang='lat' dir='ltr'><strong>violatorem</strong></span> <span class='ocrx_word' id='word_1_145' title='bbox 788 2217 1142 2288; x_wconf 85' lang='lat' dir='ltr'><strong>virginitatis</strong></span> <span class='ocrx_word' id='word_1_146' title='bbox 1175 2234 1292 2272; x_wconf 81' lang='lat' dir='ltr'><strong>suae</strong></span> <span class='ocrx_word' id='word_1_147' title='bbox 1320 2216 1626 2288; x_wconf 88' lang='lat' dir='ltr'><strong>jugulasse</strong></span> <span class='ocrx_word' id='word_1_148' title='bbox 1657 2233 1762 2289; x_wconf 83' lang='lat' dir='ltr'><strong>po-</strong></span> 
     </span>
    </p>
   </div>
   <div class='ocr_carea' id='block_1_24' title="bbox 136 2305 1766 2378">
    <p class='ocr_par' dir='ltr' id='par_1_24' title="bbox 136 2305 1766 2378">
     <span class='ocr_line' id='line_1_24' title="bbox 136 2305 1766 2378; baseline 0.001 -20"><span class='ocrx_word' id='word_1_149' title='bbox 136 2308 241 2358; x_wconf 82' lang='lat' dir='ltr'><strong>stea</strong></span> <span class='ocrx_word' id='word_1_150' title='bbox 277 2305 699 2361; x_wconf 90' lang='lat' dir='ltr'><strong>dormientem:</strong></span> <span class='ocrx_word' id='word_1_151' title='bbox 754 2321 933 2377; x_wconf 91' lang='lat' dir='ltr'><strong>seque</strong></span> <span class='ocrx_word' id='word_1_152' title='bbox 980 2305 1345 2361; x_wconf 83' lang='lat' dir='ltr'><strong>interfecisse</strong></span> <span class='ocrx_word' id='word_1_153' title='bbox 1391 2305 1585 2378; x_wconf 86' lang='lat' dir='ltr'><strong>gladio</strong></span> <span class='ocrx_word' id='word_1_154' title='bbox 1607 2306 1647 2373; x_wconf 84' lang='grc'><strong>³,</strong></span> <span class='ocrx_word' id='word_1_155' title='bbox 1701 2308 1766 2360; x_wconf 87' lang='lat' dir='ltr'><strong>ut</strong></span> 
     </span>
    </p>
   </div>
   <div class='ocr_carea' id='block_1_25' title="bbox 136 2393 1764 2467">
    <p class='ocr_par' dir='ltr' id='par_1_25' title="bbox 136 2393 1764 2467">
     <span class='ocr_line' id='line_1_25' title="bbox 136 2393 1764 2467; baseline 0.001 -20"><span class='ocrx_word' id='word_1_156' title='bbox 136 2409 223 2449; x_wconf 87' lang='lat' dir='ltr'><strong>nec</strong></span> <span class='ocrx_word' id='word_1_157' title='bbox 244 2394 426 2451; x_wconf 89' lang='lat' dir='ltr'><strong>vivere</strong></span> <span class='ocrx_word' id='word_1_158' title='bbox 457 2393 708 2450; x_wconf 87' lang='lat' dir='ltr'><strong>voluerit</strong></span> <span class='ocrx_word' id='word_1_159' title='bbox 755 2400 887 2466; x_wconf 92' lang='lat' dir='ltr'><strong>post</strong></span> <span class='ocrx_word' id='word_1_160' title='bbox 935 2395 1221 2467; x_wconf 89' lang='lat' dir='ltr'><strong>perditam</strong></span> <span class='ocrx_word' id='word_1_161' title='bbox 1272 2395 1626 2460; x_wconf 89' lang='lat' dir='ltr'><strong>castitatem,</strong></span> <span class='ocrx_word' id='word_1_162' title='bbox 1658 2410 1764 2450; x_wconf 90' lang='lat' dir='ltr'><strong>nec</strong></span> 
     </span>
    </p>
   </div>
   <div class='ocr_carea' id='block_1_26' title="bbox 136 2482 1317 2556">
    <p class='ocr_par' dir='ltr' id='par_1_26' title="bbox 136 2482 1317 2556">
     <span class='ocr_line' id='line_1_26' title="bbox 136 2482 1317 2556; baseline 0.002 -20"><span class='ocrx_word' id='word_1_163' title='bbox 136 2487 249 2538; x_wconf 87' lang='lat' dir='ltr'><strong>aute</strong></span> <span class='ocrx_word' id='word_1_164' title='bbox 279 2484 418 2539; x_wconf 91' lang='lat' dir='ltr'><strong>mori</strong></span> <span class='ocrx_word' id='word_1_165' title='bbox 451 2501 634 2556; x_wconf 87' lang='lat' dir='ltr'><strong>quam</strong></span> <span class='ocrx_word' id='word_1_166' title='bbox 666 2483 757 2539; x_wconf 91' lang='lat' dir='ltr'><strong>sui</strong></span> <span class='ocrx_word' id='word_1_167' title='bbox 791 2482 966 2538; x_wconf 89' lang='lat' dir='ltr'><strong>ultrix</strong></span> <span class='ocrx_word' id='word_1_168' title='bbox 994 2483 1317 2539; x_wconf 85' lang='lat' dir='ltr'><strong>exsisteret.</strong></span> 
     </span>
    </p>
   </div>
   <div class='ocr_carea' id='block_1_27' title="bbox 194 2661 1765 2738">
    <p class='ocr_par' dir='ltr' id='par_1_27' title="bbox 194 2661 1765 2738">
     <span class='ocr_line' id='line_1_27' title="bbox 194 2661 1765 2738; baseline 0.006 -24"><span class='ocrx_word' id='word_1_169' title='bbox 194 2661 270 2718; x_wconf 74' lang='grc'><strong>42.</strong></span> <span class='ocrx_word' id='word_1_170' title='bbox 292 2663 326 2716; x_wconf 78' lang='grc' dir='ltr'><em>Α</em></span> <span class='ocrx_word' id='word_1_171' title='bbox 346 2664 657 2731; x_wconf 75' lang='lat' dir='ltr'><strong>virginibus</strong></span> <span class='ocrx_word' id='word_1_172' title='bbox 669 2667 1078 2735; x_wconf 81' lang='lat' dir='ltr'><strong>procreatarum</strong></span> <span class='ocrx_word' id='word_1_173' title='bbox 1089 2663 1574 2736; x_wconf 56' lang='lat' dir='ltr'><strong>fabulae—Apud</strong></span> <span class='ocrx_word' id='word_1_174' title='bbox 1594 2665 1765 2738; x_wconf 90' lang='lat' dir='ltr'><strong>Gym-</strong></span> 
     </span>
    </p>
   </div>
   <div class='ocr_carea' id='block_1_28' title="bbox 138 2751 1765 2825">
    <p class='ocr_par' dir='ltr' id='par_1_28' title="bbox 138 2751 1765 2825">
     <span class='ocr_line' id='line_1_28' title="bbox 138 2751 1765 2825; baseline 0.006 -21"><span class='ocrx_word' id='word_1_175' title='bbox 138 2751 484 2823; x_wconf 78' lang='lat' dir='ltr'><strong>n030phistas</strong></span> <span class='ocrx_word' id='word_1_176' title='bbox 506 2751 879 2823; x_wconf 82' lang='lat' dir='ltr'><strong>Indiae,quasi</strong></span> <span class='ocrx_word' id='word_1_177' title='bbox 910 2769 1011 2824; x_wconf 90' lang='lat' dir='ltr'><strong>per</strong></span> <span class='ocrx_word' id='word_1_178' title='bbox 1031 2751 1449 2824; x_wconf 88' lang='lat' dir='ltr'><strong>manus,hujus</strong></span> <span class='ocrx_word' id='word_1_179' title='bbox 1471 2753 1765 2825; x_wconf 90' lang='lat' dir='ltr'><strong>opinionis</strong></span> 
     </span>
    </p>
   </div>
   <div class='ocr_carea' id='block_1_29' title="bbox 141 2840 1762 2918">
    <p class='ocr_par' dir='ltr' id='par_1_29' title="bbox 141 2840 1762 2918">
     <span class='ocr_line' id='line_1_29' title="bbox 141 2840 1762 2918; baseline 0.006 -26"><span class='ocrx_word' id='word_1_180' title='bbox 141 2840 426 2898; x_wconf 80' lang='lat' dir='ltr'><strong>auctoritas</strong></span> <span class='ocrx_word' id='word_1_181' title='bbox 455 2841 731 2909; x_wconf 84' lang='lat' dir='ltr'><strong>traditur,</strong></span> <span class='ocrx_word' id='word_1_182' title='bbox 783 2842 939 2913; x_wconf 91' lang='lat' dir='ltr'><strong>quod</strong></span> <span class='ocrx_word' id='word_1_183' title='bbox 984 2842 1248 2897; x_wconf 85' lang='lat' dir='ltr'><strong>Buddam</strong></span> <span class='ocrx_word' id='word_1_184' title='bbox 1271 2843 1291 2876; x_wconf 78' lang='grc'><strong>⁴</strong></span> <span class='ocrx_word' id='word_1_185' title='bbox 1331 2842 1436 2914; x_wconf 72' lang='grc' dir='ltr'><strong>[ΑΙ.</strong></span> <span class='ocrx_word' id='word_1_186' title='bbox 1472 2843 1762 2918; x_wconf 84' lang='lat' dir='ltr'><strong>Buldam],</strong></span> 
     </span>
    </p>
   </div>
   <div class='ocr_carea' id='block_1_30' title="bbox 139 2927 1766 3007">
    <p class='ocr_par' dir='ltr' id='par_1_30' title="bbox 139 2927 1766 3007">
     <span class='ocr_line' id='line_1_30' title="bbox 139 2927 1766 3007; baseline 0.006 -26"><span class='ocrx_word' id='word_1_187' title='bbox 139 2927 430 3002; x_wconf 87' lang='lat' dir='ltr'><strong>principem</strong></span> <span class='ocrx_word' id='word_1_188' title='bbox 462 2931 762 3004; x_wconf 85' lang='lat' dir='ltr'><strong>dogmatis</strong></span> <span class='ocrx_word' id='word_1_189' title='bbox 793 2947 1016 2998; x_wconf 88' lang='lat' dir='ltr'><strong>eorum,</strong></span> <span class='ocrx_word' id='word_1_190' title='bbox 1049 2947 1079 2987; x_wconf 92' lang='lat' dir='ltr'><strong>e</strong></span> <span class='ocrx_word' id='word_1_191' title='bbox 1109 2930 1290 2988; x_wconf 87' lang='lat' dir='ltr'><strong>latere</strong></span> <span class='ocrx_word' id='word_1_192' title='bbox 1322 2948 1428 2987; x_wconf 89' lang='lat' dir='ltr'><strong>suo</strong></span> <span class='ocrx_word' id='word_1_193' title='bbox 1467 2933 1630 3006; x_wconf 91' lang='lat' dir='ltr'><strong>virgo</strong></span> <span class='ocrx_word' id='word_1_194' title='bbox 1664 2951 1766 3007; x_wconf 90' lang='lat' dir='ltr'><strong>ge-</strong></span> 
     </span>
    </p>
   </div>
   <div class='ocr_carea' id='block_1_31' title="bbox 139 3019 1768 3087">
    <p class='ocr_par' dir='ltr' id='par_1_31' title="bbox 139 3019 1768 3087">
     <span class='ocr_line' id='line_1_31' title="bbox 139 3019 1768 3087; baseline 0.005 -15"><span class='ocrx_word' id='word_1_195' title='bbox 139 3019 347 3074; x_wconf 87' lang='lat' dir='ltr'><strong>nerarit.</strong></span> <span class='ocrx_word' id='word_1_196' title='bbox 382 3021 498 3076; x_wconf 87' lang='lat' dir='ltr'><strong>Nec</strong></span> <span class='ocrx_word' id='word_1_197' title='bbox 531 3019 641 3075; x_wconf 91' lang='lat' dir='ltr'><strong>hoc</strong></span> <span class='ocrx_word' id='word_1_198' title='bbox 673 3019 886 3075; x_wconf 92' lang='lat' dir='ltr'><strong>mirum</strong></span> <span class='ocrx_word' id='word_1_199' title='bbox 935 3020 1006 3074; x_wconf 92' lang='lat' dir='ltr'><strong>de</strong></span> <span class='ocrx_word' id='word_1_200' title='bbox 1057 3020 1344 3087; x_wconf 83' lang='lat' dir='ltr'><strong>Barbarie,</strong></span> <span class='ocrx_word' id='word_1_201' title='bbox 1393 3037 1526 3078; x_wconf 92' lang='lat' dir='ltr'><strong>cum</strong></span> <span class='ocrx_word' id='word_1_202' title='bbox 1558 3023 1768 3080; x_wconf 89' lang='lat' dir='ltr'><strong>Miner-</strong></span> 
     </span>
    </p>
   </div>
   <div class='ocr_carea' id='block_1_32' title="bbox 138 3109 1767 3182">
    <p class='ocr_par' dir='ltr' id='par_1_32' title="bbox 138 3109 1767 3182">
     <span class='ocr_line' id='line_1_32' title="bbox 138 3109 1767 3182; baseline 0.007 -23"><span class='ocrx_word' id='word_1_203' title='bbox 138 3121 248 3162; x_wconf 86' lang='lat' dir='ltr'><strong>vam</strong></span> <span class='ocrx_word' id='word_1_204' title='bbox 273 3124 501 3180; x_wconf 90' lang='lat' dir='ltr'><strong>quoque</strong></span> <span class='ocrx_word' id='word_1_205' title='bbox 533 3109 605 3164; x_wconf 90' lang='lat' dir='ltr'><strong>de</strong></span> <span class='ocrx_word' id='word_1_206' title='bbox 635 3110 823 3181; x_wconf 90' lang='lat' dir='ltr'><strong>capite</strong></span> <span class='ocrx_word' id='word_1_207' title='bbox 851 3109 1032 3179; x_wconf 87' lang='lat' dir='ltr'><strong>Jovis,</strong></span> <span class='ocrx_word' id='word_1_208' title='bbox 1058 3115 1114 3164; x_wconf 91' lang='lat' dir='ltr'><strong>et</strong></span> <span class='ocrx_word' id='word_1_209' title='bbox 1149 3110 1416 3165; x_wconf 85' lang='lat' dir='ltr'><strong>Liberum</strong></span> <span class='ocrx_word' id='word_1_210' title='bbox 1446 3117 1672 3182; x_wconf 88' lang='lat' dir='ltr'><strong>patrem</strong></span> <span class='ocrx_word' id='word_1_211' title='bbox 1697 3113 1767 3169; x_wconf 91' lang='lat' dir='ltr'><strong>de</strong></span> 
     </span>
    </p>
   </div>
   <div class='ocr_carea' id='block_1_33' title="bbox 139 3193 1764 3270">
    <p class='ocr_par' dir='ltr' id='par_1_33' title="bbox 139 3193 1764 3270">
     <span class='ocr_line' id='line_1_33' title="bbox 139 3193 1764 3270; baseline 0.005 -21"><span class='ocrx_word' id='word_1_212' title='bbox 139 3193 364 3254; x_wconf 77' lang='lat' dir='ltr'><strong>femore5</strong></span> <span class='ocrx_word' id='word_1_213' title='bbox 391 3199 522 3270; x_wconf 87' lang='lat' dir='ltr'><strong>ejus</strong></span> <span class='ocrx_word' id='word_1_214' title='bbox 556 3203 889 3270; x_wconf 89' lang='lat' dir='ltr'><strong>procreatos</strong></span> <span class='ocrx_word' id='word_1_215' title='bbox 939 3197 1282 3254; x_wconf 88' lang='lat' dir='ltr'><strong>doctissima</strong></span> <span class='ocrx_word' id='word_1_216' title='bbox 1332 3200 1561 3256; x_wconf 85' lang='lat' dir='ltr'><strong>tinxerit</strong></span> <span class='ocrx_word' id='word_1_217' title='bbox 1607 3202 1764 3259; x_wconf 68' lang='lat' dir='ltr'><strong>Grae-</strong></span> 
     </span>
    </p>
   </div>
   <div class='ocr_carea' id='block_1_34' title="bbox 1870 612 3524 690">
    <p class='ocr_par' dir='ltr' id='par_1_34' title="bbox 1870 612 3524 690">
     <span class='ocr_line' id='line_1_34' title="bbox 1870 612 3524 690; baseline 0.006 -22"><span class='ocrx_word' id='word_1_218' title='bbox 1870 612 2187 669; x_wconf 90' lang='lat' dir='ltr'><strong>Dominum</strong></span> <span class='ocrx_word' id='word_1_219' title='bbox 2219 616 2576 672; x_wconf 88' lang='lat' dir='ltr'><strong>Salvatorem</strong></span> <span class='ocrx_word' id='word_1_220' title='bbox 2609 617 2678 672; x_wconf 91' lang='lat' dir='ltr'><strong>de</strong></span> <span class='ocrx_word' id='word_1_221' title='bbox 2717 616 2953 689; x_wconf 87' lang='lat' dir='ltr'><strong>Virgine</strong></span> <span class='ocrx_word' id='word_1_222' title='bbox 3003 623 3372 690; x_wconf 85' lang='lat' dir='ltr'><strong>procreatum</strong></span> <span class='ocrx_word' id='word_1_223' title='bbox 3404 619 3524 678; x_wconf 84' lang='lat' dir='ltr'><strong>Ro-</strong></span> 
     </span>
    </p>
   </div>
   <div class='ocr_carea' id='block_1_35' title="bbox 1870 706 3525 779">
    <p class='ocr_par' dir='ltr' id='par_1_35' title="bbox 1870 706 3525 779">
     <span class='ocr_line' id='line_1_35' title="bbox 1870 706 3525 779; baseline 0.005 -21"><span class='ocrx_word' id='word_1_224' title='bbox 1870 719 2044 759; x_wconf 90' lang='lat' dir='ltr'><strong>mana</strong></span> <span class='ocrx_word' id='word_1_225' title='bbox 2075 706 2454 776; x_wconf 84' lang='lat' dir='ltr'><strong>exprobraret</strong></span> <span class='ocrx_word' id='word_1_226' title='bbox 2503 706 2782 779; x_wconf 87' lang='lat' dir='ltr'><strong>potentia,</strong></span> <span class='ocrx_word' id='word_1_227' title='bbox 2838 712 3104 764; x_wconf 90' lang='lat' dir='ltr'><strong>auctores</strong></span> <span class='ocrx_word' id='word_1_228' title='bbox 3155 710 3310 765; x_wconf 74' lang='lat'><strong>810</strong></span> <span class='ocrx_word' id='word_1_229' title='bbox 3360 710 3525 768; x_wconf 90' lang='lat' dir='ltr'><strong>urbis</strong></span> 
     </span>
    </p>
   </div>
   <div class='ocr_carea' id='block_1_36' title="bbox 1869 793 3525 870">
    <p class='ocr_par' dir='ltr' id='par_1_36' title="bbox 1869 793 3525 870">
     <span class='ocr_line' id='line_1_36' title="bbox 1869 793 3525 870; baseline 0.005 -22"><span class='ocrx_word' id='word_1_230' title='bbox 1869 796 1925 848; x_wconf 92' lang='lat' dir='ltr'><strong>et</strong></span> <span class='ocrx_word' id='word_1_231' title='bbox 1954 793 2147 863; x_wconf 87' lang='lat' dir='ltr'><strong>gentis</strong></span> <span class='ocrx_word' id='word_1_232' title='bbox 2199 811 2315 849; x_wconf 70' lang='lat' dir='ltr'><strong>sua:</strong></span> <span class='ocrx_word' id='word_1_233' title='bbox 2350 795 2452 850; x_wconf 83' lang='lat' dir='ltr'><strong>Ilia</strong></span> <span class='ocrx_word' id='word_1_234' title='bbox 2501 795 2722 867; x_wconf 87' lang='lat' dir='ltr'><strong>virgine</strong></span> <span class='ocrx_word' id='word_1_235' title='bbox 2775 801 2832 851; x_wconf 88' lang='lat' dir='ltr'><strong>et</strong></span> <span class='ocrx_word' id='word_1_236' title='bbox 2889 797 3070 853; x_wconf 89' lang='lat' dir='ltr'><strong>Marte</strong></span> <span class='ocrx_word' id='word_1_237' title='bbox 3107 798 3338 870; x_wconf 87' lang='lat' dir='ltr'><strong>genitos</strong></span> <span class='ocrx_word' id='word_1_238' title='bbox 3371 801 3525 856; x_wconf 83' lang='lat' dir='ltr'><strong>arbi—</strong></span> 
     </span>
    </p>
   </div>
   <div class='ocr_carea' id='block_1_37' title="bbox 1869 885 2123 937">
    <p class='ocr_par' dir='ltr' id='par_1_37' title="bbox 1869 885 2123 937">
     <span class='ocr_line' id='line_1_37' title="bbox 1869 885 2123 937; baseline 0.008 -2"><span class='ocrx_word' id='word_1_239' title='bbox 1869 885 2123 937; x_wconf 90' lang='lat' dir='ltr'><strong>trantur.</strong></span> 
     </span>
    </p>
   </div>
   <div class='ocr_carea' id='block_1_38' title="bbox 1942 971 3528 1048">
    <p class='ocr_par' dir='ltr' id='par_1_38' title="bbox 1942 971 3528 1048">
     <span class='ocr_line' id='line_1_38' title="bbox 1942 971 3528 1048; baseline 0.006 -24"><span class='ocrx_word' id='word_1_240' title='bbox 1942 971 2028 1025; x_wconf 82' lang='grc'><strong>43.</strong></span> <span class='ocrx_word' id='word_1_241' title='bbox 2065 971 2243 1028; x_wconf 72' lang='lat' dir='ltr'><strong>Viduas</strong></span> <span class='ocrx_word' id='word_1_242' title='bbox 2281 974 2533 1042; x_wconf 77' lang='lat' dir='ltr'><strong>gentiles.</strong></span> <span class='ocrx_word' id='word_1_243' title='bbox 2567 1005 2634 1013; x_wconf 90' lang='lat'><strong>——-</strong></span> <span class='ocrx_word' id='word_1_244' title='bbox 2666 975 2794 1030; x_wconf 71' lang='lat' dir='ltr'><strong>Haec</strong></span> <span class='ocrx_word' id='word_1_245' title='bbox 2844 977 2914 1032; x_wconf 86' lang='lat' dir='ltr'><strong>de</strong></span> <span class='ocrx_word' id='word_1_246' title='bbox 2961 976 3288 1048; x_wconf 87' lang='lat' dir='ltr'><strong>virginibus</strong></span> <span class='ocrx_word' id='word_1_247' title='bbox 3331 979 3528 1034; x_wconf 70' lang='lat' dir='ltr'><strong>szeculi</strong></span> 
     </span>
    </p>
   </div>
   <div class='ocr_carea' id='block_1_39' title="bbox 1871 1059 3526 1138">
    <p class='ocr_par' dir='ltr' id='par_1_39' title="bbox 1871 1059 3526 1138">
     <span class='ocr_line' id='line_1_39' title="bbox 1871 1059 3526 1138; baseline 0.007 -27"><span class='ocrx_word' id='word_1_248' title='bbox 1871 1073 2112 1114; x_wconf 91' lang='lat' dir='ltr'><strong>currens</strong></span> <span class='ocrx_word' id='word_1_249' title='bbox 2168 1075 2272 1130; x_wconf 89' lang='lat' dir='ltr'><strong>per</strong></span> <span class='ocrx_word' id='word_1_250' title='bbox 2327 1059 2681 1132; x_wconf 89' lang='lat' dir='ltr'><strong>multiplices</strong></span> <span class='ocrx_word' id='word_1_251' title='bbox 2736 1061 3030 1127; x_wconf 89' lang='lat' dir='ltr'><strong>historias,</strong></span> <span class='ocrx_word' id='word_1_252' title='bbox 3093 1068 3148 1118; x_wconf 91' lang='lat' dir='ltr'><strong>et</strong></span> <span class='ocrx_word' id='word_1_253' title='bbox 3206 1082 3526 1138; x_wconf 90' lang='lat' dir='ltr'><strong>properans</strong></span> 
     </span>
    </p>
   </div>
   <div class='ocr_carea' id='block_1_40' title="bbox 1871 1147 3531 1225">
    <p class='ocr_par' dir='ltr' id='par_1_40' title="bbox 1871 1147 3531 1225">
     <span class='ocr_line' id='line_1_40' title="bbox 1871 1147 3531 1225; baseline 0.007 -25"><span class='ocrx_word' id='word_1_254' title='bbox 1871 1162 2064 1201; x_wconf 89' lang='lat' dir='ltr'><strong>sermo</strong></span> <span class='ocrx_word' id='word_1_255' title='bbox 2097 1147 2517 1218; x_wconf 84' lang='lat' dir='ltr'><strong>perstrinxerit.</strong></span> <span class='ocrx_word' id='word_1_256' title='bbox 2555 1149 2796 1205; x_wconf 88' lang='lat' dir='ltr'><strong>Veniam</strong></span> <span class='ocrx_word' id='word_1_257' title='bbox 2832 1152 2901 1206; x_wconf 90' lang='lat' dir='ltr'><strong>ad</strong></span> <span class='ocrx_word' id='word_1_258' title='bbox 2934 1151 3239 1208; x_wconf 87' lang='lat' dir='ltr'><strong>maritatas</strong></span> <span class='ocrx_word' id='word_1_259' title='bbox 3263 1155 3371 1225; x_wconf 79' lang='lat' dir='ltr'><strong>[AL</strong></span> <span class='ocrx_word' id='word_1_260' title='bbox 3406 1172 3531 1211; x_wconf 84' lang='lat' dir='ltr'><strong>ma-</strong></span> 
     </span>
    </p>
   </div>
   <div class='ocr_carea' id='block_1_41' title="bbox 1871 1232 3530 1314">
    <p class='ocr_par' dir='ltr' id='par_1_41' title="bbox 1871 1232 3530 1314">
     <span class='ocr_line' id='line_1_41' title="bbox 1871 1232 3530 1314; baseline 0.008 -27"><span class='ocrx_word' id='word_1_261' title='bbox 1871 1232 2054 1304; x_wconf 79' lang='lat' dir='ltr'><strong>ritas],</strong></span> <span class='ocrx_word' id='word_1_262' title='bbox 2093 1252 2220 1307; x_wconf 78' lang='lat' dir='ltr'><strong>quae</strong></span> <span class='ocrx_word' id='word_1_263' title='bbox 2278 1237 2526 1292; x_wconf 90' lang='lat' dir='ltr'><strong>mortuis</strong></span> <span class='ocrx_word' id='word_1_264' title='bbox 2585 1237 2670 1293; x_wconf 87' lang='lat' dir='ltr'><strong>vel</strong></span> <span class='ocrx_word' id='word_1_265' title='bbox 2705 1238 2915 1294; x_wconf 90' lang='lat' dir='ltr'><strong>occisis</strong></span> <span class='ocrx_word' id='word_1_266' title='bbox 2948 1240 3128 1295; x_wconf 66' lang='lat' dir='ltr'><strong>viris8</strong></span> <span class='ocrx_word' id='word_1_267' title='bbox 3159 1244 3530 1314; x_wconf 90' lang='lat' dir='ltr'><strong>supervivere</strong></span> 
     </span>
    </p>
   </div>
   <div class='ocr_carea' id='block_1_42' title="bbox 1873 1322 3528 1405">
    <p class='ocr_par' dir='ltr' id='par_1_42' title="bbox 1873 1322 3528 1405">
     <span class='ocr_line' id='line_1_42' title="bbox 1873 1322 3528 1405; baseline 0.007 -28"><span class='ocrx_word' id='word_1_268' title='bbox 1873 1322 2288 1392; x_wconf 90' lang='lat' dir='ltr'><strong>noluerunt,ne</strong></span> <span class='ocrx_word' id='word_1_269' title='bbox 2311 1329 2957 1398; x_wconf 86' lang='lat' dir='ltr'><strong>cogerentursecundos</strong></span> <span class='ocrx_word' id='word_1_270' title='bbox 2973 1347 3143 1385; x_wconf 89' lang='lat' dir='ltr'><strong>nosse</strong></span> <span class='ocrx_word' id='word_1_271' title='bbox 3156 1333 3528 1405; x_wconf 86' lang='lat' dir='ltr'><strong>concubitus,</strong></span> 
     </span>
    </p>
   </div>
   <div class='ocr_carea' id='block_1_43' title="bbox 1873 1413 3534 1486">
    <p class='ocr_par' dir='ltr' id='par_1_43' title="bbox 1873 1413 3534 1486">
     <span class='ocr_line' id='line_1_43' title="bbox 1873 1413 3534 1486; baseline 0.007 -20"><span class='ocrx_word' id='word_1_272' title='bbox 1873 1417 1930 1466; x_wconf 90' lang='lat' dir='ltr'><strong>et</strong></span> <span class='ocrx_word' id='word_1_273' title='bbox 1961 1430 2085 1484; x_wconf 75' lang='lat' dir='ltr'><strong>qua:</strong></span> <span class='ocrx_word' id='word_1_274' title='bbox 2120 1413 2263 1470; x_wconf 90' lang='lat' dir='ltr'><strong>mire</strong></span> <span class='ocrx_word' id='word_1_275' title='bbox 2288 1416 2492 1472; x_wconf 79' lang='lat' dir='ltr'><strong>unicos</strong></span> <span class='ocrx_word' id='word_1_276' title='bbox 2513 1421 2852 1472; x_wconf 86' lang='lat' dir='ltr'><strong>amaverunt</strong></span> <span class='ocrx_word' id='word_1_277' title='bbox 2875 1419 3118 1474; x_wconf 91' lang='lat' dir='ltr'><strong>maritos</strong></span> <span class='ocrx_word' id='word_1_278' title='bbox 3146 1437 3158 1486; x_wconf 89' lang='lat'><strong>;</strong></span> <span class='ocrx_word' id='word_1_279' title='bbox 3185 1423 3250 1475; x_wconf 88' lang='lat' dir='ltr'><strong>ut</strong></span> <span class='ocrx_word' id='word_1_280' title='bbox 3274 1421 3534 1478; x_wconf 89' lang='lat' dir='ltr'><strong>sciamus</strong></span> 
     </span>
    </p>
   </div>
   <div class='ocr_carea' id='block_1_44' title="bbox 1873 1501 3531 1578">
    <p class='ocr_par' dir='ltr' id='par_1_44' title="bbox 1873 1501 3531 1578">
     <span class='ocr_line' id='line_1_44' title="bbox 1873 1501 3531 1578; baseline 0.007 -24"><span class='ocrx_word' id='word_1_281' title='bbox 1873 1501 2194 1573; x_wconf 89' lang='lat' dir='ltr'><strong>digamiam</strong></span> <span class='ocrx_word' id='word_1_282' title='bbox 2230 1505 2385 1574; x_wconf 89' lang='lat' dir='ltr'><strong>apud</strong></span> <span class='ocrx_word' id='word_1_283' title='bbox 2418 1503 2683 1560; x_wconf 89' lang='lat' dir='ltr'><strong>ethnicos</strong></span> <span class='ocrx_word' id='word_1_284' title='bbox 2706 1505 2880 1560; x_wconf 88' lang='lat' dir='ltr'><strong>etiam</strong></span> <span class='ocrx_word' id='word_1_285' title='bbox 2905 1507 3224 1578; x_wconf 88' lang='lat' dir='ltr'><strong>reprobari.</strong></span> <span class='ocrx_word' id='word_1_286' title='bbox 3249 1508 3417 1576; x_wconf 89' lang='lat' dir='ltr'><strong>Dido,</strong></span> <span class='ocrx_word' id='word_1_287' title='bbox 3441 1527 3531 1565; x_wconf 87' lang='lat' dir='ltr'><strong>so-</strong></span> 
     </span>
    </p>
   </div>
   <div class='ocr_carea' id='block_1_45' title="bbox 1874 1591 3532 1669">
    <p class='ocr_par' dir='ltr' id='par_1_45' title="bbox 1874 1591 3532 1669">
     <span class='ocr_line' id='line_1_45' title="bbox 1874 1591 3532 1669; baseline 0.007 -25"><span class='ocrx_word' id='word_1_288' title='bbox 1874 1607 1970 1645; x_wconf 90' lang='lat' dir='ltr'><strong>ror</strong></span> <span class='ocrx_word' id='word_1_289' title='bbox 2018 1591 2436 1663; x_wconf 87' lang='lat' dir='ltr'><strong>Pygmalionis,</strong></span> <span class='ocrx_word' id='word_1_290' title='bbox 2489 1593 2676 1648; x_wconf 89' lang='lat' dir='ltr'><strong>multo</strong></span> <span class='ocrx_word' id='word_1_291' title='bbox 2723 1595 2850 1648; x_wconf 88' lang='lat' dir='ltr'><strong>auri</strong></span> <span class='ocrx_word' id='word_1_292' title='bbox 2900 1600 2956 1650; x_wconf 93' lang='lat' dir='ltr'><strong>et</strong></span> <span class='ocrx_word' id='word_1_293' title='bbox 2995 1597 3217 1667; x_wconf 88' lang='lat' dir='ltr'><strong>argenti</strong></span> <span class='ocrx_word' id='word_1_294' title='bbox 3276 1599 3532 1669; x_wconf 90' lang='lat' dir='ltr'><strong>pondere</strong></span> 
     </span>
    </p>
   </div>
   <div class='ocr_carea' id='block_1_46' title="bbox 1873 1681 3532 1757">
    <p class='ocr_par' dir='ltr' id='par_1_46' title="bbox 1873 1681 3532 1757">
     <span class='ocr_line' id='line_1_46' title="bbox 1873 1681 3532 1757; baseline 0.006 -23"><span class='ocrx_word' id='word_1_295' title='bbox 1873 1685 2247 1752; x_wconf 86' lang='lat' dir='ltr'><strong>congregato,</strong></span> <span class='ocrx_word' id='word_1_296' title='bbox 2293 1681 2353 1736; x_wconf 91' lang='lat' dir='ltr'><strong>in</strong></span> <span class='ocrx_word' id='word_1_297' title='bbox 2402 1682 2654 1738; x_wconf 89' lang='lat' dir='ltr'><strong>Africam</strong></span> <span class='ocrx_word' id='word_1_298' title='bbox 2716 1683 3029 1755; x_wconf 88' lang='lat' dir='ltr'><strong>navigavit,</strong></span> <span class='ocrx_word' id='word_1_299' title='bbox 3091 1685 3286 1757; x_wconf 91' lang='lat' dir='ltr'><strong>ibique</strong></span> <span class='ocrx_word' id='word_1_300' title='bbox 3326 1688 3532 1743; x_wconf 90' lang='lat' dir='ltr'><strong>urbem</strong></span> 
     </span>
    </p>
   </div>
   <div class='ocr_carea' id='block_1_47' title="bbox 1874 1768 3533 1847">
    <p class='ocr_par' dir='ltr' id='par_1_47' title="bbox 1874 1768 3533 1847">
     <span class='ocr_line' id='line_1_47' title="bbox 1874 1768 3533 1847; baseline 0.005 -24"><span class='ocrx_word' id='word_1_301' title='bbox 1874 1768 2284 1841; x_wconf 85' lang='lat' dir='ltr'><strong>Carthaginem</strong></span> <span class='ocrx_word' id='word_1_302' title='bbox 2307 1770 2588 1836; x_wconf 88' lang='lat' dir='ltr'><strong>condidit,</strong></span> <span class='ocrx_word' id='word_1_303' title='bbox 2613 1777 2825 1828; x_wconf 90' lang='lat' dir='ltr'><strong>etcum</strong></span> <span class='ocrx_word' id='word_1_304' title='bbox 2850 1773 2920 1828; x_wconf 88' lang='lat' dir='ltr'><strong>ab</strong></span> <span class='ocrx_word' id='word_1_305' title='bbox 2939 1774 3116 1829; x_wconf 83' lang='lat' dir='ltr'><strong>Jarba</strong></span> <span class='ocrx_word' id='word_1_306' title='bbox 3133 1775 3533 1847; x_wconf 87' lang='lat' dir='ltr'><strong>[mss.Hiarba]</strong></span> 
     </span>
    </p>
   </div>
   <div class='ocr_carea' id='block_1_48' title="bbox 1875 1858 3536 1936">
    <p class='ocr_par' dir='ltr' id='par_1_48' title="bbox 1875 1858 3536 1936">
     <span class='ocr_line' id='line_1_48' title="bbox 1875 1858 3536 1936; baseline 0.007 -25"><span class='ocrx_word' id='word_1_307' title='bbox 1875 1874 2008 1929; x_wconf 85' lang='lat' dir='ltr'><strong>rege</strong></span> <span class='ocrx_word' id='word_1_308' title='bbox 2042 1858 2231 1930; x_wconf 82' lang='lat' dir='ltr'><strong>Libyae</strong></span> <span class='ocrx_word' id='word_1_309' title='bbox 2265 1858 2322 1914; x_wconf 92' lang='lat' dir='ltr'><strong>in</strong></span> <span class='ocrx_word' id='word_1_310' title='bbox 2357 1859 2699 1932; x_wconf 90' lang='lat' dir='ltr'><strong>conjugium</strong></span> <span class='ocrx_word' id='word_1_311' title='bbox 2732 1866 3046 1932; x_wconf 83' lang='lat' dir='ltr'><strong>peteretur,</strong></span> <span class='ocrx_word' id='word_1_312' title='bbox 3089 1863 3386 1936; x_wconf 87' lang='lat' dir='ltr'><strong>paulisper</strong></span> <span class='ocrx_word' id='word_1_313' title='bbox 3417 1865 3536 1922; x_wconf 91' lang='lat' dir='ltr'><strong>dis-</strong></span> 
     </span>
    </p>
   </div>
   <div class='ocr_carea' id='block_1_49' title="bbox 1871 1946 3536 2020">
    <p class='ocr_par' dir='ltr' id='par_1_49' title="bbox 1871 1946 3536 2020">
     <span class='ocr_line' id='line_1_49' title="bbox 1871 1946 3536 2020; baseline 0.005 -18"><span class='ocrx_word' id='word_1_314' title='bbox 1871 1946 2010 2002; x_wconf 87' lang='lat' dir='ltr'><strong>tulit</strong></span> <span class='ocrx_word' id='word_1_315' title='bbox 2042 1948 2298 2020; x_wconf 88' lang='lat' dir='ltr'><strong>nuptias,</strong></span> <span class='ocrx_word' id='word_1_316' title='bbox 2333 1949 2516 2004; x_wconf 90' lang='lat' dir='ltr'><strong>donec</strong></span> <span class='ocrx_word' id='word_1_317' title='bbox 2549 1951 2827 2006; x_wconf 88' lang='lat' dir='ltr'><strong>conderet</strong></span> <span class='ocrx_word' id='word_1_318' title='bbox 2859 1950 3174 2007; x_wconf 90' lang='lat' dir='ltr'><strong>civitatem.</strong></span> <span class='ocrx_word' id='word_1_319' title='bbox 3208 1953 3322 2009; x_wconf 90' lang='lat' dir='ltr'><strong>Nec</strong></span> <span class='ocrx_word' id='word_1_320' title='bbox 3349 1954 3536 2012; x_wconf 88' lang='lat' dir='ltr'><strong>multo</strong></span> 
     </span>
    </p>
   </div>
   <div class='ocr_carea' id='block_1_50' title="bbox 1872 2038 3535 2113">
    <p class='ocr_par' dir='ltr' id='par_1_50' title="bbox 1872 2038 3535 2113">
     <span class='ocr_line' id='line_1_50' title="bbox 1872 2038 3535 2113; baseline 0.005 -23"><span class='ocrx_word' id='word_1_321' title='bbox 1872 2040 2004 2108; x_wconf 89' lang='lat' dir='ltr'><strong>post</strong></span> <span class='ocrx_word' id='word_1_322' title='bbox 2025 2041 2321 2092; x_wconf 89' lang='lat' dir='ltr'><strong>exstructa</strong></span> <span class='ocrx_word' id='word_1_323' title='bbox 2339 2038 2398 2092; x_wconf 90' lang='lat' dir='ltr'><strong>in</strong></span> <span class='ocrx_word' id='word_1_324' title='bbox 2423 2039 2767 2094; x_wconf 90' lang='lat' dir='ltr'><strong>memoriam</strong></span> <span class='ocrx_word' id='word_1_325' title='bbox 2794 2040 2985 2095; x_wconf 92' lang='lat' dir='ltr'><strong>mariti</strong></span> <span class='ocrx_word' id='word_1_326' title='bbox 3010 2043 3307 2113; x_wconf 91' lang='lat' dir='ltr'><strong>quondam</strong></span> <span class='ocrx_word' id='word_1_327' title='bbox 3329 2043 3535 2100; x_wconf 73' lang='lat' dir='ltr'><strong>Sichaai</strong></span> 
     </span>
    </p>
   </div>
   <div class='ocr_carea' id='block_1_51' title="bbox 1873 2125 3539 2199">
    <p class='ocr_par' dir='ltr' id='par_1_51' title="bbox 1873 2125 3539 2199">
     <span class='ocr_line' id='line_1_51' title="bbox 1873 2125 3539 2199; baseline 0.006 -20"><span class='ocrx_word' id='word_1_328' title='bbox 1873 2141 2036 2196; x_wconf 88' lang='lat' dir='ltr'><strong>pyra,</strong></span> <span class='ocrx_word' id='word_1_329' title='bbox 2078 2125 2289 2181; x_wconf 89' lang='lat' dir='ltr'><strong>maluit</strong></span> <span class='ocrx_word' id='word_1_330' title='bbox 2339 2129 2541 2183; x_wconf 90' lang='lat' dir='ltr'><strong>ardere</strong></span> <span class='ocrx_word' id='word_1_331' title='bbox 2582 2145 2758 2199; x_wconf 91' lang='lat' dir='ltr'><strong>quam</strong></span> <span class='ocrx_word' id='word_1_332' title='bbox 2812 2129 3051 2185; x_wconf 90' lang='lat' dir='ltr'><strong>nubere.</strong></span> <span class='ocrx_word' id='word_1_333' title='bbox 3104 2131 3276 2187; x_wconf 86' lang='lat' dir='ltr'><strong>Casta</strong></span> <span class='ocrx_word' id='word_1_334' title='bbox 3326 2132 3539 2189; x_wconf 88' lang='lat' dir='ltr'><strong>mulier</strong></span> 
     </span>
    </p>
   </div>
   <div class='ocr_carea' id='block_1_52' title="bbox 1872 2213 3534 2286">
    <p class='ocr_par' dir='ltr' id='par_1_52' title="bbox 1872 2213 3534 2286">
     <span class='ocr_line' id='line_1_52' title="bbox 1872 2213 3534 2286; baseline 0.007 -20"><span class='ocrx_word' id='word_1_335' title='bbox 1872 2213 2282 2286; x_wconf 84' lang='lat' dir='ltr'><strong>Carthaginem</strong></span> <span class='ocrx_word' id='word_1_336' title='bbox 2319 2215 2604 2284; x_wconf 91' lang='lat' dir='ltr'><strong>condidit,</strong></span> <span class='ocrx_word' id='word_1_337' title='bbox 2654 2222 2710 2271; x_wconf 91' lang='lat' dir='ltr'><strong>et</strong></span> <span class='ocrx_word' id='word_1_338' title='bbox 2759 2235 2992 2273; x_wconf 91' lang='lat' dir='ltr'><strong>rursum</strong></span> <span class='ocrx_word' id='word_1_339' title='bbox 3042 2220 3246 2275; x_wconf 86' lang='lat' dir='ltr'><strong>eadem</strong></span> <span class='ocrx_word' id='word_1_340' title='bbox 3297 2221 3440 2278; x_wconf 91' lang='lat' dir='ltr'><strong>urbs</strong></span> <span class='ocrx_word' id='word_1_341' title='bbox 3475 2222 3534 2278; x_wconf 91' lang='lat' dir='ltr'><strong>in</strong></span> 
     </span>
    </p>
   </div>
   <div class='ocr_carea' id='block_1_53' title="bbox 1873 2303 3534 2378">
    <p class='ocr_par' dir='ltr' id='par_1_53' title="bbox 1873 2303 3534 2378">
     <span class='ocr_line' id='line_1_53' title="bbox 1873 2303 3534 2378; baseline 0.005 -20"><span class='ocrx_word' id='word_1_342' title='bbox 1873 2303 2163 2359; x_wconf 88' lang='lat' dir='ltr'><strong>castitatis</strong></span> <span class='ocrx_word' id='word_1_343' title='bbox 2194 2303 2368 2361; x_wconf 90' lang='lat' dir='ltr'><strong>laude</strong></span> <span class='ocrx_word' id='word_1_344' title='bbox 2400 2306 2566 2360; x_wconf 84' lang='lat' dir='ltr'><strong>ﬁnita</strong></span> <span class='ocrx_word' id='word_1_345' title='bbox 2608 2312 2714 2361; x_wconf 90' lang='lat' dir='ltr'><strong>est.</strong></span> <span class='ocrx_word' id='word_1_346' title='bbox 2751 2308 2898 2362; x_wconf 90' lang='lat' dir='ltr'><strong>Nam</strong></span> <span class='ocrx_word' id='word_1_347' title='bbox 2950 2307 3334 2366; x_wconf 84' lang='lat' dir='ltr'><strong>Hasdrubalis</strong></span> <span class='ocrx_word' id='word_1_348' title='bbox 3367 2328 3534 2378; x_wconf 85' lang='lat' dir='ltr'><strong>uxor,</strong></span> 
     </span>
    </p>
   </div>
   <div class='ocr_carea' id='block_1_54' title="bbox 1872 2393 3538 2463">
    <p class='ocr_par' dir='ltr' id='par_1_54' title="bbox 1872 2393 3538 2463">
     <span class='ocr_line' id='line_1_54' title="bbox 1872 2393 3538 2463; baseline 0.006 -17"><span class='ocrx_word' id='word_1_349' title='bbox 1872 2396 2042 2463; x_wconf 90' lang='lat' dir='ltr'><strong>capta</strong></span> <span class='ocrx_word' id='word_1_350' title='bbox 2071 2398 2127 2448; x_wconf 90' lang='lat' dir='ltr'><strong>et</strong></span> <span class='ocrx_word' id='word_1_351' title='bbox 2152 2393 2394 2450; x_wconf 91' lang='lat' dir='ltr'><strong>incensa</strong></span> <span class='ocrx_word' id='word_1_352' title='bbox 2424 2395 2588 2459; x_wconf 88' lang='lat' dir='ltr'><strong>urbe,</strong></span> <span class='ocrx_word' id='word_1_353' title='bbox 2610 2411 2743 2450; x_wconf 92' lang='lat' dir='ltr'><strong>cum</strong></span> <span class='ocrx_word' id='word_1_354' title='bbox 2777 2412 2838 2450; x_wconf 93' lang='lat' dir='ltr'><strong>se</strong></span> <span class='ocrx_word' id='word_1_355' title='bbox 2879 2401 3138 2452; x_wconf 88' lang='lat' dir='ltr'><strong>cerneret</strong></span> <span class='ocrx_word' id='word_1_356' title='bbox 3171 2415 3205 2452; x_wconf 92' lang='lat' dir='ltr'><strong>a</strong></span> <span class='ocrx_word' id='word_1_357' title='bbox 3255 2399 3538 2456; x_wconf 83' lang='lat' dir='ltr'><strong>Romanis</strong></span> 
     </span>
    </p>
   </div>
   <div class='ocr_carea' id='block_1_55' title="bbox 1873 2481 3537 2559">
    <p class='ocr_par' dir='ltr' id='par_1_55' title="bbox 1873 2481 3537 2559">
     <span class='ocr_line' id='line_1_55' title="bbox 1873 2481 3537 2559; baseline 0.005 -22"><span class='ocrx_word' id='word_1_358' title='bbox 1873 2481 2220 2552; x_wconf 88' lang='lat' dir='ltr'><strong>capiendam</strong></span> <span class='ocrx_word' id='word_1_359' title='bbox 2273 2498 2421 2550; x_wconf 90' lang='lat' dir='ltr'><strong>esse,</strong></span> <span class='ocrx_word' id='word_1_360' title='bbox 2475 2483 2860 2555; x_wconf 88' lang='lat' dir='ltr'><strong>apprehensis</strong></span> <span class='ocrx_word' id='word_1_361' title='bbox 2929 2485 3000 2540; x_wconf 90' lang='lat' dir='ltr'><strong>ab</strong></span> <span class='ocrx_word' id='word_1_362' title='bbox 3056 2490 3304 2559; x_wconf 91' lang='lat' dir='ltr'><strong>utroque</strong></span> <span class='ocrx_word' id='word_1_363' title='bbox 3357 2487 3537 2546; x_wconf 90' lang='lat' dir='ltr'><strong>latere</strong></span> 
     </span>
    </p>
   </div>
   <div class='ocr_carea' id='block_1_56' title="bbox 1875 2571 3538 2644">
    <p class='ocr_par' dir='ltr' id='par_1_56' title="bbox 1875 2571 3538 2644">
     <span class='ocr_line' id='line_1_56' title="bbox 1875 2571 3538 2644; baseline 0.005 -19"><span class='ocrx_word' id='word_1_364' title='bbox 1875 2571 2134 2643; x_wconf 88' lang='lat' dir='ltr'><strong>parvulis</strong></span> <span class='ocrx_word' id='word_1_365' title='bbox 2177 2571 2333 2640; x_wconf 82' lang='lat' dir='ltr'><strong>ﬁliis,</strong></span> <span class='ocrx_word' id='word_1_366' title='bbox 2389 2573 2447 2627; x_wconf 93' lang='lat' dir='ltr'><strong>in</strong></span> <span class='ocrx_word' id='word_1_367' title='bbox 2496 2574 2825 2644; x_wconf 85' lang='lat' dir='ltr'><strong>subjectum</strong></span> <span class='ocrx_word' id='word_1_368' title='bbox 2859 2575 3070 2631; x_wconf 89' lang='lat' dir='ltr'><strong>domus</strong></span> <span class='ocrx_word' id='word_1_369' title='bbox 3101 2592 3218 2631; x_wconf 70' lang='lat' dir='ltr'><strong>suae</strong></span> <span class='ocrx_word' id='word_1_370' title='bbox 3250 2576 3538 2634; x_wconf 89' lang='lat' dir='ltr'><strong>devolavit</strong></span> 
     </span>
    </p>
   </div>
   <div class='ocr_carea' id='block_1_57' title="bbox 1874 2659 2239 2716">
    <p class='ocr_par' dir='ltr' id='par_1_57' title="bbox 1874 2659 2239 2716">
     <span class='ocr_line' id='line_1_57' title="bbox 1874 2659 2239 2716; baseline 0.003 -2"><span class='ocrx_word' id='word_1_371' title='bbox 1874 2659 2239 2716; x_wconf 89' lang='lat' dir='ltr'><strong>incendium.</strong></span> 
     </span>
    </p>
   </div>
   <div class='ocr_carea' id='block_1_58' title="bbox 1948 2749 3538 2829">
    <p class='ocr_par' dir='ltr' id='par_1_58' title="bbox 1948 2749 3538 2829">
     <span class='ocr_line' id='line_1_58' title="bbox 1948 2749 3538 2829; baseline 0.006 -26"><span class='ocrx_word' id='word_1_372' title='bbox 1948 2750 2030 2804; x_wconf 77' lang='grc'><strong>44.</strong></span> <span class='ocrx_word' id='word_1_373' title='bbox 2054 2750 2202 2816; x_wconf 89' lang='lat' dir='ltr'><strong>Quid</strong></span> <span class='ocrx_word' id='word_1_374' title='bbox 2226 2749 2434 2822; x_wconf 89' lang='lat' dir='ltr'><strong>loquar</strong></span> <span class='ocrx_word' id='word_1_375' title='bbox 2450 2751 2700 2808; x_wconf 85' lang='lat' dir='ltr'><strong>Nicerati</strong></span> <span class='ocrx_word' id='word_1_376' title='bbox 2719 2753 3538 2829; x_wconf 72' lang='lat' dir='ltr'><strong>conjugem,quze.impatiens</strong></span> 
     </span>
    </p>
   </div>
   <div class='ocr_carea' id='block_1_59' title="bbox 1874 2838 3539 2919">
    <p class='ocr_par' dir='ltr' id='par_1_59' title="bbox 1874 2838 3539 2919">
     <span class='ocr_line' id='line_1_59' title="bbox 1874 2838 3539 2919; baseline 0.006 -26"><span class='ocrx_word' id='word_1_377' title='bbox 1874 2838 2102 2910; x_wconf 73' lang='lat' dir='ltr'><strong>injuriae</strong></span> <span class='ocrx_word' id='word_1_378' title='bbox 2136 2840 2262 2907; x_wconf 90' lang='lat' dir='ltr'><strong>viri,</strong></span> <span class='ocrx_word' id='word_1_379' title='bbox 2299 2845 2546 2897; x_wconf 90' lang='lat' dir='ltr'><strong>mortem</strong></span> <span class='ocrx_word' id='word_1_380' title='bbox 2579 2841 2691 2897; x_wconf 90' lang='lat' dir='ltr'><strong>sibi</strong></span> <span class='ocrx_word' id='word_1_381' title='bbox 2723 2840 2835 2914; x_wconf 87' lang='lat' dir='ltr'><strong>ipsi</strong></span> <span class='ocrx_word' id='word_1_382' title='bbox 2869 2843 3170 2909; x_wconf 89' lang='lat' dir='ltr'><strong>conscivit,</strong></span> <span class='ocrx_word' id='word_1_383' title='bbox 3198 2861 3271 2901; x_wconf 90' lang='lat' dir='ltr'><strong>ne</strong></span> <span class='ocrx_word' id='word_1_384' title='bbox 3295 2844 3539 2919; x_wconf 87' lang='lat' dir='ltr'><strong>triginta</strong></span> 
     </span>
    </p>
   </div>
   <div class='ocr_carea' id='block_1_60' title="bbox 1874 2931 3534 3008">
    <p class='ocr_par' dir='ltr' id='par_1_60' title="bbox 1874 2931 3534 3008">
     <span class='ocr_line' id='line_1_60' title="bbox 1874 2931 3534 3008; baseline 0.005 -25"><span class='ocrx_word' id='word_1_385' title='bbox 1874 2934 2279 3000; x_wconf 86' lang='lat' dir='ltr'><strong>tyrannorum,</strong></span> <span class='ocrx_word' id='word_1_386' title='bbox 2313 2947 2461 3002; x_wconf 89' lang='lat' dir='ltr'><strong>quos</strong></span> <span class='ocrx_word' id='word_1_387' title='bbox 2502 2931 2798 3004; x_wconf 81' lang='lat' dir='ltr'><strong>Lysander</strong></span> <span class='ocrx_word' id='word_1_388' title='bbox 2849 2931 3012 2987; x_wconf 90' lang='lat' dir='ltr'><strong>victis</strong></span> <span class='ocrx_word' id='word_1_389' title='bbox 3065 2933 3307 2990; x_wconf 79' lang='lat' dir='ltr'><strong>Athenis</strong></span> <span class='ocrx_word' id='word_1_390' title='bbox 3345 2935 3534 3008; x_wconf 89' lang='lat' dir='ltr'><strong>impo-</strong></span> 
     </span>
    </p>
   </div>
   <div class='ocr_carea' id='block_1_61' title="bbox 1876 3018 3536 3095">
    <p class='ocr_par' dir='ltr' id='par_1_61' title="bbox 1876 3018 3536 3095">
     <span class='ocr_line' id='line_1_61' title="bbox 1876 3018 3536 3095; baseline 0.005 -22"><span class='ocrx_word' id='word_1_391' title='bbox 1876 3023 2095 3084; x_wconf 91' lang='lat' dir='ltr'><strong>suerat,</strong></span> <span class='ocrx_word' id='word_1_392' title='bbox 2148 3018 2452 3075; x_wconf 90' lang='lat' dir='ltr'><strong>libidinem</strong></span> <span class='ocrx_word' id='word_1_393' title='bbox 2513 3019 2880 3076; x_wconf 89' lang='lat' dir='ltr'><strong>sustineret?</strong></span> <span class='ocrx_word' id='word_1_394' title='bbox 2928 3022 3245 3077; x_wconf 84' lang='lat' dir='ltr'><strong>Artemisia</strong></span> <span class='ocrx_word' id='word_1_395' title='bbox 3302 3040 3536 3095; x_wconf 88' lang='lat' dir='ltr'><strong>quoque</strong></span> 
     </span>
    </p>
   </div>
   <div class='ocr_carea' id='block_1_62' title="bbox 1879 3107 3538 3182">
    <p class='ocr_par' dir='ltr' id='par_1_62' title="bbox 1879 3107 3538 3182">
     <span class='ocr_line' id='line_1_62' title="bbox 1879 3107 3538 3182; baseline 0.004 -20"><span class='ocrx_word' id='word_1_396' title='bbox 1879 3123 2021 3162; x_wconf 86' lang='lat' dir='ltr'><strong>uxor</strong></span> <span class='ocrx_word' id='word_1_397' title='bbox 2052 3107 2296 3163; x_wconf 89' lang='lat' dir='ltr'><strong>Mausoli</strong></span> <span class='ocrx_word' id='word_1_398' title='bbox 2332 3109 2586 3180; x_wconf 86' lang='lat' dir='ltr'><strong>insignis</strong></span> <span class='ocrx_word' id='word_1_399' title='bbox 2624 3109 2917 3180; x_wconf 63' lang='lat' dir='ltr'><strong>pudicitiae</strong></span> <span class='ocrx_word' id='word_1_400' title='bbox 2973 3109 3153 3166; x_wconf 80' lang='lat' dir='ltr'><strong>fuisse</strong></span> <span class='ocrx_word' id='word_1_401' title='bbox 3197 3111 3538 3182; x_wconf 88' lang='lat' dir='ltr'><strong>perhibetur</strong></span> 
     </span>
    </p>
   </div>
   <div class='ocr_carea' id='block_1_63' title="bbox 1877 3195 3532 3271">
    <p class='ocr_par' dir='ltr' id='par_1_63' title="bbox 1877 3195 3532 3271">
     <span class='ocr_line' id='line_1_63' title="bbox 1877 3195 3532 3271; baseline 0.004 -21"><span class='ocrx_word' id='word_1_402' title='bbox 1877 3195 2011 3259; x_wconf 66' lang='lat' dir='ltr'><strong>Quae</strong></span> <span class='ocrx_word' id='word_1_403' title='bbox 2039 3213 2172 3252; x_wconf 90' lang='lat' dir='ltr'><strong>cum</strong></span> <span class='ocrx_word' id='word_1_404' title='bbox 2204 3201 2360 3254; x_wconf 87' lang='lat' dir='ltr'><strong>esset</strong></span> <span class='ocrx_word' id='word_1_405' title='bbox 2389 3199 2592 3269; x_wconf 88' lang='lat' dir='ltr'><strong>regina</strong></span> <span class='ocrx_word' id='word_1_406' title='bbox 2612 3197 2812 3262; x_wconf 66' lang='lat' dir='ltr'><strong>Cariae,</strong></span> <span class='ocrx_word' id='word_1_407' title='bbox 2836 3202 2893 3253; x_wconf 89' lang='lat' dir='ltr'><strong>et</strong></span> <span class='ocrx_word' id='word_1_408' title='bbox 2917 3197 3199 3254; x_wconf 91' lang='lat' dir='ltr'><strong>nobilium</strong></span> <span class='ocrx_word' id='word_1_409' title='bbox 3229 3205 3532 3271; x_wconf 89' lang='lat' dir='ltr'><strong>poetarum</strong></span> 
     </span>
    </p>
   </div>
   <div class='ocr_carea' id='block_1_64' title="bbox 139 3269 3531 3361">
    <p class='ocr_par' dir='ltr' id='par_1_64' title="bbox 139 3269 3531 3361">
     <span class='ocr_line' id='line_1_64' title="bbox 139 3269 3531 3361; baseline 0.002 -24"><span class='ocrx_word' id='word_1_410' title='bbox 139 3282 226 3338; x_wconf 92' lang='lat' dir='ltr'><strong>cia.</strong></span> <span class='ocrx_word' id='word_1_411' title='bbox 256 3269 614 3360; x_wconf 75' lang='lat' dir='ltr'><strong>Speusippus</strong></span> <span class='ocrx_word' id='word_1_412' title='bbox 659 3304 890 3359; x_wconf 85' lang='lat' dir='ltr'><strong>quoque</strong></span> <span class='ocrx_word' id='word_1_413' title='bbox 937 3289 1155 3344; x_wconf 84' lang='lat' dir='ltr'><strong>sororis</strong></span> <span class='ocrx_word' id='word_1_414' title='bbox 1207 3289 1464 3344; x_wconf 83' lang='lat' dir='ltr'><strong>Platonis</strong></span> <span class='ocrx_word' id='word_1_415' title='bbox 1506 3289 1682 3361; x_wconf 67' lang='lat' dir='ltr'><strong>ﬁlius,</strong></span> <span class='ocrx_word' id='word_1_416' title='bbox 1711 3295 1767 3348; x_wconf 83' lang='lat' dir='ltr'><strong>et,</strong></span> <span class='ocrx_word' id='word_1_417' title='bbox 1795 3269 1838 3336; x_wconf 68' lang='grc' dir='ltr'>Ο</span> <span class='ocrx_word' id='word_1_418' title='bbox 1875 3289 2051 3356; x_wconf 88' lang='lat' dir='ltr'><strong>atque</strong></span> <span class='ocrx_word' id='word_1_419' title='bbox 2081 3285 2494 3341; x_wconf 78' lang='lat' dir='ltr'><strong>historicorum</strong></span> <span class='ocrx_word' id='word_1_420' title='bbox 2528 3285 2803 3342; x_wconf 82' lang='lat' dir='ltr'><strong>laudibus</strong></span> <span class='ocrx_word' id='word_1_421' title='bbox 2837 3287 3202 3358; x_wconf 79' lang='lat' dir='ltr'><strong>praedicetur,</strong></span> <span class='ocrx_word' id='word_1_422' title='bbox 3226 3269 3286 3343; x_wconf 86' lang='lat' dir='ltr'><strong>in</strong></span> <span class='ocrx_word' id='word_1_423' title='bbox 3309 3289 3420 3347; x_wconf 92' lang='lat' dir='ltr'><strong>hoc</strong></span> <span class='ocrx_word' id='word_1_424' title='bbox 3440 3290 3531 3346; x_wconf 91' lang='lat' dir='ltr'><strong>vel</strong></span> 
     </span>
    </p>
   </div>
   <div class='ocr_carea' id='block_1_65' title="bbox 139 3371 1762 3444">
    <p class='ocr_par' dir='ltr' id='par_1_65' title="bbox 139 3371 1762 3444">
     <span class='ocr_line' id='line_1_65' title="bbox 139 3371 1762 3444; baseline 0.006 -18"><span class='ocrx_word' id='word_1_425' title='bbox 139 3371 417 3432; x_wconf 87' lang='lat' dir='ltr'><strong>Clearchus</strong></span> <span class='ocrx_word' id='word_1_426' title='bbox 447 3376 508 3432; x_wconf 90' lang='lat' dir='ltr'><strong>in</strong></span> <span class='ocrx_word' id='word_1_427' title='bbox 541 3375 715 3432; x_wconf 90' lang='lat' dir='ltr'><strong>laude</strong></span> <span class='ocrx_word' id='word_1_428' title='bbox 748 3376 1028 3444; x_wconf 87' lang='lat' dir='ltr'><strong>Platonis,</strong></span> <span class='ocrx_word' id='word_1_429' title='bbox 1078 3380 1135 3432; x_wconf 89' lang='lat' dir='ltr'><strong>et</strong></span> <span class='ocrx_word' id='word_1_430' title='bbox 1176 3377 1552 3434; x_wconf 77' lang='lat' dir='ltr'><strong>Anaxilides6</strong></span> <span class='ocrx_word' id='word_1_431' title='bbox 1584 3379 1643 3434; x_wconf 92' lang='lat' dir='ltr'><strong>in</strong></span> <span class='ocrx_word' id='word_1_432' title='bbox 1673 3397 1762 3436; x_wconf 88' lang='lat' dir='ltr'><strong>se-</strong></span> 
     </span>
    </p>
   </div>
   <div class='ocr_carea' id='block_1_66' title="bbox 141 3464 1756 3539">
    <p class='ocr_par' dir='ltr' id='par_1_66' title="bbox 141 3464 1756 3539">
     <span class='ocr_line' id='line_1_66' title="bbox 141 3464 1756 3539; baseline 0.006 -23"><span class='ocrx_word' id='word_1_433' title='bbox 141 3469 301 3520; x_wconf 89' lang='lat' dir='ltr'><strong>cundo</strong></span> <span class='ocrx_word' id='word_1_434' title='bbox 328 3464 474 3522; x_wconf 88' lang='lat' dir='ltr'><strong>libro</strong></span> <span class='ocrx_word' id='word_1_435' title='bbox 508 3465 914 3539; x_wconf 71' lang='lat' dir='ltr'><strong>philosophiae,</strong></span> <span class='ocrx_word' id='word_1_436' title='bbox 950 3466 1329 3522; x_wconf 88' lang='lat' dir='ltr'><strong>Pcrictionem</strong></span> <span class='ocrx_word' id='word_1_437' title='bbox 1364 3472 1608 3523; x_wconf 89' lang='lat' dir='ltr'><strong>matrem</strong></span> <span class='ocrx_word' id='word_1_438' title='bbox 1641 3469 1756 3526; x_wconf 89' lang='lat' dir='ltr'><strong>Pla-</strong></span> 
     </span>
    </p>
   </div>
   <div class='ocr_carea' id='block_1_67' title="bbox 139 3553 1764 3628">
    <p class='ocr_par' dir='ltr' id='par_1_67' title="bbox 139 3553 1764 3628">
     <span class='ocr_line' id='line_1_67' title="bbox 139 3553 1764 3628; baseline 0.006 -24"><span class='ocrx_word' id='word_1_439' title='bbox 139 3553 286 3623; x_wconf 89' lang='lat' dir='ltr'><strong>tonis,</strong></span> <span class='ocrx_word' id='word_1_440' title='bbox 317 3555 732 3626; x_wconf 90' lang='lat' dir='ltr'><strong>phantasmate</strong></span> <span class='ocrx_word' id='word_1_441' title='bbox 761 3553 1049 3628; x_wconf 80' lang='lat' dir='ltr'><strong>Apollinis</strong></span> <span class='ocrx_word' id='word_1_442' title='bbox 1083 3571 1425 3628; x_wconf 87' lang='lat' dir='ltr'><strong>oppressam</strong></span> <span class='ocrx_word' id='word_1_443' title='bbox 1460 3558 1672 3624; x_wconf 80' lang='lat' dir='ltr'><strong>ferunt,</strong></span> <span class='ocrx_word' id='word_1_444' title='bbox 1706 3563 1764 3615; x_wconf 90' lang='lat' dir='ltr'><strong>et</strong></span> 
     </span>
    </p>
   </div>
   <div class='ocr_carea' id='block_1_68' title="bbox 140 3640 1762 3718">
    <p class='ocr_par' dir='ltr' id='par_1_68' title="bbox 140 3640 1762 3718">
     <span class='ocr_line' id='line_1_68' title="bbox 140 3640 1762 3718; baseline 0.007 -25"><span class='ocrx_word' id='word_1_445' title='bbox 140 3640 400 3712; x_wconf 67' lang='lat' dir='ltr'><strong>sapientiae</strong></span> <span class='ocrx_word' id='word_1_446' title='bbox 435 3644 760 3718; x_wconf 90' lang='lat' dir='ltr'><strong>principem</strong></span> <span class='ocrx_word' id='word_1_447' title='bbox 794 3661 910 3700; x_wconf 93' lang='lat' dir='ltr'><strong>non</strong></span> <span class='ocrx_word' id='word_1_448' title='bbox 941 3644 1110 3700; x_wconf 90' lang='lat' dir='ltr'><strong>aliter</strong></span> <span class='ocrx_word' id='word_1_449' title='bbox 1139 3645 1519 3712; x_wconf 89' lang='lat' dir='ltr'><strong>arbitrantur,</strong></span> <span class='ocrx_word' id='word_1_450' title='bbox 1555 3649 1667 3704; x_wconf 91' lang='lat' dir='ltr'><strong>nisi</strong></span> <span class='ocrx_word' id='word_1_451' title='bbox 1691 3649 1762 3705; x_wconf 91' lang='lat' dir='ltr'><strong>de</strong></span> 
     </span>
    </p>
   </div>
   <div class='ocr_carea' id='block_1_69' title="bbox 139 3733 1762 3811">
    <p class='ocr_par' dir='ltr' id='par_1_69' title="bbox 139 3733 1762 3811">
     <span class='ocr_line' id='line_1_69' title="bbox 139 3733 1762 3811; baseline 0.007 -28"><span class='ocrx_word' id='word_1_452' title='bbox 139 3735 281 3799; x_wconf 88' lang='lat' dir='ltr'><strong>partu</strong></span> <span class='ocrx_word' id='word_1_453' title='bbox 312 3733 554 3806; x_wconf 88' lang='lat' dir='ltr'><strong>virginis</strong></span> <span class='ocrx_word' id='word_1_454' title='bbox 584 3733 830 3791; x_wconf 91' lang='lat' dir='ltr'><strong>editum.</strong></span> <span class='ocrx_word' id='word_1_455' title='bbox 865 3735 974 3790; x_wconf 86' lang='lat' dir='ltr'><strong>Sed</strong></span> <span class='ocrx_word' id='word_1_456' title='bbox 1023 3739 1080 3790; x_wconf 91' lang='lat' dir='ltr'><strong>et</strong></span> <span class='ocrx_word' id='word_1_457' title='bbox 1122 3735 1378 3790; x_wconf 67' lang='lat' dir='ltr'><strong>Timaeus</strong></span> <span class='ocrx_word' id='word_1_458' title='bbox 1419 3736 1626 3793; x_wconf 89' lang='lat' dir='ltr'><strong>scribit</strong></span> <span class='ocrx_word' id='word_1_459' title='bbox 1655 3737 1762 3811; x_wconf 90' lang='lat' dir='ltr'><strong>Py-</strong></span> 
     </span>
    </p>
   </div>
   <div class='ocr_carea' id='block_1_70' title="bbox 139 3817 1756 3899">
    <p class='ocr_par' dir='ltr' id='par_1_70' title="bbox 139 3817 1756 3899">
     <span class='ocr_line' id='line_1_70' title="bbox 139 3817 1756 3899; baseline 0.007 -27"><span class='ocrx_word' id='word_1_460' title='bbox 139 3817 356 3890; x_wconf 74' lang='lat' dir='ltr'><strong>thagora:</strong></span> <span class='ocrx_word' id='word_1_461' title='bbox 385 3824 674 3896; x_wconf 85' lang='lat' dir='ltr'><strong>virginem</strong></span> <span class='ocrx_word' id='word_1_462' title='bbox 709 3823 888 3879; x_wconf 81' lang='lat' dir='ltr'><strong>tiliam</strong></span> <span class='ocrx_word' id='word_1_463' title='bbox 918 3823 1097 3879; x_wconf 89' lang='lat' dir='ltr'><strong>choro</strong></span> <span class='ocrx_word' id='word_1_464' title='bbox 1117 3824 1413 3895; x_wconf 87' lang='lat' dir='ltr'><strong>virginum</strong></span> <span class='ocrx_word' id='word_1_465' title='bbox 1439 3827 1756 3899; x_wconf 69' lang='lat' dir='ltr'><strong>praefuisse,</strong></span> 
     </span>
    </p>
   </div>
   <div class='ocr_carea' id='block_1_71' title="bbox 140 3911 1760 3974">
    <p class='ocr_par' dir='ltr' id='par_1_71' title="bbox 140 3911 1760 3974">
     <span class='ocr_line' id='line_1_71' title="bbox 140 3911 1760 3974; baseline 0.007 -13"><span class='ocrx_word' id='word_1_466' title='bbox 140 3911 185 3962; x_wconf 89' lang='lat' dir='ltr'><strong>et</strong></span> <span class='ocrx_word' id='word_1_467' title='bbox 207 3911 473 3968; x_wconf 79' lang='lat' dir='ltr'><strong>castitatis</strong></span> <span class='ocrx_word' id='word_1_468' title='bbox 504 3929 606 3968; x_wconf 91' lang='lat' dir='ltr'><strong>eas</strong></span> <span class='ocrx_word' id='word_1_469' title='bbox 638 3912 963 3968; x_wconf 88' lang='lat' dir='ltr'><strong>instituisse</strong></span> <span class='ocrx_word' id='word_1_470' title='bbox 993 3913 1298 3968; x_wconf 90' lang='lat' dir='ltr'><strong>doctrinis.</strong></span> <span class='ocrx_word' id='word_1_471' title='bbox 1346 3914 1630 3972; x_wconf 89' lang='lat' dir='ltr'><strong>Diodorus</strong></span> <span class='ocrx_word' id='word_1_472' title='bbox 1661 3917 1760 3974; x_wconf 87' lang='lat' dir='ltr'><strong>So-</strong></span> 
     </span>
    </p>
   </div>
   <div class='ocr_carea' id='block_1_72' title="bbox 141 3997 1760 4077">
    <p class='ocr_par' dir='ltr' id='par_1_72' title="bbox 141 3997 1760 4077">
     <span class='ocr_line' id='line_1_72' title="bbox 141 3997 1760 4077; baseline 0.007 -26"><span class='ocrx_word' id='word_1_473' title='bbox 141 3997 358 4056; x_wconf 90' lang='lat' dir='ltr'><strong>craticus</strong></span> <span class='ocrx_word' id='word_1_474' title='bbox 386 4003 652 4074; x_wconf 90' lang='lat' dir='ltr'><strong>quinque</strong></span> <span class='ocrx_word' id='word_1_475' title='bbox 681 4002 832 4058; x_wconf 85' lang='lat' dir='ltr'><strong>ﬁlias</strong></span> <span class='ocrx_word' id='word_1_476' title='bbox 853 4003 870 4037; x_wconf 85' lang='grc'>⁷</span> <span class='ocrx_word' id='word_1_477' title='bbox 903 4001 1240 4058; x_wconf 88' lang='lat' dir='ltr'><strong>Dialecticas</strong></span> <span class='ocrx_word' id='word_1_478' title='bbox 1266 4003 1516 4075; x_wconf 88' lang='lat' dir='ltr'><strong>insignis</strong></span> <span class='ocrx_word' id='word_1_479' title='bbox 1539 4005 1760 4077; x_wconf 89' lang='lat' dir='ltr'><strong>pudici-</strong></span> 
     </span>
    </p>
   </div>
   <div class='ocr_carea' id='block_1_73' title="bbox 139 4083 1757 4164">
    <p class='ocr_par' dir='ltr' id='par_1_73' title="bbox 139 4083 1757 4164">
     <span class='ocr_line' id='line_1_73' title="bbox 139 4083 1757 4164; baseline 0.009 -27"><span class='ocrx_word' id='word_1_480' title='bbox 139 4083 215 4140; x_wconf 68' lang='lat' dir='ltr'><strong>tia</strong></span> <span class='ocrx_word' id='word_1_481' title='bbox 241 4086 507 4148; x_wconf 81' lang='lat' dir='ltr'><strong>habuisse</strong></span> <span class='ocrx_word' id='word_1_482' title='bbox 540 4095 831 4157; x_wconf 89' lang='lat' dir='ltr'><strong>narratur,</strong></span> <span class='ocrx_word' id='word_1_483' title='bbox 850 4092 920 4148; x_wconf 90' lang='lat' dir='ltr'><strong>de</strong></span> <span class='ocrx_word' id='word_1_484' title='bbox 943 4090 1156 4164; x_wconf 90' lang='lat' dir='ltr'><strong>quibus</strong></span> <span class='ocrx_word' id='word_1_485' title='bbox 1177 4095 1234 4147; x_wconf 91' lang='lat' dir='ltr'><strong>et</strong></span> <span class='ocrx_word' id='word_1_486' title='bbox 1256 4091 1417 4148; x_wconf 90' lang='lat' dir='ltr'><strong>Philo</strong></span> <span class='ocrx_word' id='word_1_487' title='bbox 1444 4093 1757 4152; x_wconf 88' lang='lat' dir='ltr'><strong>Carneadis</strong></span> 
     </span>
    </p>
   </div>
   <div class='ocr_carea' id='block_1_74' title="bbox 191 4209 1756 4285">
    <p class='ocr_par' dir='ltr' id='par_1_74' title="bbox 191 4209 1756 4285">
     <span class='ocr_line' id='line_1_74' title="bbox 191 4209 1756 4285; baseline 0.006 -21"><span class='ocrx_word' id='word_1_488' title='bbox 191 4209 357 4285; x_wconf 65' lang='lat' dir='ltr'><strong>‘Vide</strong></span> <span class='ocrx_word' id='word_1_489' title='bbox 386 4213 443 4268; x_wconf 90' lang='lat' dir='ltr'><strong>in</strong></span> <span class='ocrx_word' id='word_1_490' title='bbox 476 4214 640 4270; x_wconf 74' lang='lat' dir='ltr'><strong>Jonze</strong></span> <span class='ocrx_word' id='word_1_491' title='bbox 672 4231 721 4270; x_wconf 91' lang='lat' dir='ltr'><strong>c.</strong></span> <span class='ocrx_word' id='word_1_492' title='bbox 756 4233 768 4270; x_wconf 96' lang='lat' dir='ltr'>l</span> <span class='ocrx_word' id='word_1_493' title='bbox 797 4231 808 4270; x_wconf 92' lang='lat'>:</span> <span class='ocrx_word' id='word_1_494' title='bbox 843 4238 871 4264; x_wconf 81' lang='grc'><strong>‹‹</strong></span> <span class='ocrx_word' id='word_1_495' title='bbox 905 4215 1068 4270; x_wconf 90' lang='lat' dir='ltr'><strong>Unde</strong></span> <span class='ocrx_word' id='word_1_496' title='bbox 1089 4219 1144 4269; x_wconf 89' lang='lat' dir='ltr'><strong>et</strong></span> <span class='ocrx_word' id='word_1_497' title='bbox 1165 4213 1223 4269; x_wconf 91' lang='lat' dir='ltr'><strong>in</strong></span> <span class='ocrx_word' id='word_1_498' title='bbox 1247 4215 1756 4285; x_wconf 89' lang='lat' dir='ltr'><strong>persecutiouibus</strong></span> 
     </span>
    </p>
   </div>
   <div class='ocr_carea' id='block_1_75' title="bbox 134 4284 1752 4358">
    <p class='ocr_par' dir='ltr' id='par_1_75' title="bbox 134 4284 1752 4358">
     <span class='ocr_line' id='line_1_75' title="bbox 134 4284 1752 4358; baseline 0.006 -24"><span class='ocrx_word' id='word_1_499' title='bbox 134 4293 228 4358; x_wconf 78' lang='lat' dir='ltr'><strong>non</strong></span> <span class='ocrx_word' id='word_1_500' title='bbox 259 4284 387 4358; x_wconf 80' lang='lat' dir='ltr'><strong>licet</strong></span> <span class='ocrx_word' id='word_1_501' title='bbox 409 4285 646 4358; x_wconf 87' lang='lat' dir='ltr'><strong>propria</strong></span> <span class='ocrx_word' id='word_1_502' title='bbox 675 4287 862 4358; x_wconf 91' lang='lat' dir='ltr'><strong>perire</strong></span> <span class='ocrx_word' id='word_1_503' title='bbox 897 4304 1096 4354; x_wconf 89' lang='lat' dir='ltr'><strong>manu,</strong></span> <span class='ocrx_word' id='word_1_504' title='bbox 1129 4284 1352 4358; x_wconf 83' lang='lat' dir='ltr'><strong>absque</strong></span> <span class='ocrx_word' id='word_1_505' title='bbox 1375 4305 1440 4343; x_wconf 91' lang='lat' dir='ltr'><strong>eo</strong></span> <span class='ocrx_word' id='word_1_506' title='bbox 1465 4288 1562 4343; x_wconf 93' lang='lat' dir='ltr'><strong>ubi</strong></span> <span class='ocrx_word' id='word_1_507' title='bbox 1585 4290 1752 4346; x_wconf 84' lang='lat' dir='ltr'><strong>casti-</strong></span> 
     </span>
    </p>
   </div>
   <div class='ocr_carea' id='block_1_76' title="bbox 134 4353 672 4413">
    <p class='ocr_par' dir='ltr' id='par_1_76' title="bbox 134 4353 672 4413">
     <span class='ocr_line' id='line_1_76' title="bbox 134 4353 672 4413; baseline 0.015 -10"><span class='ocrx_word' id='word_1_508' title='bbox 134 4353 206 4405; x_wconf 86' lang='lat' dir='ltr'><strong>tas</strong></span> <span class='ocrx_word' id='word_1_509' title='bbox 231 4353 605 4413; x_wconf 45' lang='lat' dir='ltr'><strong>pericli—tatur.</strong></span> <span class='ocrx_word' id='word_1_510' title='bbox 644 4379 672 4406; x_wconf 83' lang='lat'>»</span> 
     </span>
    </p>
   </div>
   <div class='ocr_carea' id='block_1_77' title="bbox 187 4423 1752 4502">
    <p class='ocr_par' dir='ltr' id='par_1_77' title="bbox 187 4423 1752 4502">
     <span class='ocr_line' id='line_1_77' title="bbox 187 4423 1752 4502; baseline 0.006 -23"><span class='ocrx_word' id='word_1_511' title='bbox 187 4423 502 4502; x_wconf 49' lang='lat' dir='ltr'><strong>{Vetustas</strong></span> <span class='ocrx_word' id='word_1_512' title='bbox 551 4430 731 4484; x_wconf 84' lang='lat' dir='ltr'><strong>codex</strong></span> <span class='ocrx_word' id='word_1_513' title='bbox 785 4430 941 4502; x_wconf 89' lang='lat' dir='ltr'><strong>apud</strong></span> <span class='ocrx_word' id='word_1_514' title='bbox 1005 4429 1280 4486; x_wconf 88' lang='lat' dir='ltr'><strong>Gravium</strong></span> <span class='ocrx_word' id='word_1_515' title='bbox 1333 4447 1433 4502; x_wconf 93' lang='lat' dir='ltr'><strong>pro</strong></span> <span class='ocrx_word' id='word_1_516' title='bbox 1481 4439 1532 4487; x_wconf 83' lang='lat' dir='ltr'><strong>et</strong></span> <span class='ocrx_word' id='word_1_517' title='bbox 1579 4433 1752 4489; x_wconf 86' lang='lat' dir='ltr'><strong>aliam</strong></span> 
     </span>
    </p>
   </div>
   <div class='ocr_carea' id='block_1_78' title="bbox 136 4488 617 4559">
    <p class='ocr_par' dir='ltr' id='par_1_78' title="bbox 136 4488 617 4559">
     <span class='ocr_line' id='line_1_78' title="bbox 136 4488 617 4559; baseline 0.021 -13"><span class='ocrx_word' id='word_1_518' title='bbox 136 4488 280 4552; x_wconf 85' lang='lat' dir='ltr'><strong>habet</strong></span> <span class='ocrx_word' id='word_1_519' title='bbox 304 4502 617 4559; x_wconf 65' lang='lat' dir='ltr'><strong>Ethaliam.</strong></span> 
     </span>
    </p>
   </div>
   <div class='ocr_carea' id='block_1_79' title="bbox 186 4565 1749 4645">
    <p class='ocr_par' dir='ltr' id='par_1_79' title="bbox 186 4565 1749 4645">
     <span class='ocr_line' id='line_1_79' title="bbox 186 4565 1749 4645; baseline 0.006 -23"><span class='ocrx_word' id='word_1_520' title='bbox 186 4565 414 4627; x_wconf 70' lang='lat' dir='ltr'><strong>3l-‘erme</strong></span> <span class='ocrx_word' id='word_1_521' title='bbox 453 4571 782 4645; x_wconf 88' lang='lat' dir='ltr'><strong>elegantius</strong></span> <span class='ocrx_word' id='word_1_522' title='bbox 836 4572 1055 4628; x_wconf 89' lang='lat' dir='ltr'><strong>habent</strong></span> <span class='ocrx_word' id='word_1_523' title='bbox 1101 4589 1250 4630; x_wconf 86' lang='lat' dir='ltr'><strong>mss.</strong></span> <span class='ocrx_word' id='word_1_524' title='bbox 1308 4574 1489 4629; x_wconf 83' lang='lat' dir='ltr'><strong>nostri</strong></span> <span class='ocrx_word' id='word_1_525' title='bbox 1542 4591 1749 4632; x_wconf 90' lang='lat' dir='ltr'><strong>omnes</strong></span> 
     </span>
    </p>
   </div>
   <div class='ocr_carea' id='block_1_80' title="bbox 131 4640 1754 4719">
    <p class='ocr_par' dir='ltr' id='par_1_80' title="bbox 131 4640 1745 4719">
     <span class='ocr_line' id='line_1_80' title="bbox 131 4640 1745 4719; baseline 0.006 -25"><span class='ocrx_word' id='word_1_526' title='bbox 131 4648 240 4719; x_wconf 47' lang='lat' dir='ltr'><strong>clum</strong></span> <span class='ocrx_word' id='word_1_527' title='bbox 265 4644 430 4700; x_wconf 87' lang='lat' dir='ltr'><strong>veteri</strong></span> <span class='ocrx_word' id='word_1_528' title='bbox 462 4640 718 4701; x_wconf 80' lang='lat' dir='ltr'><strong>editione</strong></span> <span class='ocrx_word' id='word_1_529' title='bbox 743 4645 1084 4714; x_wconf 80' lang='lat' dir='ltr'><strong>interfecisse</strong></span> <span class='ocrx_word' id='word_1_530' title='bbox 1112 4662 1236 4700; x_wconf 85' lang='lat' dir='ltr'><strong>eum</strong></span> <span class='ocrx_word' id='word_1_531' title='bbox 1262 4647 1465 4715; x_wconf 81' lang='lat' dir='ltr'><strong>gaudio</strong></span> <span class='ocrx_word' id='word_1_532' title='bbox 1497 4663 1600 4718; x_wconf 92' lang='lat' dir='ltr'><strong>pro</strong></span> <span class='ocrx_word' id='word_1_533' title='bbox 1627 4650 1745 4719; x_wconf 85' lang='lat' dir='ltr'><strong>gla-</strong></span> 
     </span>
    </p>
   </div>
   <div class='ocr_carea' id='block_1_81' title="bbox 1928 4640 2461 4719">
    <p class='ocr_par' dir='ltr' id='par_1_81' title="bbox 1928 4640 2461 4719">
     <span class='ocr_line' id='line_1_81' title="bbox 1928 4640 2461 4719; baseline 0.004 -24"><span class='ocrx_word' id='word_1_534' title='bbox 1928 4642 2205 4719; x_wconf 58' lang='grc' dir='ltr'><strong>ιρατίθεῖιχι</strong></span> <span class='ocrx_word' id='word_1_535' title='bbox 2259 4640 2387 4696; x_wconf 65' lang='grc' dir='ltr'>τάδε</span> <span class='ocrx_word' id='word_1_536' title='bbox 2420 4661 2461 4719; x_wconf 83' lang='lat'><strong>_&#39;</strong></span> 
     </span>
    </p>
   </div>
   <div class='ocr_carea' id='block_1_82' title="bbox 135 4707 223 4764">
    <p class='ocr_par' dir='ltr' id='par_1_82' title="bbox 135 4707 223 4764">
     <span class='ocr_line' id='line_1_82' title="bbox 135 4707 223 4764; baseline 0.057 -5"><span class='ocrx_word' id='word_1_537' title='bbox 135 4707 223 4764; x_wconf 86' lang='lat' dir='ltr'><strong>dio.</strong></span> 
     </span>
    </p>
   </div>
   <div class='ocr_carea' id='block_1_83' title="bbox 188 4782 1751 4860">
    <p class='ocr_par' dir='ltr' id='par_1_83' title="bbox 188 4782 1751 4860">
     <span class='ocr_line' id='line_1_83' title="bbox 188 4782 1751 4860; baseline 0.005 -22"><span class='ocrx_word' id='word_1_538' title='bbox 188 4782 353 4860; x_wconf 29' lang='lat' dir='ltr'><strong>‘_8‘unt</strong></span> <span class='ocrx_word' id='word_1_539' title='bbox 381 4788 480 4860; x_wconf 90' lang='lat' dir='ltr'><strong>qui</strong></span> <span class='ocrx_word' id='word_1_540' title='bbox 513 4787 693 4843; x_wconf 90' lang='lat' dir='ltr'><strong>velint</strong></span> <span class='ocrx_word' id='word_1_541' title='bbox 739 4787 896 4843; x_wconf 92' lang='lat' dir='ltr'><strong>hunc</strong></span> <span class='ocrx_word' id='word_1_542' title='bbox 943 4804 1118 4860; x_wconf 88' lang='lat' dir='ltr'><strong>quem</strong></span> <span class='ocrx_word' id='word_1_543' title='bbox 1169 4792 1456 4844; x_wconf 91' lang='lat' dir='ltr'><strong>memorat</strong></span> <span class='ocrx_word' id='word_1_544' title='bbox 1487 4789 1545 4843; x_wconf 91' lang='lat' dir='ltr'><strong>S.</strong></span> <span class='ocrx_word' id='word_1_545' title='bbox 1579 4789 1751 4846; x_wconf 89' lang='lat' dir='ltr'><strong>Pater</strong></span> 
     </span>
    </p>
   </div>
   <div class='ocr_carea' id='block_1_84' title="bbox 134 4848 1748 4932">
    <p class='ocr_par' dir='ltr' id='par_1_84' title="bbox 134 4848 1748 4932">
     <span class='ocr_line' id='line_1_84' title="bbox 134 4848 1748 4932; baseline 0.007 -26"><span class='ocrx_word' id='word_1_546' title='bbox 134 4848 370 4931; x_wconf 64' lang='lat' dir='ltr'><strong>Baddam,</strong></span> <span class='ocrx_word' id='word_1_547' title='bbox 400 4848 487 4916; x_wconf 73' lang='lat' dir='ltr'><strong>vel</strong></span> <span class='ocrx_word' id='word_1_548' title='bbox 520 4861 758 4923; x_wconf 81' lang='lat' dir='ltr'><strong>Bultam,</strong></span> <span class='ocrx_word' id='word_1_549' title='bbox 788 4848 1058 4932; x_wconf 73' lang='lat' dir='ltr'><strong>eumdem</strong></span> <span class='ocrx_word' id='word_1_550' title='bbox 1085 4875 1220 4932; x_wconf 85' lang='lat' dir='ltr'><strong>esse</strong></span> <span class='ocrx_word' id='word_1_551' title='bbox 1273 4877 1407 4915; x_wconf 91' lang='lat' dir='ltr'><strong>cum</strong></span> <span class='ocrx_word' id='word_1_552' title='bbox 1458 4861 1748 4932; x_wconf 88' lang='lat' dir='ltr'><strong>antiquis-</strong></span> 
     </span>
    </p>
   </div>
   <div class='ocr_carea' id='block_1_85' title="bbox 135 4930 1749 5001">
    <p class='ocr_par' dir='ltr' id='par_1_85' title="bbox 135 4930 1749 5001">
     <span class='ocr_line' id='line_1_85' title="bbox 135 4930 1749 5001; baseline 0.006 -21"><span class='ocrx_word' id='word_1_553' title='bbox 135 4930 256 4982; x_wconf 74' lang='lat' dir='ltr'><strong>stmo</strong></span> <span class='ocrx_word' id='word_1_554' title='bbox 276 4931 436 5001; x_wconf 83' lang='lat' dir='ltr'><strong>cujus</strong></span> <span class='ocrx_word' id='word_1_555' title='bbox 461 4932 730 4988; x_wconf 88' lang='lat' dir='ltr'><strong>meminit</strong></span> <span class='ocrx_word' id='word_1_556' title='bbox 750 4930 1014 4988; x_wconf 86' lang='lat' dir='ltr'><strong>Clemens</strong></span> <span class='ocrx_word' id='word_1_557' title='bbox 1030 4930 1749 4998; x_wconf 81' lang='lat' dir='ltr'><strong>Alexandrinus,Samma-</strong></span> 
     </span>
    </p>
   </div>
   <div class='ocr_carea' id='block_1_86' title="bbox 135 5003 1746 5087">
    <p class='ocr_par' dir='ltr' id='par_1_86' title="bbox 135 5003 1746 5087">
     <span class='ocr_line' id='line_1_86' title="bbox 135 5003 1746 5087; baseline 0.006 -36"><span class='ocrx_word' id='word_1_558' title='bbox 135 5007 356 5087; x_wconf 47' lang='lat' dir='ltr'><strong>meorum</strong></span> <span class='ocrx_word' id='word_1_559' title='bbox 385 5008 440 5085; x_wconf 75' lang='lat' dir='ltr'><strong>et</strong></span> <span class='ocrx_word' id='word_1_560' title='bbox 467 5003 1097 5087; x_wconf 44' lang='lat' dir='ltr'><strong>Cymnosophistarum.</strong></span> <span class='ocrx_word' id='word_1_561' title='bbox 1123 5004 1403 5077; x_wconf 89' lang='lat' dir='ltr'><strong>principe.</strong></span> <span class='ocrx_word' id='word_1_562' title='bbox 1438 5010 1746 5087; x_wconf 66' lang='lat' dir='ltr'><strong>Atuatum</strong></span> 
     </span>
    </p>
   </div>
   <div class='ocr_carea' id='block_1_87' title="bbox 136 5063 1747 5148">
    <p class='ocr_par' dir='ltr' id='par_1_87' title="bbox 136 5063 1747 5148">
     <span class='ocr_line' id='line_1_87' title="bbox 136 5063 1747 5148; baseline 0.01 -31"><span class='ocrx_word' id='word_1_563' title='bbox 136 5063 270 5126; x_wconf 88' lang='lat' dir='ltr'><strong>illum</strong></span> <span class='ocrx_word' id='word_1_564' title='bbox 297 5090 361 5148; x_wconf 74' lang='lat' dir='ltr'><strong>ex</strong></span> <span class='ocrx_word' id='word_1_565' title='bbox 389 5063 633 5148; x_wconf 77' lang='lat' dir='ltr'><strong>virgine,</strong></span> <span class='ocrx_word' id='word_1_566' title='bbox 684 5063 799 5131; x_wconf 74' lang='grc' dir='ltr'><strong>τιοῇ</strong></span> <span class='ocrx_word' id='word_1_567' title='bbox 847 5075 992 5130; x_wconf 86' lang='lat' dir='ltr'><strong>dixit</strong></span> <span class='ocrx_word' id='word_1_568' title='bbox 1039 5063 1344 5148; x_wconf 48' lang='lat' dir='ltr'><strong>Clemens‘;</strong></span> <span class='ocrx_word' id='word_1_569' title='bbox 1397 5077 1550 5148; x_wconf 91' lang='lat' dir='ltr'><strong>quod</strong></span> <span class='ocrx_word' id='word_1_570' title='bbox 1591 5083 1747 5133; x_wconf 91' lang='lat' dir='ltr'><strong>certe</strong></span> 
     </span>
    </p>
   </div>
   <div class='ocr_carea' id='block_1_88' title="bbox 137 5146 1746 5217">
    <p class='ocr_par' dir='ltr' id='par_1_88' title="bbox 137 5146 1746 5217">
     <span class='ocr_line' id='line_1_88' title="bbox 137 5146 1746 5217; baseline 0.007 -23"><span class='ocrx_word' id='word_1_571' title='bbox 137 5151 226 5217; x_wconf 59' lang='lat' dir='ltr'><strong>non</strong></span> <span class='ocrx_word' id='word_1_572' title='bbox 254 5146 590 5213; x_wconf 75' lang='lat' dir='ltr'><strong>reticuisset,</strong></span> <span class='ocrx_word' id='word_1_573' title='bbox 623 5148 672 5203; x_wconf 92' lang='lat' dir='ltr'><strong>si</strong></span> <span class='ocrx_word' id='word_1_574' title='bbox 703 5148 992 5217; x_wconf 86' lang='lat' dir='ltr'><strong>ejusmodi</strong></span> <span class='ocrx_word' id='word_1_575' title='bbox 1021 5148 1093 5203; x_wconf 88' lang='lat' dir='ltr'><strong>de</strong></span> <span class='ocrx_word' id='word_1_576' title='bbox 1124 5147 1222 5203; x_wconf 92' lang='lat' dir='ltr'><strong>illo</strong></span> <span class='ocrx_word' id='word_1_577' title='bbox 1264 5146 1462 5202; x_wconf 80' lang='lat' dir='ltr'><strong>fabula</strong></span> <span class='ocrx_word' id='word_1_578' title='bbox 1491 5149 1746 5205; x_wconf 89' lang='lat' dir='ltr'><strong>tradere-</strong></span> 
     </span>
    </p>
   </div>
   <div class='ocr_carea' id='block_1_89' title="bbox 136 5210 1748 5294">
    <p class='ocr_par' dir='ltr' id='par_1_89' title="bbox 136 5210 1748 5294">
     <span class='ocr_line' id='line_1_89' title="bbox 136 5210 1748 5294; baseline 0.004 -24"><span class='ocrx_word' id='word_1_579' title='bbox 136 5210 408 5294; x_wconf 36' lang='lat' dir='ltr'><strong>E‘lilrzquam</strong></span> <span class='ocrx_word' id='word_1_580' title='bbox 429 5210 669 5276; x_wconf 89' lang='lat' dir='ltr'><strong>omnino</strong></span> <span class='ocrx_word' id='word_1_581' title='bbox 686 5210 944 5294; x_wconf 22' lang='lat' dir='ltr'><strong>a&#39;B‘udda</strong></span> <span class='ocrx_word' id='word_1_582' title='bbox 964 5219 1282 5276; x_wconf 64' lang='lat' dir='ltr'><strong>Manichaee</strong></span> <span class='ocrx_word' id='word_1_583' title='bbox 1304 5219 1590 5276; x_wconf 83' lang='lat' dir='ltr'><strong>invectam</strong></span> <span class='ocrx_word' id='word_1_584' title='bbox 1614 5226 1748 5293; x_wconf 89' lang='lat' dir='ltr'><strong>post</strong></span> 
     </span>
    </p>
   </div>
   <div class='ocr_carea' id='block_1_90' title="bbox 137 5279 1058 5364">
    <p class='ocr_par' dir='ltr' id='par_1_90' title="bbox 137 5279 1058 5364">
     <span class='ocr_line' id='line_1_90' title="bbox 137 5279 1058 5364; baseline 0.014 -32"><span class='ocrx_word' id='word_1_585' title='bbox 137 5279 312 5364; x_wconf 61' lang='lat' dir='ltr'><strong>Christi</strong></span> <span class='ocrx_word' id='word_1_586' title='bbox 341 5294 600 5364; x_wconf 90' lang='lat' dir='ltr'><strong>tempora</strong></span> <span class='ocrx_word' id='word_1_587' title='bbox 628 5291 1058 5348; x_wconf 84' lang='lat' dir='ltr'><strong>existimamus.</strong></span> 
     </span>
    </p>
   </div>
   <div class='ocr_carea' id='block_1_91' title="bbox 191 5353 1745 5435">
    <p class='ocr_par' dir='ltr' id='par_1_91' title="bbox 191 5353 1745 5435">
     <span class='ocr_line' id='line_1_91' title="bbox 191 5353 1745 5435; baseline 0.004 -22"><span class='ocrx_word' id='word_1_588' title='bbox 191 5353 564 5435; x_wconf 74' lang='lat' dir='ltr'><strong>‘_Veronerisis</strong></span> <span class='ocrx_word' id='word_1_589' title='bbox 596 5364 783 5435; x_wconf 90' lang='lat' dir='ltr'><strong>prima</strong></span> <span class='ocrx_word' id='word_1_590' title='bbox 814 5380 992 5419; x_wconf 88' lang='lat' dir='ltr'><strong>manu</strong></span> <span class='ocrx_word' id='word_1_591' title='bbox 1021 5363 1088 5418; x_wconf 85' lang='lat' dir='ltr'><strong>de</strong></span> <span class='ocrx_word' id='word_1_592' title='bbox 1127 5365 1357 5433; x_wconf 78' lang='lat' dir='ltr'><strong>femina,</strong></span> <span class='ocrx_word' id='word_1_593' title='bbox 1403 5363 1560 5433; x_wconf 87' lang='lat' dir='ltr'><strong>quod</strong></span> <span class='ocrx_word' id='word_1_594' title='bbox 1593 5362 1745 5420; x_wconf 91' lang='lat' dir='ltr'><strong>alius</strong></span> 
     </span>
    </p>
   </div>
   <div class='ocr_carea' id='block_1_92' title="bbox 140 5430 1744 5509">
    <p class='ocr_par' dir='ltr' id='par_1_92' title="bbox 140 5430 1744 5509">
     <span class='ocr_line' id='line_1_92' title="bbox 140 5430 1744 5509; baseline 0.005 -26"><span class='ocrx_word' id='word_1_595' title='bbox 140 5430 346 5509; x_wconf 51' lang='lat' dir='ltr'><strong>{putavit</strong></span> <span class='ocrx_word' id='word_1_596' title='bbox 388 5435 445 5509; x_wconf 81' lang='lat' dir='ltr'><strong>in</strong></span> <span class='ocrx_word' id='word_1_597' title='bbox 491 5430 732 5509; x_wconf 62' lang='lat' dir='ltr'><strong>sanius,</strong></span> <span class='ocrx_word' id='word_1_598' title='bbox 783 5430 1284 5509; x_wconf 79' lang='lat' dir='ltr'><strong>quemadmodum</strong></span> <span class='ocrx_word' id='word_1_599' title='bbox 1337 5430 1514 5509; x_wconf 79' lang='lat' dir='ltr'><strong>etiam</strong></span> <span class='ocrx_word' id='word_1_600' title='bbox 1549 5436 1744 5509; x_wconf 82' lang='lat' dir='ltr'><strong>codex</strong></span> 
     </span>
    </p>
   </div>
   <div class='ocr_carea' id='block_1_93' title="bbox 141 5492 1649 5578">
    <p class='ocr_par' dir='ltr' id='par_1_93' title="bbox 141 5492 1649 5578">
     <span class='ocr_line' id='line_1_93' title="bbox 141 5492 1649 5578; baseline 0.001 -22"><span class='ocrx_word' id='word_1_601' title='bbox 141 5492 380 5578; x_wconf 66' lang='lat' dir='ltr'><strong>S-_l.3_rucis</strong></span> <span class='ocrx_word' id='word_1_602' title='bbox 408 5505 603 5578; x_wconf 80' lang='lat' dir='ltr'><strong>habet.</strong></span> <span class='ocrx_word' id='word_1_603' title='bbox 645 5492 818 5562; x_wconf 32' lang='lat' dir='ltr'><strong>Alteri</strong></span> <span class='ocrx_word' id='word_1_604' title='bbox 835 5507 986 5578; x_wconf 89' lang='lat' dir='ltr'><strong>apud</strong></span> <span class='ocrx_word' id='word_1_605' title='bbox 1021 5506 1295 5561; x_wconf 84' lang='lat' dir='ltr'><strong>Gravium</strong></span> <span class='ocrx_word' id='word_1_606' title='bbox 1327 5507 1392 5561; x_wconf 76' lang='lat' dir='ltr'><strong>(le</strong></span> <span class='ocrx_word' id='word_1_607' title='bbox 1416 5508 1649 5576; x_wconf 75' lang='lat' dir='ltr'><strong>femina.</strong></span> 
     </span>
    </p>
   </div>
   <div class='ocr_carea' id='block_1_94' title="bbox 191 5567 1741 5647">
    <p class='ocr_par' dir='ltr' id='par_1_94' title="bbox 191 5567 1741 5647">
     <span class='ocr_line' id='line_1_94' title="bbox 191 5567 1741 5647; baseline 0.005 -21"><span class='ocrx_word' id='word_1_608' title='bbox 191 5567 374 5647; x_wconf 45' lang='lat' dir='ltr'><strong>{idem</strong></span> <span class='ocrx_word' id='word_1_609' title='bbox 404 5577 754 5634; x_wconf 88' lang='lat' dir='ltr'><strong>Veronensis</strong></span> <span class='ocrx_word' id='word_1_610' title='bbox 798 5567 1148 5647; x_wconf 67' lang='lat' dir='ltr'><strong>Anicarz‘lidis,</strong></span> <span class='ocrx_word' id='word_1_611' title='bbox 1180 5567 1591 5633; x_wconf 79' lang='lat' dir='ltr'><strong>Casanatensis</strong></span> <span class='ocrx_word' id='word_1_612' title='bbox 1630 5579 1741 5632; x_wconf 84' lang='lat' dir='ltr'><strong>Ma-</strong></span> 
     </span>
    </p>
   </div>
   <div class='ocr_carea' id='block_1_95' title="bbox 143 5640 1742 5733">
    <p class='ocr_par' dir='ltr' id='par_1_95' title="bbox 143 5640 1742 5733">
     <span class='ocr_line' id='line_1_95' title="bbox 143 5640 1742 5733; baseline 0.004 -34"><span class='ocrx_word' id='word_1_613' title='bbox 143 5640 364 5733; x_wconf 55' lang='grc' dir='ltr'><strong>ξςξίίςιάζε,</strong></span> <span class='ocrx_word' id='word_1_614' title='bbox 395 5656 464 5733; x_wconf 35' lang='grc' dir='ltr'><strong>ει.</strong></span> <span class='ocrx_word' id='word_1_615' title='bbox 479 5650 807 5733; x_wconf 63' lang='lat' dir='ltr'><strong>paulgpost</strong></span> <span class='ocrx_word' id='word_1_616' title='bbox 824 5655 1056 5733; x_wconf 56' lang='grc' dir='ltr'><strong>[ὶιξῖηᾳιε</strong></span> <span class='ocrx_word' id='word_1_617' title='bbox 1073 5640 1599 5733; x_wconf 40' lang='lat' dir='ltr'><strong>pro‘phanm‘sinale.‘</strong></span> <span class='ocrx_word' id='word_1_618' title='bbox 1619 5651 1742 5733; x_wconf 53' lang='lat' dir='ltr'><strong>Dio:</strong></span> 
     </span>
    </p>
   </div>
   <div class='ocr_carea' id='block_1_96' title="bbox 145 5717 1741 5794">
    <p class='ocr_par' dir='ltr' id='par_1_96' title="bbox 145 5717 1741 5794">
     <span class='ocr_line' id='line_1_96' title="bbox 145 5717 1741 5794; baseline 0.002 -23"><span class='ocrx_word' id='word_1_619' title='bbox 145 5719 284 5794; x_wconf 57' lang='lat' dir='ltr'><strong>senes</strong></span> <span class='ocrx_word' id='word_1_620' title='bbox 310 5717 566 5794; x_wconf 85' lang='lat' dir='ltr'><strong>Laertius</strong></span> <span class='ocrx_word' id='word_1_621' title='bbox 590 5717 718 5794; x_wconf 70' lang='lat' dir='ltr'><strong>_1i5.</strong></span> <span class='ocrx_word' id='word_1_622' title='bbox 764 5717 865 5780; x_wconf 70' lang='lat' dir='ltr'><strong>ni:</strong></span> <span class='ocrx_word' id='word_1_623' title='bbox 894 5721 1015 5790; x_wconf 78' lang='grc' dir='ltr'><strong>Καὶ,</strong></span> <span class='ocrx_word' id='word_1_624' title='bbox 1049 5717 1153 5791; x_wconf 63' lang='lat' dir='ltr'><strong>ait,</strong></span> <span class='ocrx_word' id='word_1_625' title='bbox 1184 5717 1552 5794; x_wconf 13' lang='grc' dir='ltr'><strong>’Άνγαξηλίδᾲης</strong></span> <span class='ocrx_word' id='word_1_626' title='bbox 1583 5720 1632 5775; x_wconf 82' lang='grc' dir='ltr'>ἐν</span> <span class='ocrx_word' id='word_1_627' title='bbox 1664 5725 1741 5793; x_wconf 78' lang='grc' dir='ltr'><strong>τῷ</strong></span> 
     </span>
    </p>
   </div>
   <div class='ocr_carea' id='block_1_97' title="bbox 147 5785 1738 5875">
    <p class='ocr_par' dir='ltr' id='par_1_97' title="bbox 147 5785 1738 5875">
     <span class='ocr_line' id='line_1_97' title="bbox 147 5785 1738 5875; baseline 0.015 -38"><span class='ocrx_word' id='word_1_628' title='bbox 147 5785 336 5864; x_wconf 68' lang='grc' dir='ltr'><strong>δευτέρῳ</strong></span> <span class='ocrx_word' id='word_1_629' title='bbox 364 5793 484 5868; x_wconf 85' lang='grc' dir='ltr'><strong>περὶ</strong></span> <span class='ocrx_word' id='word_1_630' title='bbox 527 5791 878 5875; x_wconf 70' lang='grc' dir='ltr'><strong>φιλοτόφωνζ</strong></span> <span class='ocrx_word' id='word_1_631' title='bbox 913 5785 1074 5868; x_wconf 84' lang='lat' dir='ltr'><strong>quod</strong></span> <span class='ocrx_word' id='word_1_632' title='bbox 1119 5785 1208 5853; x_wconf 65' lang='lat' dir='ltr'><strong>est</strong></span> <span class='ocrx_word' id='word_1_633' title='bbox 1254 5785 1738 5868; x_wconf 44' lang='lat' dir='ltr'><strong>de&#39;Philésophis&#39;;</strong></span> 
     </span>
    </p>
   </div>
   <div class='ocr_carea' id='block_1_98' title="bbox 1876 3374 3534 3447">
    <p class='ocr_par' dir='ltr' id='par_1_98' title="bbox 1876 3374 3534 3447">
     <span class='ocr_line' id='line_1_98' title="bbox 1876 3374 3534 3447; baseline 0.005 -19"><span class='ocrx_word' id='word_1_634' title='bbox 1876 3374 2126 3430; x_wconf 87' lang='lat' dir='ltr'><strong>maxime</strong></span> <span class='ocrx_word' id='word_1_635' title='bbox 2176 3375 2454 3430; x_wconf 68' lang='lat' dir='ltr'><strong>etl‘ertur&quot;</strong></span> <span class='ocrx_word' id='word_1_636' title='bbox 2502 3377 2657 3447; x_wconf 92' lang='lat' dir='ltr'><strong>quod</strong></span> <span class='ocrx_word' id='word_1_637' title='bbox 2709 3376 3050 3432; x_wconf 81' lang='lat' dir='ltr'><strong>defunctum</strong></span> <span class='ocrx_word' id='word_1_638' title='bbox 3113 3378 3388 3436; x_wconf 90' lang='lat' dir='ltr'><strong>maritum</strong></span> <span class='ocrx_word' id='word_1_639' title='bbox 3449 3381 3534 3437; x_wconf 90' lang='lat' dir='ltr'><strong>sic</strong></span> 
     </span>
    </p>
   </div>
   <div class='ocr_carea' id='block_1_99' title="bbox 1872 3465 3532 3540">
    <p class='ocr_par' dir='ltr' id='par_1_99' title="bbox 1872 3465 3532 3540">
     <span class='ocr_line' id='line_1_99' title="bbox 1872 3465 3532 3540; baseline 0.005 -22"><span class='ocrx_word' id='word_1_640' title='bbox 1872 3480 2104 3536; x_wconf 90' lang='lat' dir='ltr'><strong>semper</strong></span> <span class='ocrx_word' id='word_1_641' title='bbox 2134 3465 2352 3520; x_wconf 89' lang='lat' dir='ltr'><strong>amavit</strong></span> <span class='ocrx_word' id='word_1_642' title='bbox 2378 3469 2443 3520; x_wconf 94' lang='lat' dir='ltr'><strong>ut</strong></span> <span class='ocrx_word' id='word_1_643' title='bbox 2474 3465 2689 3531; x_wconf 87' lang='lat' dir='ltr'><strong>vivum,</strong></span> <span class='ocrx_word' id='word_1_644' title='bbox 2724 3469 2781 3520; x_wconf 88' lang='lat' dir='ltr'><strong>et</strong></span> <span class='ocrx_word' id='word_1_645' title='bbox 2829 3465 2988 3520; x_wconf 78' lang='lat' dir='ltr'><strong>mirae</strong></span> <span class='ocrx_word' id='word_1_646' title='bbox 3039 3467 3468 3540; x_wconf 88' lang='lat' dir='ltr'><strong>magnitudinis</strong></span> <span class='ocrx_word' id='word_1_647' title='bbox 3491 3472 3532 3506; x_wconf 87' lang='grc'><strong>¹⁰</strong></span> 
     </span>
    </p>
   </div>
   <div class='ocr_carea' id='block_1_100' title="bbox 1871 3553 3531 3628">
    <p class='ocr_par' dir='ltr' id='par_1_100' title="bbox 1871 3553 3531 3628">
     <span class='ocr_line' id='line_1_100' title="bbox 1871 3553 3531 3628; baseline 0.005 -21"><span class='ocrx_word' id='word_1_648' title='bbox 1871 3553 2156 3608; x_wconf 81' lang='lat' dir='ltr'><strong>exstruxit</strong></span> <span class='ocrx_word' id='word_1_649' title='bbox 2185 3553 2543 3626; x_wconf 91' lang='lat' dir='ltr'><strong>sepulcrum,</strong></span> <span class='ocrx_word' id='word_1_650' title='bbox 2568 3554 2626 3609; x_wconf 89' lang='lat' dir='ltr'><strong>in</strong></span> <span class='ocrx_word' id='word_1_651' title='bbox 2661 3559 2892 3611; x_wconf 90' lang='lat' dir='ltr'><strong>tantum</strong></span> <span class='ocrx_word' id='word_1_652' title='bbox 2916 3561 2981 3612; x_wconf 89' lang='lat' dir='ltr'><strong>ut</strong></span> <span class='ocrx_word' id='word_1_653' title='bbox 3005 3573 3192 3628; x_wconf 90' lang='lat' dir='ltr'><strong>usque</strong></span> <span class='ocrx_word' id='word_1_654' title='bbox 3213 3557 3385 3615; x_wconf 90' lang='lat' dir='ltr'><strong>hodie</strong></span> <span class='ocrx_word' id='word_1_655' title='bbox 3406 3577 3531 3617; x_wconf 90' lang='lat' dir='ltr'><strong>om-</strong></span> 
     </span>
    </p>
   </div>
   <div class='ocr_carea' id='block_1_101' title="bbox 1872 3641 3534 3716">
    <p class='ocr_par' dir='ltr' id='par_1_101' title="bbox 1872 3641 3534 3716">
     <span class='ocr_line' id='line_1_101' title="bbox 1872 3641 3534 3716; baseline 0.005 -20"><span class='ocrx_word' id='word_1_656' title='bbox 1872 3641 1968 3697; x_wconf 87' lang='lat' dir='ltr'><strong>nia</strong></span> <span class='ocrx_word' id='word_1_657' title='bbox 2015 3643 2284 3716; x_wconf 90' lang='lat' dir='ltr'><strong>sepulcra</strong></span> <span class='ocrx_word' id='word_1_658' title='bbox 2335 3645 2590 3716; x_wconf 88' lang='lat' dir='ltr'><strong>pretiosa</strong></span> <span class='ocrx_word' id='word_1_659' title='bbox 2637 3661 2705 3700; x_wconf 84' lang='lat' dir='ltr'><strong>ex</strong></span> <span class='ocrx_word' id='word_1_660' title='bbox 2750 3645 2986 3702; x_wconf 90' lang='lat' dir='ltr'><strong>nomine</strong></span> <span class='ocrx_word' id='word_1_661' title='bbox 3035 3647 3164 3716; x_wconf 84' lang='lat' dir='ltr'><strong>ejus</strong></span> <span class='ocrx_word' id='word_1_662' title='bbox 3218 3647 3534 3706; x_wconf 62' lang='lat' dir='ltr'><strong>Mausolea</strong></span> 
     </span>
    </p>
   </div>
   <div class='ocr_carea' id='block_1_102' title="bbox 1871 3733 3530 3811">
    <p class='ocr_par' dir='ltr' id='par_1_102' title="bbox 1871 3733 3530 3811">
     <span class='ocr_line' id='line_1_102' title="bbox 1871 3733 3530 3811; baseline 0.004 -25"><span class='ocrx_word' id='word_1_663' title='bbox 1871 3737 2306 3804; x_wconf 90' lang='lat' dir='ltr'><strong>nuncupentur.</strong></span> <span class='ocrx_word' id='word_1_664' title='bbox 2340 3735 2528 3788; x_wconf 91' lang='lat' dir='ltr'><strong>Teuta</strong></span> <span class='ocrx_word' id='word_1_665' title='bbox 2563 3733 2920 3806; x_wconf 83' lang='lat' dir='ltr'><strong>Illyricorum</strong></span> <span class='ocrx_word' id='word_1_666' title='bbox 2965 3735 3184 3806; x_wconf 90' lang='lat' dir='ltr'><strong>regina,</strong></span> <span class='ocrx_word' id='word_1_667' title='bbox 3237 3740 3302 3791; x_wconf 88' lang='lat' dir='ltr'><strong>ut</strong></span> <span class='ocrx_word' id='word_1_668' title='bbox 3356 3736 3530 3811; x_wconf 84' lang='lat' dir='ltr'><strong>longo</strong></span> 
     </span>
    </p>
   </div>
   <div class='ocr_carea' id='block_1_103' title="bbox 1867 3821 3528 3895">
    <p class='ocr_par' dir='ltr' id='par_1_103' title="bbox 1867 3821 3528 3895">
     <span class='ocr_line' id='line_1_103' title="bbox 1867 3821 3528 3895; baseline 0.004 -20"><span class='ocrx_word' id='word_1_669' title='bbox 1867 3825 2130 3893; x_wconf 88' lang='lat' dir='ltr'><strong>tempore</strong></span> <span class='ocrx_word' id='word_1_670' title='bbox 2159 3822 2298 3877; x_wconf 86' lang='lat' dir='ltr'><strong>viris</strong></span> <span class='ocrx_word' id='word_1_671' title='bbox 2348 3821 2687 3878; x_wconf 85' lang='lat' dir='ltr'><strong>fortissimis</strong></span> <span class='ocrx_word' id='word_1_672' title='bbox 2739 3824 3074 3895; x_wconf 85' lang='lat' dir='ltr'><strong>imperaret,</strong></span> <span class='ocrx_word' id='word_1_673' title='bbox 3125 3829 3184 3878; x_wconf 91' lang='lat' dir='ltr'><strong>et</strong></span> <span class='ocrx_word' id='word_1_674' title='bbox 3231 3825 3528 3882; x_wconf 83' lang='lat' dir='ltr'><strong>Romanos</strong></span> 
     </span>
    </p>
   </div>
   <div class='ocr_carea' id='block_1_104' title="bbox 1869 3910 3524 3982">
    <p class='ocr_par' dir='ltr' id='par_1_104' title="bbox 1869 3910 3524 3982">
     <span class='ocr_line' id='line_1_104' title="bbox 1869 3910 3524 3982; baseline 0.005 -18"><span class='ocrx_word' id='word_1_675' title='bbox 1869 3926 2020 3980; x_wconf 64' lang='lat' dir='ltr'><strong>saepe</strong></span> <span class='ocrx_word' id='word_1_676' title='bbox 2051 3910 2363 3982; x_wconf 85' lang='lat' dir='ltr'><strong>frangeret,</strong></span> <span class='ocrx_word' id='word_1_677' title='bbox 2400 3911 2684 3967; x_wconf 89' lang='lat' dir='ltr'><strong>miraculo</strong></span> <span class='ocrx_word' id='word_1_678' title='bbox 2717 3912 2920 3982; x_wconf 91' lang='lat' dir='ltr'><strong>utique</strong></span> <span class='ocrx_word' id='word_1_679' title='bbox 2968 3913 3185 3967; x_wconf 90' lang='lat' dir='ltr'><strong>meruit</strong></span> <span class='ocrx_word' id='word_1_680' title='bbox 3216 3915 3524 3974; x_wconf 88' lang='lat' dir='ltr'><strong>castitatis.</strong></span> 
     </span>
    </p>
   </div>
   <div class='ocr_carea' id='block_1_105' title="bbox 1871 3999 3528 4076">
    <p class='ocr_par' dir='ltr' id='par_1_105' title="bbox 1871 3999 3528 4076">
     <span class='ocr_line' id='line_1_105' title="bbox 1871 3999 3528 4076; baseline 0.004 -23"><span class='ocrx_word' id='word_1_681' title='bbox 1871 3999 2020 4066; x_wconf 88' lang='lat' dir='ltr'><strong>Indi,</strong></span> <span class='ocrx_word' id='word_1_682' title='bbox 2048 4002 2112 4053; x_wconf 92' lang='lat' dir='ltr'><strong>ut</strong></span> <span class='ocrx_word' id='word_1_683' title='bbox 2141 4016 2344 4054; x_wconf 89' lang='lat' dir='ltr'><strong>omnes</strong></span> <span class='ocrx_word' id='word_1_684' title='bbox 2376 4001 2466 4056; x_wconf 73' lang='lat'><strong>31</strong></span> <span class='ocrx_word' id='word_1_685' title='bbox 2492 4003 2522 4054; x_wconf 94' lang='lat' dir='ltr'><strong>I</strong></span> <span class='ocrx_word' id='word_1_686' title='bbox 2579 4016 2724 4072; x_wconf 91' lang='lat' dir='ltr'><strong>pene</strong></span> <span class='ocrx_word' id='word_1_687' title='bbox 2775 4001 3035 4069; x_wconf 89' lang='lat' dir='ltr'><strong>Barbari,</strong></span> <span class='ocrx_word' id='word_1_688' title='bbox 3087 4017 3296 4058; x_wconf 89' lang='lat' dir='ltr'><strong>uxores</strong></span> <span class='ocrx_word' id='word_1_689' title='bbox 3345 4002 3528 4076; x_wconf 89' lang='lat' dir='ltr'><strong>pluri-</strong></span> 
     </span>
    </p>
   </div>
   <div class='ocr_carea' id='block_1_106' title="bbox 1869 4087 3529 4161">
    <p class='ocr_par' dir='ltr' id='par_1_106' title="bbox 1869 4087 3529 4161">
     <span class='ocr_line' id='line_1_106' title="bbox 1869 4087 3529 4161; baseline 0.005 -17"><span class='ocrx_word' id='word_1_690' title='bbox 1869 4103 1996 4144; x_wconf 91' lang='lat' dir='ltr'><strong>mas</strong></span> <span class='ocrx_word' id='word_1_691' title='bbox 2028 4087 2266 4144; x_wconf 89' lang='lat' dir='ltr'><strong>habent.</strong></span> <span class='ocrx_word' id='word_1_692' title='bbox 2300 4089 2469 4161; x_wconf 89' lang='lat' dir='ltr'><strong>Apud</strong></span> <span class='ocrx_word' id='word_1_693' title='bbox 2502 4106 2601 4145; x_wconf 91' lang='lat' dir='ltr'><strong>eos</strong></span> <span class='ocrx_word' id='word_1_694' title='bbox 2635 4089 2723 4145; x_wconf 86' lang='lat' dir='ltr'><strong>lex</strong></span> <span class='ocrx_word' id='word_1_695' title='bbox 2755 4096 2862 4157; x_wconf 92' lang='lat' dir='ltr'><strong>est,</strong></span> <span class='ocrx_word' id='word_1_696' title='bbox 2897 4094 2962 4145; x_wconf 90' lang='lat' dir='ltr'><strong>ut</strong></span> <span class='ocrx_word' id='word_1_697' title='bbox 3003 4107 3150 4146; x_wconf 84' lang='lat' dir='ltr'><strong>uxor</strong></span> <span class='ocrx_word' id='word_1_698' title='bbox 3179 4090 3529 4152; x_wconf 88' lang='lat' dir='ltr'><strong>charissima</strong></span> 
     </span>
    </p>
   </div>
   <div class='ocr_carea' id='block_1_107' title="bbox 1865 4212 3525 4297">
    <p class='ocr_par' dir='ltr' id='par_1_107' title="bbox 1865 4212 3525 4297">
     <span class='ocr_line' id='line_1_107' title="bbox 1865 4212 3525 4297; baseline 0.005 -31"><span class='ocrx_word' id='word_1_699' title='bbox 1865 4217 1921 4297; x_wconf 79' lang='lat' dir='ltr'><strong>et</strong></span> <span class='ocrx_word' id='word_1_700' title='bbox 1951 4212 2196 4296; x_wconf 73' lang='lat' dir='ltr'><strong>fortasse</strong></span> <span class='ocrx_word' id='word_1_701' title='bbox 2246 4212 2659 4297; x_wconf 75' lang='lat' dir='ltr'><strong>quidem__ipse</strong></span> <span class='ocrx_word' id='word_1_702' title='bbox 2711 4213 2970 4297; x_wconf 62' lang='lat' dir='ltr'><strong>Ili_eron.,</strong></span> <span class='ocrx_word' id='word_1_703' title='bbox 3020 4215 3408 4290; x_wconf 83' lang='lat' dir='ltr'><strong>Philosophiea</strong></span> <span class='ocrx_word' id='word_1_704' title='bbox 3439 4220 3525 4276; x_wconf 83' lang='lat' dir='ltr'><strong>hi-</strong></span> 
     </span>
    </p>
   </div>
   <div class='ocr_carea' id='block_1_108' title="bbox 1863 4285 3504 4357">
    <p class='ocr_par' dir='ltr' id='par_1_108' title="bbox 1863 4285 3504 4357">
     <span class='ocr_line' id='line_1_108' title="bbox 1863 4285 3504 4357; baseline 0.002 -19"><span class='ocrx_word' id='word_1_705' title='bbox 1863 4286 2044 4339; x_wconf 84' lang='lat' dir='ltr'><strong>storia</strong></span> <span class='ocrx_word' id='word_1_706' title='bbox 2067 4285 2303 4357; x_wconf 87' lang='lat' dir='ltr'><strong>scripsit</strong></span> <span class='ocrx_word' id='word_1_707' title='bbox 2335 4301 2438 4356; x_wconf 92' lang='lat' dir='ltr'><strong>pro</strong></span> <span class='ocrx_word' id='word_1_708' title='bbox 2463 4285 2853 4357; x_wconf 64' lang='lat' dir='ltr'><strong>Philosophiae.</strong></span> <span class='ocrx_word' id='word_1_709' title='bbox 3241 4285 3254 4290; x_wconf 83' lang='grc'><em>’</em></span> <span class='ocrx_word' id='word_1_710' title='bbox 3499 4337 3504 4342; x_wconf 93' lang='grc'>.</span> 
     </span>
    </p>
   </div>
   <div class='ocr_carea' id='block_1_109' title="bbox 1933 4355 3522 4427">
    <p class='ocr_par' dir='ltr' id='par_1_109' title="bbox 1933 4355 3522 4427">
     <span class='ocr_line' id='line_1_109' title="bbox 1933 4355 3522 4427; baseline 0.007 -17"><span class='ocrx_word' id='word_1_711' title='bbox 1933 4358 1952 4389; x_wconf 86' lang='grc'>⁷</span> <span class='ocrx_word' id='word_1_712' title='bbox 1986 4355 2199 4427; x_wconf 85' lang='lat' dir='ltr'><strong>Accipe</strong></span> <span class='ocrx_word' id='word_1_713' title='bbox 2226 4355 2418 4427; x_wconf 78' lang='lat' dir='ltr'><strong>locum</strong></span> <span class='ocrx_word' id='word_1_714' title='bbox 2464 4357 2618 4413; x_wconf 90' lang='lat' dir='ltr'><strong>hunc</strong></span> <span class='ocrx_word' id='word_1_715' title='bbox 2666 4355 2734 4413; x_wconf 81' lang='lat' dir='ltr'><strong>ex</strong></span> <span class='ocrx_word' id='word_1_716' title='bbox 2783 4358 3097 4415; x_wconf 84' lang='lat' dir='ltr'><strong>Clemente.</strong></span> <span class='ocrx_word' id='word_1_717' title='bbox 3149 4361 3406 4420; x_wconf 81' lang='lat' dir='ltr'><strong>Slromat.</strong></span> <span class='ocrx_word' id='word_1_718' title='bbox 3441 4364 3522 4421; x_wconf 90' lang='lat' dir='ltr'><strong>lib</strong></span> 
     </span>
    </p>
   </div>
   <div class='ocr_carea' id='block_1_110' title="bbox 1862 4424 3525 4503">
    <p class='ocr_par' dir='ltr' id='par_1_110' title="bbox 1862 4424 3525 4503">
     <span class='ocr_line' id='line_1_110' title="bbox 1862 4424 3525 4503; baseline 0.004 -21"><span class='ocrx_word' id='word_1_719' title='bbox 1862 4428 2056 4503; x_wconf 80' lang='lat' dir='ltr'><strong>IV:_A&#39;t</strong></span> <span class='ocrx_word' id='word_1_720' title='bbox 2089 4424 2189 4501; x_wconf 76' lang='grc' dir='ltr'><strong>γᾶρ</strong></span> <span class='ocrx_word' id='word_1_721' title='bbox 2243 4424 2541 4503; x_wconf 26' lang='grc' dir='ltr'><strong>Διοδώρμου,</strong></span> <span class='ocrx_word' id='word_1_722' title='bbox 2580 4433 2684 4503; x_wconf 12' lang='grc' dir='ltr'><strong>τοῦί</strong></span> <span class='ocrx_word' id='word_1_723' title='bbox 2727 4429 2928 4503; x_wconf 75' lang='grc' dir='ltr'><strong>Κρόνου</strong></span> <span class='ocrx_word' id='word_1_724' title='bbox 2982 4429 3390 4503; x_wconf 68' lang='grc' dir='ltr'><strong>ἐπικληθέντος,</strong></span> <span class='ocrx_word' id='word_1_725' title='bbox 3436 4436 3525 4489; x_wconf 81' lang='grc' dir='ltr'><strong>Ου-</strong></span> 
     </span>
    </p>
   </div>
   <div class='ocr_carea' id='block_1_111' title="bbox 1863 4498 3522 4576">
    <p class='ocr_par' dir='ltr' id='par_1_111' title="bbox 1863 4498 3522 4576">
     <span class='ocr_line' id='line_1_111' title="bbox 1863 4498 3522 4576; baseline 0.004 -24"><span class='ocrx_word' id='word_1_726' title='bbox 1863 4498 2116 4576; x_wconf 45' lang='grc' dir='ltr'><strong>ςμιτὲρεςζ</strong></span> <span class='ocrx_word' id='word_1_727' title='bbox 2148 4498 2304 4576; x_wconf 50' lang='lat' dir='ltr'><strong>“circa;</strong></span> <span class='ocrx_word' id='word_1_728' title='bbox 2346 4498 2691 4576; x_wconf 53' lang='lat' dir='ltr'><strong>atalexuzzi</strong></span> <span class='ocrx_word' id='word_1_729' title='bbox 2725 4501 3038 4576; x_wconf 60' lang='grc' dir='ltr'>γεγόνᾳσιν,</span> <span class='ocrx_word' id='word_1_730' title='bbox 3074 4498 3175 4576; x_wconf 41' lang='grc' dir='ltr'><strong>-ὡξ</strong></span> <span class='ocrx_word' id='word_1_731' title='bbox 3236 4498 3386 4576; x_wconf 71' lang='grc' dir='ltr'><strong>φησῖ</strong></span> <span class='ocrx_word' id='word_1_732' title='bbox 3425 4506 3522 4560; x_wconf 79' lang='grc' dir='ltr'><strong>Φί-</strong></span> 
     </span>
    </p>
   </div>
   <div class='ocr_carea' id='block_1_112' title="bbox 1862 4549 3522 4646">
    <p class='ocr_par' dir='ltr' id='par_1_112' title="bbox 1862 4549 3522 4646">
     <span class='ocr_line' id='line_1_112' title="bbox 1876 4549 3519 4582; baseline 0.004 -12"><span class='ocrx_word' id='word_1_733' title='bbox 1876 4549 2116 4572; x_wconf 67' lang='grc' dir='ltr'><strong>ι’“““ι⁷“⁷γ</strong></span> <span class='ocrx_word' id='word_1_734' title='bbox 2346 4549 2690 4554; x_wconf 66' lang='lat'><strong>—&#39;&quot;&quot;&quot;&quot;&quot;&#39;“&#39;</strong></span> <span class='ocrx_word' id='word_1_735' title='bbox 2738 4549 3038 4576; x_wconf 78' lang='lat' dir='ltr'><strong>t&#39;t&quot;&quot;&quot;&quot;</strong></span> <span class='ocrx_word' id='word_1_736' title='bbox 3103 4549 3174 4564; x_wconf 76' lang='lat'><strong><em>“&quot;</em></strong></span> <span class='ocrx_word' id='word_1_737' title='bbox 3240 4549 3369 4582; x_wconf 69' lang='lat'><strong>7&#39;&quot;</strong></span> <span class='ocrx_word' id='word_1_738' title='bbox 3438 4549 3519 4560; x_wconf 56' lang='grc' dir='ltr'>’ν</span> 
     </span>
     <span class='ocr_line' id='line_1_113' title="bbox 1862 4549 3522 4646; baseline 0.004 -22"><span class='ocrx_word' id='word_1_739' title='bbox 1862 4568 1972 4624; x_wconf 84' lang='grc' dir='ltr'><strong>λων</strong></span> <span class='ocrx_word' id='word_1_740' title='bbox 2007 4571 2035 4623; x_wconf 81' lang='grc' dir='ltr'>ὁ</span> <span class='ocrx_word' id='word_1_741' title='bbox 2085 4567 2432 4646; x_wconf 49' lang='lat' dir='ltr'><strong>Aulaeum:</strong></span> <span class='ocrx_word' id='word_1_742' title='bbox 2491 4571 2541 4625; x_wconf 82' lang='grc' dir='ltr'><strong>ἐν</strong></span> <span class='ocrx_word' id='word_1_743' title='bbox 2599 4576 2705 4646; x_wconf 54' lang='lat' dir='ltr'><strong>rip</strong></span> <span class='ocrx_word' id='word_1_744' title='bbox 2733 4573 3028 4645; x_wconf 69' lang='grc' dir='ltr'>Μενεξένῳ,</span> <span class='ocrx_word' id='word_1_745' title='bbox 3061 4574 3133 4627; x_wconf 83' lang='grc' dir='ltr'><strong>ὧν</strong></span> <span class='ocrx_word' id='word_1_746' title='bbox 3166 4576 3232 4628; x_wconf 78' lang='grc' dir='ltr'><strong>τὰ</strong></span> <span class='ocrx_word' id='word_1_747' title='bbox 3281 4549 3522 4646; x_wconf 56' lang='lat' dir='ltr'><strong>dvenam:</strong></span> 
     </span>
    </p>
   </div>
   <div class='ocr_carea' id='block_1_113' title="bbox 2520 4644 3517 4730">
    <p class='ocr_par' dir='ltr' id='par_1_113' title="bbox 2520 4644 3517 4730">
     <span class='ocr_line' id='line_1_114' title="bbox 2520 4644 3517 4730; baseline 0.003 -34"><span class='ocrx_word' id='word_1_748' title='bbox 2520 4644 2784 4713; x_wconf 79' lang='grc' dir='ltr'>Μενεξὲνη</span> <span class='ocrx_word' id='word_1_749' title='bbox 2823 4689 2836 4712; x_wconf 87' lang='grc'><em>,</em></span> <span class='ocrx_word' id='word_1_750' title='bbox 2897 4644 3118 4718; x_wconf 69' lang='grc' dir='ltr'>Ἀργεία</span> <span class='ocrx_word' id='word_1_751' title='bbox 3171 4689 3184 4711; x_wconf 86' lang='grc'>,</span> <span class='ocrx_word' id='word_1_752' title='bbox 3246 4644 3467 4730; x_wconf 58' lang='grc' dir='ltr'><strong>Θεὸγνες</strong></span> <span class='ocrx_word' id='word_1_753' title='bbox 3503 4691 3517 4716; x_wconf 82' lang='grc'><em>,</em></span> 
     </span>
    </p>
   </div>
   <div class='ocr_carea' id='block_1_114' title="bbox 1863 4713 3522 4787">
    <p class='ocr_par' dir='ltr' id='par_1_114' title="bbox 1863 4713 3522 4787">
     <span class='ocr_line' id='line_1_115' title="bbox 1863 4713 3522 4787; baseline 0.004 -19"><span class='ocrx_word' id='word_1_754' title='bbox 1863 4713 2202 4787; x_wconf 62' lang='grc' dir='ltr'><strong>Ἀρτεμισία,</strong></span> <span class='ocrx_word' id='word_1_755' title='bbox 2255 4713 2614 4783; x_wconf 72' lang='grc' dir='ltr'><strong>ΙΙαντάκλεια,</strong></span> <span class='ocrx_word' id='word_1_756' title='bbox 2676 4722 2786 4772; x_wconf 86' lang='lat' dir='ltr'><strong>etc.</strong></span> <span class='ocrx_word' id='word_1_757' title='bbox 2847 4713 3019 4774; x_wconf 45' lang='lat' dir='ltr'><strong>Filii!&quot;</strong></span> <span class='ocrx_word' id='word_1_758' title='bbox 3059 4727 3243 4772; x_wconf 84' lang='lat' dir='ltr'><strong>autem</strong></span> <span class='ocrx_word' id='word_1_759' title='bbox 3299 4713 3522 4774; x_wconf 79' lang='lat' dir='ltr'><strong>Diodori</strong></span> 
     </span>
    </p>
   </div>
   <div class='ocr_carea' id='block_1_115' title="bbox 1858 4788 3518 4857">
    <p class='ocr_par' dir='ltr' id='par_1_115' title="bbox 1858 4788 3518 4857">
     <span class='ocr_line' id='line_1_116' title="bbox 1858 4788 3518 4857; baseline 0.002 -15"><span class='ocrx_word' id='word_1_760' title='bbox 1858 4789 1954 4842; x_wconf 86' lang='lat' dir='ltr'><strong>cui</strong></span> <span class='ocrx_word' id='word_1_761' title='bbox 1979 4789 2089 4857; x_wconf 80' lang='lat' dir='ltr'><strong>fuit</strong></span> <span class='ocrx_word' id='word_1_762' title='bbox 2115 4804 2412 4855; x_wconf 78' lang='lat' dir='ltr'><strong>cognomen</strong></span> <span class='ocrx_word' id='word_1_763' title='bbox 2457 4788 2754 4854; x_wconf 77' lang='lat' dir='ltr'><strong>Saturnus,</strong></span> <span class='ocrx_word' id='word_1_764' title='bbox 2783 4790 3016 4857; x_wconf 78' lang='lat' dir='ltr'><strong>fuerunt</strong></span> <span class='ocrx_word' id='word_1_765' title='bbox 3043 4804 3228 4844; x_wconf 80' lang='lat' dir='ltr'><strong>omnes</strong></span> <span class='ocrx_word' id='word_1_766' title='bbox 3259 4791 3518 4847; x_wconf 85' lang='lat' dir='ltr'><strong>Dialecti-</strong></span> 
     </span>
    </p>
   </div>
   <div class='ocr_carea' id='block_1_116' title="bbox 1857 4860 3516 4934">
    <p class='ocr_par' dir='ltr' id='par_1_116' title="bbox 1857 4860 3516 4934">
     <span class='ocr_line' id='line_1_117' title="bbox 1857 4860 3516 4934; baseline 0.003 -21"><span class='ocrx_word' id='word_1_767' title='bbox 1857 4875 1952 4934; x_wconf 61' lang='grc' dir='ltr'><strong>ραις,</strong></span> <span class='ocrx_word' id='word_1_768' title='bbox 1982 4868 2042 4913; x_wconf 84' lang='lat' dir='ltr'><strong>ut</strong></span> <span class='ocrx_word' id='word_1_769' title='bbox 2065 4862 2160 4934; x_wconf 65' lang='lat' dir='ltr'><strong>ait</strong></span> <span class='ocrx_word' id='word_1_770' title='bbox 2220 4861 2382 4914; x_wconf 87' lang='lat' dir='ltr'><strong>Philo</strong></span> <span class='ocrx_word' id='word_1_771' title='bbox 2429 4860 2758 4915; x_wconf 82' lang='lat' dir='ltr'><strong>Dialecticus</strong></span> <span class='ocrx_word' id='word_1_772' title='bbox 2814 4863 2875 4914; x_wconf 87' lang='lat' dir='ltr'><strong>in</strong></span> <span class='ocrx_word' id='word_1_773' title='bbox 2921 4861 3222 4934; x_wconf 75' lang='lat' dir='ltr'><strong>Menexero,</strong></span> <span class='ocrx_word' id='word_1_774' title='bbox 3279 4879 3516 4934; x_wconf 83' lang='lat' dir='ltr'><strong>quorum</strong></span> 
     </span>
    </p>
   </div>
   <div class='ocr_carea' id='block_1_117' title="bbox 1858 4929 3518 5004">
    <p class='ocr_par' dir='ltr' id='par_1_117' title="bbox 1858 4929 3518 5004">
     <span class='ocr_line' id='line_1_118' title="bbox 1858 4929 3518 5004; baseline 0.004 -20"><span class='ocrx_word' id='word_1_775' title='bbox 1858 4929 1972 4985; x_wconf 71' lang='lat' dir='ltr'><strong>haec</strong></span> <span class='ocrx_word' id='word_1_776' title='bbox 2016 4931 2084 4986; x_wconf 86' lang='lat' dir='ltr'><strong>ab</strong></span> <span class='ocrx_word' id='word_1_777' title='bbox 2160 4947 2219 4986; x_wconf 84' lang='lat' dir='ltr'><strong>eo</strong></span> <span class='ocrx_word' id='word_1_778' title='bbox 2293 4934 2555 5000; x_wconf 80' lang='lat' dir='ltr'><strong>feruntur</strong></span> <span class='ocrx_word' id='word_1_779' title='bbox 2627 4934 2856 4986; x_wconf 78' lang='lat' dir='ltr'><strong>nomine</strong></span> <span class='ocrx_word' id='word_1_780' title='bbox 2905 4949 2917 4986; x_wconf 86' lang='lat'><strong>:</strong></span> <span class='ocrx_word' id='word_1_781' title='bbox 2984 4929 3299 5001; x_wconf 65' lang='lat' dir='ltr'><strong>Menexene,</strong></span> <span class='ocrx_word' id='word_1_782' title='bbox 3347 4935 3518 5004; x_wconf 83' lang='lat' dir='ltr'><strong>Argia</strong></span> 
     </span>
    </p>
   </div>
   <div class='ocr_carea' id='block_1_118' title="bbox 1865 5004 2995 5072">
    <p class='ocr_par' dir='ltr' id='par_1_118' title="bbox 1865 5004 2995 5072">
     <span class='ocr_line' id='line_1_119' title="bbox 1865 5004 2995 5072; baseline 0.001 -15"><span class='ocrx_word' id='word_1_783' title='bbox 1865 5004 2142 5072; x_wconf 82' lang='lat' dir='ltr'><strong>Theognis,</strong></span> <span class='ocrx_word' id='word_1_784' title='bbox 2186 5005 2499 5070; x_wconf 73' lang='lat' dir='ltr'><strong>Artemisia,</strong></span> <span class='ocrx_word' id='word_1_785' title='bbox 2539 5005 2853 5068; x_wconf 79' lang='lat' dir='ltr'><strong>Punlaclea,</strong></span> <span class='ocrx_word' id='word_1_786' title='bbox 2888 5009 2995 5058; x_wconf 88' lang='lat' dir='ltr'><strong>etc.</strong></span> 
     </span>
    </p>
   </div>
   <div class='ocr_carea' id='block_1_119' title="bbox 1926 5075 3515 5147">
    <p class='ocr_par' dir='ltr' id='par_1_119' title="bbox 1926 5075 3515 5147">
     <span class='ocr_line' id='line_1_120' title="bbox 1926 5075 3515 5147; baseline 0.003 -19"><span class='ocrx_word' id='word_1_787' title='bbox 1926 5075 1946 5108; x_wconf 79' lang='grc'>⁸</span> <span class='ocrx_word' id='word_1_788' title='bbox 1982 5075 2121 5129; x_wconf 85' lang='lat' dir='ltr'><strong>Mss.</strong></span> <span class='ocrx_word' id='word_1_789' title='bbox 2157 5091 2382 5141; x_wconf 89' lang='lat' dir='ltr'><strong>omnes,</strong></span> <span class='ocrx_word' id='word_1_790' title='bbox 2414 5078 2603 5132; x_wconf 84' lang='lat' dir='ltr'><strong>occisis</strong></span> <span class='ocrx_word' id='word_1_791' title='bbox 2632 5077 2913 5147; x_wconf 78' lang='lat' dir='ltr'><strong>prioribus</strong></span> <span class='ocrx_word' id='word_1_792' title='bbox 2943 5077 3098 5142; x_wconf 82' lang='lat' dir='ltr'><strong>riris,</strong></span> <span class='ocrx_word' id='word_1_793' title='bbox 3138 5080 3308 5132; x_wconf 88' lang='lat' dir='ltr'><strong>vetus</strong></span> <span class='ocrx_word' id='word_1_794' title='bbox 3337 5077 3515 5133; x_wconf 91' lang='lat' dir='ltr'><strong>editio</strong></span> 
     </span>
    </p>
   </div>
   <div class='ocr_carea' id='block_1_120' title="bbox 1859 5163 2161 5201">
    <p class='ocr_par' dir='ltr' id='par_1_120' title="bbox 1859 5163 2161 5201">
     <span class='ocr_line' id='line_1_121' title="bbox 1859 5163 2161 5201; baseline 0 -1"><span class='ocrx_word' id='word_1_795' title='bbox 1859 5163 1996 5201; x_wconf 76' lang='grc' dir='ltr'><strong>υιηδ</strong></span> <span class='ocrx_word' id='word_1_796' title='bbox 2024 5163 2161 5200; x_wconf 68' lang='grc' dir='ltr'><strong>δαῖε.</strong></span> 
     </span>
    </p>
   </div>
   <div class='ocr_carea' id='block_1_121' title="bbox 1927 5218 3516 5291">
    <p class='ocr_par' dir='ltr' id='par_1_121' title="bbox 1927 5218 3516 5291">
     <span class='ocr_line' id='line_1_122' title="bbox 1927 5218 3516 5291; baseline 0.004 -19"><span class='ocrx_word' id='word_1_797' title='bbox 1927 5218 1948 5252; x_wconf 79' lang='grc'><strong>⁹</strong></span> <span class='ocrx_word' id='word_1_798' title='bbox 1977 5218 2386 5291; x_wconf 72' lang='lat' dir='ltr'><strong>Cusanatcnsis</strong></span> <span class='ocrx_word' id='word_1_799' title='bbox 2419 5219 2713 5274; x_wconf 89' lang='lat' dir='ltr'><strong>interserit</strong></span> <span class='ocrx_word' id='word_1_800' title='bbox 2740 5236 2945 5291; x_wconf 86' lang='lat' dir='ltr'><strong>parum</strong></span> <span class='ocrx_word' id='word_1_801' title='bbox 2969 5219 3194 5274; x_wconf 79' lang='lat' dir='ltr'><strong>abrasis</strong></span> <span class='ocrx_word' id='word_1_802' title='bbox 3217 5218 3432 5277; x_wconf 89' lang='lat' dir='ltr'><strong>litteris</strong></span> <span class='ocrx_word' id='word_1_803' title='bbox 3451 5222 3516 5278; x_wconf 84' lang='lat' dir='ltr'><strong>de</strong></span> 
     </span>
    </p>
   </div>
   <div class='ocr_carea' id='block_1_122' title="bbox 1853 5290 2300 5357">
    <p class='ocr_par' dir='ltr' id='par_1_122' title="bbox 1853 5290 2300 5357">
     <span class='ocr_line' id='line_1_123' title="bbox 1853 5290 2300 5357; baseline 0 -13"><span class='ocrx_word' id='word_1_804' title='bbox 1853 5306 2024 5357; x_wconf 86' lang='lat' dir='ltr'><strong>more,</strong></span> <span class='ocrx_word' id='word_1_805' title='bbox 2059 5294 2117 5344; x_wconf 84' lang='lat' dir='ltr'><strong>ut</strong></span> <span class='ocrx_word' id='word_1_806' title='bbox 2147 5290 2300 5345; x_wconf 83' lang='lat' dir='ltr'><strong>solet.</strong></span> 
     </span>
    </p>
   </div>
   <div class='ocr_carea' id='block_1_123' title="bbox 1927 5361 3514 5436">
    <p class='ocr_par' dir='ltr' id='par_1_123' title="bbox 1927 5361 3514 5436">
     <span class='ocr_line' id='line_1_124' title="bbox 1927 5361 3514 5436; baseline 0.004 -22"><span class='ocrx_word' id='word_1_807' title='bbox 1927 5363 1970 5436; x_wconf 10' lang='lat'><strong>17°</strong></span> <span class='ocrx_word' id='word_1_808' title='bbox 1994 5361 2412 5436; x_wconf 81' lang='lat' dir='ltr'><strong>_Adduntmss.</strong></span> <span class='ocrx_word' id='word_1_809' title='bbox 2445 5365 2752 5436; x_wconf 87' lang='lat' dir='ltr'><strong>omnes,_et</strong></span> <span class='ocrx_word' id='word_1_810' title='bbox 2782 5367 2950 5436; x_wconf 81' lang='lat' dir='ltr'><strong>vetus</strong></span> <span class='ocrx_word' id='word_1_811' title='bbox 2975 5378 3212 5436; x_wconf 87' lang='lat' dir='ltr'><strong>quoque</strong></span> <span class='ocrx_word' id='word_1_812' title='bbox 3233 5361 3433 5436; x_wconf 88' lang='lat' dir='ltr'><strong>editio,</strong></span> <span class='ocrx_word' id='word_1_813' title='bbox 3455 5369 3514 5421; x_wconf 85' lang='lat' dir='ltr'><strong>et</strong></span> 
     </span>
    </p>
   </div>
   <div class='ocr_carea' id='block_1_124' title="bbox 1894 5432 3512 5508">
    <p class='ocr_par' dir='ltr' id='par_1_124' title="bbox 1894 5432 3512 5508">
     <span class='ocr_line' id='line_1_125' title="bbox 1894 5432 3512 5508; baseline 0.004 -22"><span class='ocrx_word' id='word_1_814' title='bbox 1894 5432 2300 5508; x_wconf 63' lang='lat' dir='ltr'><strong>ntehriluilinis.</strong></span> <span class='ocrx_word' id='word_1_815' title='bbox 2331 5434 2648 5508; x_wconf 76' lang='lat' dir='ltr'><strong>Sequentes</strong></span> <span class='ocrx_word' id='word_1_816' title='bbox 2680 5433 2954 5508; x_wconf 80' lang='lat' dir='ltr'><strong>bisto_rias</strong></span> <span class='ocrx_word' id='word_1_817' title='bbox 2987 5432 3373 5508; x_wconf 13' lang='lat' dir='ltr'><strong>recoleiapud</strong></span> <span class='ocrx_word' id='word_1_818' title='bbox 3409 5432 3512 5493; x_wconf 85' lang='grc' dir='ltr'><strong>Ρο-</strong></span> 
     </span>
    </p>
   </div>
   <div class='ocr_carea' id='block_1_125' title="bbox 1874 5503 3511 5576">
    <p class='ocr_par' dir='ltr' id='par_1_125' title="bbox 1874 5503 3511 5576">
     <span class='ocr_line' id='line_1_126' title="bbox 1874 5503 3511 5576; baseline 0.004 -18"><span class='ocrx_word' id='word_1_819' title='bbox 1874 5504 2096 5575; x_wconf 91' lang='lat' dir='ltr'><strong>ybium,</strong></span> <span class='ocrx_word' id='word_1_820' title='bbox 2142 5503 2240 5558; x_wconf 92' lang='lat' dir='ltr'><strong>lib.</strong></span> <span class='ocrx_word' id='word_1_821' title='bbox 2285 5519 2336 5557; x_wconf 79' lang='grc' dir='ltr'><strong>ιε</strong></span> <span class='ocrx_word' id='word_1_822' title='bbox 2404 5503 2659 5567; x_wconf 80' lang='lat' dir='ltr'><strong>Florum,</strong></span> <span class='ocrx_word' id='word_1_823' title='bbox 2717 5505 2772 5560; x_wconf 93' lang='lat' dir='ltr'><strong>in</strong></span> <span class='ocrx_word' id='word_1_824' title='bbox 2816 5505 3116 5576; x_wconf 86' lang='lat' dir='ltr'><strong>Epitome;</strong></span> <span class='ocrx_word' id='word_1_825' title='bbox 3174 5503 3511 5564; x_wconf 74' lang='lat' dir='ltr'><strong>Ciceronem</strong></span> 
     </span>
    </p>
   </div>
   <div class='ocr_carea' id='block_1_126' title="bbox 1853 5575 3507 5658">
    <p class='ocr_par' dir='ltr' id='par_1_126' title="bbox 1853 5575 3507 5658">
     <span class='ocr_line' id='line_1_127' title="bbox 1853 5575 3507 5658; baseline 0.004 -28"><span class='ocrx_word' id='word_1_826' title='bbox 1853 5575 2290 5658; x_wconf 75' lang='lat' dir='ltr'><strong>quoque._infra</strong></span> <span class='ocrx_word' id='word_1_827' title='bbox 2322 5575 2747 5658; x_wconf 68' lang='lat' dir='ltr'><strong>&#39;I_&#39;nsczllo_n_urum</strong></span> <span class='ocrx_word' id='word_1_828' title='bbox 2781 5575 2985 5645; x_wconf 63' lang='lat' dir='ltr'><strong>Qntest.</strong></span> <span class='ocrx_word' id='word_1_829' title='bbox 3011 5595 3042 5658; x_wconf 89' lang='lat' dir='ltr'><strong>v</strong></span> <span class='ocrx_word' id='word_1_830' title='bbox 3070 5596 3082 5643; x_wconf 85' lang='lat'><strong>;</strong></span> <span class='ocrx_word' id='word_1_831' title='bbox 3119 5577 3507 5658; x_wconf 72' lang='lat' dir='ltr'><strong>Propertium,</strong></span> 
     </span>
    </p>
   </div>
   <div class='ocr_carea' id='block_1_127' title="bbox 1852 5647 3506 5722">
    <p class='ocr_par' dir='ltr' id='par_1_127' title="bbox 1852 5647 3506 5722">
     <span class='ocr_line' id='line_1_128' title="bbox 1852 5647 3506 5722; baseline 0.004 -20"><span class='ocrx_word' id='word_1_832' title='bbox 1852 5647 1954 5722; x_wconf 73' lang='lat' dir='ltr'><strong>lib.</strong></span> <span class='ocrx_word' id='word_1_833' title='bbox 1987 5665 2040 5715; x_wconf 85' lang='grc' dir='ltr'>ν,</span> <span class='ocrx_word' id='word_1_834' title='bbox 2074 5652 2249 5722; x_wconf 81' lang='lat' dir='ltr'><strong>atque</strong></span> <span class='ocrx_word' id='word_1_835' title='bbox 2305 5647 2507 5722; x_wconf 86' lang='lat' dir='ltr'><strong>alios._</strong></span> <span class='ocrx_word' id='word_1_836' title='bbox 2539 5647 2678 5722; x_wconf 82' lang='lat' dir='ltr'><strong>Mss.</strong></span> <span class='ocrx_word' id='word_1_837' title='bbox 2733 5665 2938 5704; x_wconf 88' lang='lat' dir='ltr'><strong>omnes</strong></span> <span class='ocrx_word' id='word_1_838' title='bbox 2995 5657 3051 5706; x_wconf 90' lang='lat' dir='ltr'><strong>et</strong></span> <span class='ocrx_word' id='word_1_839' title='bbox 3108 5647 3276 5707; x_wconf 73' lang='lat' dir='ltr'><strong>vetus</strong></span> <span class='ocrx_word' id='word_1_840' title='bbox 3307 5647 3506 5722; x_wconf 88' lang='lat' dir='ltr'><strong>editio,</strong></span> 
     </span>
    </p>
   </div>
   <div class='ocr_carea' id='block_1_128' title="bbox 1853 5719 3505 5794">
    <p class='ocr_par' dir='ltr' id='par_1_128' title="bbox 1853 5719 3505 5794">
     <span class='ocr_line' id='line_1_129' title="bbox 1853 5719 3505 5794; baseline 0.003 -19"><span class='ocrx_word' id='word_1_841' title='bbox 1853 5721 2018 5794; x_wconf 47' lang='lat' dir='ltr'><strong>tanta</strong></span> <span class='ocrx_word' id='word_1_842' title='bbox 2071 5719 2419 5794; x_wconf 79' lang='lat' dir='ltr'><strong>Illyricorum</strong></span> <span class='ocrx_word' id='word_1_843' title='bbox 2476 5719 2702 5791; x_wconf 81' lang='lat' dir='ltr'><strong>Regina,</strong></span> <span class='ocrx_word' id='word_1_844' title='bbox 2753 5738 2854 5793; x_wconf 92' lang='lat' dir='ltr'><strong>pro</strong></span> <span class='ocrx_word' id='word_1_845' title='bbox 2915 5723 3078 5781; x_wconf 78' lang='lat' dir='ltr'><strong>Teuta</strong></span> <span class='ocrx_word' id='word_1_846' title='bbox 3128 5719 3505 5794; x_wconf 72' lang='lat' dir='ltr'><strong>Illyricorum,</strong></span> 
     </span>
    </p>
   </div>
   <div class='ocr_carea' id='block_1_129' title="bbox 1853 5791 2532 5852">
    <p class='ocr_par' dir='ltr' id='par_1_129' title="bbox 1853 5791 2532 5852">
     <span class='ocr_line' id='line_1_130' title="bbox 1853 5791 2532 5852; baseline -0.004 -1"><span class='ocrx_word' id='word_1_847' title='bbox 1853 5791 2060 5852; x_wconf 85' lang='lat' dir='ltr'><strong>Florus</strong></span> <span class='ocrx_word' id='word_1_848' title='bbox 2091 5793 2317 5850; x_wconf 84' lang='lat' dir='ltr'><strong>Teusam</strong></span> <span class='ocrx_word' id='word_1_849' title='bbox 2345 5794 2532 5851; x_wconf 86' lang='lat' dir='ltr'><strong>vocat.</strong></span> 
     </span>
    </p>
   </div>
  </div>
