3944 6428
422 373 542 452 98⁸1

1667 378 1733 444 S.
1778 377 2087 444 EUSEBII
2131 377 2572 445 HIERONYMI

427 537 562 581 cum
591 521 865 580 defuncto
896 518 1103 578 marite
1135 520 1442 577 cremetur.
1473 520 1568 573 Hae
1615 515 1795 590 igitur
1822 520 2063 571 conten-
2092 517 2149 583 Α
2178 533 2407 589 quoque
2432 516 2641 573 saeculo
2679 532 2783 589 pro
2825 514 3088 589 exemplo
3137 514 3330 583 fuerit,
3364 528 3476 586 quo
3507 512 3798 586 impudici-

429 613 580 669 dunt
606 612 758 669 inter
787 628 848 667 se
878 612 948 667 de
999 626 1196 666 amere
1247 609 1388 673 viri;
1440 612 1494 662 et
1546 606 1784 661 ambitio
1835 622 2068 660 summa

427 702 774 759 certantium
807 706 914 769 est,
948 717 1012 754 ac
1044 699 1443 754 testimonium
1487 696 1793 761 castitatis,
1827 695 2065 763 dignam

427 797 611 848 morte
641 790 891 846 decerni.
926 791 1125 861 Itaque
1155 788 1356 843 victrix
1400 786 1458 841 in
1507 785 1708 839 habitu
1741 786 2067 853 ornatuque

423 881 670 953 pristino
691 881 860 952 juxta
890 879 1133 934 cadaver
1163 878 1426 942 accubat,
1460 872 1798 945 amplexans
1838 871 1977 925 illud
2013 875 2068 924 et

421 969 796 1034 deosculans,
844 972 902 1023 et
942 966 1280 1038 suppositos
1329 965 1491 1033 ignes
1548 960 1836 1033 pudicitia:
1896 958 2066 1013 laude

422 1063 821 1115 contemnens.
856 1058 999 1111 Puto
1030 1073 1157 1126 quae
1191 1055 1275 1109 sic
1322 1052 1587 1117 moritur,
1637 1048 1926 1103 secundas
1957 1064 2064 1101 nu-

421 1148 574 1220 ptias
605 1165 722 1203 non
752 1145 1016 1217 requirit.
1074 1143 1400 1199 Alcibiades
1442 1139 1538 1195 ille
1578 1137 1930 1203 Socraticus,
1981 1135 2062 1190 vi-

422 1236 530 1294 ctis
554 1236 1027 1298 Atheniensibus,
1062 1233 1206 1303 fugit
1238 1232 1307 1285 ad
1336 1230 1796 1285 Pharnabazum.
1824 1227 1953 1293 Qui,
1977 1244 2065 1281 ac-

422 1330 586 1399 cepto
617 1326 799 1398 pretio
830 1342 863 1379 a
895 1322 1189 1393 Lysandro
1213 1321 1471 1393 principe
1495 1316 2062 1373 Lacedazmonierum

411 1413 598 1484 jussit
625 1428 759 1469 eum
794 1410 1063 1466 interfici.
1098 1413 1357 1479 Cumque
1390 1407 1671 1461 sulfecate
1704 1408 1878 1475 caput
1912 1407 2066 1457 esset

418 1500 699 1567 ablatum,
733 1505 788 1555 et
816 1499 1066 1554 missum
1101 1498 1400 1568 Lysandro
1430 1495 1488 1549 in
1522 1493 1921 1549 testimonium
1953 1508 2063 1546 ca:-

416 1588 507 1645 dis
527 1588 787 1661 expletse,
813 1586 1037 1658 reliqua
1059 1603 1194 1657 pars
1217 1585 1476 1656 corporis
1491 1583 1724 1652 jacebat
1754 1580 2060 1649 insepulta.

416 1677 553 1734 Sola
582 1677 761 1750 igitur
809 1675 1153 1740 concubina,
1197 1678 1399 1728 contra
1439 1670 1829 1726 crudelissimi
1879 1668 2064 1723 hostis

415 1764 910 1837 imperium,inter
929 1766 1322 1827 extraneos,et
1343 1762 1682 1815 imminente
1704 1757 2060 1825 discrimine,

416 1854 610 1911 funeri
657 1854 823 1925 justa
870 1851 1165 1920 persolvit,
1226 1851 1371 1906 meri
1428 1853 1629 1922 parata
1681 1864 1779 1919 pro
1812 1852 2059 1914 mortue,
2094 1889 2142 1955 B

418 1959 596 2015 quem
624 1941 820 1997 vivum
855 1941 1149 1997 dilexerat.
1187 1941 1491 1995 Imitentur
1522 1942 1820 2002 matronm,
1855 1942 1911 1990 et
1943 1953 2062 1990 ma-

416 2035 602 2089 tronae
632 2030 837 2087 saltem
870 2030 1236 2097 Christianae,
1269 2029 1727 2083 concubinarum
1780 2025 1973 2091 fidem,
2010 2028 2065 2077 et

418 2124 697 2194 praastent
726 2119 917 2175 libera:
948 2120 1101 2191 quod
1134 2118 1360 2191 captiva
1388 2116 1653 2173 servavit.

491 2211 579 2264 45.
613 2209 806 2265 Strato
836 2208 1073 2280 regulus
1103 2208 1334 2263 Sinodis
1384 2224 1556 2261 manu
1610 2205 1843 2277 propria
1874 2220 1935 2258 se
1966 2218 2062 2256 vo-

416 2296 545 2354 lens
584 2299 909 2365 confodere,
962 2316 1033 2354 ne
1080 2297 1526 2352 imminentibus
1573 2294 1761 2350 Persis
1812 2292 2062 2347 ludibrio

416 2386 583 2455 foret,
616 2403 867 2459 quorum
900 2387 1087 2441 tredus
1117 2385 1366 2457 Egyptii
1398 2385 1551 2455 regis
1573 2384 1847 2438 societate
1876 2380 2062 2451 negle-

414 2480 598 2545 xerat,
630 2475 1035 2531 retrahebatur
1085 2474 1413 2539 formidine,
1467 2480 1523 2528 et
1575 2472 1835 2543 gladium
1886 2486 2061 2541 quem

418 2565 745 2635 arripuerat
774 2564 1291 2636 circumspectans,
1315 2562 1574 2617 hostium
1599 2561 1843 2634 pavidus
1865 2574 2062 2628 exspe-

418 2653 617 2708 ctabat
664 2653 1001 2708 adventum.
1051 2654 1231 2718 Quem
1279 2652 1646 2723 jamjamque
1711 2648 2059 2720 capiendum

419 2758 565 2798 uxor
592 2741 947 2813 intelligens,
999 2741 1271 2797 exstorsit
1318 2741 1611 2795 acinacem
1664 2740 1732 2793 de
1776 2754 1973 2803 manu,
2008 2742 2063 2790 et

418 2829 574 2887 latus
603 2831 731 2901 ejus
762 2829 1266 2885 transverberavit.
1318 2829 1766 2900 Cempositeque
1806 2844 1871 2881 ex
1905 2842 2063 2881 more

418 2918 681 2975 cadaveri
711 2934 773 2974 se
805 2920 1062 2973 moriens
1092 2918 1422 2990 superjecit,
1467 2933 1536 2971 ne
1578 2922 1710 2988 post
1757 2914 2065 2986 virginalis

417 3008 635 3064 fcedera
686 3007 928 3063 alterius
978 3007 1194 3062 coitum
1245 3006 1576 3062 sustineret.
1628 3005 1943 3075 Xenophon
2003 3003 2059 3056 in

416 3098 547 3171 Cyri
577 3098 819 3169 majoris
850 3097 1053 3152 scribit
1083 3096 1350 3163 infantia,
1373 3096 1562 3151 occiso
1584 3096 1893 3150 Abradete'
1920 3092 2060 3157 viro,

415 3204 593 3260 quem
613 3188 874 3242 Panthea
898 3204 1040 3241 uxor
1061 3187 1209 3242 mire
1231 3202 1426 3241 amere
1445 3182 2063 3249 dilexerat,cellocasse

414 3292 479 3332 se
500 3277 673 3347 juxta
700 3292 912 3347 corpus
952 3276 1229 3343 lacerum,
1263 3279 1318 3329 et
1343 3274 1610 3329 confosso
1643 3278 1891 3344 pectere,
1924 3288 2057 3326 san-
2090 3254 2132 3320 C

415 3364 654 3437 guinem
685 3380 862 3419 suum
894 3363 1088 3419 mariti
1116 3363 1402 3418 infudissc
1433 3361 1791 3418 vulneribus.
1831 3361 2057 3416 Justam

417 3468 657 3509 causam
689 3452 843 3524 regis
875 3451 1170 3507 occidendi
1205 3453 1428 3524 putavit
1467 3469 1627 3519 uxor,
1669 3467 1847 3522 quam
1883 3449 2060 3504 mari-

414 3544 513 3597 tus
542 3541 761 3597 nudam
783 3542 804 3575 ²
834 3541 1020 3596 amico
1048 3557 1154 3596 sue
1202 3545 1258 3595 et
1290 3540 1651 3612 ignorantem
1700 3543 2059 3594 monstrave-

415 3634 524 3686 rat.
555 3630 848 3687 Judicavit
892 3631 1050 3686 enim
1098 3646 1160 3684 se
1209 3647 1323 3685 non
1370 3629 1574 3695 amari,
1622 3646 1747 3700 qua:
1792 3632 1848 3683 et
1893 3626 2060 3681 alteri

412 3725 613 3795 posset
629 3719 876 3776 ostendi.
902 3721 1260 3792 Rhodogune
1278 3721 1299 3753 ³
1320 3719 1441 3774 tilia
1466 3719 1635 3785 Darii,
1656 3722 1786 3791 post
1811 3722 2058 3772 mortem

410 3809 540 3880 viri,
574 3809 863 3866 nutricem
896 3826 1023 3881 quas
1055 3808 1138 3863 illi
1169 3810 1458 3864 secundas
1490 3808 1723 3879 nuptias
1751 3807 2060 3878 persuade-

411 3900 530 3969 bat,
576 3900 805 3956 occidit.
854 3898 1108 3954 Alcestin
1164 3897 1370 3953 tabula:
1428 3899 1618 3953 l'erunt
1664 3914 1766 3969 pro
1816 3896 2057 3951 Admete

410 3994 618 4062 sponte
665 3989 1001 4045 defunctam
1045 4006 1057 4043 :
1106 3989 1258 4044 312
1306 3992 1364 4043 et
1415 3986 1726 4058 Penelopes
1775 3984 2058 4057 pudicitia

412 4076 647 4133 Homeri
692 4092 928 4132 carmen
959 4080 1067 4132 est.
1121 4076 1434 4131 Laodamia
1477 4092 1708 4148 quoque
1754 4079 2052 4144 poetarum

413 4182 513 4222 ore
540 4168 833 4234 cantatur,
863 4167 1053 4220 occiso
1099 4166 1254 4238 apud
1303 4166 1538 4237 Trojam
1578 4164 1917 4231 Protesilae,
1953 4181 2053 4219 no-

413 4253 598 4310 luisse
626 4254 1012 4327 supervivere.

485 4344 573 4398 46.
622 4344 872 4399 Mulieres
920 4348 1173 4398 Romana:
1218 4344 1478 4412 insignes.
1519 4375 1587 4382 —
1627 4343 1712 4397 Ad
1764 4343 2055 4398 Romanas

413 4431 662 4488 feminas
692 4436 980 4488 transeam
1009 4450 1022 4499 ;
1071 4436 1128 4486 et
1174 4432 1424 4504 primam
1466 4448 1677 4503 ponam
1708 4431 2050 4499 Lucretiam,

412 4539 539 4595 quae
566 4520 793 4578 violatae
812 4520 1104 4593 pudicitiae
1126 4520 1330 4577 nolens
1352 4522 1736 4593 supervivere,
1762 4522 2053 4577 maculam

2177 606 2257 661 tia
2291 613 2617 662 monstrum
2650 612 2793 672 erat,
2828 624 2940 661 non
2972 605 3195 660 vitium.
3219 605 3413 675 Isjam
3439 620 3609 659 senex
3627 608 3680 659 et
3703 608 3801 660 tre-

2179 696 2357 750 menti
2388 713 2624 767 corpere
2658 697 2715 750 in
2749 697 3001 766 quodam
3026 696 3224 765 jurgie
3250 693 3471 748 audivit
3491 693 3802 762 exprobrari

2176 784 2286 838 sibi
2315 802 2379 840 es
2410 786 2694 849 fcrtidum,
2728 791 2783 839 et
2805 785 2989 839 tristis
3014 801 3074 839 se
3100 785 3343 837 domum
3367 781 3627 837 contulit.
3650 781 3804 837 Cum-

2176 890 2288 944 que
2333 873 2495 928 uxeri
2543 879 2787 944 questus
2834 878 2988 927 esset
3031 890 3210 944 quare
3260 887 3560 942 nunquam
3603 886 3661 924 se
3693 887 3803 925 me-

2176 962 2422 1027 nuisset,
2459 967 2521 1016 ut
2547 962 2683 1016 huic
2715 962 2849 1016 vitio
2882 962 3247 1016 mederetur:
3287 959 3597 1026 Fecissem,
3634 958 3806 1030 inquit

2173 1050 2293 1117 illa,
2329 1050 2439 1105 nisi
2474 1056 2774 1122 putassem
2810 1050 3085 1105 omnibus
3112 1049 3255 1104 viris
3288 1049 3369 1103 sic
3392 1066 3455 1103 es
3481 1047 3646 1103 olere.
3676 1048 3804 1103 Lau-

2177 1141 2369 1197 danda
2401 1140 2457 1194 in
2494 1144 2740 1211 utroque
2786 1139 3000 1211 pudica
3045 1143 3100 1193 et
3149 1138 3365 1194 nobilis
3417 1136 3648 1201 femina,
3679 1136 3803 1192 etsi

2174 1229 2459 1303 ignoravit
2487 1230 2691 1286 vitium
2722 1228 2851 1296 viri,
2884 1232 2940 1283 et
2970 1228 3019 1283 si
3068 1228 3356 1301 patienter
3396 1226 3547 1293 tulit,
3580 1231 3633 1281 et
3662 1225 3801 1297 quod

2176 1322 2423 1375 maritus
2455 1320 2851 1374 infelicitatem
2885 1317 3144 1389 corporis
3172 1316 3286 1382 sui,
3311 1333 3427 1371 non
3451 1314 3642 1370 uxoris
3664 1313 3807 1368 fasti-

2174 1411 2289 1475 die,
2324 1411 2421 1465 sed
2458 1408 2764 1463 maledicto
2797 1408 2980 1463 sensit
3006 1407 3248 1461 inimici.
3273 1408 3440 1462 Certe
3460 1422 3588 1476 qua:
3612 1419 3806 1458 secun-

2174 1500 2315 1553 dum
2350 1499 2510 1553 ducit
2540 1498 2837 1563 maritum,
2873 1497 2981 1551 hoc
3012 1511 3126 1550 non
3160 1499 3350 1565 potest
3378 1495 3587 1549 dicere.
3610 1490 3807 1547 Marcia

2174 1587 2407 1643 Catonis
2440 1587 2559 1641 tilia
2588 1587 2799 1653 minor,
2834 1602 2967 1640 cum
3002 1589 3361 1656 quaereretur
3392 1584 3464 1638 ab
3484 1600 3551 1639 ea
3571 1598 3673 1637 cur
3689 1584 3807 1652 post

2173 1676 2458 1732 amissum
2493 1676 2772 1730 maritum
2805 1676 2996 1730 denuo
3047 1690 3161 1728 non
3219 1673 3484 1737 nuberet,
3527 1667 3809 1742 respondit

2174 1782 2287 1820 non
2341 1782 2403 1822 se
2452 1766 2707 1820 invenire
2760 1764 2948 1819 virum
3003 1764 3103 1834 qui
3138 1779 3200 1818 se
3232 1762 3419 1833 magis
3449 1760 3615 1818 vellet
3643 1775 3806 1830 quam

2172 1872 2298 1909 sua.
2334 1861 2455 1921 Quo
2488 1855 2638 1909 dicto
2667 1853 2961 1907 ostendit‘
2995 1851 3226 1906 divitias
3276 1850 3465 1923 magis
3510 1849 3569 1904 in
3621 1846 3805 1903 uxori-

2171 1944 2282 1998 bus
2314 1944 2445 2015 eligi
2477 1942 2682 2009 solere,
2734 1959 2907 2013 quam
2956 1940 3322 2012 pudicitiam,
3369 1944 3427 1996 et
3458 1937 3672 1994 multos
3699 1951 3806 1992 non

2171 2033 2354 2087 oculis
2403 2032 2499 2086 sed
2553 2031 2751 2103 digitis
2809 2047 3018 2085 uxores
3088 2031 3321 2084 ducere.
3398 2028 3632 2100 Optima
3676 2040 3806 2081 sane

2172 2139 2283 2189 res,
2345 2138 2521 2193 quam
2582 2120 2819 2175 avaritia
2895 2118 3185 2174 conciliat.
3266 2118 3480 2172 Eadem
3539 2132 3670 2172 cum
3722 2113 3805 2169 lu-

2170 2215 2330 2283 geret
2358 2212 2568 2274 virum,
2609 2214 2665 2264 et
2712 2215 2989 2264 matrona:
3038 2209 3109 2262 ab
3152 2224 3219 2261 ea
3269 2214 3595 2278 quazrerent
3641 2218 3804 2275 quem

2169 2301 2321 2355 diem
2356 2300 2594 2355 haberet
2623 2298 2816 2353 luctus
2848 2297 3144 2363 ultimum,
3182 2297 3295 2351 ait:
3324 2298 3507 2360 Quem
3564 2298 3620 2349 ct
3664 2292 3803 2358 vitae,

2170 2389 2450 2451 Arbitrer,
2486 2404 2610 2459 quae
2651 2387 2732 2441 ita
2789 2386 2978 2439 virum
3038 2386 3334 2456 quaerebat
3387 2385 3705 2451 absentem,
3743 2380 3805 2435 de

2170 2477 2424 2532 secundo
2449 2475 2821 2530 matrimonio
2845 2492 2957 2529 non
2982 2474 3291 2545 cogitabat.
3318 2473 3535 2529 Brutus
3562 2471 3805 2527 Porciam

2169 2566 2455 2637 virginem
2490 2564 2654 2619 duxit
2686 2581 2920 2618 uxorem
2950 2582 2961 2629 ;
2994 2562 3267 2617 Marciam
3319 2562 3461 2616 Cato
3502 2578 3617 2616 non
3646 2557 3806 2629 virgi-

2170 2672 2343 2723 nem;
2377 2656 2476 2709 sed
2510 2653 2727 2709 Marcia
2764 2652 2915 2707 inter
2962 2652 3336 2707 Hortensium
3359 2651 3381 2685 ³
3432 2651 3809 2720 Catonemque

2171 2742 2465 2808 discurrit,
2516 2748 2571 2797 et
2624 2743 2750 2799 sine
2798 2742 3013 2796 Catone
3076 2741 3264 2796 vivere
3325 2740 3545 2795 Marcia
3604 2737 3807 2809 potuit;

2173 2832 2371 2888 Porcia
2402 2833 2526 2886 sine
2559 2832 2734 2886 Brute
2766 2848 2879 2885 non
2913 2831 3117 2902 potuit.
3154 2830 3339 2900 Magis
3371 2830 3529 2884 enim
3554 2844 3614 2883 se
3636 2824 3810 2881 unicis

2171 2921 2311 2977 viris
2342 2921 2635 2993 applicant
2666 2920 2892 2974 feminae
2919 2937 2933 2986 ;
2964 2924 3020 2973 et
3051 2918 3194 2973 nihil
3246 2918 3405 2972 aliud
3461 2933 3652 2983 nesse,
3693 2931 3809 2968 ma-

2171 3028 2353 3083 gnum
2385 3010 2648 3065 arctioris
2679 3008 3052 3079 indulgentia:
3084 3006 3379 3062 vinculum
3430 3012 3540 3061 est.
3573 3003 3808 3061 Anniam

2171 3118 2305 3155 cum
2355 3099 2717 3171 propinquus
2766 3102 3045 3163 moneret,
3092 3101 3156 3151 ut
3198 3095 3361 3151 alteri
3411 3096 3535 3152 viro
3580 3094 3811 3150 nuberet

2173 3190 2320 3260 (esse
2340 3189 2495 3243 enim
2519 3188 2566 3242 ei
2589 3195 2643 3243 et
2664 3192 2889 3242 (etatem
2914 3188 3225 3258 integram,
3250 3192 3305 3240 et
3330 3184 3535 3240 faciem
3561 3179 3806 3251 bonam):

2172 3279 2575 3349 Nequaquam,
2608 3276 2821 3347 inquit,
2854 3276 2963 3331 hec
2997 3275 3228 3330 faciam.
3261 3274 3313 3327 Si
3339 3273 3497 3329 enim
3519 3273 3707 3329 virum
3726 3270 3813 3325 be-

2170 3384 2311 3422 num
2343 3367 2675 3433 invenero“,
2730 3364 2860 3420 nolo
2914 3365 3122 3420 timere
3151 3365 3306 3421 813
3337 3380 3410 3418 ne
3463 3362 3738 3435 perdam;
3768 3356 3811 3411 si

2170 3458 2416 3521 malum,
2446 3456 2585 3527 quid
2620 3471 2857 3510 necesse
2908 3459 2997 3509 est
3052 3457 3185 3525 post
3234 3453 3456 3508 bonum
3500 3450 3811 3524 pessimum

2168 3545 2501 3601 sustinere?
2533 3544 2731 3599 Porcia
2757 3544 2949 3598 minor
2980 3559 3116 3598 cum
3147 3541 3489 3597 laudaretur
3515 3539 3670 3612 apud
3693 3552 3811 3593 eam

2169 3635 2435 3706 quaedam
2466 3635 2613 3689 bene
2645 3638 2890 3698 morata,
2915 3650 3039 3704 qua:
3058 3632 3385 3687 secundum
3413 3630 3668 3686 habebat
3699 3643 3812 3682 ma-

2168 3724 2367 3789 ritum,
2418 3723 2752 3794 respondit:
2804 3722 2959 3777 Felix
3006 3725 3063 3776 et
3111 3721 3323 3792 pudica
3371 3724 3644 3775 matrona
3672 3731 3812 3771 nun-

2167 3828 2345 3884 quam
2369 3817 2756 3883 praaterquam
2788 3810 2967 3866 semel
2999 3810 3186 3865 nubit.
3212 3807 3485 3864 Marcella
3514 3808 3701 3878 major
3727 3820 3811 3858 re-

2166 3907 2302 3973 gata
2321 3918 2354 3956 a
2376 3906 2559 3956 matre
2581 3918 2686 3956 sua
2708 3900 3062 3971 gauderetne
3080 3916 3140 3954 se
3164 3898 3457 3970 nupsisse,
3485 3892 3805 3968 respondit:

2166 3990 2249 4046 Ita
2278 3989 2460 4057 valde,
2497 3994 2562 4045 ut
2608 3988 2861 4057 amplius
2912 3988 3113 4042 nolim.
3159 3985 3383 4042 Valeria
3429 3984 3805 4041 Messalarum

2166 4097 2350 4146 soror,
2375 4080 2591 4135 amisso
2616 4078 2809 4133 Servio
2841 4077 2984 4145 viro,
3002 4075 3150 4131 nulli
3171 4073 3398 4132 volebat
3420 4075 3658 4130 nubere.
3684 4073 3806 4136 Quae

2164 4168 2520 4240 interrogata
2551 4184 2657 4223 cur
2688 4168 2917 4233 faceret,
2968 4165 3048 4220 ait
3097 4164 3209 4221 sibi
3258 4180 3493 4234 semper
3543 4161 3810 4219 maritum

2164 4257 2428 4313 Servium
2459 4258 2665 4312 vivere.

2235 4348 2323 4401 47.
2376 4346 2726 4414 Theophrasti
2780 4344 2845 4398 do
2898 4346 3114 4415 Nuptiis
3168 4344 3326 4398 liber.
3391 4343 3594 4399 Uxoris
3649 4339 3813 4395 ductae

2163 4436 2522 4491 incommoda.
2557 4437 2786 4505 Propter
2831 4434 2967 4504 quod
3013 4434 3271 4488 dicuntur
3321 4447 3544 4488 uxores.
3577 4428 3815 4486 Stultitia

2162 4526 2447 4581 hominum
2476 4542 2585 4579 non
2608 4540 2759 4577 rura.
2786 4555 2851 4561 —
2875 4523 3073 4577 Sentio
3096 4522 3151 4575 in
3177 4520 3442 4592 catalogo
3466 4518 3811 4576 feminarum

410 4611 670 4683 corporis
701 4626 907 4667 cruore
937 4610 1165 4666 delevit.
1201 4609 1452 4666 Duillius
1504 4612 1604 4677 [ιλιι.
1640 4610 1921 4683 Ducllius]
1954 4611 2053 4682 qui
2084 4628 2131 4693 D
2163 4614 2346 4671 multo
2381 4630 2472 4668 me
2504 4612 2673 4684 plura
2706 4611 2921 4667 dixisse
2951 4627 3128 4683 quam
3158 4609 3562 4681 exemplorum
3598 4606 3814 4681 patitur

409 4700 637 4773 primus
661 4700 855 4756 Roma;
878 4699 1065 4755 navali
1091 4699 1406 4755 certamine
1426 4700 1827 4773 triumphavit,
1848 4700 2054 4754 Bitiam

408 4787 697 4861 virginem
744 4787 908 4843 duxit
957 4804 1216 4854 uxorem,
1266 4791 1439 4843 tantae
1490 4788 1797 4860 puditiciar,
1852 4793 1917 4844 ut
1955 4787 2053 4845 illo

484 4988 498 5021 ¹
530 4986 883 5043 Veronensis
914 4985 1015 5041 lib.
1061 4986 1355 5050 Abradate,
1397 4986 1800 5040 Cisterciensis
1834 4985 2051 5052 Abrate,

409 5058 819 5115 Casanatensis
841 5058 1110 5113 Abradite.
1137 5058 1266 5111 Vid.
1291 5057 1751 5128 Xenophontem,
1808 5056 1906 5111 lib.
1952 5074 2052 5112 vu.

411 5129 805 5257 giexuquoque
834 5131 1078 5186 Phanliu
1108 5129 1167 5184 in
1219 5133 1417 5184 nostro
1467 5145 1579 5184 ms.
1633 5129 1928 5183 invenitur
1953 5146 2055 5200 pro

461 5217 535 5254 an.
579 5218 682 5256 tea.

461 5208 682 5256 anthea.

484 5272 505 5305 ³
535 5271 701 5327 Falso
730 5273 1103 5328 Martianaeus
1133 5288 1297 5343 quam
1325 5273 1534 5325 amicus
1562 5270 1787 5343 nudum,
1814 5275 2057 5342 etc.,pro

410 5344 669 5406 maritus,
702 5347 768 5398 ut
792 5343 1008 5399 habent
1039 5341 1178 5399 mss.
1201 5357 1404 5399 omnes
1427 5350 1601 5413 atque
1621 5341 1759 5396 editi
1783 5341 2057 5397 vetustio-

414 5430 528 5543 ἷξε.
561 5413 877 5539 Hlistoriam
912 5416 1233 5470 Herodotus
1261 5420 1456 5470 narrat
1483 5416 1553 5469 de
1596 5414 1907 5485 Candaule,
1940 5415 2059 5469 sive

477 5501 594 5543 Vl‘Sl
622 5503 696 5541 10.

477 5501 696 5558 yrsme.

484 5556 899 5612 3Casanatens.
928 5557 1194 5612 llhoilone.
1222 5557 1353 5611 Vid.
1382 5556 1798 5612 Philostratum
1826 5556 1881 5610 in
1910 5557 2059 5613 lma-

416 5628 674 5700 ginibus.
710 5628 790 5682 De
819 5628 1431 5700 AlcesteEuripidem.
1458 5629 1710 5700 Reliqua:
1733 5629 1910 5683 obvia:
1938 5648 2057 5683 ma-

415 5698 506 5773 gis
535 5700 790 5756 historiae
829 5703 905 5773 et_
919 5698 1145 5773 fabulae.

485 5775 507 5810 ⁴
535 5773 673 5832 Mss.
709 5774 827 5843 Quo
872 5769 1014 5829 dicto
1054 5772 1329 5846 eleganter
1375 5771 1624 5844 ostendit,
1655 5774 1765 5828 etc.
1807 5770 2057 5831 Victoria

2166 4703 2546 4769 consuetudo,
2583 4708 2638 4756 et
2668 4719 2701 4757 a
2733 4702 2944 4756 lectore
2975 4699 3203 4755 erudito
3237 4699 3392 4768 juste
3423 4714 3600 4771 posse
3633 4709 3817 4768 repre-

2166 4791 2366 4848 hendi.
2393 4792 2500 4847 Sed
2534 4790 2672 4864 quid
2707 4790 2939 4858 faciam,
2971 4806 3104 4845 cum
3138 4787 3281 4853 mihi
3327 4787 3607 4843 mulieres
3639 4780 3813 4841 nostri

2168 4993 2363 5043 autem
2394 5005 2495 5059 pro
2525 4989 2729 5042 Marcia
2757 4986 3068 5059 legendum
3098 4985 3393 5059 videretur
3411 4986 3649 5059 Porcia:
3684 4996 3813 5059 nam

2169 5056 2489 5185 flarciqﬁitt
2518 5062 2715 5115 statim
2748 5056 3040 5123 subditur,
3075 5074 3189 5113 non
3222 5057 3360 5125 ﬁlia,
3395 5057 3501 5113 sed
3545 5071 3690 5113 uxor
3717 5056 3812 5108 Ca-

2196 5148 2326 5185 oms
2384 5150 2439 5185 tll
2474 5173 2487 5185 .

2171 5132 2326 5187 tonis
2357 5132 2487 5187 fuit.

2240 5205 2261 5237 ⁵
2290 5204 2493 5259 Marcia
2531 5206 2675 5257 inter
2713 5203 3082 5266 Hortensium,
3128 5204 3237 5256 etc.
3262 5199 3644 5257 Discurrebat
3672 5196 3815 5252 Mar-

2170 5275 2259 5330 cia
2286 5274 2438 5329 inter
2482 5273 2858 5329 Hortensium
2916 5278 2974 5327 et
3030 5273 3328 5337 Catonem,
3380 5272 3537 5343 quod
3590 5268 3816 5343 utrique

2171 5347 2347 5401 fuerit
2377 5364 2537 5411 uxor,
2585 5351 2641 5401 et
2684 5350 2814 5416 post
2863 5343 3078 5400 liberos
3125 5336 3814 5416 procreates_rediret:ad

2171 5362 2347 5401 ruerit
2377 5364 2537 5411 uxor,
2585 5362 2641 5401 et
2684 5362 2814 5416 poet
2863 5362 3078 5400 uberes
3167 5362 3457 5400 recreatos
3498 5362 3711 5397 rediret
3747 5362 3814 5393 au

2170 5418 2424 5490 priorem
2454 5417 2663 5472 virum.
2691 5418 2971 5490 Miarmu.
3005 5448 3073 5455 —
3099 5362 3377 5490 ligarciam
3401 5432 3433 5470 a
3456 5413 3675 5470 Catone
3695 5411 3817 5490 ejus

2168 5482 2290 5543 viro
2331 5490 2677 5544 Hortensius
2724 5488 3054 5543 obtinuerat
3098 5487 3416 5543 liberorum
3440 5482 3817 5556 procreando-

2172 5578 2301 5616 rum
2334 5562 2557 5631 gratia;
2592 5578 2738 5631 quos
2770 5576 2903 5614 cum
2936 5558 3019 5613 illi
3051 5559 3400 5631 peperisset,
3424 5558 3505 5631 ad
3544 5559 3816 5613 Catonem

2170 5627 2400 5688 reversa
2430 5638 2536 5687 est.
2572 5627 2651 5687 D'e
2682 5631 2905 5697 Porcia,
2935 5627 3449 5686 vidfPlutarcth
3473 5627 3676 5684 Brute.

2240 5706 2261 5739 θ
2292 5704 2479 5761 Verba
2508 5707 2568 5759 ut
2596 5712 2724 5776 ante
2752 5703 2922 5776 habui
2948 5701 3042 5758 hic
3074 5703 3351 5776 supplent
3393 5699 3817 5759 emendatiores

2172 5791 2317 5837 mss.
2358 5781 2415 5836 et
2443 5780 2609 5835 vetus
2639 5775 2838 5834 editio.
