3944 6436
149 406 241 477 239
1184 392 1596 465 ADVERSUS
1640 384 2125 463 JOVINIANUM
2170 392 2319 462 LIB.
2368 388 2417 459 ι.
3382 384 3507 456 2‘90

150 542 383 617 temporis
410 539 655 614 apostoli
702 539 972 611 ingerunt
1019 538 1459 601 auctoritatem;
1491 541 1547 591 εἰ
1612 551 1741 590 nec“
1768 535 1821 601 Α
1854 568 2084 607 marum
2116 551 2553 621 sericarumque
2583 548 2833 604 vestium
2858 548 2907 601 si
2933 544 3499 618 intromiseris,peri-

147 638 259 692 dum
277 633 411 689 8Ῐᾶΐο
438 631 639 687 funem
666 629 876 702 ΡΓίοΓίε
908 628 1038 694 Viri»
1072 627 1410 682 memoriter
1467 624 1737 714 digamlm
1849 640 2046 697 culum
2092 640 2379 714 pudicitiae
2402 644 2535 707 est;
2595 638 2645 694 si
2696 636 3089 709 prohibueris,
3138 635 3498 708 suspicionis

143 727 385 797 Pmcepta
414 718 767 777 deuntem?
796 717 869 773 Ut
899 734 1025 789 qum
1050 716 1396 772 ωινίεδίθηίθ
1444 713 1737 787 PUdlClil‘ie
1851 730 2085 801 injuria.
2122 729 2336 785 Veium
2369 728 2508 801 quid
2533 728 2771 801 prodest
2799 726 2972 781 etiam
3006 724 3257 798 diligens
3310 728 3501 780 custo-

143 812 422 886 despiciunt
445 810 645 875 ﬁdem,
678 808 909 864 discant
940 806 1149 861 saltem
1181 806 1253 860 ab
1280 804 1530 860 ethnicis
1562 804 1738 859 casti-
1849 818 1966 886 diu,
2001 834 2133 873 cum
2165 834 2310 873 υχοιι
2352 816 2568 872 servari
2614 815 2913 887 impudica
2955 830 3070 870 non
3130 813 3338 886 possit,
3398 831 3505 885 ρο-

141 908 301 959 tatem.
323 901 519 956 Fertur
538 897 816 955 aureolus
844 899 859 931 ¹
890 894 1276 967 Theophrasti
1308 893 1455 948 liber
1509 892 1574 948 de
1627 894 1740 947 Nu-

1958 925 1982 962 1
2010 924 2125 963 non
2150 906 2395 961 debeat?
2427 906 2611 960 Infida
2639 905 2793 960 enim
2828 907 3025 959 custos
3068 907 3158 959 est
3214 902 3502 959 castitatis

140 990 316 1065 Ρίίίιῧίη
344 1006 450 1060 quo
482 987 693 1060 quaerit
722 1004 794 1041 an
827 985 915 1039 Vir
945 984 1181 1057 sapiens
1207 983 1382 1039 ducat
1406 982 1743 1038 “xorem-Et
1852 998 2171 1052 necessitas
2198 1014 2211 1062 ;
2244 1002 2302 1051 et
2345 994 2444 1051 illa
2490 1010 2622 1050 vere
2667 993 2879 1067 pudica
2925 993 3175 1049 dicenda
3229 997 3338 1059 est,
3405 991 3507 1047 cui.

142 1097 249 1137 cum
268 1078 571 1142 deﬁnisset,
594 1076 643 1131 si
667 1074 911 1148 pulchra
943 1076 1118 1136 esset,
1151 1073 1201 1128 si
1223 1073 1369 1128 bene
1388 1075 1634 1138 morata,
1691 1070 1739 1125 si

1958 1086 2015 1141 iit
2053 1101 2290 1156 peccare
2349 1084 2395 1139 si
2440 1083 2641 1139 voluit.
2695 1082 2944 1139 Pulchra
3001 1082 3114 1137 cito
3170 1082 3498 1145 adamatur,

142 1167 357 1225 boni-’Slls
384 1166 742 1239 Parentibus:
772 1163 822 1220 Si
856 1163 979 1236 ipse
1006 1179 1186 1218 Simus
1215 1179 1280 1216 ac
1311 1161 1496 1227 ἀίνοετ
1520 1160 1604 1215 Sic
1643 1177 1742 1214 38'
1857 1176 2007 1230 foeda
2039 1173 2204 1229 facile
2235 1173 2615 1245 concupiscit.
2654 1172 2895 1228 Difficile
2944 1170 3296 1236 custoditur,
3346 1171 3501 1243 quod

143 1260 355 1332 Pleni-em
409 1254 726 1327 aliquando
747 1253 893 1308 inire
919 1250 1385 1317 matrimonium:
1416 1249 1617 1305 Statim
1662 1248 1742 1303 ίη·
1855 1265 2053 1337 plures
2085 1267 2285 1319 amant
2313 1264 2353 1317 δ.
2390 1263 2696 1317 Molestum
2720 1266 2807 1317 est
2829 1260 3310 1334 possidore,quod
3338 1277 3506 1315 nemo

142 1348 279 1403 tulit:
311 1370 335 1397 ι(
367 1345 491 1401 Haec
521 1349 716 1401 autem
750 1344 808 1399 in
840 1342 1065 1415 nuptiis
1105 1358 1234 1397 raro
1284 1339 1558 1395 universa
1606 1355 1741 1393 con-

1958 1369 2069 1408 icre
2101 1352 2393 1424 dignetur.
2430 1351 2651 1405 Minore
2674 1356 2868 1404 tamen
2930 1348 3168 1404 miseria
3224 1349 3506 1405 deformis

141 1436 355 1491 cordant.
386 1434 509 1489 Non
540 1438 631 1489 est
660 1449 795 1505 ergo
825 1448 970 1487 uxor
998 1429 1266 1485 ducenda
1313 1426 1587 1500 sapienti.
1617 1428 1743 1483 Pri-

1958 1447 2127 1505 )etur,
2154 1458 2325 1513 quam
2362 1441 2612 1495 formosa
2644 1443 2926 1493 servatur.
2960 1437 3115 1493 Nihil
3140 1441 3335 1493 tutum
3396 1442 3505 1503 est,

142 1542 273 1581 mum
301 1524 444 1580 enim
484 1522 755 1594 impediri
776 1517 1411 1593 εῑυάίᾶΡῙῚίῙοεορδίίεε
1448 1534 1553 1573 nec
1576 1534 1747 1589 P0359
1856 1532 1913 1586 in
1947 1531 2102 1603 quod
2134 1531 2317 1585 totius
2348 1529 2545 1601 populi
2578 1534 2708 1583 vota
2736 1528 3055 1598 suspirant.
3086 1526 3254 1582 Alius
3294 1527 3507 1596 forma,

101 1618 108 1626 ’
142 1629 450 1685 quemquam
475 1612 645 1667 libris
665 1616 721 1667 et
751 1609 915 1666 uxori
948 1609 1166 1682 Pariter
1207 1608 1505 1663 ίηεθτνίτθο
1564 1605 1751 1662 “Ulla
1859 1620 2010 1675 alius
2042 1619 2295 1691 ingenio,
2332 1619 2483 1674 alius
2509 1617 2921 1685 facetiis,alius
2969 1615 3315 1672 liberalitate
3347 1615 3509 1672 solli-

138 1719 239 1759 ⁸8⁸⁸
265 1719 381 1775 qua?
416 1706 819 1757 matronarum
851 1700 1061 1756 “Bibas
1086 1696 1416 1754 necessaria
1438 1696 1575 1762 Sint».
1619 1713 1746 1767 ΡΓΘ·
1860 1709 2018 1766 citat.
2051 1709 2259 1780 Aliquo
2319 1709 2509 1772 modo,
2566 1706 2655 1761 vel
2725 1705 3040 1777 aliquando
3069 1706 3090 1739 ⁶
3138 1709 3511 1777 expugnatur

138 1794 270 1848 tiesze
286 1797 484 1859 vestes,
524 1808 756 1858 aurum,
790 1793 1362 1863 gemmae,sumptus,
1395 1785 1748 1853 ancillaz,su-

1958 1800 2016 1853 )d
2052 1799 2313 1868 undique
2344 1797 2674 1852 incessitur.
2701 1794 2863 1858 Quod
2897 1796 2945 1850 si
2980 1798 3215 1867 propter
3273 1794 3509 1865 dispen-

138 1881 294 1952 pellex
318 1880 500 1949 varia,
531 1879 746 1973 lecticae
773 1884 830 1935 et
859 1874 1753 1973 essedadeaurat‘a.Deinde-per
1784 1910 1828 1973 Β
1862 1888 2146 1944 sationem
2194 1888 2403 1942 domus
2449 1891 2506 1941 et
2562 1884 2863 1956 languoris
2923 1882 3153 1955 solutio,
3212 1886 3270 1940 et
3311 1883 3510 1955 fugam

140 1976 303 2026 noctes
325 1974 473 2025 totas
506 1969 751 2042 garrulae
784 1968 1235 2039 conquestiones
1263 1981 1276 2018 :
1324 1964 1426 2020 illa
1486 1965 1748 2019 ornatior

1958 1976 2221 2041 itudinis,
2245 1976 2543 2029 ducuntur
2570 1990 2778 2028 uxores
2803 1989 2815 2026 :
2852 1972 3036 2028 multo
3068 1971 3280 2028 melius
3307 1989 3512 2029 servus

139 2058 361 2130 Procedit
379 2059 434 2115 in
470 2057 773 2132 PUblicum
802 2076 815 2123 ;
846 2057 968 2111 haec
991 2057 1311 2111 honoratur
1341 2055 1412 2109 ab
1446 2054 1746 2118 omnibus,
1862 2066 2049 2120 fidelis
2082 2065 2402 2136 dispensat,
2433 2063 2710 2118 obediens
2762 2060 3095 2117 auctoritati
3152 2061 3398 2130 domini,
3458 2065 3517 2118 et

138 2165 221 2220 ego
248 2148 299 2204 in
328 2153 611 2204 conventu
645 2147 993 2203 feminarum
1028 2144 1260 2201 misella
1286 2143 1599 2215 despicior.
1635 2143 1751 2197 Cur
1858 2154 2268 2227 dispositioni“:
2297 2154 2423 2224 ejus
2455 2153 2887 2223 obtemperans,
2938 2149 3094 2206 διδ
3120 2167 3295 2222 quam
3349 2168 3513 2219 uxor,

139 2236 891 2310 aspiciebasvicinam?quid
914 2252 1046 2290 cum
1071 2232 1702 2304 ancillulaloquebaris
1723 2234 1751 2287 ‘I
1860 2260 1991 2316 quo;
2018 2245 2074 2298 in
2109 2260 2174 2298 eo
2207 2258 2269 2297 se
2301 2241 2594 2298 existimat
2626 2240 2948 2305 dominam,
2983 2239 3028 2294 si
3064 2240 3374 2296 adversum
3406 2240 3517 2295 viri

138 2327 193 2381 de
221 2329 327 2384 foro
358 2327 598 2383 veniens
620 2327 757 2399 quid
790 2325 1040 2381 attulisti
1064 2325 1221 2380 ?N0n
1246 2323 1500 2378 amicum
1535 2322 1750 2378 habere
1864 2332 2035 2388 faciat
2063 2332 2443 2393 voluntatem,
2477 2331 2529 2384 id
2566 2334 2674 2397 est,
2707 2329 2859 2401 quod
2913 2328 3121 2401 placet,
3180 2345 3296 2384 non
3354 2328 3511 2400 quod

142 2432 423 2487 possumus
446 2417 847 2489 [ALpossnm],
880 2431 993 2469 non
1015 2411 1572 2469 sodalem.Alterius
1593 2428 1751 2467 amo—
1853 2423 2119 2493 jubetur.
2152 2420 2421 2476 Assidere
2452 2424 2646 2474 autem
2681 2416 2985 2489 aegrotanti
3015 2416 3206 2488 magis
3264 2420 3515 2489 possunt

140 2520 239 2560 rem
266 2522 433 2562 suum
464 2506 670 2562 Odium
701 2504 1053 2576 suspicatum
1090 2503 1144 2557 Si
1178 2502 1562 2558 doctiSSimUS
1613 2517 1752 2572 PNB‘
1862 2511 2060 2579 amici,
2098 2516 2154 2565 et
2209 2508 2460 2564 vernula:
2510 2507 2810 2562 beneficiis
2860 2505 3120 2577 obligati,
3174 2522 3353 2577 quam
3413 2504 3518 2561 illa

139 2596 374 2667 ceptorin
405 2593 924 2668 qualibeturbium
953 2592 1146 2660 fuerit,
1208 2608 1315 2647 nec
1372 2607 1611 2647 uxorem
1665 2607 1751 2645 re-
1864 2618 1991 2673 quo;
2024 2599 2467 2670 nobisimputat
2524 2598 2629 2668 [Αι.
2688 2596 2957 2668 imputet]
3003 2596 3292 2667 lacrymas
3352 2612 3513 2661 suas,

136 2684 383 2757 linquere,
418 2702 523 2741 nec
554 2701 687 2740 cum
709 2683 941 2739 sarcina
970 2683 1053 2737 ire
1102 2698 1421 2754 possumus
1442 2681 1469 2735 ?
1502 2681 1607 2752 [Αἰ.
1652 2696 1751 2751 po-
1864 2696 1920 2745 et
1951 2688 2307 2744 haereditatis
2340 2703 2442 2759 spe
2472 2686 2668 2742 vendit
2698 2686 2802 2757 [Λί.
2848 2685 3090 2755 vendas]
3132 2682 3417 2752 illuviem,
3464 2689 3521 2739 et

139 2778 230 2829 test
256 2776 291 2845 l.
322 2776 640 2848 Pauperem
672 2773 844 2840 alere,
870 2770 1107 2828 difﬁcile
1136 2775 1256 2835 est;
1283 2771 1523 2826 divitem
1582 2771 1751 2836 ferre,

1963 2777 2325 2833 licitudinem
2359 2777 2616 2846 jactans,
2649 2774 2983 2847 languentis
3015 2772 3281 2829 animum
3321 2774 3522 2846 despe-

137 2866 483 2920 tormentum.
520 2864 685 2919 Adde
709 2863 863 2935 quod
886 2863 907 2896 ²
939 2860 1102 2917 nulla
1131 2865 1219 2915 est
1279 2859 1479 2915 uxoris
1528 2858 1751 2925 electio,

1964 2870 2091 2923 ione
2114 2865 2444 2922 conturbat.
2469 2865 2630 2928 Quod
2665 2863 2713 2918 si
2747 2864 2874 2936 ipsa
2902 2862 3217 2935 languerit,
3269 2879 3519 2935 cozegro-

141 2953 221 3007 sed
267 2953 691 3025 qualiscunque
755 2953 911 3007 314
971 2950 1290 3013 obvenerit,
1356 2949 1649 3005 habenda.
1700 2949 1756 3003 Si
1867 2951 3096 3025 tandumest,etnunquamabejuslectulo
3127 2953 3521 3008 recedendum

141 3041 409 3112 iracunda,
442 3044 492 3099 si
528 3041 765 3107 fatua,si
795 3039 1152 3108 deformis,si
1186 3039 1513 3110 superba,si
1535 3039 1757 3103 fcetida,

1961 3052 1982 3101 t
2014 3047 2061 3101 si
2098 3048 2250 3101 bona
2277 3046 2452 3100 fuerit
2480 3048 2537 3098 et
2565 3042 2761 3099 suavis
2791 3059 2935 3098 uxor
2955 3044 3107 3114 (quae
3137 3046 3335 3096 tamen
3392 3058 3523 3096 rara

144 3132 505 3204 quodcunque
522 3130 646 3187 vitii
676 3134 765 3187 est
795 3135 928 3202 post
956 3128 1192 3200 nuptias
1223 3128 1759 3199 discimus.Equus,
1869 3136 1991 3191 uvis
2023 3139 2112 3191 ost,
2139 3136 2205 3205 3),
2237 3151 2371 3188 cum
2406 3132 2763 3205 parturiente
2785 3131 3107 3202 gemimus,
3132 3147 3266 3186 cum
3292 3129 3521 3201 pericli-

142 3220 335 3289 asinus,
367 3223 494 3289 bos,
539 3220 721 3287 canis,
759 3223 816 3274 et
865 3217 1151 3273 vilissima
1209 3217 1521 3289 mancipia,
1571 3223 1762 3273 vestes
1803 3285 1836 3294 _
1874 3229 2035 3281 tante
2065 3229 2430 3294 torquemur.
2465 3221 2711 3292 Sapiens
2742 3223 2937 3275 autem
2994 3235 3298 3291 nunquam
3359 3217 3521 3274 solus

144 3285 429 3382 quoquam
456 3285 912 3377 Ιέὺϐὶοεξεθάίιϐ
942 3307 1223 3380 ligneum,
1256 3285 1425 3372 calix;
1457 3311 1513 3362 εἴ
1562 3324 1762 3362 υΡοθου
1795 3285 1838 3351 C
1876 3331 2002 3370 esse
2017 3285 2630 3385 potesitllabetsecum
2647 3326 2849 3365 omnes
2864 3310 2961 3382 qui
2982 3285 3522 3381 sunt,quiunquam

139 3396 215 3453 lus
242 3399 429 3455 ﬁctilis
462 3400 790 3473 probantur
811 3396 996 3470 prius,
1040 3400 1097 3451 et
1130 3396 1214 3452 sic
1262 3398 1540 3452 emuntur
1572 3413 1585 3451 :
1639 3394 1764 3451 sola
1874 3405 2113 3459 fuerunt
2143 3401 2301 3468 boni,
2333 3405 2387 3456 et
2420 3399 2683 3455 animum
2716 3399 2967 3455 liberum
3000 3416 3352 3472 quocunque
3380 3398 3524 3470 vult,

140 3502 259 3542 uxor
278 3506 388 3545 non
439 3488 793 3553 ostenditur,
827 3504 899 3542 ne
931 3490 1066 3542 ante
1097 3484 1408 3557 displiceat
1438 3501 1620 3556 quam
1653 3486 1759 3541 du-
1875 3493 2171 3549 transfert.
2220 3491 2385 3557 Quod
2445 3506 2684 3561 corpore
2742 3507 2859 3544 non
2909 3493 3118 3561 potest,
3178 3489 3525 3562 cogitatione

136 3581 301 3633 catur.
331 3578 700 3635 Attendenda
729 3593 959 3648 semper
987 3576 1115 3647 ejus
1145 3581 1233 3631 est
1265 3575 1459 3643 facies,
1516 3580 1573 3630 et
1632 3573 1762 3647 pul-
1877 3582 2300 3655 complectitun
2334 3582 2404 3635 Et
2433 3580 2480 3635 si
2514 3580 2823 3636 hominum
2853 3579 3050 3651 inopia
3079 3579 3274 3649 fuerit,
3336 3580 3526 3652 loqui-

138 3666 377 3724 chritudo
405 3668 753 3725 laudanda:
817 3683 888 3721 ne
926 3665 975 3721 si
1028 3664 1271 3721 alteram
1333 3665 1651 3736 aspexeris,
1703 3681 1764 3720 se
1877 3677 1973 3728 tur
2004 3689 2138 3728 cum
2172 3671 2307 3726 Deo.
2342 3670 2676 3742 Numquam
2708 3670 2906 3724 minus
2955 3669 3117 3725 solus
3176 3669 3288 3725 erit
3345 3686 3524 3741 quam

137 3756 400 3814 existimet
427 3757 761 3829 displicere.
810 3755 1077 3817 Vocanda
1097 3754 1358 3821 domina,
1383 3753 1766 3810 celebrandus
1879 3779 2011 3817 cum
2040 3761 2202 3816 solus
2234 3760 2342 3815 erit
2361 3760 2401 3813 9.
2432 3764 2608 3813 Porro
2641 3758 2958 3813 liberorum
3018 3774 3227 3813 causas
3284 3774 3524 3813 morem

142 3846 328 3904 natalis
356 3849 505 3919 ejus,
532 3846 857 3917 jurandum
891 3862 992 3917 per
1044 3843 1292 3900 salutem
1353 3843 1535 3910 illiUS,
1587 3849 1651 3898 ut
1690 3845 1768 3899 sit
1880 3852 2112 3915 ducere,
2148 3853 2213 3904 ut
2239 3848 2561 3903 velnomen
2608 3851 2875 3902 nostrum
2932 3863 3048 3901 non
3107 3846 3374 3911 intereat,
3436 3845 3525 3901 vel

143 3942 413 4007 superstes
443 3936 795 4010 optandum,
857 3934 1199 3990 honoranda
1257 3932 1452 3988 nutrix
1511 3935 1660 4003 ejus,
1712 3939 1769 3989 et
1880 3939 2206 3995 habeamus
2237 3937 2559 3994 senectutis
2592 3935 2883 4007 praesidia,
2946 3940 3002 3990 et
3058 3934 3231 3990 certis
3285 3940 3527 3990 utamur

147 4024 345 4095 gerula,
368 4042 575 4083 servus
608 4024 897 4096 patrinus,
922 4028 979 4078 et
998 4022 1276 4078 alumnus
1304 4023 1417 4089 ³,θι
1476 4022 1768 4079 formosus
1883 4028 2232 4093 haeredibus,
2267 4024 2721 4082 stolidissimum
2755 4028 2863 4080 est.
2898 4024 3043 4089 Quid
3077 4023 3232 4079 enim
3289 4024 3362 4079 ad
3416 4040 3524 4080 nos

141 4113 358 4189 assecla,
388 4120 447 4172 et
476 4119 821 4188 procurator
850 4112 1302 4178 calamistratus,
1335 4116 1391 4167 et
1422 4111 1478 4165 in
1532 4111 1767 4184 longam
1883 4116 2133 4189 pertinet
2167 4115 2498 4170 recedentes
2547 4130 2577 4167 e
2634 4113 2873 4181 mundo,
2926 4113 2974 4168 si
3035 4112 3273 4169 nomine
3327 4118 3528 4170 nostro

143 4188 507 4277 secuiamque
539 4204 841 4259 libidinem
875 4207 1139 4258 exsectos
1169 4202 1387 4273 spado:
1413 4202 1524 4257 sub
1555 4201 1769 4273 quibus
1885 4188 2036 4261 alius
2054 4204 2387 4260 nominetur
2420 4220 2574 4269 ;cum
2606 4206 2663 4257 et
2696 4202 2853 4257 filius
2885 4204 2928 4237 ¹⁰
2957 4219 3071 4257 non
3096 4204 3294 4259 statim
3346 4204 3530 4276 patris

140 4290 1771 4363 nominibusadulteria[ALadulteris]delitescunt.Quos-
1880 4293 2230 4351 vocabulum
2290 4294 2518 4360 referat,
2569 4296 2625 4347 ct
2664 4290 3124 4348 innumerabiles
3202 4292 3339 4359 sint,
3428 4292 3533 4366 qui

141 4394 348 4446 cunque
372 4383 478 4440 illa
507 4382 796 4450 dilexerit,
857 4381 1103 4453 ingratis
1156 4380 1412 4437 amandi.
1468 4381 1527 4436 Si
1587 4385 1768 4436 totam
1883 4386 2087 4440 eodem
2147 4381 2514 4455 appellentur
2580 4382 2860 4437 nomine?
2915 4386 3031 4438 Aut
3085 4399 3212 4455 quae
3262 4387 3532 4439 senectu-

139 4467 353 4528 domum
434 4473 751 4546 regendam
813 4472 862 4526 ei
925 4469 1310 4537 commiseris,
1397 4470 1768 4527 serviendum
1884 4474 1960 4529 tis
1991 4471 2207 4529 auxilia
2231 4475 2371 4527 sunt
2415 4470 2672 4526 enutrire
2716 4469 2895 4541 domi,
2955 4471 3057 4543 qui
3116 4471 3431 4544 autprior
3476 4476 3534 4528 te

140 4564 227 4614 est.
257 4563 310 4617 Si
345 4562 571 4636 aliquid
605 4567 706 4617 tuo
739 4560 980 4617 arbitrio
1012 4560 1418 4631 reservaveris,
1452 4560 1626 4615 [idem
1658 4560 1769 4615 sibi
1886 4566 2031 4618 forte
2071 4562 2377 4630 moriatur,
2428 4564 2530 4616 aut
2587 4560 3043 4632 perversissimis
3091 4563 3167 4617 sit
3223 4559 3536 4616 moribus?

140 4645 315 4707 haberi
362 4669 480 4709 non
536 4652 814 4725 putabit;
869 4650 968 4706 sed
1026 4651 1085 4705 in
1143 4650 1343 4705 odium
1398 4653 1656 4705 vertetur
1706 4666 1773 4706 ac
1804 4663 1849 4727 D
1878 4655 1993 4707 Aut
2021 4655 2172 4707 certe
2204 4667 2338 4705 cum
2370 4650 2441 4705 ad
2470 4655 2757 4705 maturam
2792 4654 3020 4705 atatem
3063 4649 3303 4715 venerit,
3372 4648 3535 4704 tarde

131 4738 325 4813 jurgia,
349 4748 406 4799 et
455 4743 575 4798 nisi
616 4743 730 4797 cito
793 4739 1181 4807 consulueris,
1243 4739 1472 4810 parabit
1528 4755 1768 4795 venena.

139 4828 300 4898 Anus,
330 4836 387 4888 et
417 4830 722 4903 aruspices
752 4832 793 4898 ⁴,
822 4836 880 4886 et
908 4828 1165 4886 hariolos
1196 4833 1253 4883 et
1281 4828 1576 4885 inslitores
1610 4846 1769 4901 gem-

201 4974 533 5048 ‘lntercidit
560 4974 943 5048 Theophrasti
978 4974 1125 5048 liber
1165 4973 1291 5048 iste
1331 4973 1403 5048 de
1438 4973 1685 5048 ANuptiis
1719 4990 1773 5048 _a

144 5045 685 5128 sapienteineundis
713 5043 951 5128 totaque
984 5045 1296 5118 fragmenti
1346 5045 1525 5116 hujus
1551 5043 1562 5044 ί
1585 5043 1774 5118 gratia

145 5117 477 5193 Hieronymo
500 5120 768 5176 habenda
802 5117 910 5177 est.
1086 5117 1095 5118 7

200 5191 382 5269 fﬂrat
412 5192 561 5247 Adde
591 5189 1295 5269 quoniam,renuentibus
1328 5204 1471 5269 mss.

200 5262 220 5296 ³
247 5261 382 5320 Mss.
418 5260 627 5320 omnes
650 5280 782 5319 cum
814 5262 990 5319 veteri
1015 5277 1248 5333 quoque
1295 5260 1548 5314 editione
1590 5275 1775 5314 servus

142 5339 406 5405 paternus,
438 5337 833 5403 alumnus,etc.
855 5336 983 5390 Mox
1014 5350 1117 5405 pro
1138 5335 1382 5405 exsectae
1399 5335 1520 5386 erat
1535 5340 1770 5387 exertus.

201 5407 219 5439 ⁴
240 5410 340 5463 Pro
360 5410 648 5479 aruspices
684 5425 797 5464 uno
829 5404 1118 5463 consensu
1151 5404 1370 5459 habent
1403 5420 1546 5458 mss.
1581 5408 1637 5459 et
1678 5420 1772 5460 ve-

147 5478 227 5533 tus
252 5480 428 5535 editio
460 5478 733 5550 auriﬁces.

174 5551 409 5678 I‘P‘ubl.
443 5546 683 5621 Mimus,
748 5551 989 5622 Difﬁcile
1044 5547 1343 5605 custoditur
1399 5546 1538 5616 quod
1586 5548 1775 5602 multis

192 5638 271 5679 are
299 5668 311 5679 .

143 5637 393 5770 filiifillucl
424 5696 849 5770 aetatiquando
879 5696 938 5752 in
985 5694 1218 5751 duobus
1250 5707 1396 5749 mss.
1429 5706 1543 5749 non
1602 5690 1775 5748 habe-

152 5766 249 5842 tur,
282 5772 338 5829 et
354 5767 607 5831 Gravius
632 5766 879 5847 respuit.

1886 4742 1934 4797 ei
1968 4739 2219 4796 videaris
2242 4738 2410 4794 mori.
2447 4738 2713 4793 Haeredes
2745 4742 2940 4793 autem
2967 4737 3237 4794 meliores
3282 4742 3338 4792 et
3411 4752 3535 4792 cer-

1885 4832 2062 4888 tiores
2093 4829 2262 4884 amici
2292 4832 2431 4885 sunt
2473 4832 2530 4883 et
2560 4826 2895 4900 prepinqui,
2921 4844 3067 4899 quos
3106 4826 3333 4898 judicio
3389 4824 3533 4881 deli-

1956 4975 1977 5009 ⁶
2000 4973 2196 5029 Minus
2227 4973 2371 5028 bene
2403 4976 2525 5027 erat
2555 4970 2954 5041 dispensationi
2974 4975 3179 5027 contra
3203 4986 3347 5027 mss.
3395 4986 3520 5026 om-

1888 5046 2052 5102 nium
2087 5046 2282 5100 ﬁdem.
3551 5100 3565 5110 ,

1959 5119 1979 5151 ⁸
2011 5118 2193 5172 Penes
2217 5114 2591 5171 Abzelardum
2614 5114 2712 5186 qui
2738 5115 2894 5170 hunc
2925 5113 3118 5170 locum
3148 5114 3375 5181 laudat,
3410 5128 3531 5187 quae

1889 5207 2042 5249 rara.
2075 5193 2170 5244 aut
2200 5191 2296 5243 vix
2321 5196 2418 5242 est.

1959 5263 1979 5296 θ
2013 5261 2281 5316 Publium
2313 5259 2642 5331 Scipionem
2676 5257 2856 5313 dicere
2885 5258 3107 5313 solitum
3134 5259 3354 5331 scripsit
3407 5257 3537 5313 Cato

1887 5350 2191 5405 numquam
2220 5349 2275 5387 se
2304 5334 2487 5387 minus
2512 5332 2741 5385 otiosum
2772 5346 2902 5405 esse.
2935 5347 3100 5401 quam
3124 5347 3248 5405 cum
3295 5331 3537 5405 otiosus;

1886 5422 1984 5461 nec
2004 5401 2202 5483 minus
2225 5405 2620 5483 sol_um,“quam
2641 5417 2775 5483 eum
2802 5402 3154 5483 salutasset.
3188 5403 3368 5459 Cicer.
3430 5401 3532 5483 lib.

1891 5495 1955 5531 ιιι
1985 5478 2136 5548 Ofﬁc.
2189 5476 2375 5540 initio,
2417 5472 2553 5529 Vide
2602 5478 2658 5529 et
2716 5472 3097 5530 Plutarchum
3140 5475 3199 5532 in
3260 5473 3538 5547 Apophte-

1922 5551 2103 5604 matis.

1922 5566 2009 5603 ma
2038 5566 2103 5603 is.

1884 5566 1915 5620 g
1959 5566 2194 5681 “(Mssq
2225 5619 2380 5673 nllius
2398 5633 2503 5672 non
2540 5624 2781 5691 vocutur,
2808 5633 2929 5672 omn
2963 5622 3013 5673 ct
3043 5620 3214 5691 ﬁlius,
3238 5615 3534 5676 etc.Paulo

1888 5692 2041 5763 infra
2069 5691 2636 5761 Casatanensis,cum
2665 5689 2735 5748 ad
2763 5689 3049 5751 maturam
3068 5700 3281 5752 aetatem
3315 5691 3530 5763 veneris

1885 5762 2058 5839 tarda,
2091 5767 2200 5827 etc.
