3944 6406
411 362 534 429 291

1655 359 1718 422 8.
1767 352 2076 423 EUSEBII
2118 354 2587 423 HIERONYMI.

3696 353 3813 418 292

425 510 554 568 gas,
614 510 793 566 quam
851 508 1019 565 quos,
1074 490 1217 548 velis
1285 490 1457 559 nolis,
1511 490 1724 546 habere
1819 488 2063 562 cogaris.
2097 498 2151 563 Α
2186 495 2368 563 putet,
2393 491 2441 547 si
2495 507 2811 564 pauperem
2871 487 3119 556 duxerit,
3179 486 3323 544 satis
3379 503 3440 543 se
3497 486 3806 543 concordia

426 570 586 640 Lic‘et
614 583 822 639 certior
839 580 1257 648 hareditassit,
1289 581 1430 636 dum
1459 579 1700 646 advivis,
1728 578 1874 635 bene
1904 578 2067 634 abuti

426 658 759 729 substantia
778 675 1085 742 tua,quam
1115 674 1214 726 tuo
1231 669 1429 726 labore
1451 670 1696 741 quasita
1722 667 1782 723 in
1813 667 2068 723 incertos

429 777 573 816 usus
602 759 952 831 relinquere.
987 781 1016 807 ››

494 851 584 904 48.
644 848 841 903 Omnia
893 850 1042 902 mala
1088 863 1158 902 ex
1213 846 1555 903 mulieribus.
1588 848 1855 919 Epicurus
1908 847 2064 902 volu-

417 939 586 1010 ptatis
643 944 899 993 assertor.
950 938 1094 991 lovis
1151 937 1433 993 Gamelius
1486 939 1537 991 et
1605 935 1937 991 Genet/ilius.
1997 965 2066 976 ——

424 1027 554 1082 Hac
629 1030 686 1082 et
758 1023 1169 1096 hujuscemodi
1239 1024 1680 1096 Theophrastus
1748 1024 2063 1089 disserens,

422 1131 602 1187 quem
635 1132 751 1171 non
783 1114 1087 1170 sull‘undat
1115 1113 1601 1179 Christianorum,
1634 1130 1885 1186 quorum
1928 1129 2066 1168 con-

422 1204 676 1261 versatio
706 1203 872 1260 estin
907 1202 1086 1268 coelis,
1122 1202 1221 1274 qui
1270 1202 1529 1274 quotidie
1595 1203 1836 1259 dicunt:
1899 1202 2067 1273 Cupio

424 1293 640 1362 disolvi,
673 1302 723 1349 et
752 1309 865 1349 esse
891 1309 1016 1348 cum
1048 1292 1258 1365 Christo
1318 1292 1586 1363 (Philipp.
1636 1309 1674 1357 ι,
1734 1293 1825 1362 23)
1856 1294 1881 1343 .9
1935 1290 2065 1345 Ha-

424 1383 619 1438 redem
674 1380 953 1437 nimirum
1012 1380 1367 1437 desiderabit
1430 1380 1730 1436 hominem
1806 1379 2067 1434 cohares

422 1469 637 1527 Christi
663 1472 686 1525 Ρ
715 1474 773 1526 et
801 1470 1025 1542 optabit
1053 1469 1289 1537 liberos,
1331 1473 1728 1542 nepotumque
1758 1468 1908 1523 serie
1967 1469 2065 1523 de-

419 1558 750 1626 lectabitur,
796 1574 945 1629 quos
1014 1558 1257 1613 forsitan
1315 1557 1394 1612 sit
1448 1561 1837 1629 occupaturus
1901 1556 2065 1612 Anti-

421 1647 677 1704 christus
702 1665 716 1715 ;
751 1663 885 1702 cum
917 1645 1185 1718 legamus
1215 1650 1447 1719 Moysen
1469 1650 1527 1703 et
1554 1646 1883 1702 Samuelum
1928 1644 2065 1701 ﬁliis

420 1737 546 1793 suis
593 1734 737 1791 alios
780 1735 928 1791 316
974 1733 1337 1807 pratulisse;
1394 1750 1499 1790 nec
1555 1739 1793 1807 putasse
1852 1733 2064 1789 liberos

421 1841 570 1897 quos
597 1823 875 1880 videbant
894 1824 1136 1879 Domino
1190 1822 1496 1895 displicere
1515 1823 1543 1878 ?
1571 1824 1766 1880 Cicero
1825 1826 2063 1895 rogatus

421 1914 493 1969 ab
538 1912 744 1983 Hirtio,
802 1916 868 1968 ut
922 1916 1055 1984 post
1102 1912 1411 1984 repudium
1462 1911 1742 1969 Terentia
1802 1927 2060 1969 sororem

422 2004 553 2074 ejus
584 2002 842 2070 duceret,
875 2002 1116 2057 omnino
1143 2002 1331 2057 facere
1361 2001 1918 2074 supersedit,dicens
1947 2016 2060 2055 non

422 2106 594 2164 posse
622 2106 686 2146 se
709 2090 871 2147 uxori
902 2095 961 2145 et
989 2089 1370 2162 philosophia
1401 2090 1616 2162 pariter
1636 2106 1871 2161 operam
1904 2089 2062 2153 dare,

425 2179 531 2236 llla
559 2179 791 2235 interim
830 2181 1045 2250 couqu
1082 2179 1336 2252 egregia,
1394 2184 1454 2234 et
1501 2196 1628 2251 qua
1676 2180 1748 2235 de
1804 2178 2063 2233 fontibus

419 2267 710 2324 Tullianis
758 2267 1037 2325 hauserat
1094 2267 1469 2340 sapientiam,
1531 2268 1731 2340 nupsit
1783 2265 2062 2327 Sallustio

418 2356 655 2413 inimico
685 2357 834 2428 ejus,
865 2361 922 2414 et
944 2356 1114 2412 tertio
1147 2356 1405 2413 Messala
1454 2358 1720 2425 Corvino,
1780 2362 1836 2415 et
1891 2355 2063 2428 quasi

417 2462 520 2519 per
548 2446 837 2518 quosdam
867 2446 1087 2519 gradus
1116 2444 1455 2516 eloquentia
1487 2445 1759 2502 devoluta
1799 2451 1906 2502 est.
1958 2447 2059 2501 So-

416 2528 606 2591 crates
635 2534 967 2606 Xantippen
995 2537 1053 2591 et
1081 2534 1279 2607 Myron
1313 2538 1546 2609 neptem
1587 2534 1859 2591 Aristidis
1914 2535 2063 2590 duas

417 2622 909 2678 habebatuxores.
934 2622 1070 2687 Qua
1092 2639 1225 2679 cum
1258 2623 1458 2679 crebro
1488 2623 1643 2679 inter
1673 2640 1736 2679 se
1757 2625 2064 2695 jurgaren-

417 2716 533 2779 tur,
566 2715 624 2766 et
653 2709 749 2765 ille
776 2726 875 2766 eas
897 2710 1138 2766 irridere
1168 2716 1321 2767 esset
1350 2710 1580 2779 solitus,
1614 2713 1769 2784 quod
1827 2717 2065 2784 propter

420 2816 482 2855 se
504 2798 916 2867 foedissimum,
949 2799 1271 2867 hominem,
1302 2799 1472 2857 simis
1512 2801 1777 2869 naribus,
1836 2800 2066 2859 recalva

421 2890 572 2960 [mss.
605 2888 865 2960 recurva]
898 2888 1103 2957 fronte,
1136 2887 1337 2961 pilosis
1367 2889 1651 2956 humeris,
1682 2894 1741 2945 et
1786 2890 2063 2963 repandis

420 2995 518 3033 cru
530 2976 1110 3050 ribus,disceptarent
1134 2994 1148 3032 :
1182 2978 1499 3034 novissime
1515 2983 1814 3035 verterunt
1842 2981 1901 3035 in
1925 2996 2061 3035 eum

417 3065 725 3139 impetum,
770 3071 827 3121 et
880 3065 1030 3121 male
1090 3065 1403 3123 multatum
1465 3067 1902 3140 fugientemque
1959 3068 2059 3123 diu

419 3161 734 3228 persecuta
766 3158 924 3211 sunt.
957 3156 1218 3221 Quodam
1247 3161 1442 3213 autem
1476 3161 1735 3229 tempore
1764 3173 1896 3213 cum
1931 3156 2061 3212 inii-

2176 580 2520 651 providisse.
2553 580 2886 652 Philippum
2918 594 3112 651 regem
3170 578 3568 639 Macedonum.
3616 578 3810 632 contra

2177 686 2351 742 quem
2383 669 2794 726 Demosthenis
2824 668 3157 740 Philippica
3187 666 3806 732 tonant,introeuntem

2177 775 2246 813 ex
2296 775 2457 814 more
2503 757 2839 814 cubiculum
2908 774 3053 813 uxor
3125 755 3373 812 exclusit
3444 755 3629 810 irata:
3713 753 3807 825 qui

2178 846 2451 903 exclusus
2508 847 2712 913 tacuit,
2757 852 2814 901 et
2860 846 3140 917 injuriam
3211 860 3382 901 suam
3458 858 3626 899 versu
3699 846 3806 898 tra-

2177 936 2305 1008 gico
2376 935 2711 991 consolatus
2785 941 2893 991 est.
2972 935 3253 1007 Gorgias’
3340 932 3537 989 rhetor
3602 930 3805 987 librum

2178 1025 2638 1098 pulcherrimum
2680 1024 2750 1079 de
2853 1024 3164 1081 concordia
3264 1021 3477 1077 Gracia
3534 1024 3673 1076 tunc
3730 1020 3806 1074 in-

2175 1119 2262 1170 ter
2291 1132 2352 1170 se
2396 1113 2822 1170 dissidentibus
2879 1112 3138 1169 recitavit
3194 1110 3493 1183 Olympia.
3552 1108 3651 1163 Cui
3706 1111 3809 1163 Me-

2175 1202 2439 1258 lanthius
2469 1202 2745 1258 inimicus
2771 1203 2936 1273 ejus:
2972 1201 3073 1257 Hic
3104 1200 3294 1269 nobis,
3319 1199 3532 1271 inquit,
3565 1198 3635 1253 de
3680 1212 3803 1253 con-

2177 1292 2376 1349 cordia
2404 1291 2683 1365 pracipit,
2715 1291 2815 1363 qui
2847 1307 2908 1348 se
2937 1294 2994 1346 et
3026 1306 3260 1347 uxorem
3295 1293 3353 1346 et
3391 1287 3664 1344 ancillam
3694 1291 3807 1343 tres

2175 1381 2235 1435 in
2257 1397 2375 1436 una
2405 1381 2577 1436 domo
2609 1380 2961 1436 concordare
2988 1396 3101 1435 non
3155 1378 3364 1451 potuit.
3414 1374 3810 1432 Emulabatur

2176 1470 2325 1525 817
2362 1469 2577 1541 quippe
2605 1485 2748 1525 uxor
2774 1468 2903 1540 ejus
2935 1466 3222 1524 ancillula
3262 1465 3703 1539 pulchritudini,
3756 1468 3810 1521 et

2175 1558 2577 1616 castissimum
2613 1558 2803 1614 virum
2835 1555 3194 1629 quotidianis
3219 1555 3431 1627 jurgiis
3461 1553 3803 1626 exagitabat.

2174 1647 2331 1703 Tota
2362 1646 2657 1719 Euripidis
2722 1646 3016 1718 tragadia
3075 1645 3135 1699 in
3180 1643 3455 1700 mulieres
3513 1641 3812 1699 maledicta

2174 1743 2331 1791 sunt.
2366 1734 2527 1791 Unde
2556 1740 2615 1792 et
2643 1734 2951 1791 Hermione
2976 1736 2997 1769 ³
3054 1733 3356 1807 loquitur:
3399 1734 3688 1790 Maiarum
3727 1747 3809 1786 me

2173 1826 2465 1880 mulierum
2496 1824 2753 1897 decepere
2778 1825 3034 1881 consilia.
3080 1824 3141 1878 In
3212 1821 3374 1895 Lepti
3442 1821 3587 1877 urbe
3641 1819 3809 1876 semi-

2175 1914 2441 1981 barbara,
2476 1917 2532 1969 et
2560 1913 2828 1986 positain
2860 1911 3201 1980 solitudine,
3222 1911 3403 1967 moris
3434 1914 3524 1967 est
3553 1914 3618 1965 ut
3634 1924 3809 1964 nurus

2175 2002 2357 2059 altera
2387 2002 2479 2058 die
2504 2019 2736 2059 socrum
2794 2002 2971 2060 ollam
3031 2006 3295 2057 mutuam
3353 2000 3459 2070 [ΑΙ.
3520 1996 3808 2067 mutuum]

2173 2091 2445 2165 postulet.
2479 2092 2581 2147 Cui
2612 2090 2709 2147 illa
2742 2091 2939 2147 statim
2974 2095 3148 2163 negat
3182 2105 3196 2144 :
3234 2088 3461 2145 utscias
3521 2086 3665 2142 illud
3719 2101 3806 2140 ve-

2173 2198 2306 2236 rum
2338 2197 2467 2237 esse
2496 2180 2773 2248 Terentii,
2800 2180 2956 2252 quod
2986 2178 3254 2235 consulto
3285 2177 3564 2248 ambigue
3590 2173 3805 2232 extulit:

2173 2271 2280 2339 Qui
2307 2274 2384 2326 es!
2417 2270 2513 2326 hoc
2540 2270 2568 2326 ?
2595 2286 2781 2326 omnes
2808 2285 2989 2325 socrus
3018 2268 3247 2324 oderunt
3293 2282 3488 2322 nurus.
3551 2263 3808 2337 Legimus

2173 2360 2487 2432 quemdam
2537 2359 2692 2431 apud
2751 2358 3043 2414 Romanos
3103 2356 3421 2424 nobilem‘,
3482 2371 3617 2410 cum
3674 2368 3800 2409 eum

2173 2447 2343 2504 amici
2366 2451 2896 2520 arguerent,quare
2937 2462 3173 2501 uxorem
3210 2445 3528 2500 formosam
3585 2448 3642 2498 et
3696 2458 3809 2498 cas-

2170 2540 2291 2592 tam
2324 2540 2381 2592 et
2411 2535 2647 2591 divitem
2689 2534 3072 2607 repudiasset,
3102 2532 3466 2605 protendisse
3498 2532 3725 2604 pedem,
3755 2534 3808 2585 et

2172 2625 2390 2681 dixisse
2420 2624 2539 2681 eis:
2574 2648 2601 2673 ‹‹
2627 2625 2695 2679 Et
2724 2624 2818 2679 hic
2846 2640 3050 2679 soccus
3103 2639 3276 2695 quem
3333 2621 3597 2686 cernitis,
3651 2618 3805 2674 vide-

2171 2718 2268 2770 tur
2296 2714 2458 2769 vobis
2481 2730 2661 2769 novus
2689 2717 2747 2769 et
2776 2712 3047 2785 elegans:
3089 2711 3189 2767 sed
3220 2726 3389 2766 nemo
3440 2710 3555 2766 scit
3612 2713 3807 2782 prater

2172 2820 2266 2859 me
2297 2803 2394 2858 ubi
2445 2820 2538 2858 mo
2606 2807 2917 2875 premat.»
2985 2800 3199 2857 Scribit
3262 2799 3611 2863 Herodotus,
3660 2795 3805 2869 quod

2173 2891 2385 2949 mulier
2414 2908 2546 2947 cum
2604 2895 2761 2947 veste
2825 2892 3079 2962 deponat
3143 2894 3201 2945 et
3264 2887 3670 2943 verecundia“.
3741 2885 3806 2939 Et

2172 2987 2373 3037 noster
2418 2981 2689 3036 Comicus
2747 2980 3109 3035 fortunatum
3166 2981 3355 3049 putat,
3416 2975 3520 3049 qui
3579 2989 3804 3031 uxorem

2172 3086 2474 3142 nunquam
2506 3069 2754 3125 duxerit.
2787 3067 2933 3132 Quid
2975 3068 3220 3123 referam
3279 3064 3630 3138 Pasiphaen,
3685 3062 3803 3135 Cly-

2173 3165 2545 3216 temnestram
2587 3162 2643 3215 et
2664 3156 3034 3231 Eriphylam:
3067 3172 3316 3228 quarum
3352 3154 3545 3228 prima
3583 3151 3798 3209 deliciis

421 3247 543 3303 nita
580 3244 840 3301 convicia
870 3261 938 3301 ex
967 3245 1249 3317 superiori
1283 3244 1409 3302 loco
1441 3246 1725 3318 ingerenti
1754 3246 2059 3319 Xantippa
2090 3234 2133 3301 C
2172 3247 2687 3320 dil'tluens,quippe
2727 3245 2902 3319 regiis
2932 3245 3251 3311 uxor,tauri
3286 3244 3501 3299 dicitur
3532 3241 3805 3316 expetisse

422 3334 757 3400 restitisset,
789 3350 944 3405 aqua
974 3334 1246 3405 perfusus
1268 3334 1597 3401 immunda,
1632 3334 1776 3391 nihil
1808 3335 2062 3408 amplius

424 3422 743 3495 respondit,
800 3438 977 3493 quam
1037 3423 1224 3494 capite
1280 3415 1543 3480 deterso:
1608 3425 1895 3492 Sciebam,
1981 3424 2064 3479 in-

423 3510 570 3582 quit,
606 3510 870 3564 futurum
903 3515 966 3564 ut
994 3509 1109 3565 ista
1138 3512 1399 3567 tonitrua
1454 3513 1644 3568 imber
1701 3519 2060 3585 sequeretur.

426 3599 481 3654 L.
514 3596 678 3671 Sylla
737 3597 890 3669 (Vid.
940 3598 1333 3655 PLUTARCHUM
1393 3602 1452 3655 in
1507 3589 1687 3673 δῖμια)
1740 3601 1942 3657 Felicis
1992 3602 2065 3673 (si

424 3704 540 3743 non
571 3686 880 3742 habuisset
910 3689 1169 3756 uxorem)
1191 3687 1417 3745 Metella
1447 3705 1551 3745 con
1552 3690 1662 3760 jux
1691 3690 1883 3762 palam
1942 3696 2068 3746 erat

424 3776 759 3849 impudica:
793 3782 847 3832 et
880 3776 1041 3847 (quia
1072 3777 1373 3832 novissimi
1414 3777 1570 3834 mala
1627 3785 1828 3835 nostra
1884 3780 2063 3835 disci-

420 3867 579 3937 mus)
611 3865 667 3920 id
698 3864 941 3921 Athenis
973 3866 1338 3933 cantabatur,
1392 3871 1450 3923 et
1502 3866 1653 3941 Sylla
1708 3868 2017 3941 ignorabat
2048 3887 2061 3937 ;

425 3958 764 4027 secretaque
789 3954 999 4010 domus
1029 3972 1143 4011 sua
1186 3955 1444 4027 primum
1502 3957 1759 4014 hostium
1810 3958 2066 4014 convicio

426 4044 651 4099 didicit.
680 4043 782 4099 Cn.
817 4042 1122 4116 Pompeio(
1164 4045 1294 4101 νέα.
1353 4047 1627 4102 eumdem
1684 4049 1745 4102 in
1782 4049 2065 4119 Pompeio)

428 4131 669 4187 Mutiam
704 4148 940 4187 uxorem
975 4133 1371 4205 impudicam,
1433 4150 1608 4208 quem
1658 4137 1883 4193 Pontici
1934 4154 2065 4210 spa-

430 4220 633 4288 dones,
664 4224 724 4276 et
761 4220 1164 4277 Mithridatica
1221 4224 1559 4280 ambiebant
1614 4230 1875 4294 caterva,
1934 4243 2068 4282 cum

432 4325 568 4365 eum
600 4308 1083 4381 putarentcateri
1139 4310 1417 4367 scientem
1474 4314 1615 4385 pati,
1677 4315 1953 4372 indicavit
2009 4316 2068 4371 in

433 4397 799 4471 expeditione
856 4398 1199 4467 commilito,
1231 4405 1289 4455 et
1338 4401 1616 4458 victorem
1674 4404 1854 4461 totius
1913 4406 2072 4461 orbis

430 4486 589 4543 tristi
620 4487 828 4543 nuntio
858 4488 1497 4546 consternavit.M.Cato
1525 4491 1836 4550 Censorius
1867 4493 2073 4550 habuit

2173 3338 2539 3406 concubitus,
2592 3335 2772 3392 altera
2828 3334 3109 3391 occidisse
3164 3334 3353 3390 virum
3413 3333 3487 3389 ob
3547 3346 3796 3388 amorem

2173 3426 2457 3493 adulteri;
2490 3425 2660 3482 tertia
2688 3424 3017 3497 prodidisse
3046 3423 3491 3496 Amphiaraum,
3524 3428 3582 3478 et
3640 3417 3806 3478 saluti

2171 3516 2279 3572 viri
2311 3514 2527 3571 monile
2548 3530 2790 3569 aureum
2823 3511 3169 3585 praetulisse.
3193 3511 3488 3584 Quidquid
3525 3508 3804 3583 tragadia

2173 3609 2424 3670 tument,
2456 3608 2514 3658 et
2542 3603 2771 3673 domos,
2804 3602 3000 3668 urbes,
3032 3617 3326 3674 regnaque
3358 3600 3667 3668 subvertit,
3682 3614 3805 3654 uxo-

2176 3710 2306 3749 rum
2349 3692 2739 3765 pellicumque
2764 3690 3056 3747 contentio
3087 3695 3194 3745 est.
3226 3691 3549 3745 Armantur
3604 3703 3801 3761 paren-

2175 3787 2300 3838 tum
2332 3781 2391 3836 in
2424 3780 2638 3836 liberos
2661 3796 2871 3836 manus
2895 3796 2907 3833 :
2931 3779 3190 3834 nefanda
3211 3783 3589 3851 apponuntur
3608 3775 3804 3849 epula;

2175 3877 2234 3928 et
2264 3875 2500 3945 propter
2529 3870 2707 3925 unius
2738 3867 3091 3924 muliercula
3122 3872 3378 3940 raptum,
3402 3868 3806 3940 Europaatque

2175 3962 2313 4019 Asia
2339 3957 2804 4015 decennalibello
2823 3957 3202 4029 confligunt“.
3226 3956 3522 4021 Quasdam
3554 3953 3809 4029 repudia-

2177 4055 2288 4117 tas,
2320 4047 2500 4105 altero
2532 4047 2870 4120 nuptiarum
2886 4046 3215 4114 die,statim
3238 4045 3512 4118 nupsisse
3543 4044 3806 4117 legimus.

2180 4140 2432 4212 Uterque
2463 4136 2976 4210 reprehendendus
3014 4134 3283 4201 maritus,
3314 4139 3373 4190 et
3402 4133 3496 4190 cui
3526 4133 3665 4191 tam’
3705 4130 3811 4188 cito

2180 4227 2500 4302 displicuit,
2532 4231 2591 4281 et
2619 4225 2712 4281 cui
2742 4230 2863 4281 tam
2894 4225 3007 4282 cito
3029 4224 3266 4298 placuit.
3320 4224 3607 4296 Epicurus
3660 4219 3811 4277 volu-

2179 4318 2356 4391 ptatis
2395 4320 2650 4373 assertor
2683 4318 3049 4387 (quanquam
3087 4314 3450 4370 Metrodorus
3499 4308 3815 4384 discipulus

2180 4409 2311 4478 ejus
2329 4404 2629 4462 Leontiam
2658 4402 3106 4477 [ALLeontium]
3128 4402 3398 4458 habuerit
3419 4403 3683 4469 uxorem)
3697 4411 3817 4454 raro

2180 4495 2324 4551 dicit
2352 4493 2602 4566 sapienti
2634 4492 2893 4548 ineunda
2919 4491 3213 4564 conjugis,
3245 4489 3385 4563 quia
3414 4490 3604 4546 multa
3633 4489 3823 4544 incon-

432 4592 677 4672 u‘xorem
720 4577 1014 4672 Actoriam
1072 4577 1337 4645 Paulam,
1398 4578 1608 4672 humili
1672 4582 1795 4639 loco
1850 4589 2070 4653 natam,
2109 4607 2151 4672 υ
2183 4584 2358 4640 moda
2374 4582 2629 4638 admista
2656 4584 2796 4638 sunt
2824 4580 3067 4672 nuptiis.
3101 4580 3170 4635 Et
3199 4578 3492 4651 quomodo
3514 4575 3820 4672 divitia-let

427 4666 785 4725 vinolentum
812 4668 849 4736 ί,
880 4668 1280 4741 impotentem,
1313 4673 1370 4723 et
1416 4670 1593 4741 (quod
1652 4689 1825 4729 nemo
1879 4677 2077 4745 posset

2188 4673 2438 4730 honores
2466 4675 2525 4727 et
2553 4686 2862 4743 corporum
2886 4670 3248 4737 sanitates,et
3276 4674 3481 4724 catera
3501 4684 3628 4740 qua
3650 4661 3813 4721 indif-

430 4756 686 4829 credere)
718 4756 921 4813 Catoni
950 4758 1265 4829 superbam
1317 4757 1433 4814 Hoc
1464 4759 1592 4816 ideo
1622 4762 1773 4831 dico,
1827 4778 1898 4818 ne
1946 4763 2080 4836 quis
2189 4760 2434 4818 ferentia
2464 4759 2859 4825 nominamus,
2891 4775 2996 4815 nec
3028 4760 3181 4815 bona
3210 4773 3316 4813 nec
3355 4754 3513 4813 mala
3535 4749 3816 4823 sunt;sed

505 4900 520 4932 ¹
556 4898 708 4955 Illud
740 4900 1074 4956 vinolentum
1095 4899 1502 4959 Casanatensis
1532 4920 1647 4959 non
1700 4904 1913 4961 habet:
1964 4906 2080 4961 duo

2260 4906 2281 4939 ⁸
2312 4904 2435 4959 Non
2469 4902 2812 4976 septi_mo,ut
2832 4905 3098 4976 n_ot_atu_r_n
3130 4903 3219 4976 est
3276 4898 3430 4969 aliis,
3488 4898 3591 4976 sed
3634 4894 3823 4976 primo

433 4970 530 5048 alii
559 4973 1053 5048 mss.vin_olenlam
1084 4970 1310 5044 legunt,
1334 4979 1390 5030 et
1419 4992 1523 5047 pro
1546 4977 1899 5047 impotentem
1916 4982 2081 5033 vetus
2190 4976 2362 5042 libro,
2394 4968 2740 5048 cap._'8,hac
2767 4973 2972 5048 scribit
3029 4971 3462 5048 Herodotus‘ex
3506 4968 3682 5048 Cygis
3735 4977 3824 5020 ore

434 5043 612 5099 editio
639 5046 841 5098 mentis
868 5044 1155 5114 impotem.

507 5115 528 5146 ²
558 5115 831 5185 Mendose
860 5120 984 5170 erat
1014 5116 1289 5185 Georgius.

2193 5049 2262 5132 ξᾲ
2296 5037 2651 5132 Οέὶῐιάἆᾳὶάῐξ]
2677 5062 2690 5099 :
2929 5039 2987 5097 δὲ
3039 5043 3247 5132 1:03)?-
3295 5037 3820 5132 éx'o‘uopévqfleuvsx-

2194 5115 2373 5172 δύεται
2430 5117 2519 5171 καὶ
2575 5117 2673 5185 τὴν
2734 5109 2871 5189 αἷδῷ
2916 5109 3081 5189 γυνή
3114 5114 3342 5189 Μιιέίιιν,Δ
3395 5109 3588 5189 ereum;
3624 5109 3822 5189 lup-fat,

506 5184 527 5216 ³
548 5184 828 5279 ιΝοξεξιὶιιω
862 5185 920 5240 in
954 5178 1363 5272 andromache
1415 5188 1725 5279 'Ilragazdia‘
1750 5190 1918 5279 hanc
1953 5207 2084 5246 esse
2191 5191 2587 5276 verecundiam
2617 5178 2883 5279 amns.
2917 5178 3150 5279 quoqge
3178 5185 3520 5279 Cyprianus},
3544 5184 3618 5240 de

440 5256 787 5332 sententiam
823 5260 1037 5332 εδεᾳξιῶν
1087 5263 1355 5332 vasum?»
1415 5256 1612 5321 εἰ¹ςοδοι
1674 5266 1725 5332 μ’
1773 5259 2077 5317 ἀπώλεσαν.

509 5325 855 5405 {Beicrt‘ex
884 5325 1179 5385 Plutarchi
1223 5331 1374 5387 libro
1424 5335 1489 5389 de
1540 5325 1905 5405 Nupiiatibus
1938 5350 2081 5405 pra:-

1361 5406 1441 5477 ὉΔ
1470 5409 1759 5477 Ῥωμαῖος,
1820 5404 1920 5457 ὑπὸ
1940 5404 1951 5405 ί
1976 5409 2081 5457 τῶν

438 5399 607 5467 ceptis
632 5397 925 5453 Strobans
964 5417 1138 5456 serm.
1170 5405 1276 5457 72:

2190 5262 2707 5335 plina_Virginuni,
2740 5282 2767 5310 ‹‹
2797 5252 3165 5335 νθτόρυςὶἀίει
3194 5252 3311 5311 illic
3342 5255 3534 5335 omnis
3583 5252 3822 5335 exuitur,

2195 5321 2373 5411 simul
2406 5321 2788 5411 cuinamictu
2818 5329 2997 5411 vestis
3028 5328 3214 5384 honor
3243 5329 3505 5411 corporis
3524 5343 3619 5411 ac"
3646 5321 3825 5398 pudor

2195 5405 2451 5479 ponitur.
2492 5426 2516 5453 ο»
2546 5408 2675 5479 Mox
2696 5402 2954 5479 plurium
2985 5398 3464 5479 numerolegitur
3490 5398 3551 5453 in
3581 5398 3823 5479 casune-

441 5466 615 5545 tpllwv
693 5466 1134 5541 νουθετούμενος,
1197 5471 1279 5525 ὅτι
1376 5466 1627 5551 σώφροκέα
1710 5466 1939 5549 γὺναῐκα
1994 5476 2075 5529 καὶ

442 5535 704 5565 _.‘i-.._!..-.
759 5539 844 5565 --.Α
883 5539 1052 5565 1--.!“
1139 5542 1253 5565 Ἄκη
1285 5544 1294 5561 ι
1363 5546 1373 5565 ι
1606 5547 1618 5565 κ
1756 5543 1846 5565 τίκ
2035 5545 2048 5565 9

2194 5466 2715 5565 tensil’asiphaes;
2730 5473 3202 5565 ‘Clytezupest‘ras,
3231 5466 3566 5565 Eripaylas,‘
3585 5474 3695 5555 etc.

440 5535 847 5616 ulmeam-41‘:
880 5535 1079 5613 ὡράίαν
1122 5535 1508 5616 ’ἀπεπέμψατᾶ
1567 5547 1629 5601 τὸ
1683 5535 1930 5601 uallatas
1991 5545 2086 5600 αὖ·

2266 5550 2287 5583 ⁸
2326 5554 2458 5603 Mss.
2493 5534 2626 5604 cum
2656 5534 2841 5602 veteri
2863 5545 3027 5611 edit.,
3064 5534 3297 5617 Europa
3325 5534 3503 5618 atque
3530 5534 3675 5599 Asia:
3730 5534 3825 5595 de-

440 5610 1021 5696 TOIC‘RPOF‘EE‘Ilqz‘Kgi
1054 5615 1157 5696 “(.559
1187 5610 1372 5696 τρὺτόξ
1427 5616 1550 5696 se,“
1582 5617 1764 5696 “me”
1814 5618 1944 5676 ἰδεῖν
1998 5618 2075 5675 καῖ

2197 5623 2465 5681 cennalia
2493 5619 2648 5679 bella
2676 5617 2998 5696 conﬂigunt.

440 5664 648 5779 rmvva
683 5680 806 5741 ἀλΛ’
836 5664 1013 5749 ςλῦδεὶς
1045 5664 1185 5745 δῖδέν
1219 5664 1369 5745 ὅπου,
1391 5664 1659 5768 perdidt;
