3944 6424
152 397 263 472 193

1209 387 1627 469 ADVERSUS
1670 388 2162 468 JOVINIANUM
2205 388 2350 466 Lis.
2400 394 2449 467 1.

3417 394 3536 472 994

165 541 300 598 velut
320 539 377 595 in
432 536 755 596 meditullio
812 536 1024 612 posita,
1081 539 1234 595 818
1294 557 1404 596 usu
1464 544 1521 596 et
1572 543 1779 595 eventu
1812 539 1865 605 Α
1896 538 2078 609 ratur]
2112 537 2170 593 in
2203 539 2625 595 coitum.Nihil
2657 543 2747 596 est
2799 539 3010 596 fcedius
3068 546 3244 612 Quam
3297 558 3534 600 uxorem

162 629 234 686 vel
258 630 420 697 bona,
448 627 537 684 vel
591 627 747 684 mala
793 626 945 682 ﬁunt
995 646 1007 694 ;
1053 627 1132 683 ita
1178 632 1235 683 et
1280 646 1490 685 uxores
1541 630 1685 684 sitas
1720 629 1778 685 in

1890 644 2088 682 amare
2120 629 2289 700 quasi
2320 629 2670 685 adulteram.
2700 629 2861 686 Certe
2894 630 2995 702 qui
3034 630 3239 686 dicunt
3268 648 3332 688 se
3361 649 3540 689 causa

164 720 420 776 honorum
452 717 863 790 malorumque
893 716 1165 773 conﬁnio.
1210 717 1392 773 Grave
1424 722 1620 774 autem
1652 734 1784 776 esse
1890 715 2245 789 reipublicae,
2289 721 2347 772 et
2405 719 2637 791 generis
2694 718 2960 785 humani,
3021 719 3303 777 uxoribus
3343 721 3537 795 jungi,

161 810 266 865 viro
288 807 527 881 sapienti
572 807 766 862 venire
820 805 880 861 in
942 805 1212 873 dubium,
1273 810 1472 862 utrum
1534 808 1777 877 bonam,

163 915 225 955 an
265 897 463 954 malam
511 897 799 953 ducturus
851 896 946 951 sit.
996 894 1260 951 Ridicule
1325 897 1645 969 Crysippus
1679 897 1781 952 du-

164 988 374 1044 cendam
430 1002 674 1042 uxorem
755 984 1005 1057 sapienti
1078 983 1357 1057 praecipit,
1438 1002 1510 1040 ne
1583 986 1783 1042 Jovem

164 1075 457 1133 Gamelium
490 1091 554 1130 er
579 1074 952 1132 Genethlium
1000 1073 1195 1131 violet.
1243 1075 1356 1130 Isto
1405 1074 1562 1130 enim
1611 1076 1785 1132 modo

162 1165 294 1238 apud
324 1164 552 1220 Latinos
581 1164 853 1219 ducenda
882 1180 1031 1219 uxor
1060 1180 1175 1218 non
1208 1163 1341 1229 erit,
1392 1163 1533 1235 quia
1577 1165 1780 1221 Jovem

164 1271 262 1311 non
288 1253 497 1309 habent
518 1252 868 1325 nuptialem.
899 1252 1061 1316 Quod
1093 1252 1141 1307 si
1187 1252 1454 1318 deorum,
1506 1258 1572 1308 ut
1617 1257 1786 1326 putat

164 1344 253 1415 [Αἰ.
302 1344 544 1416 putant],
604 1342 865 1407 nomina,
915 1342 1046 1397 vitae
1123 1341 1430 1398 hominum
1508 1343 1782 1415 prazjudi-

165 1438 297 1501 cant,
325 1433 575 1490 offendet
605 1448 741 1506 ergo
781 1434 1068 1488 Statorem
1117 1431 1340 1499 Jovem,
1393 1432 1496 1505 qui
1534 1431 1787 1489 libenter

161 1522 369 1579 sederit.

221 1611 296 1666 49.
324 1611 464 1669 Unde
493 1611 679 1667 hauszt
708 1627 826 1683 quae
856 1610 921 1667 de
965 1612 1178 1683 nuptiis
1233 1610 1394 1667 dixit.
1440 1612 1785 1669 Muliebrium

159 1702 399 1756 virtutum
417 1702 731 1772 pineipalus
755 1700 1051 1772 pudicitia:
1075 1730 1143 1739 —
1174 1698 1550 1773 Scripserunt
1571 1701 1788 1759 Aristo-

160 1789 283 1845 teles
318 1794 374 1845 et
391 1788 741 1845 Plutarchus
772 1793 831 1844 et
860 1791 1061 1845 noster
1075 1792 1292 1845 Seneca
1322 1784 1391 1845 de
1413 1790 1788 1847 matrimonio

160 1878 340 1947 libros,
366 1896 434 1935 ex
469 1878 688 1951 quibus
738 1882 795 1933 et
833 1878 1138 1979 Superiora
1188 1878 1473 1978 nonnulla
1501 1884 1691 1979 sunt,
1731 1885 1789 1979 et
1819 1914 1865 1979 Β

160 1966 257 2023 ista
283 1984 404 2040 quae
435 1966 789 2039 subjicimus
818 1983 831 2021 :
860 1967 1040 2024 Amor
1078 1967 1547 2036 t'ormze,rationis
1578 1969 1788 2027 oblivio

160 2059 253 2124 est,
279 2062 333 2113 et
360 2056 611 2118 insania:
633 2056 936 2130 proximus
970 2075 990 2123 ;
1025 2056 1242 2112 fcedum
1278 2057 1639 2131 minimeque
1661 2076 1793 2115 con-

159 2145 372 2202 veniens
420 2146 624 2203 animo
676 2145 879 2217 sospiti
952 2146 1179 2202 vitium.
1242 2147 1466 2203 Turbat
1519 2148 1786 2217 consilia,

161 2232 293 2290 altos
322 2239 376 2290 et
403 2249 721 2308 generosos
752 2233 994 2306 spiritus
1029 2234 1264 2307 frangit,
1298 2252 1331 2290 a
1371 2237 1602 2309 magnis
1633 2236 1787 2311 cogi-

159 2323 451 2380 tationibus
483 2324 558 2380 ad
591 2322 956 2379 humillimas
1017 2323 1273 2380 detrahit
1306 2349 1320 2393 ;
1355 2325 1787 2396 querulos,ira-

162 2413 385 2480 cnndos,
446 2411 810 2480 temerarios,
870 2412 1015 2468 dure
1072 2411 1446 2484 imperiosus,
1505 2414 1793 2471 serviliter

156 2500 399 2570 blandos,
432 2501 714 2558 omnibus
742 2499 1127 2573 inutiles,ipsi
1159 2500 1474 2557 novissime
1499 2503 1684 2559 amori
1716 2505 1794 2559 fa-

159 2590 385 2646 cit.l\'am
416 2608 553 2647 cum
585 2589 814 2646 fruendi
835 2590 1156 2664 cupiditate
1179 2589 1529 2648 insatiabilis
1561 2593 1792 2666 ﬂagrat,

158 2678 309 2751 plura
337 2685 608 2754 tempora
638 2678 1097 2753 suspicionibus,
1125 2680 1795 2753 lacrymis,conquestio-

161 2768 314 2826 nibus
346 2770 760 2843 perditmdium
790 2768 883 2825 sui
914 2769 1135 2835 facit,et
1162 2769 1291 2841 ipse
1334 2771 1651 2827 novissime
1679 2772 1794 2828 sibi

158 2858 274 2915 odio
302 2864 389 2916 est
410 2860 607 2917 ‘.Tota
636 2858 853 2915 amoris
876 2857 1181 2915 insectatio
1209 2859 1365 2932 apud
1393 2860 1686 2917 Platonem
1710 2861 1791 2933 (in

160 2947 393 3020 Phaedro)
427 2948 694 3021 exposita
741 2951 829 3003 est
860 2965 874 3015 ;
908 2951 964 3003 et
994 2947 1193 3003 omnia
1240 2949 1369 3019 ejus
1420 2948 1794 3007 incommoda

162 3035 342 3109 Lysias
371 3036 645 3110 explicat,
680 3038 836 3109 quod
869 3053 983 3093 non
1009 3037 1256 3109 judicio,
1308 3039 1407 3094 sed
1454 3039 1648 3095 furore
1683 3041 1792 3096 du-

160 3128 668 3185 catur:etmaxime
688 3143 937 3182 uxorum
960 3125 1385 3198 pulchritudini
1407 3129 1793 3201 gravissimus

164 3221 345 3274 custos
392 3217 659 3273 accubet.
723 3216 917 3271 Refert
964 3220 1244 3287 praeterea
1301 3220 1518 3273 Saneca
1573 3235 1792 3292 cogno-

1893 808 1949 859 et
1988 804 2200 860 liberos
2254 804 2477 875 tollere,
2536 807 2841 863 imitentur
2896 808 3103 864 saltem
3152 810 3425 881 pecudes,
3484 817 3542 867 et

1894 898 2202 964 postquam
2236 912 2480 951 uxorum
2514 909 2714 953 venter
2744 897 3114 964 intumuerit,
3146 916 3260 954 non
3293 901 3543 972 perdant

1895 981 2091 1051 lilios;
2136 1000 2241 1039 nec
2289 992 2579 1042 amatores
2619 987 2899 1043 uxoribus
2948 1005 3009 1043 se
3057 988 3389 1061 exhibeant,
3440 990 3540 1045 sed

1894 1071 2157 1128 maritos.
2191 1074 2587 1138 Quorumdam
2624 1075 2999 1132 matrimonia
3032 1075 3337 1134 adulteriis
3358 1078 3543 1135 cohae-

1894 1167 2099 1216 serunt
2134 1180 2145 1229 ;
2175 1167 2251 1230 et,
2284 1180 2316 1218 o
2349 1180 2470 1219 rem
2501 1164 2831 1236 improbam
2872 1166 2884 1221 l
2919 1154 3095 1222 iidem
3124 1166 3243 1223 illis
3271 1169 3293 1204 ³
3323 1169 3548 1241 pudici-

1894 1249 2038 1306 tiam
2097 1258 2517 1325 przeceperunt,
2578 1254 2677 1325 qui
2736 1254 3121 1312 abstulerant.
3179 1258 3378 1330 Itaque
3430 1259 3544 1316 cito

1894 1340 2185 1410 ejusmodi
2222 1342 2458 1414 nuptias
2488 1342 2727 1397 satietas
2759 1343 2950 1398 solvit.
2992 1344 3135 1399 Cum
3169 1345 3427 1417 primum
3461 1347 3536 1404 le-

1895 1428 2195 1484 nocinium
2228 1425 2492 1486 libidinis
2521 1431 2823 1499 abscessit,
2857 1433 3014 1504 quod
3046 1432 3284 1504 libebat,
3321 1435 3542 1496 eviluit.

1894 1518 2039 1574 Nam
2075 1518 2238 1590 quid,
2274 1519 2355 1575 ait
2384 1520 2603 1575 Seneca
2634 1522 2675 1587 ⁴,
2705 1522 2774 1576 de
2804 1522 2945 1577 viris
2968 1523 3326 1595 pauperibus
3350 1524 3542 1582 dicam

1897 1623 2150 1680 quorum
2182 1608 2239 1663 in
2275 1625 2488 1665 nomen
2521 1610 2742 1678 mariti,
2765 1611 2835 1666 ad
2869 1610 3191 1668 eludendas
3227 1612 3386 1687 leges
3416 1632 3543 1687 quae

1896 1701 2099 1751 contra
2129 1696 2358 1753 caelibes
2388 1696 2515 1753 latae
2546 1703 2705 1766 sunt,
2742 1716 2878 1771 pars
2910 1716 3125 1772 magna
3153 1703 3547 1761 conducitur?

1897 1784 2198 1848 Quomodo
2230 1790 2394 1858 potes
2425 1803 2623 1860 regere
2665 1805 2857 1845 mores
2905 1793 2962 1844 et
3009 1790 3320 1863 prmcipere
3373 1794 3546 1850 casti-

1897 1879 2104 1941 tatem,
2137 1880 2195 1931 et
2225 1877 2419 1931 mariti
2452 1876 2857 1934 auctoritatem
2893 1883 3109 1948 tenere,
3142 1879 3244 1953 qui
3290 1884 3494 1954 nupsit
3521 1883 3549 1939 ?

1900 1964 2237 2020 Doctissimi
2267 1966 2372 2021 viri
2405 1984 2513 2022 vox
2543 1972 2652 2033 est,
2686 1967 3028 2039 pudicitiam
3059 1970 3118 2024 in
3168 1969 3379 2042 primis
3422 1987 3550 2028 esse

1899 2052 2294 2125 retinendam,
2327 2072 2444 2128 qua
2473 2056 2712 2125 amissa,
2745 2057 2938 2113 omnis
2955 2058 3143 2114 virtus
3174 2059 3313 2116 ruit.
3340 2060 3406 2117 In
3435 2061 3547 2118 hac

1900 2141 2281 2199 muliebrium
2314 2144 2598 2201 virtutum
2632 2145 2999 2218 principatus
3028 2153 3135 2204 est.
3168 2148 3299 2204 Haec
3329 2167 3550 2223 paupe-

1900 2249 2022 2288 rem
2054 2235 2447 2303 commendat,
2476 2233 2713 2290 divitem
2747 2235 2991 2304 extollit,
3043 2238 3362 2294 deformem
3397 2240 3551 2295 redi-

1902 2320 2028 2389 mit,
2061 2327 2303 2378 exornat
2332 2323 2639 2395 pulchram
2676 2342 2689 2393 ;
2723 2325 2871 2380 bene
2915 2330 3172 2381 meretur
3209 2327 3281 2383 de
3313 2330 3550 2399 majori-

1900 2409 2033 2477 bus,
2063 2427 2311 2482 quorum
2342 2411 2691 2484 sanguinem
2725 2413 2939 2469 furtiva
2969 2413 3170 2470 sobole
3198 2431 3315 2471 non
3345 2416 3549 2486 vitiat;

1902 2502 2047 2556 bene
2073 2500 2143 2555 de
2174 2499 2394 2571 liberis,
2446 2501 2668 2573 quibus
2720 2518 2827 2558 nec
2870 2503 2941 2559 de
2989 2504 3144 2560 820
3187 2510 3372 2562 matre
3420 2524 3553 2563 eru-

1901 2589 2281 2655 bescendum,
2322 2606 2426 2644 nec
2474 2591 2546 2647 de
2595 2596 2757 2663 patre
2805 2591 3194 2648 dubitandum
3245 2596 3554 2663 est;hene

1904 2678 1962 2733 in
1994 2677 2198 2750 primis
2228 2679 2299 2734 de
2359 2696 2440 2746 se,
2475 2696 2653 2751 quam
2712 2698 2747 2736 a
2792 2681 3148 2737 contumelia
3193 2684 3414 2740 externi
3446 2685 3555 2757 [ΑΙ.

1903 2767 2107 2837 exteri]
2140 2768 2401 2839 corporis
2430 2768 2704 2825 vindicat.
2751 2769 3115 2842 Captivitatis
3166 2771 3327 2830 nulla
3365 2775 3556 2845 major

1903 2857 2207 2912 calamitas
2238 2861 2348 2924 est,
2381 2874 2559 2929 quam
2592 2858 2662 2913 ad
2713 2857 2962 2915 alienam
3020 2860 3326 2918 libidinem
3376 2863 3551 2919 trahi.

1903 2945 2072 3002 Viros
2120 2946 2462 3003 consulatus
2510 2946 2769 3021 illustrat
2807 2966 2820 3015 ;
2853 2948 3186 3021 eloquentia
3232 2950 3293 3007 in
3344 2969 3556 3009 nomen

1913 3039 2194 3091 aeternum
2243 3036 2408 3091 ell‘ert
2456 3054 2469 3105 ;
2525 3036 2803 3092 militaris
2870 3037 3056 3109 gloria
3101 3040 3559 3114 triumphusque

1850 3169 1853 3172 .
1904 3142 2066 3181 novae
2095 3125 2289 3197 gentis
2313 3130 2633 3182 consecrat.
2669 3124 2854 3181 Multa
2894 3132 3054 3193 sunt,
3105 3145 3232 3200 quae
3279 3130 3559 3211 praeclara

1908 3214 2144 3286 ingenia
2180 3214 2506 3269 nobilitent.
2532 3213 2795 3271 Mulieris
2821 3214 3006 3272 virtus
3028 3216 3261 3289 proprie
3277 3218 3560 3291 pudicitia

157 3304 293 3361 visse
325 3324 385 3363 se
415 3305 734 3380 quemdam
768 3308 1039 3360 ornatum
1072 3304 1394 3373 hominem,
1415 3290 1714 3379 quiexitur

2006 3345 2017 3356 .
2066 3305 2198 3357 Haec
2246 3303 2575 3358 Lucretiam
2635 3303 2811 3360 Bruto
2871 3305 3138 3376 aequavit,
3200 3290 3426 3363 nescias
3484 3325 3556 3364 an

157 3392 208 3447 in
241 3395 567 3467 publicum,
600 3394 783 3450 fascia
813 3394 1010 3450 uxoris
1039 3398 1244 3467 pectus
1275 3394 1612 3467 colligabat,
1641 3401 1699 3454 et
1730 3415 1801 3454 ne

88 3526 95 3531 .
160 3485 632 3557 puncto'quidem
666 3483 819 3539 horae
843 3483 1152 3554 praesentia
1174 3483 1304 3554 ejus
1330 3501 1525 3541 carere
1552 3489 1799 3558 poterat;

155 3574 560 3647 potionemque
598 3571 843 3642 nullam,
890 3572 1001 3628 nisi
1062 3572 1301 3629 alternis
1361 3574 1467 3645 [Αἰ.
1533 3575 1798 3647 alterius]

156 3663 349 3719 tactam
380 3663 568 3720 labris
598 3662 687 3717 vir
718 3666 774 3718 et
829 3678 972 3718 uxor
1029 3661 1403 3731 hauriebant;
1465 3663 1581 3720 alia
1639 3665 1803 3722 dein-

158 3766 280 3824 ceps
310 3770 425 3809 non
460 3752 666 3808 minus
692 3751 890 3824 inepta
918 3751 1286 3817 facientes,in
1310 3768 1436 3824 quae
1473 3753 1803 3826 improvida

160 3840 235 3896 vis
272 3842 534 3899 ardentis
594 3841 840 3898 affectus
898 3840 1265 3914 erumpebat.
1328 3841 1501 3916 Origo
1561 3844 1797 3915 quidem

158 3932 365 3988 amoris
414 3932 667 3988 honesta
725 3935 868 3998 erat,
930 3930 1030 3986 sed
1091 3930 1436 4004 magnitudo
1494 3932 1797 3989 deformis.

163 4017 305 4076 Nihil
339 4025 539 4078 autem
560 4020 823 4089 interest,
857 4036 1035 4092 quam
1067 4036 1135 4075 ex
1167 4020 1411 4076 honesta
1450 4038 1627 4078 causa
1666 4024 1800 4095 quis

160 4107 425 4168 insaniat.
462 4110 628 4167 Unde
656 4114 715 4166 et
744 4109 961 4182 Xystus
991 4110 1012 4169 ,’
1038 4109 1097 4164 in
1143 4110 1451 4166 sententiis
1496 4128 1509 4167 :
1559 4112 1803 4175 Adulter

164 4202 243 4253 est
270 4200 484 4273 inquit,
517 4199 577 4255 in
610 4199 763 4255 319
802 4214 972 4254 suam
1026 4213 1263 4253 uxorem
1315 4203 1544 4254 amator
1591 4200 1799 4255 arden-

161 4286 279 4359 tior,
315 4290 373 4345 In
402 4289 599 4346 aliena
629 4287 846 4360 quippe
903 4303 1079 4341 uxore
1136 4286 1330 4342 omnis
1389 4304 1555 4344 amor
1610 4291 1801 4362 turpis

81 4357 89 4363 “
162 4357 271 4445 est,
317 4378 375 4433 in
434 4393 550 4434 sua
608 4357 853 4433 nimius.
906 4374 1152 4447 Sapiens
1210 4374 1299 4429 vir
1353 4374 1579 4447 judicio
1631 4376 1801 4433 debet

162 4481 343 4524 amare
382 4469 717 4540 conjugem,
777 4482 893 4521 non
954 4464 1184 4520 affectu.
1239 4464 1557 4537 Regat[Al.
1618 4467 1797 4539 reget]

168 4553 407 4628 impetus
464 4555 809 4629 voluptatis,
852 4570 957 4611 nec
1000 4569 1257 4626 praeceps
1306 4554 1523 4609 feretur
1564 4556 1670 4626 [ΑΙ.
1718 4555 1797 4611 fe-

1910 3398 1967 3447 et
1995 3390 2319 3463 praetulerit
2353 3409 2365 3446 :
2400 3392 2677 3464 quoniam
2710 3392 2930 3449 Brutus
2963 3411 3077 3450 non
3120 3412 3293 3468 posse
3343 3398 3559 3455 servire

1911 3497 1944 3536 a
1976 3480 2194 3537 femina
2226 3480 2448 3536 didicit.
2483 3480 2611 3537 Haec
2643 3482 2891 3554 mquavit
2915 3483 3243 3540 Corneliam
3276 3485 3556 3543 Graccho:

1912 3569 2031 3625 haec
2063 3570 2329 3626 Porciam
2354 3569 2520 3626 alteri
2564 3570 2762 3628 Bruto.
2808 3572 3009 3628 Notior
3054 3578 3144 3629 est
3194 3574 3404 3632 marito
3453 3592 3561 3631 suo

1912 3658 2281 3731 Tanaquilla.
2316 3658 2487 3715 lllum
2513 3658 2666 3715 inter
2693 3659 2880 3716 multa
2910 3678 3113 3734 regum
3156 3663 3397 3719 nomina
3430 3665 3559 3734 jam

1911 3748 2218 3805 abscondit
2275 3744 2614 3821 antiquitas.
2688 3750 2847 3806 Hanc
2908 3768 3040 3806 rara
3100 3752 3254 3807 inter
3312 3753 3559 3809 feminas

1908 3837 2097 3893 virtus
2127 3837 2301 3893 altius
2335 3837 2681 3893 saeculorum
2715 3839 2980 3894 omnium
3030 3839 3346 3908 memoriae,
3379 3858 3557 3913 quam

1912 3932 1977 3981 ut
2006 3925 2269 3982 excidere
2300 3927 2506 3999 possit,
2541 3926 2751 3983 infixit.
2800 3928 3112 3984 Imitentur
3165 3945 3303 4002 ergo
3362 3935 3558 4003 nuptas

1912 4014 2148 4071 Theano
2187 4016 2229 4085 ⁸,
2282 4014 2706 4083 Cleobulinam,
2767 4017 3129 4090 Gorgunten,
3184 4018 3555 4089 Timocliam,

1912 4103 2181 4160 Claudias
2212 4108 2385 4164 atque
2417 4104 2711 4160 Cornelias
2746 4123 2757 4171 ;
2794 4110 2850 4161 et
2880 4123 3012 4162 cum
3047 4107 3390 4181 Apostolum
3434 4126 3557 4167 ma-

1911 4192 1984 4250 lis
2035 4192 2385 4250 mulieribus
2428 4190 2746 4266 digamiam
2808 4194 3059 4251 viderint
3136 4196 3558 4271 ignoscentem,

1910 4282 2103 4354 legent
2130 4287 2444 4355 antequam
2473 4281 2677 4357 religio
2709 4289 2907 4340 nostra
2941 4285 3191 4359 fulgeret
3231 4286 3292 4343 in
3338 4289 3561 4345 mundo

1910 4372 2198 4427 unicubas
2224 4388 2458 4445 semper
2487 4373 2767 4430 habuisse
2799 4374 2952 4430 inter
3003 4380 3301 4434 matronas
3350 4378 3549 4447 decus,

1910 4479 2013 4535 per
2042 4461 2172 4517 illas
2233 4461 2498 4518 Fortunae
2557 4463 2826 4520 muliebri
2880 4481 3047 4521 sacra
3105 4465 3228 4521 fieri
3285 4466 3551 4534 solitum,

1910 4550 2138 4606 nullum
2172 4550 2533 4607 sacerdotem
2566 4552 2888 4625 digamum,
2923 4552 3152 4610 nullum
3186 4555 3508 4612 Flaminem
3537 4558 3560 4593 ⁶

226 4680 615 4739 ‘Veronensis
673 4684 729 4737 et
780 4678 1205 4745 Cisterciensis,
1256 4679 1558 4735 Novissime
1610 4679 1802 4737 odium
1834 4667 1878 4731 D
1982 4679 2003 4711 ⁵
2035 4678 2174 4733 Mss.
2210 4677 2485 4733 Theanum
2519 4696 2531 4733 :
2567 4678 2666 4733 sed
2700 4680 2882 4733 Osa'ww
2931 4681 3125 4737 Grazce
3173 4681 3559 4738 indeclinabi-

163 4756 230 4807 εει
259 4772 272 4820 ;
305 4758 707 4821 Casanatens.,
734 4753 1099 4809 Novissimum
1128 4752 1318 4807 odium
1350 4759 1447 4806 est.

222 4826 243 4860 ²
270 4824 538 4899 Plerique
559 4841 763 4881 omnes
804 4840 947 4899 mss.
983 4825 1194 4899 Sextus.
1230 4822 1361 4899 V_id_.
1394 4822 1605 4899 quinia
1626 4825 1799 4897 epist.

166 4895 455 4983 _1'33.‘pag.‘
482 4896 1075 4983 igt,3dnotavimus.
1108 4895 1377 4951 Concinit
1405 4896 1535 4967 ejus
1565 4895 1801 4953 senten-

159 4968 242 5023 tia:
272 4968 498 5027 dictum
531 4969 601 5025 de
622 4969 847 5025 Othone
880 4986 894 5036 ;

365 5041 600 5093 quoris
627 5040 839 5091 moecuh
867 5041 1103 5102 cceperat
1130 5051 1245 5088 esse
1278 5051 1408 5087 sum.

162 5111 278 5168 Mox
302 5114 553 5170 Gravius
577 5113 661 5169 sic
682 5111 792 5185 legi
812 5109 1032 5185 mavult
1058 5127 1071 5166 :
1096 5114 1166 5166 In
1184 5110 1429 5185 alienam
1448 5111 1650 5183 quippe
1668 5127 1799 5167 uxo-

161 5199 265 5240 rem
291 5188 474 5242 omnis
506 5201 664 5242 amor
694 5184 893 5256 turpis;
924 5184 983 5237 in
1003 5198 1159 5256 suam
1178 5184 1797 5256 nimius,_turpissimus.

220 5257 241 5291 ⁵
269 5256 451 5315 Vetus
483 5258 623 5313 edit.
658 5254 905 5313 tortasse
932 5254 1126 5310 verius
1176 5254 1345 5310 iidem
1384 5254 1492 5320 illi,
1552 5255 1682 5311 Mox
1739 5256 1797 5311 in

162 5328 472 5388 Veronensi
501 5334 558 5384 et
585 5325 955 5385 Cisterciensi
989 5342 1155 5394 mss.,
1183 5342 1309 5381 eum
1342 5328 1590 5398 primum
1640 5325 1797 5383 leno-

160 5400 355 5459 cinium
405 5402 641 5457 abcessit
695 5402 860 5457 timor
904 5397 1314 5470 quodqlicebal,
1362 5402 1495 5466 etc.,
1548 5402 1797 5454 Casana-

160 5473 352 5547 tensis,
375 5477 565 5530 tumor
592 5472 733 5547 quod
780 5468 978 5547 licebat
1008 5490 1027 5539 ;
1059 5468 1306 5526 fortasse
1349 5474 1437 5525 est
1475 5471 1797 5526 emendan-

163 5542 289 5618 dum
318 5550 453 5618 tunc
482 5542 642 5601 omne
669 5543 829 5618 quod,
862 5547 972 5618 etc.

220 5616 242 5650 ⁴
266 5617 444 5675 Alias.
481 5618 621 5673 Nam
657 5612 789 5689 q'uid
844 5614 1170 5689 ail_§eneea
1198 5612 1321 5668 ?De
1372 5614 1530 5689 viris,
1581 5613 1793 5689 inquit,

161 5692 482 5761 pauperibus
512 5686 720 5756 dicam,
774 5692 882 5744 etc.
915 5686 1337 5761 Martianaeus,
1360 5686 1639 5761 mendose
1663 5686 1795 5761 :sub

166 5756 279 5836 ipsa
306 5761 712 5836 interrogandi
740 5765 881 5819 nota
904 5756 1215 5836 Namun
1259 5757 1360 5813 ait.
1409 5761 1533 5836 etc,
1577 5757 1795 5820 Deinde

234 5832 566 5901 sanatensii
594 5837 656 5896 in
686 5847 847 5895 omen
873 5832 1203 5909 marili'pro
1233 5845 1451 5905 nomen,
1483 5833 1594 5896 etc.

1909 4748 2061 4825 liter,
2093 4749 2950 4825 Deipsaverosapieﬂntissima
2986 4753 3337 4825 Pythagorae
3381 4770 3560 4811 uxore

1912 4822 2101 4893 deque
2130 4820 2262 4877 aliis
2298 4820 2915 4893 illustribusfeminis,
2947 4820 3061 4879 vid'.
3089 4820 3464 4881 Plutarchum
3500 4828 3558 4882 in

1914 4892 2029 4969 fine
2064 4893 2255 4969 l‘a’zpia.
2290 4892 2607 4969 Pohzenum
2640 4892 2737 4969 lib.
2773 4912 2813 4949 ιι
2860 4899 3110 4969 stratag.
3172 4913 3276 4968 pro
3333 4897 3557 4954 Cleobu—

1914 4966 2033 5021 lina
2064 4966 2341 5021 mendose
2373 4967 2431 5019 in
2462 4964 2747 5021 Chronico
2778 4971 2866 5022 est
2890 4964 3218 5034 Deubu'lmd,

1981 5038 2002 5071 ⁶
2032 5037 2441 5093 Casanateosis
2484 5037 2699 5092 nullam
2750 5038 3077 5095 sacerdotem
3136 5039 3432 5109 bigamam.
3486 5042 3559 5096 Ce
3649 5039 3654 5043 ’

1912 5108 2327 5181 Hierophantis
2384 5113 2441 5164 et
2491 5109 2702 5181 ,cicutae
2758 5111 3095 5177 sorbitione,
3172 5108 3292 5166 imo
3362 5112 3560 5169 verius

1910 5178 2247 5236 admotione
2278 5178 2563 5254 masculis
2595 5182 2859 5253 partibus
2889 5182 3004 5237 vid.
3028 5182 3336 5254 Origenem
3368 5182 3558 5241 lib.vn

1907 5261 2098 5330 contra
2124 5254 2362 5318 Celsum,
2395 5252 2696 5330 Caeterum
2747 5270 2815 5310 ex
2873 5252 3255 5330 Tertulliano,
3316 5271 3389 5330 ex,
3443 5274 3560 5330 quo

1909 5324 2185 5402 pleraque
2215 5326 2468 5402 expresit
2500 5324 2830 5402 periodum,
2864 5326 2959 5402 ubi
2990 5324 3559 5402 de_Monogamia,éap

1908 5395 2136 5460 ultimo,
2174 5419 2201 5447 «
2234 5395 2523 5469 Fortunae,
2558 5395 2753 5469 inquit
2804 5397 3077 5453 muliebri
3112 5395 3387 5455 coronam
3434 5395 3557 5457 non

1907 5469 2176 5541 imponit,
2211 5468 2326 5541 nisi
2359 5467 2659 5541 univira":
2692 5469 2963 5525 Pontifex
2995 5470 3303 5537 Maximus,
3337 5475 3395 5526 et
3423 5472 3557 5528 Fla-

1907 5539 2125 5596 minica
2157 5539 2389 5595 nubunt
2416 5539 2621 5607 semel,
2656 5562 2681 5588 ››
2715 5541 3005 5599 etc.Porro
3040 5541 3359 5599 Flaminem
3390 5543 3558 5601 innui

1906 5611 2128 5684 Dialem
2162 5628 2196 5667 a
2224 5611 2575 5684 Hieronymo
2608 5611 2892 5684 intellige,
2925 5619 2989 5670 ut
3020 5621 3222 5670 notum
3256 5632 3322 5671 ex
3353 5617 3397 5669 Α
3448 5617 3556 5673 Ge-

1906 5631 2128 5667 malem
2162 5631 2196 5667 li
2225 5631 2575 5684 meronyruo
2608 5631 2794 5668 lutei“
2841 5631 2892 5678 Θ,
2925 5631 2989 5670 ιη
3020 5631 3222 5670 notum
3256 5632 3322 5671 ΘΧ
3353 5631 3397 5669 Α
3448 5631 3556 5673 υθο

1905 5684 1982 5741 lio
2013 5683 2112 5739 lib.
2143 5700 2201 5752 x,
2233 5700 2284 5739 c.
2310 5684 2407 5763 ‘45.
2436 5682 2533 5741 ubi
2567 5683 2765 5759 plures
2795 5631 3151 5748 lglaminicas
3181 5686 3375 5748 Diales
3398 5685 3556 5763 leges

1904 5759 2345 5816 commemorat.
3466 5759 3481 5763 '
3541 5776 3545 5780 ν
