3944 6418
398 348 513 419 293

1644 346 1711 416 S.
1755 345 2066 418 EUSEBII
2109 342 2555 417 HIERONYMI

3659 348 3774 417 598

396 488 735 544 bimarilum
788 504 800 555 ;
848 482 1270 557 Hieropbantas
1319 502 1549 558 quoque
1594 486 2035 543 Atheniensium
2067 491 2122 556 Α
2152 505 2328 561 quam
2360 488 2418 542 in
2452 487 2855 560 pontiﬁcatum
2913 483 3129 540 fuerint
3184 482 3397 552 allecti,
3458 484 3607 541 viros
3651 500 3773 542 esse

396 592 585 649 usque
615 576 789 632 hodie
836 574 1036 631 cicutae
1085 574 1406 631 sorbitione
1452 575 1715 642 castrari,
1765 580 1821 632 et
1874 582 2039 649 post-

2150 577 2434 633 desinere.

1568 876 1895 960 LIBER
1979 831 2612 961 SECUNDUS.

470 1137 615 1193 821
663 1136 713 1191 -l.
748 1136 995 1193 Secunda
1011 1138 1307 1209 propositio
1330 1136 1633 1192 Joviiziani.
1668 1166 1734 1172 —
1767 1132 2034 1189 Secunda

394 1225 714 1298 propositio
740 1230 849 1292 est,
882 1243 980 1282 eos
1013 1227 1113 1297 qui
1147 1226 1362 1280 fuerint
1387 1223 1686 1297 baptizati,
1722 1240 1755 1278 a
1802 1220 2032 1277 diabolo

394 1331 508 1370 non
542 1331 712 1387 posse
742 1315 973 1370 tentari.
1006 1315 1074 1369 Et
1122 1330 1192 1369 ne
1222 1314 1331 1369 hoc
1364 1313 1541 1369 stulte
1572 1312 1764 1367 dicere
1810 1311 2033 1366 videre-

393 1408 509 1473 tur,
543 1403 803 1473 adjecit;
853 1427 873 1451 α
911 1403 1254 1474 Quicunque
1304 1408 1500 1459 autem
1543 1401 1747 1456 tentati
1796 1399 2031 1466 fuerint,

390 1492 619 1547 ostendi
678 1491 783 1562 [AL
818 1491 1093 1564 ostendit]
1119 1508 1217 1547 eos
1248 1507 1403 1562 aqua
1424 1494 1678 1557 tantum,
1700 1493 1757 1543 et
1777 1504 1892 1542 non
1925 1487 2037 1559 spi-

392 1579 508 1635 ritu
536 1579 881 1652 baptizatos,
917 1581 1072 1652 quod
1121 1580 1181 1634 in
1240 1579 1476 1633 Simone
1534 1578 1701 1649 Mago
1759 1575 2032 1648 legimus,

390 1668 551 1725 Unde
579 1671 638 1723 et
664 1668 926 1723 Joannes
955 1668 1099 1723 dicit
1131 1683 1145 1721 :
1182 1666 1370 1722 Omnis
1401 1667 1493 1737 qui
1521 1676 1686 1720 natus
1715 1670 1791 1719 est
1816 1682 1886 1720 et
1930 1665 2035 1720 Deo

383 1765 671 1829 peccatum
709 1772 820 1812 non
848 1755 983 1829 fecit
1017 1773 1029 1812 :
1064 1758 1331 1828 quoniam
1385 1770 1569 1811 semen
1622 1757 1796 1827 ipsius
1834 1757 1894 1809 in
1950 1770 2033 1819 eo,

386 1851 589 1903 manet
619 1863 637 1899 :
668 1854 719 1901 et
746 1861 856 1901 non
884 1854 1057 1917 potest
1084 1861 1341 1918 peccare,
1382 1847 1514 1919 quia
1571 1861 1643 1899 ea:
1702 1850 1811 1901 Deo
1866 1850 2035 1899 natus

388 1944 485 1992 est.
515 1936 582 1990 Et
613 1936 670 1989 in
700 1936 800 1990 hoc
830 1936 1106 2006 mani/esti
1137 1936 1276 2005 ﬁunt
1324 1936 1491 2006 (mss.
1540 1935 1688 2005 sunt)
1739 1934 1847 2005 ﬁlii
1907 1935 2023 2001 Dei,

389 2034 444 2081 et
464 2025 574 2095 ﬁlii
600 2024 819 2080 diaboli
849 2024 893 2095 (I
918 2025 1075 2079 Joan.
1106 2042 1188 2081 ιιι.
1220 2025 1275 2092 9,
1310 2025 1419 2092 10).
1452 2025 1523 2079 Et
1558 2023 1616 2078 in
1651 2024 1766 2079 ﬁne
1796 2024 2029 2094 Episto-

388 2113 454 2169 las
488 2130 503 2170 :
538 2113 725 2169 Omnis
754 2115 854 2185 qui
880 2117 1042 2168 natus
1074 2119 1154 2168 est
1183 2130 1251 2168 ea:
1277 2118 1383 2169 Deo
1407 2129 1521 2167 non
1561 2118 1743 2184 peccat
1772 2129 1792 2173 ;
1821 2112 1911 2168 sed
1939 2128 2030 2182 ge-

388 2203 607 2257 neratio
635 2203 737 2257 Dei
762 2206 1045 2258 conservat
1072 2218 1221 2269 eum,
1250 2206 1302 2257 et
1347 2203 1626 2273 malignus
1682 2218 1796 2256 non
1849 2202 2034 2271 tangit

387 2308 512 2347 eum
543 2292 593 2362 (Ι
614 2292 771 2347 Ιοαη.
797 2308 851 2359 v,
884 2291 995 2361 48).
1025 2313 1052 2340 ››

454 2384 510 2435 2.
543 2381 944 2451 Hieronymus.
978 2385 1274 2435 Peccatum
1302 2381 1465 2451 fugat
1522 2380 1805 2438 Christum
1857 2385 1908 2435 et
1941 2381 2027 2434 in-

385 2469 533 2525 ducit
561 2468 862 2524 diabolum.
897 2500 963 2509 —
995 2469 1214 2524 Revera
1262 2469 1428 2524 fortis
1477 2467 1744 2539 objectio,
1796 2473 1852 2523 et
1900 2484 2025 2539 quas

387 2556 815 2613 indissolubilis
845 2565 1227 2629 permaneret,
1273 2558 1383 2612 nisi
1415 2557 1603 2629 ipsius
1648 2555 1896 2613 Joannis
1945 2561 2026 2613 te-

387 2645 664 2702 stimonio
694 2644 1033 2701 solveretur.
1066 2646 1271 2700 Statim
1332 2645 1490 2701 enim
1547 2645 1743 2700 intulit
1775 2661 1788 2700 :
1823 2646 2026 2713 Filioli,

386 2734 657 2791 custodite
686 2750 775 2789 vos
802 2751 839 2789 a
867 2734 1183 2790 simulacris
1215 2734 1262 2804 (l
1290 2735 1445 2789 Joan.
1477 2751 1531 2800 ν,
1563 2735 1673 2803 21).
1733 2734 1791 2789 Si
1838 2733 2031 2789 omnis

386 2823 488 2895 qui
519 2827 693 2878 natus
714 2827 803 2878 est
831 2840 895 2877 ex
929 2822 1042 2877 Deo
1074 2839 1191 2878 non
1224 2827 1444 2894 peccat,
1511 2826 1567 2877 et
1594 2840 1624 2878 a
1652 2821 1882 2878 diabolo
1912 2827 2032 2878 ten-

392 2911 504 2968 tari
536 2929 652 2967 non
686 2915 896 2984 potest,
928 2912 1221 2982 quomodo
1277 2911 1507 3001 pzecipit
1557 2917 1622 2966 ut
1664 2917 1908 2967 caveant
1960 2929 2030 2967 ne

388 3001 729 3057 tentantur?
780 3002 849 3055 Et
880 3000 938 3054 in
957 3001 1160 3056 eadem
1186 2999 1392 3056 rurSus
1409 2999 1667 3073 Epistola
1701 3017 1713 3054 :
1750 3002 2029 3056 Sidixeri-

386 3107 529 3158 mus,
564 3090 692 3162 quia
742 3089 851 3160 (Al.
912 3091 1197 3162 quoniam)
1249 3097 1535 3161 peccatum
1590 3107 1701 3145 non
1761 3091 2031 3146 habemus

383 3182 491 3252 ipsi
523 3196 621 3234 nos
649 3179 984 3246 seducimus,
1016 3186 1066 3233 et
1098 3180 1294 3234 veritas
1343 3180 1402 3233 in
1459 3179 1617 3233 nobis
1672 3194 1783 3233 non
1839 3188 1936 3234 est.
1972 3179 2033 3234 Si

2146 1134 2336 1203 seqq.)
2373 1131 2697 1203 Propterea,
2733 1129 2944 1203 inquit,
2977 1130 3167 1185 scribo
3197 1130 3383 1198 vobis,
3430 1129 3590 1185 ﬁlioli
3625 1132 3734 1188 mei
3765 1150 3779 1188 :

2145 1219 2333 1276 Omnis
2362 1223 2461 1292 qui
2487 1229 2650 1275 natus
2679 1229 2757 1274 est
2776 1236 2848 1274 ex
2869 1220 3000 1284 Deo,
3031 1235 3138 1275 non
3166 1224 3349 1291 peccat
3380 1224 3446 1274 ut
3474 1235 3589 1275 non
3647 1236 3779 1292 pec-

2142 1310 2307 1377 cetis,
2339 1315 2397 1365 et
2426 1310 2630 1365 tandiu
2688 1309 2888 1364 sciatis
2940 1326 3041 1365 vos
3072 1308 3129 1363 in
3157 1309 3529 1381 generatione
3557 1308 3780 1365 Domini

2142 1414 2503 1469 permanere,
2533 1397 2791 1469 quandiu
2826 1414 2940 1453 non
2968 1396 3363 1469 peccaveritis.
3415 1396 3537 1453 Imo
3585 1396 3685 1469 qui
3723 1398 3779 1454 in

2142 1486 2513 1558 generatione
2547 1486 2777 1541 Domini
2810 1490 3200 1558 perseverant,
3235 1502 3475 1557 peccare
3504 1502 3619 1541 non
3650 1502 3779 1558 pos-

2144 1580 2447 1646 sunt.Quw
2475 1592 2624 1630 enim
2653 1576 3076 1630 communicatio
3108 1575 3219 1631 luci
3243 1579 3296 1631 et
3326 1577 3563 1631 tenebris
3582 1579 3608 1629 .9
3628 1574 3780 1631 Chri-

2141 1669 2221 1721 sto
2248 1668 2300 1720 et
2326 1665 2501 1720 Belial
2531 1666 2605 1736 (II
2628 1664 2834 1731 Cor.vx,
2863 1665 2951 1729 14,
2987 1665 3073 1735 15)
3107 1664 3135 1718 ‘t
3187 1665 3487 1731 Quomodo
3545 1664 3670 1721 dies
3725 1669 3781 1721 et

2145 1771 2257 1809 nox
2286 1753 2517 1809 misceri
2549 1757 2849 1825 nequeunt
2873 1770 2886 1807 :
2907 1753 2990 1808 sic
3006 1751 3359 1822 necjustitia
3404 1757 3461 1808 et
3483 1752 3781 1824 iniquitas,

2145 1845 2446 1915 peccatum
2474 1846 2530 1898 et
2558 1843 2754 1897 bonna
2784 1858 2977 1913 opera,
3011 1840 3277 1897 Christus
3308 1844 3365 1896 et
3385 1840 3785 1898 Antichristus

2148 1931 2206 1987 Si
2224 1930 2660 2003 susceperimus
2672 1930 2969 1987 Christum
2993 1930 3047 1985 in
3065 1929 3316 2003 hospitio
3330 1930 3514 1985 nostri
3538 1929 3783 2002 pectoris

2141 2020 2535 2093 [ALcorporisj
2568 2016 2666 2075 illo
2699 2021 2970 2092 fugamus
2992 2019 3463 2092 [Aqugabimus]
3488 2018 3782 2075 diabolum

2145 2110 2203 2165 Si
2235 2109 2668 2181 peccaverimus
2698 2113 2755 2165 et
2791 2124 2894 2180 per
2936 2108 3155 2181 peccati
3196 2109 3443 2178 januam
3482 2107 3783 2181 ingressus

2145 2199 2321 2253 fuerit
2349 2197 2639 2263 diabolus,
2675 2198 2942 2270 protinus
2972 2197 3235 2253 Christus
3263 2197 3508 2252 recedet.
3543 2197 3703 2253 Unde
3727 2201 3784 2252 et

2140 2288 2320 2344 David
2340 2292 2473 2360 post
2495 2287 3003 2359 peccatumzltcdde
3024 2286 3550 2353 mihi,ait,laetitiam
3570 2288 3782 2342 saluta-

2142 2379 2225 2432 ris
2241 2379 2328 2431 tui
2348 2376 2589 2448 (Psalm,
2619 2375 2956 2447 tt):scilicet
2976 2393 3153 2448 quam
3177 2376 3472 2449 peccando
3490 2376 3783 2445 amiserat,

2142 2465 2283 2534 Quid
2310 2466 2446 2521 dicit
2469 2481 2526 2520 se
2553 2481 2710 2519 nosse
2736 2474 2941 2531 eum,et
2970 2466 3229 2520 mandata
3258 2466 3375 2536 ejus
3397 2481 3505 2521 non
3534 2465 3782 2531 custodit,

2142 2554 2380 2609 mendam
2399 2563 2497 2622 est,
2520 2557 2570 2609 et
2587 2556 2645 2608 in
2668 2554 2764 2608 hoc
2793 2555 2990 2609 veritas
3015 2570 3121 2609 non
3142 2558 3221 2609 cst
3253 2553 3786 2626 (lloan.n.!i).Chri-

2140 2648 2267 2699 stus
2296 2643 2508 2698 veritas
2538 2642 2866 2715 appellatur
2894 2660 2907 2710 ;
2941 2646 3046 2713 Ego
3066 2660 3208 2708 sum,
3234 2643 3447 2716 inquit,
3472 2645 3568 2699 via
3596 2652 3649 2699 et
3673 2644 3785 2699 vita

2139 2738 2191 2787 et
2222 2734 2418 2787 veritas
2448 2733 2461 2765 ¹
2495 2731 3124 2801 (Joan.x1v,6).Frustra
3160 2732 3328 2788 nobis
3367 2732 3427 2788 in
3455 2750 3524 2788 eo
3555 2731 3784 2806 plaudi-

2144 2838 2277 2876 mus
2301 2820 3061 2893 [.4[.applaudimus],cujus
3088 2822 3493 2878 mandatanon
3514 2822 3782 2879 facimus.

2139 2911 2351 2966 Scienti
2382 2912 2621 2976 bonum,
2655 2916 2712 2965 et
2742 2928 2857 2965 non
2890 2912 3119 2966 facienti
3153 2911 3320 2979 illud,
3343 2916 3653 2984 peccatum
3678 2915 3784 2979 est,

2142 3000 2420 3072 Quomodo
2449 3016 2641 3071 corpus
2668 3001 2787 3055 sine
2806 3001 3010 3072 spiritu
3033 3009 3310 3057 mortuum
3338 3009 3434 3067 est,
3456 3004 3543 3056 sic
3573 3006 3626 3057 et
3654 3001 3783 3073 fides

2136 3091 2257 3144 sine
2286 3089 2531 3159 operibus
2556 3097 2773 3143 mortua
2802 3092 2877 3144 est
2908 3090 3060 3159 (Jac.
3118 3107 3179 3155 ιι,
3237 3090 3347 3161 26).
3403 3089 3520 3145 Nec
3564 3089 3784 3161 grande

2139 3178 2414 3251 putcnius
2445 3194 2626 3232 unum
2662 3177 2842 3234 Deum
2876 3194 3210 3244 nosse,cum
3242 3182 3299 3233 et
3324 3179 3625 3235 daemones
3655 3193 3776 3234 cre-

381 3270 738 3339 conﬁteamur
764 3276 996 3339 peccata,
1028 3272 1245 3335 nostra,
1278 3268 1457 3339 ﬁdelis
1504 3271 1554 3323 et
1586 3271 1779 3339 justus
1821 3277 1917 3333 est,
1968 3278 2027 3326 ut
2058 3267 2100 3333 C
2140 3268 2282 3323 dant
2312 3272 2368 3321 et
2398 3265 2868 3323 contremiscant.
2905 3268 3045 3335 Quid
3072 3268 3207 3323 dicit
3235 3284 3289 3323 se
3320 3268 3379 3322 in
3410 3269 3529 3340 ipso
3563 3282 3786 3323 manere

386 3360 626 3413 remittat
653 3357 809 3412 nobis
835 3365 1077 3429 peccata,
1107 3365 1157 3411 et
1204 3357 1425 3412 mundat
1477 3356 1585 3428 (Al.
1635 3358 1912 3429 emundet)
1936 3376 2032 3415 nos

385 3446 455 3501 ab
484 3447 635 3500 omni
664 3446 974 3517 iniquitate.
1008 3445 1067 3500 Si
1095 3445 1423 3512 dixerimus,
1465 3448 1596 3517 quia
1628 3462 1737 3502 non
1780 3451 2028 3518 peccavi-

384 3549 531 3599 mus,
563 3533 878 3588 mendaeem
906 3535 1142 3603 facimus
1174 3550 1319 3603 eum,
1363 3543 1414 3589 et
1458 3534 1681 3589 verbum
1740 3537 1863 3604 ejus
1920 3552 2030 3592 non

382 3628 459 3677 est
490 3623 548 3677 in
578 3622 736 3676 nobis
764 3621 810 3691 (1
835 3622 992 3677 Joan.
1026 3640 1066 3687 ι,
1095 3622 1130 3676 8
1158 3626 1347 3693 seqq.).
1382 3623 1662 3678 Existimo
1714 3624 1820 3694 (At.
1873 3625 2027 3679 testi-

386 3712 502 3783 mo)
533 3711 685 3782 quod
711 3709 965 3765 Joannes
987 3709 1317 3781 baptizatus
1340 3711 1411 3766 ad
1442 3711 1765 3782 baptizatos
1785 3713 2027 3784 scripse-

385 3799 478 3865 rit,
510 3805 565 3855 ct
596 3799 750 3872 quod
782 3815 954 3854 omne
984 3804 1284 3871 peccatum
1318 3817 1353 3855 a
1381 3799 1612 3855 diabolo
1642 3801 1740 3856 sit.
1775 3800 1873 3857 llle
1903 3819 2030 3873 pec-

386 3893 640 3945 catorem
676 3905 738 3945 se
767 3890 1095 3959 conﬁtetur,
1128 3894 1184 3945 et
1216 3895 1413 3961 sperat
1444 3889 1874 3955 remissionem,
1900 3895 2031 3962 post

384 3977 695 4048 baptisma,
727 3982 1097 4049 peccatorum
1134 3994 1147 4032 :
1182 3983 1239 4033 et
1259 3978 1602 4035 Jovinianus
1634 3996 1800 4035 meus
1846 3980 2022 4049 dicit;

382 4066 461 4121 Ne
490 4074 678 4136 tangas
707 4082 811 4132 me,
845 4068 1104 4137 quoniam
1133 4068 1375 4121 mundus
1402 4084 1523 4123 sum
1553 4068 1681 4139 (Isa.
1711 4086 1836 4136 va,
1859 4070 2027 4141 juxta

381 4153 541 4225 LXX).
575 4154 722 4219 Quid
755 4170 890 4227 ergo
920 4156 948 4209 ‘t
977 4156 1266 4211 contraria
1310 4156 1421 4212 sibi
1470 4157 1784 4229 Apostolus
1834 4158 2021 4230 loqui-

381 4246 481 4297 tur
502 4241 530 4296 ?
561 4241 893 4298 Minime.ln
915 4245 1119 4299 eodem
1145 4244 1361 4316 quippe
1377 4245 1502 4301 loco
1526 4263 1630 4301 cur
1660 4246 1770 4302 hoc
1790 4247 2020 4316 dixerit,

382 4330 580 4387 statim
612 4330 881 4387 edisserit
909 4348 922 4385 :
954 4333 1143 4388 Filioli
1170 4335 1302 4401 mei,
1336 4334 1453 4391 haec
1506 4336 1680 4391 scribo
1736 4338 1905 4403 vobis,
1966 4342 2025 4393 ut

380 4435 493 4475 non
520 4421 773 4491 peccetis.
807 4419 911 4476 Sed
940 4428 992 4477 et
1044 4422 1096 4477 si
1148 4422 1269 4494 quis
1322 4426 1638 4494 peccaverit,
1699 4425 2024 4482 advocatum

380 4509 641 4565 habemus
677 4510 823 4581 apud
876 4515 1107 4565 Patrem
1152 4513 1336 4567 Iesum
1384 4512 1661 4568 Christum
1705 4516 1937 4586 justum,
1971 4520 2024 4571 et

380 4600 492 4670 ipse
520 4606 599 4654 est
650 4601 973 4671 propitiatio
1028 4616 1128 4671 pro
1178 4603 1416 4672 peccatis
1469 4604 1693 4657 nostris.
1755 4605 1871 4658 Non
1922 4621 2022 4676 pro
2058 4641 2100 4705 Β

378 4689 585 4744 nostris
613 4692 794 4744 autem
828 4695 1070 4755 tantum,
1111 4690 1204 4745 sed
1243 4693 1411 4746 etiam
1441 4708 1541 4765 pro
1588 4695 1757 4749 totius
1802 4693 2016 4749 mundi.

374 4779 440 4833 Et
470 4779 531 4832 in
561 4777 663 4834 hoc
692 4779 917 4845 scimus,
949 4777 1089 4851 quod
1120 4782 1462 4851 cognovimus
1490 4797 1634 4850 eum,
1672 4784 1723 4838 si
1760 4783 2022 4837 mandata

378 4871 501 4939 ejus
548 4867 908 4924 observemus.
944 4869 1050 4937 Qui
1104 4869 1241 4925 dicit
1264 4885 1320 4925 se
1340 4886 1495 4925 nosse
1513 4887 1655 4938 cum,
1683 4876 1736 4926 et
1762 4872 2024 4927 mandata

380 4956 498 5029 ejus
527 4972 639 5012 non
667 4957 922 5025 custodi:,
976 4958 1216 5014 mendax
1261 4963 1358 5024 est,
1404 4963 1451 5014 et
1491 4961 1549 5013 in
1582 4975 1640 5014 eo
1686 4962 1886 5016 veritas
1916 4977 2026 5016 non

376 5054 478 5102 est.
504 5047 611 5114 Qui
640 5054 824 5102 autem
844 5051 1029 5102 servat
1058 5048 1282 5103 verbum
1309 5049 1448 5117 eius;
1472 5065 1593 5104 vere
1638 5051 1698 5104 in
1746 5050 1844 5105 hoc
1888 5050 2024 5106 cha-

382 5137 526 5190 ritas
576 5138 675 5191 Dei
722 5138 970 5208 perfecta
1013 5145 1107 5193 est.
1140 5139 1203 5193 In
1231 5137 1328 5194 hoc
1355 5141 1558 5194 scimus
1586 5139 1740 5195 822
1770 5140 2027 5210 quoniam

380 5226 441 5279 in
470 5225 587 5294 ipso
616 5241 832 5282 sumus.
864 5227 970 5294 Qui
996 5227 1130 5282 dicit
1176 5243 1233 5282 se
1283 5229 1345 5282 in
1402 5230 1523 5299 ipso
1576 5243 1821 5294 manere,
1874 5228 2028 5285 debet

380 5314 524 5368 sicut
544 5313 641 5368 ille
671 5316 994 5383 ambulavit,
1027 5326 1075 5372 et
1106 5317 1223 5389 ipse
1251 5318 1542 5372 ambulare
1586 5318 1631 5388 (1
1680 5317 1837 5372 Ιοαη.
1900 5335 1959 5385 ιι,
1992 5317 2015 5374 l

452 5474 468 5508 ¹
502 5472 677 5549 Addit
700 5477 868 5549 vetus
897 5475 1074 5531 cdilio
1105 5478 1212 5533 imo
1242 5477 1408 5533 est.ln
1442 5477 1825 5549 subsequenti
1855 5477 2026 5533 Joan-

380 5543 474 5599 nis
508 5543 795 5600 vcrsiculo
830 5562 996 5601 voces
1034 5553 1083 5601 et
1112 5549 1221 5603 vita
1254 5566 1319 5603 ex
1353 5565 1494 5604 mss.
1530 5543 1807 5604 omnibus
1836 5554 1891 5604 et
1920 5550 2023 5605 Vi-

381 5616 1015 5697 ctoriosuhpplevimus.
1052 5619 1289 5677 Leviora
1337 5623 1453 5678 alia
1510 5623 1790 5679 nonnulla
1848 5640 2026 5697 supra

379 5692 557 5767 atque
582 5689 740 5748 intra
768 5690 1173 5751 emendamus.

2138 3357 2297 3412 debet
2323 3359 2464 3411 sicut
2495 3357 2591 3411 ille
2620 3357 2919 3411 ambulavit
2948 3365 2998 3411 et
3026 3358 3141 3427 ipse
3167 3358 3456 3413 ambulare
3486 3360 3535 3427 (Ι
3561 3359 3700 3414 Joan
3719 3373 3781 3427 ιι,

2142 3447 2219 3514 6).
2254 3444 2441 3516 Eligat
2469 3444 2839 3500 adversarius
2868 3461 2898 3499 e
2930 3445 3162 3500 duobus
3194 3445 3349 3517 quod
3380 3445 3509 3501 vult
3540 3464 3554 3511 ;
3589 3446 3784 3519 optio-

2140 3551 2272 3589 nem
2306 3534 2353 3589 ei
2390 3535 2494 3605 [AL
2529 3534 2685 3589 enim
2744 3535 2975 3589 damus.
3037 3538 3222 3589 Manet
3282 3534 3338 3589 in
3398 3534 3657 3602 Christo,
3712 3550 3783 3590 au

2140 3640 2253 3677 non
2287 3626 2483 3677 manet
2510 3623 2537 3676 τι)
2558 3622 2617 3677 Si
2642 3629 2856 3689 manet,
2880 3623 2961 3677 ita
2984 3640 3121 3695 ergo
3144 3622 3487 3679 ambuletut
3507 3624 3781 3680 Christus

2138 3712 2197 3766 Si
2228 3716 2423 3767 autem
2455 3712 2831 3767 tcmeriarum
2862 3717 2952 3767 est
3003 3711 3453 3768 similitudinem
3492 3712 3785 3769 virtutum

2137 3800 2365 3855 Domini
2400 3799 2679 3873 polliceri,
2716 3818 2829 3855 non
2864 3805 3061 3856 manet
3091 3801 3150 3856 in
3196 3801 3444 3869 Christo,
3478 3803 3628 3874 quia
3669 3818 3785 3857 non

2135 3889 2460 3962 ingreditur
2489 3894 2553 3945 ut
2581 3889 2866 3946 Christus.
2899 3890 3001 3946 Ille
3032 3895 3333 3963 peccatum
3364 3909 3479 3947 non
3506 3892 3668 3961 fecit,
3693 3907 3787 3948 ne—

2136 3996 2248 4051 que
2277 3978 2547 4034 inventus
2577 3983 2669 4034 est
2691 3978 2858 4034 dolus
2892 3979 2949 4033 in
2982 3995 3080 4035 ore
3111 3980 3261 4051 ejus,
3297 3980 3399 4052 qui
3428 3996 3571 4037 cum
3604 3980 3786 4037 male-

2134 4069 2443 4134 diceretur,
2479 4084 2592 4122 non
2625 4067 2988 4123 remaledixit
3019 4068 3063 4137 (1
3091 4070 3238 4125 Petr.
3272 4086 3336 4139 ιι,
3384 4070 3501 4140 22),
3545 4075 3607 4126 et
3653 4073 3784 4126 tan-

2134 4175 2309 4230 quam
2341 4173 2530 4229 agnus
2555 4173 2749 4211 coram
2784 4158 3060 4213 tondente
3091 4174 3172 4225 se,
3207 4158 3291 4213 sic
3322 4175 3439 4213 non
3463 4160 3705 4232 aperuit
3723 4175 3788 4215 os

2133 4263 2306 4303 suum
2339 4247 2469 4316 (Isa.
2503 4262 2619 4312 ιιιι,
2651 4246 2706 4314 9)
2735 4263 2748 4314 ;
2781 4246 2849 4299 ad
2881 4261 3055 4317 quem
3088 4246 3246 4302 venit
3279 4246 3553 4320 princeps
3576 4245 3789 4303 mundi

2132 4336 2328 4402 istius,
2361 4339 2419 4390 et
2446 4334 2667 4389 invenit
2696 4334 2752 4388 in
2781 4351 2847 4390 eo
2902 4334 3050 4390 nihil
3084 4352 3097 4402 ;
3128 4336 3228 4407 qui
3279 4352 3413 4391 cum
3472 4340 3789 4410 peccatum

2133 4441 2248 4479 non
2276 4425 2508 4479 fecisset
2538 4423 2759 4493 (IJoan.
2808 4441 2890 4491 ιιι,
2939 4426 3019 4494 5),
3080 4441 3183 4496 pro
3243 4425 3413 4481 nobis
3472 4430 3789 4498 peccatum

2132 4530 2265 4568 eum
2298 4513 2433 4568 fecit
2464 4517 2611 4567 Deus
2643 4514 2710 4583 (Il
2752 4511 2870 4568 Cor.
2905 4531 2958 4577 v,
3005 4514 3118 4584 2|).
3169 4513 3288 4570 Nos
3341 4519 3566 4583 autem,
3618 4516 3794 4588 juxta

2134 4601 2449 4673 Epistulam
2476 4600 2700 4667 Jacobi,
2734 4601 2917 4657 multa
2952 4618 3241 4673 peccamus
3269 4618 3472 4669 omnes,
3521 4613 3576 4660 et
3631 4618 3791 4660 nemo

2130 4690 2371 4765 mundus
2399 4708 2434 4745 a
2462 4691 2690 4762 peccatis
2723 4690 2922 4761 (Jacob.
2955 4707 3041 4758 ιιι,
3066 4692 3145 4764 2),
3176 4708 3275 4747 nec
3301 4692 3457 4749 323
3505 4695 3562 4749 si
3621 4694 3792 4749 unius

2132 4780 2352 4853 quidem
2382 4779 2497 4835 dici
2522 4781 2695 4850 fuerit
2724 4781 2838 4833 vita
2883 4780 3001 4851 ejus
3048 4781 3164 4850 (Job
3220 4798 3335 4848 xxv,
3397 4782 3450 4850 4,
3509 4782 3594 4855 5),
3662 4782 3793 4851 Qui:

2134 4871 2285 4925 enim
2305 4868 2634 4940 gloriabitur
2660 4871 2870 4924 castum
2898 4885 2955 4925 se
3010 4870 3217 4925 habere
3271 4886 3364 4926 cor
3420 4876 3443 4927 Ρ
3500 4876 3608 4927 aut
3666 4872 3791 4945 quis

2133 4958 2362 5028 conﬁdet
2391 4957 2660 5012 mundum
2683 4973 2742 5012 se
2770 4974 2883 5013 esse
2910 4975 2945 5013 a
2969 4961 3202 5030 peccatis
3231 4962 3256 5012 .9
3286 4961 3674 5033 Tenemurqne
3701 4960 3790 5016 rei

2134 5050 2195 5102 in
2222 5048 2647 5103 similitudinem
2671 5048 3157 5117 praevaricationis
3213 5048 3385 5105 Adam
3435 5049 3630 5121 (Prov.
3689 5065 3789 5117 xx,

2133 5136 2210 5205 9).
2244 5136 2405 5193 Unde
2437 5141 2493 5192 et
2523 5136 2704 5192 David
2739 5154 2752 5191 :
2786 5137 2934 5205 Ecce,
2968 5137 3071 5202 ait,
3107 5140 3165 5193 in
3206 5139 3603 5210 iniquitatibus
3655 5155 3793 5197 con-

2134 5230 2316 5287 wptus
2342 5242 2483 5291 sum,
2516 5229 2565 5281 et
2594 5226 2655 5281 in
2702 5225 2914 5281 delictis
2956 5229 3196 5299 concepit
3238 5244 3325 5283 me
3381 5229 3403 5263 ²
3432 5236 3618 5284 neuter
3665 5242 3793 5284 mea

2136 5317 2305 5387 (Psal.
2340 5333 2390 5383 L,
2421 5317 2498 5386 7).
2534 5316 2602 5370 Et
2632 5316 2838 5371 beatur
2867 5315 2999 5371 Job.
3026 5316 3086 5372 Si
3112 5320 3268 5388 fuero
3282 5319 3469 5390 justus
3496 5334 3559 5373 os
3601 5332 3794 5374 meum

2202 5479 2223 5512 ²
2252 5477 2376 5554 Duo
2408 5492 2552 5554 mss.
2582 5478 2792 5554 peperit
2817 5491 2925 5554 me,
2961 5478 3061 5533 sed
3093 5477 3326 5534 Graecus
3383 5477 3645 5548 ὲκίσσησὲ
3699 5498 3787 5554 με.

2134 5549 2311 5605 Paulo
2344 5553 2475 5620 post
2502 5549 2934 5614 Casanatensis,
2965 5556 3306 5607 exsecratum
3361 5560 3443 5609 est
3485 5549 3793 5611 vestimen-

2131 5626 2248 5680 tum
2277 5638 2478 5691 meum,
2510 5620 2731 5697 absque
2760 5637 2865 5679 me.
