3944 6448
182 370 279 439 297
1203 370 1619 437 aovsasus
1661 366 2153 455 JOVINIANUM
2196 373 2345 437 LIB.
2393 374 2471 438 ιι.
2686 362 2701 376 ’
3422 378 3543 444 ses

182 507 324 578 impia
352 502 612 576 loquetur,
645 506 695 561 et
722 520 771 560 si
798 504 916 562 sine
942 508 1193 575 crimine,
1246 524 1454 579 pravus
1508 508 1780 562 inveniar.
1814 507 1865 571 Α
1900 521 2112 578 corpus
2143 524 2340 573 suum,
2382 512 2438 564 et
2492 509 2550 564 in
2600 505 2952 565 servitudem
3006 509 3239 583 redigit,
3289 527 3362 568 ne
3409 511 3542 570 aliis

183 594 632 665 Etsipuri/icatus
659 595 723 650 in
748 596 877 650 nive
930 603 983 652 et
1039 600 1179 652 totus
1233 597 1456 652 mundis
1505 595 1781 660 manibus,
1898 595 2242 666 praedicans,
2275 596 2400 668 ipse
2458 599 2743 670 reprobus
2789 598 3124 655 inveniatur
3178 600 3224 670 (l
3283 598 3405 656 Cor.
3461 618 3540 671 Ix,

184 687 293 741 satis
332 698 412 739 me
451 683 609 740 sorde
638 686 875 753 tinxisti,
905 687 960 741 ei
1009 689 1352 741 exsecratum
1404 693 1483 741 est
1508 701 1595 740 me
1621 686 1786 739 vesti-
1892 684 1983 755 27)
2018 701 2031 738 :
2064 686 2130 739 Et
2154 685 2317 741 datus
2345 696 2421 742 est
2453 689 2615 753 mihi,
2676 684 2866 760 inquit
2920 690 2962 757 ²,
3020 690 3276 744 stimulus
3332 693 3543 762 carnis,

182 764 388 829 mentum
424 789 609 828 meum
639 775 753 839 (Job
808 790 925 842 xw,
954 782 1006 830 et
1056 792 1112 829 ιχ
1150 775 1319 846 juxta
1352 774 1532 844 LXX).
1569 773 1782 829 Verum
1893 774 2124 841 angelus
2155 775 2397 843 Satanae,
2429 778 2530 848 qui
2556 794 2641 833 me
2675 778 2971 850 colaphizet
3018 779 3090 850 (II
3142 781 3266 834 Cor.
3306 796 3406 847 xu,
3455 781 3536 853 7).

180 879 239 921 ne
261 861 471 935 penitus
501 862 901 935 desperemus,
937 863 1292 919 arbitrantes
1324 879 1431 919 nos
1473 870 1608 934 post
1649 878 1781 934 pec-
1892 861 1963 917 Et
1993 862 2066 918 ad
2098 863 2428 920 Corinthios
2471 882 2483 918 :
2519 868 2712 937 Timeo,
2768 867 2979 939 inquit,
3026 882 3095 922 ne
3140 868 3284 923 sicut
3310 884 3537 941 serpens

180 956 286 1010 cata
310 950 576 1024 baptismi
605 968 720 1008 non
752 968 924 1024 posse
955 950 1192 1019 salvari,
1224 953 1422 1008 statim
1445 951 1553 1008 hoc
1583 951 1780 1024 ipsum
1890 951 2098 1023 decepit
2155 953 2323 1008 Evam
2380 955 2439 1008 in
2502 957 2708 1011 astutia
2774 972 2896 1022 sua,
2970 958 3051 1011 ita
3114 961 3538 1029 corrumpantur

177 1044 474 1113 temperat;
502 1044 566 1097 Et
593 1042 645 1096 si
676 1042 797 1112 quis
832 1043 1093 1113 peccavit,
1154 1041 1475 1097 advocatum
1522 1040 1784 1097 habemus
1890 1056 2081 1096 sensus
2110 1046 2275 1098 vestri
2304 1059 2337 1096 a
2367 1044 2720 1116 simplicitate
2769 1060 2895 1118 qua:
2946 1053 3026 1101 est
3078 1048 3139 1100 in
3195 1046 3408 1104 Christo
3463 1047 3541 1119 (II

180 1129 303 1202 apud
340 1130 556 1185 Patrem
603 1131 787 1186 Iesum
831 1129 1106 1185 Christum
1142 1132 1377 1201 justum,
1426 1138 1480 1185 et
1536 1132 1651 1201 ipse
1704 1133 1783 1184 est
1893 1128 2015 1185 Cor.
2048 1147 2127 1196 χι,
2159 1131 2234 1202 3),
2286 1135 2349 1185 Et
2400 1130 2538 1187 alibi
2576 1149 2588 1188 :
2621 1135 2729 1190 Cui
2756 1137 2942 1189 autem
2989 1134 3213 1206 aliquid
3271 1134 3532 1205 donastis,

175 1219 449 1292 propitiatio
502 1234 605 1291 pro
642 1219 876 1291 peccatis
902 1220 1124 1275 nostris.
1157 1220 1272 1275 Non
1299 1236 1399 1291 pro
1448 1220 1651 1274 nostris
1678 1235 1781 1273 au-
1889 1225 1942 1273 et
1970 1233 2085 1289 ego.
2118 1218 2259 1274 Nam
2307 1228 2358 1275 et
2393 1236 2487 1291 ego
2545 1221 2686 1292 quod
2737 1222 2958 1289 donavi,
3015 1223 3067 1278 si
3121 1222 3253 1295 quid
3307 1223 3531 1295 donavi,

172 1316 260 1364 tem
281 1310 503 1373 tantum,
533 1306 627 1362 sed
682 1309 852 1364 etiam
906 1324 1006 1381 pro
1059 1310 1226 1364 totius
1273 1307 1470 1363 mundi
1524 1309 1572 1379 (Ι
1617 1310 1775 1364 Joan.
1886 1310 2113 1378 propter
2136 1323 2247 1377 vos,
2283 1308 2348 1363 in
2371 1324 2607 1380 persona
2623 1311 2847 1378 Christi,
2880 1315 2941 1366 ut
2987 1328 3098 1367 non
3141 1308 3536 1371 circumvenia-

172 1414 221 1464 ιι,
252 1402 294 1463 l,
319 1396 391 1467 2).
421 1395 538 1452 Hoc
569 1396 640 1452 ad
670 1396 973 1452 credentes
1002 1401 1136 1470 post
1177 1397 1473 1470 baptisma
1496 1395 1777 1468 loquitur,
1886 1411 2016 1450 mur
2042 1412 2078 1450 a
2109 1395 2336 1452 Satana.
2386 1399 2506 1453 Non
2554 1402 2701 1455 enim
2749 1401 2870 1471 ejus
2917 1402 3238 1472 ignoramus
3293 1404 3537 1459 astutias

168 1489 213 1541 et
237 1484 559 1541 advocatum
590 1502 694 1558 pro
723 1484 953 1542 delictis
975 1501 1178 1542 eorum
1210 1485 1527 1541 Dominum
1550 1484 1779 1557 pollice-
1889 1484 1965 1556 (II
1992 1482 2116 1551 Cor,
2161 1502 2223 1551 11,
2277 1486 2363 1553 10,
2416 1487 2526 1556 il).
2578 1488 2648 1543 Et
2695 1505 2932 1544 rursum
2967 1505 2980 1544 :
3010 1489 3252 1544 Tentatio
3299 1505 3390 1546 vos
3422 1506 3536 1548 non

170 1575 264 1629 tur.
292 1577 399 1630 Nec
446 1573 592 1629 dicit
623 1590 637 1630 :
666 1574 726 1630 Si
776 1574 918 1646 quid
972 1574 1370 1646 peccaveritis,
1430 1575 1777 1629 advocatum
1887 1573 2282 1644 apprehendat,
2315 1576 2432 1630 nisi
2460 1575 2726 1632 humana.
2774 1577 2976 1633 Fidelis
3012 1585 3198 1633 autem
3226 1566 3402 1646 Deus,
3436 1580 3536 1651 qui

169 1660 365 1719 habetis
384 1663 537 1735 apud
569 1662 799 1719 Patrem
829 1662 1149 1730 Christum,
1202 1666 1260 1719 et
1288 1663 1414 1735 ipse
1460 1668 1551 1719 est
1588 1662 1779 1735 propi-
1885 1676 1996 1717 non
2026 1661 2264 1718 dimittet
2280 1679 2371 1719 vos
2399 1667 2610 1720 tentari
2652 1681 2825 1736 supra
2873 1666 2931 1721 id
2960 1665 3101 1737 quod
3141 1668 3359 1737 potestis
3384 1684 3406 1729 ;
3433 1668 3538 1726 sed

167 1748 303 1808 tiatio
338 1767 437 1824 pro
484 1752 743 1825 peccatis
799 1752 1008 1809 vestris
1043 1770 1056 1821 ;
1093 1768 1165 1808 ne
1197 1769 1295 1809 eos
1353 1751 1599 1819 diceres,
1656 1767 1773 1807 non
1884 1750 2051 1819 faciet
2080 1766 2207 1806 cum
2238 1754 2536 1809 tentatione
2563 1753 2585 1787 ³
2613 1755 2779 1809 etiam
2802 1758 3150 1825 proventum,
3196 1757 3257 1809 ut
3309 1755 3537 1828 possitis

165 1836 312 1939 plena
344 1839 454 1895 fide
503 1839 800 1912 baptisma
847 1846 1194 1898 consecutos
1226 1860 1239 1909 ;
1274 1840 1374 1897 sed
1422 1841 1773 1908 Advocatum,
1804 1872 1854 1939 B
1886 1843 2161 1939 sustinere
2190 1840 2239 1909 (Ι
2258 1842 2385 1897 Cor.
2419 1858 2475 1909 x,
2510 1842 2621 1915 13).
2652 1843 2745 1911 Et,
2779 1842 2885 1910 Qui
2938 1842 3048 1898 sibi
3097 1843 3314 1899 videtur
3369 1840 3539 1913 stare,

165 1920 348 2000 inquit,
379 1929 634 1985 habemus
667 1929 815 2002 apud
860 1931 1083 1986 Patrem
1114 1930 1129 1965 ¹
1159 1932 1343 1987 Iesum
1395 1929 1691 1999 Christum,
1723 1933 1777 1985 et
1804 1920 1854 1939 ”
1885 1927 2067 1985 videat
2087 1946 2159 1984 ne
2198 1929 2358 1987 cadat
2387 1930 2551 2002 (Ibid.
2611 1930 2724 2004 42).
2782 1932 2853 1988 Et
2908 1932 2979 1987 ad
3037 1930 3275 1989 Galatas
3332 1931 3536 2004 (Galat.

162 2018 255 2087 ipse
278 2021 350 2073 est
375 2020 691 2091 propitiatio
716 2035 817 2091 pro
854 2021 1093 2091 peccatis
1131 2019 1334 2076 nostris
1366 2036 1379 2087 ;
1414 2023 1471 2074 et
1519 2035 1637 2075 non
1679 2034 1775 2074 so-
1884 2035 1941 2085 ν,
1970 2019 2026 2091 7)
2062 2036 2074 2074 :
2110 2018 2437 2075 Currebatis
2464 2021 2619 2086 bene,
2671 2022 2795 2093 quis
2844 2020 2936 2078 vos
2977 2021 3269 2094 impedivit
3314 2024 3540 2080 veritati

159 2102 260 2163 lum
290 2122 386 2178 pro
415 2106 685 2175 Joannis,
715 2107 1070 2180 illorumque
1112 2108 1367 2181 peccatis
1401 2126 1414 2175 ;
1447 2108 1549 2164 sed
1597 2107 1773 2164 etiam
1883 2123 1994 2164 non
2052 2107 2269 2163 obedire
2324 2107 2352 2163 ?
2408 2109 2482 2165 Et
2539 2109 2680 2165 alibi
2740 2110 3022 2165 Voluimus
3099 2109 3202 2178 (Al.
3263 2110 3540 2185 volumus)

161 2208 246 2265 pro
270 2196 442 2253 totius
473 2196 701 2252 mundi.
738 2201 801 2252 In
823 2200 944 2254 toto
973 2202 1170 2253 autem
1194 2197 1415 2253 mundo
1441 2200 1497 2252 et
1527 2194 1774 2269 apostoli
1886 2197 2072 2252 venire
2125 2197 2197 2251 ad
2254 2213 2346 2253 vos
2381 2215 2401 2252 :
2432 2214 2527 2270 ego
2580 2198 2804 2270 quidem
2862 2199 3095 2255 Paulus.
3156 2204 3209 2254 et
3261 2200 3433 2256 semel
3483 2204 3539 2256 et

159 2286 278 2339 sunt
302 2300 620 2358 omnesque
650 2287 971 2343 credentes.
1006 2287 1085 2342 Ex
1115 2286 1331 2359 quibus
1360 2284 1582 2358 liquido
1613 2301 1771 2341 com-
1882 2288 2105 2351 iterum,
2130 2286 2222 2342 sed
2250 2286 2536 2358 impedivit
2576 2303 2675 2343 nos
2704 2287 2939 2343 Satanas
2988 2288 3037 2358 (I
3077 2287 3254 2344 Thess.
3306 2305 3367 2351 ιι,
3421 2288 3533 2360 18).

160 2371 425 2443 probatur,
459 2379 596 2447 post
644 2374 939 2448 baptisma
996 2392 1171 2448 posse
1227 2374 1475 2448 peccari.
1530 2374 1775 2430 Frustra
1884 2375 1951 2431 Et
1980 2374 2048 2431 ad
2086 2374 2331 2431 maritos
2367 2392 2379 2429 :
2414 2378 2481 2431 Et
2510 2377 2713 2431 iterum
2751 2377 3106 2432 revertimini
3144 2377 3215 2432 ad
3272 2377 3533 2448 idipsum,

156 2460 287 2542 enim
308 2461 593 2520 habemus
624 2464 970 2521 advocatum
1000 2464 1204 2521 Jesum
1234 2464 1608 2533 Christum,si
1638 2480 1771 2535 pec-
1880 2480 1951 2519 ne
1976 2467 2144 2518 tentet
2174 2479 2264 2519 vos
2295 2463 2534 2519 Satanas
2546 2467 2769 2536 prOpter
2797 2466 3277 2520 incontinentiam
3295 2469 3536 2521 vestram

159 2550 257 2604 cari
283 2567 392 2608 non
423 2556 641 2626 potest.
1881 2553 1930 2623 (I
1976 2551 2098 2608 Cor.
2157 2568 2262 2621 vn,
2322 2553 2399 2625 5).
2461 2553 2533 2608 Et
2590 2570 2829 2609 rursum
2864 2571 2877 2610 :
2907 2554 3037 2609 Dico
3074 2558 3281 2621 autem,
3332 2554 3537 2626 spiritu

211 2638 257 2695 3.
287 2641 449 2698 Error
470 2644 722 2699 Montani
745 2647 797 2700 et
825 2644 1022 2700 Novati
1054 2643 1371 2710 damnatur,
1407 2644 1592 2699 Liberi
1620 2644 1771 2699 arbi-
1881 2641 2179 2708 ambulate,
2215 2645 2268 2697 et
2295 2641 2573 2698 desideria
2621 2644 2808 2698 carnis
2863 2659 2976 2699 non
3028 2644 3339 2714 perficietis.
3400 2642 3538 2700 Caro

156 2718 235 2783 trii
259 2745 439 2787 sumus
462 2731 693 2789 conditi.
724 2733 869 2788 Nova
919 2734 1213 2806 imperitia
1244 2735 1434 2805 factio.
1466 2764 1535 2772 —
1568 2736 1772 2788 Petrus
1812 2810 1835 2835 ι
1882 2732 2035 2786 enim
2090 2732 2425 2803 concupiscit
2506 2730 2771 2787 adversus
2839 2714 3119 2835 spiritum,
3196 2740 3248 2788 et
3305 2734 3537 2804 spiritus

157 2818 446 2890 apostolus,
472 2821 545 2877 ad
580 2837 754 2892 quem
806 2821 1026 2878 dictum
1073 2822 1306 2879 fuerat:
1341 2823 1448 2890 Qui
1485 2822 1626 2877 lotus
1668 2824 1768 2887 est,
1812 2810 1835 2839 '
1880 2819 2136 2876 adversus
2180 2836 2403 2876 carnem
2446 2837 2468 2883 ;
2514 2820 2631 2879 haec
2683 2823 2834 2877 enim
2887 2810 3123 2877 invicim
3177 2821 3540 2877 adversantur

152 2920 241 2961 non
267 2925 469 2967 necesse
499 2910 665 2965 habet
690 2917 751 2966 ut
773 2911 976 2967 iterum
1006 2912 1147 2967 lavet
1176 2914 1354 2982 (Joan.
1414 2928 1541 2977 xm,
1602 2911 1773 2982 10):et
1881 2910 2015 2977 sibi,
2047 2918 2108 2965 ut
2136 2925 2244 2965 non
2277 2925 2404 2981 quae
2434 2911 2597 2967 vultis
2614 2910 2717 2966 illa
2739 2911 2959 2982 faciatis
2997 2909 3141 2982 (Gal.
3194 2927 3252 2966 v.
3305 2914 3387 2978 16,
3421 2911 3532 2981 17).

157 2994 215 3050 Tu
254 3006 325 3055 est
349 3000 577 3064 Petrus,
612 3007 663 3055 et
681 3016 847 3072 super
866 2999 1009 3056 hanc
1036 3010 1249 3071 petram
1275 3000 1561 3072 wdiﬁcabo
1593 3000 1769 3056 Eccle-
1882 2998 1963 3053 Ex
1991 3003 2243 3070 utroque
2295 2998 2604 3071 compecti,
2649 3015 2920 3055 necessse
2976 3004 3068 3055 est
3113 3004 3177 3054 ut
3223 2999 3536 3071 utriusque

151 3084 274 3141 siem
291 3104 464 3145 meam
493 3087 704 3161 (Matth.
730 3105 847 3156 xvr,
880 3089 967 3161 18)
994 3107 1007 3157 ;
1042 3090 1115 3145 ab
1166 3088 1379 3145 ancilla
1426 3087 1772 3161 perterritus
1881 3090 2085 3142 contra
2117 3104 2179 3143 se
2212 3087 2551 3143 substantias
2583 3087 2734 3144 bella
2766 3088 3079 3160 patiamur.
3121 3087 3192 3142 Et
3239 3087 3312 3142 ad
3342 3086 3530 3159 Ephe-

150 3178 315 3247 negat.
345 3177 415 3233 Et
440 3177 573 3250 ipse
601 3176 887 3233 Dominus
920 3194 933 3233 :
965 3178 1174 3243 Simon,
1197 3175 1768 3243 Simon,ecce,inquit,
1806 3241 1839 3250 _
1881 3175 2002 3232 sios
2031 3193 2050 3230 :
2083 3177 2199 3231 Non
2221 3185 2299 3232 est
2328 3177 2490 3232 nobis
2512 3192 2705 3247 pugna
2736 3175 2848 3247 (Al.
2889 3175 3222 3248 colluctatio)
3271 3175 3528 3232 adversus

149 3241 357 3321 Satanas
377 3241 690 3338 postulavit
723 3282 833 3333 vos,
866 3267 925 3321 ut
979 3241 1247 3323 cribra—ret
1276 3241 1414 3322 sicut
1451 3241 1560 3338 (Al.
1608 3264 1769 3337 quasi
1796 3241 1840 3308 α
1875 3281 2101 3320 carnem
2146 3274 2197 3321 et
2245 3241 2615 3337 sanguinem;
2649 3241 2751 3320 sed“
2796 3264 3056 3320 adversus
3098 3265 3120 3298 ⁴
3160 3241 3527 3336 principatus,

150 3351 385 3411 triticum.
418 3356 530 3428 Ego
560 3358 749 3411 autem
793 3357 982 3427 rogavi
1013 3372 1114 3428 pro
1145 3359 1216 3423 te,
1262 3372 1331 3411 ne
1376 3355 1484 3426 (Al.
1533 3363 1594 3410 ut
1630 3353 1763 3425 non)
1871 3356 1925 3410 et
1947 3356 2258 3425 potestates,
2291 3353 2547 3409 adversus
2594 3357 2821 3409 rectores
2868 3355 3217 3410 tenebrarum
3261 3355 3521 3423 istarum,

148 3437 366 3511 deﬁceret
407 3444 543 3515 ﬁdes
592 3453 687 3500 tua
731 3445 865 3514 (Luc
922 3462 1062 3515 χχιι,
1128 3445 1241 3517 51).
1320 3444 1390 3500 Et
1446 3444 1502 3498 in
1558 3442 1763 3499 eodem
1873 3438 2132 3499 adversus
2172 3443 2498 3515 spiritualia
2546 3445 2817 3516 nequitiae
2860 3445 2922 3498 in
2962 3443 3263 3499 ctelestibus
3309 3443 3526 3516 (Ephes.

148 3524 284 3588 loco:
310 3535 551 3605 Vigilate
580 3538 633 3590 et
660 3538 834 3601 orate,
874 3550 946 3590 ne
973 3535 1192 3590 intretis
1245 3536 1305 3589 in
1360 3535 1764 3594 tentationem;
1874 3550 1951 3600 v1,
1993 3532 2096 3603 l2).
2132 3532 2199 3587 Et
2229 3531 2501 3588 existima
2545 3532 2762 3604 aliquis
2810 3548 3071 3600 securos,
3121 3536 3181 3589 et
3227 3532 3530 3589 dosmien-

148 3620 345 3688 spiritus
371 3623 597 3695 quidem
637 3608 923 3695 promptus
962 3626 1062 3690 est,
1110 3638 1242 3678 caro
1283 3627 1467 3678 autem
1513 3622 1762 3693 inﬁrma.
1876 3626 1964 3679 tes
1995 3621 2148 3679 825
2183 3638 2290 3678 nos
2321 3638 2449 3678 esse
2480 3620 2694 3678 debere
2711 3625 2844 3693 post
2862 3621 3268 3694 baptismum?
3296 3621 3532 3678 Necnon

149 3704 285 3776 Quod
333 3711 381 3767 si
425 3718 565 3770 ante
616 3728 848 3769 crucem
897 3710 1118 3768 dictum
1169 3710 1564 3784 responderis,
1613 3716 1768 3767 certe
1878 3711 1951 3767 ad
1983 3709 2305 3765 Hebreos:
2363 3708 2701 3781 Impossibile
2745 3716 2824 3764 est
2877 3712 3027 3765 enim
3076 3726 3164 3765 eos
3218 3712 3315 3780 qui
3362 3706 3536 3765 semel

150 3803 261 3865 post
286 3817 518 3859 crucem
544 3801 605 3857 in
636 3801 909 3858 Oratione
943 3800 1243 3857 Dominica
1289 3801 1543 3857 dicimus
1577 3801 1766 3858 τευ
1879 3807 2007 3855 sunt
2051 3799 2392 3867 illuminati,
2446 3802 2498 3853 et
2542 3807 2905 3869 gustaverunt
2958 3797 3164 3854 donum
3208 3798 3439 3863 cazleste,
3485 3804 3539 3853 et

150 3885 348 3946 Dimitte
370 3893 532 3949 nobis
562 3890 745 3947 debita
772 3894 982 3960 nostra,
1011 3892 1152 3946 sicut
1190 3893 1240 3946 et
1286 3906 1385 3946 nos
1433 3891 1773 3946 dimittimus
1879 3890 2174 3961 participes
2204 3889 2341 3959 facti
2389 3890 2520 3943 sunt
2560 3886 2801 3959 Spiritus
2840 3888 3035 3951 sancti,
3078 3890 3541 3958 gustaveruntque

152 3974 468 4038 debitoribus
494 3981 699 4038 nostris
733 3998 746 4048 ;
779 3984 928 4036 etne
965 3997 1064 4036 nos
1113 3979 1343 4036 inducas
1397 3981 1456 4035 in
1513 3980 1771 4036 tentatio-
1882 3978 2249 4033 nihilominus
2278 3976 2476 4031 bonum
2519 3975 2622 4031 Dei
2672 3975 2919 4039 verbum,
2963 3976 3302 4046 virtutesque
3348 3975 3540 4030 siccati

154 4081 278 4136 nem,
307 4070 401 4125 sed
428 4071 611 4127 libera
638 4086 736 4127 nos
764 4086 799 4126 a
827 4069 973 4125 malo
1004 4068 1215 4141 (Matth.
1257 4086 1337 4136 v1,
1388 4069 1499 4140 12).
1548 4068 1609 4123 Si
1658 4085 1773 4124 non
1883 4068 2083 4139 futuri,
2116 4069 2168 4122 et
2207 4065 2458 4137 prolapsi
2505 4073 2652 4133 sunt,
2706 4065 2963 4120 renovari
3008 4065 3211 4120 iterum
3248 4064 3318 4121 ad
3359 4065 3540 4137 posui-

155 4170 441 4225 peccamus
472 4164 609 4233 post
638 4158 953 4231 baptisma,
985 4175 1089 4215 cur
1118 4157 1286 4214 nobis
1318 4157 1617 4230 poscimus
1648 4172 1777 4230 pec-
1885 4158 2136 4222 tentiam,
2195 4170 2416 4208 rursum
2488 4154 2866 4223 cruciﬁgentes
2921 4152 3278 4226 sibimetipsis
3333 4153 3539 4210 Filium

156 4248 265 4300 cata
289 4247 531 4316 dimitti,
562 4264 689 4322 quis
717 4248 777 4304 in
808 4246 1302 4320 baptismatejam
1335 4246 1581 4303 dimissa
1613 4245 1779 4302 sunt?
1888 4246 2007 4313 Dei,
2066 4248 2117 4300 et
2172 4244 2410 4300 ostentui
2467 4241 2723 4299 habentes
2781 4242 2959 4315 (Hebr.
3024 4259 3106 4312 v.,
3173 4244 3207 4299 4
3258 4247 3312 4299 et
3367 4243 3540 4316 seqq.)

156 4328 283 4397 Quid
315 4353 556 4394 oramus
603 4354 676 4394 ne
721 4336 1009 4393 intremus
1052 4335 1114 4392 in
1159 4335 1563 4403 tentationem,
1613 4340 1671 4391 et
1716 4338 1782 4391 ut
1889 4334 2052 4391 Certe
2108 4349 2207 4390 eos
2239 4332 2341 4405 qui
2373 4330 2687 4388 illuminati
2751 4335 2911 4398 sunt,
2942 4336 2999 4388 et
3051 4336 3438 4406 gustaverunt
3505 4333 3544 4388 5

157 4418 451 4483 liberemur
481 4444 519 4484 a
549 4425 725 4497 malo,
758 4426 807 4483 si
842 4423 1114 4482 diabolus
1157 4430 1384 4482 tentare
1430 4443 1544 4482 non
1592 4429 1784 4498 potest
1891 4425 2114 4480 donum
2146 4420 2400 4489 cmleste,
2447 4425 2505 4477 et
2551 4420 2866 4494 participes
2922 4421 3057 4477 facti
3101 4426 3242 4478 sunt
3287 4420 3542 4495 Spiritus

154 4509 259 4581 jam
287 4514 617 4589 baptizatos
647 4516 676 4571 ‘?
704 4514 880 4572 Aliud
912 4519 1107 4572 autem
1141 4519 1250 4584 est,
1295 4515 1344 4572 si
1393 4515 1464 4571 ad
1508 4514 1781 4571 catechu-
1897 4512 2108 4580 sancti,
2137 4513 2637 4585 gustaveruntque
2667 4510 2887 4566 bonum
2919 4510 3018 4567 Dei
3036 4511 3299 4579 verbum,
3331 4525 3543 4585 negare

159 4612 342 4660 menos
370 4605 495 4662 haec
524 4605 711 4662 oratio
741 4606 1016 4678 pertinet,
1034 4608 1091 4660 et
1122 4620 1234 4660 non
1286 4603 1553 4661 convenit
1600 4602 1783 4660 ﬁdeli-
1815 4611 1862 4676 D
1895 4619 2012 4659 non
2043 4617 2364 4675 possumus
2394 4599 2745 4673 baptizatos.
2784 4599 2842 4655 Si
2876 4603 3070 4656 autem
3101 4599 3377 4672 baptizati
3404 4612 3543 4671 pee-

158 4686 253 4748 bus
278 4697 335 4750 et
361 4694 733 4753 Christianis.
766 4693 985 4751 Paulus
1035 4692 1339 4750 electionis
1385 4710 1486 4751 vas
1536 4693 1785 4767 castigat
1895 4707 2028 4749 care
2059 4707 2175 4747 non
2202 4693 2472 4762 possunt,
2503 4688 2796 4762 quomodo
2828 4704 2985 4744 nunc
3031 4686 3344 4761 Apostolus
3376 4686 3542 4758 dicit,

220 4905 454 4968 ‘Verba
483 4910 638 4983 apud
687 4911 907 4967 Patrem
935 4908 1310 4983 Martianzeus
1332 4907 1786 4983 omiserat:tum
1900 4910 2249 4983 agnoscunt,
2318 4904 2521 4961 eadem
2595 4903 2861 4960 versione
2942 4901 3269 4975 Ethiopica
3335 4900 3545 4958 suifra-

161 4976 559 5061 Qasanatensi's
582 4998 683 5061 pro
711 4983 965 5061 Joannis,
996 4982 1333 5061 illgrumque
1373 4982 1630 5061 peccatis,
1662 4982 1789 5061 qui-
1899 4976 2103 5061 εὗῳὶεξζ
2364 5048 2374 5059 ⁸
2719 5050 2729 5061 _
2920 5050 2932 5061 ι
3097 5045 3135 5061 η
3259 5040 3286 5061 ᾖ

163 5045 244 5106 bus
267 5036 1029 5122 scribit—.rsbd'etiam,etc.
1062 5036 1787 5109 Victoi'ius'maluit'a'lio-
1899 5036 1933 5054 υ
1971 5052 1993 5087 ³
2026 5048 2430 5122 Veronensis
2460 5063 2630 5114 mss.,
2662 5050 2749 5122 (et
2778 5050 3047 5122 eventum.
3094 5045 3191 5102 Gr.
3259 5036 3478 5098 ’ἑκϐασιν
3500 5061 3546 5122 _:

161 5135 369 5197 Tutaque
397 5116 652 5183 tantum.
846 5116 857 5122 ’
1131 5195 1142 5197 Α
1212 5196 1217 5197 γ
1492 5196 1499 5197 γ
1901 5121 2077 5197 paulo
2108 5119 2436 5197 post,‘illud
2468 5120 2815 5197 revertimini
2850 5118 3234 5197 desideratur,
3267 5116 3550 5197 quemad:

219 5194 242 5228 '
265 5186 627 5255 Vetustiores
656 5197 772 5253 duo
803 5213 958 5272 mss._
983 5212 1098 5272 non
1130 5195 1349 5272 habent
1389 5196 1790 5272 verba_stimu-
1903 5186 2144 5272 inodum
2177 5186 2418 5272 etint‘ra
2445 5192 2689 5272 verbum
2719 5191 3068 5272 concupiscit,
3107 5205 3242 5245 cum
3280 5186 3552 5272 sequenti

165 5262 444 5342 lyr-carnis
467 5286 599 5342 quae
640 5273 782 5342 sunt
828 5267 1099 5342 equidem
1149 5267 1469 5342 bodienum
1508 5267 1685 5342 etiam
1729 5268 1789 5323 in
1903 5270 2235 5342 enim,‘quze
2274 5264 2334 5318 in
2377 5262 2556 5320 nullis
2602 5260 3073 5333 Hieronymianis
3115 5260 3552 5334 exemplaribus

166 5335 340 5415 Graeco
369 5335 561 5415 text’u,
591 5337 799 5415 σιςᾴλοψ
827 5335 1086 5415 1:6}?le
1120 5357 1133 5395 :
1167 5339 1286 5415 sed
1302 5338 1443 5415 olim
1484 5355 1516 5395 a
1546 5340 1723 5411 quibu

1489 5340 1791 5411 aquibus-
1903 5335 2302 5415 inveniuntur-
2366 5410 2375 5415 _
2517 5407 2527 5415 _
2609 5406 2618 5415 ,
3012 5403 3046 5415 ..

168 5406 292 5486 tiam
333 5404 785 5486 exemplaribus
826 5404 1106 5486 abfuisse,
1166 5408 1410 5486 indicio_
1458 5404 1581 5486 est'
1625 5417 1793 5486 vetus
1974 5412 2204 5465 ‘Antea
2259 5410 2385 5486 erat
2434 5406 2728 5486 principes,
2784 5404 3361 5486 renuontib_us_mss.
3422 5404 3556 5461 Mox

168 5480 470 5568 Ethiopica
498 5477 708 5568 {fer-sio,
739 5500 866 5556 quae
894 5482 1000 5539 tlla
1030 5500 1145 5568 no‘n
1176 5481 1459 5568 agnoscit.
1480 5482 1551 5568 in
1569 5483 1796 5568 _sublse-.
1905 5479 2336 5568 (Sa-sanatensis,
2357 5486 2418 5568 et!
2439 5477 2769 5568 dormientes
2796 5492 2908 5532 esse
2932 5478 3369 5568 postnbpptzsnjia.

169 5546 355 5623 quanti
375 5555 666 5631 versiculo
696 5546 1071 5631 'm'ss.‘omnes
1101 5546 1319 5610 habent
1348 5569 1419 5631 ne
1468 5556 1620 5631 forte
1646 5558 1799 5631 sicut
1979 5554 1999 5589 ⁵
2028 5546 2373 5631 amovimus
2404 5549 2540 5631 hinc
2569 5549 2668 5631 Dei
2697 5563 2909 5631 nomen
2932 5546 3009 5605 ex
3044 5546 3160 5606 fido
3207 5549 3336 5608 cod.
3369 5546 3554 5606 Vero-

169 5620 392 5700 terpm,
426 5634 544 5699 etc,
574 5629 750 5684 Graec.
779 5626 867 5700 p1)
918 5646 1035 5700 πως
1068 5644 1082 5682 :
1118 5643 1333 5700 rursus
1354 5620 1477 5700 ita"
1499 5626 1797 5700 desidera-
1909 5623 2108 5684 nensis
2141 5627 2199 5681 et
2227 5620 2466 5679 Victorii
2497 5620 2858 5679 auctoritate.

171 5696 268 5761 lui.
311 5696 582 5775 Denique
621 5696 865 5758 inferius
908 5699 1083 5759 verba
1128 5700 1180 5755 si
1238 5696 1368 5772 quid
1415 5696 1617 5756 donavi
1680 5715 1799 5761 non

468 5826 745 5901 Ριτιοι.
788 5822 1016 5919 xxm,
3166 5825 3243 5899 to
