3944 6426
377 399 498 472 299

379 632 476 686 hic
513 633 762 697 rideant,
812 631 908 702 qui
954 631 1314 686 contendunt
1364 650 1476 686 nou
1535 650 1702 703 posse
1765 635 2026 688 renovari

381 737 485 792 per
537 719 934 792 pmnitentiam
1003 737 1101 775 eos
1161 721 1258 792 qui
1321 722 1735 776 cruciﬁxerunt
1794 722 2029 776 sibimet

382 808 591 864 Filium
621 807 741 874 Dei,
793 812 850 864 et
895 810 1150 864 ostentui
1199 809 1570 865 habuerunt:
1606 815 2029 882 consequenter

381 897 539 952 hunc
569 913 824 952 errorem
857 897 1046 962 solvit,
1095 902 1150 952 et
1197 897 1276 952 ait
1311 915 1321 952 :
1359 899 1692 969 Conﬁdiinus
1739 905 1918 954 autem
1965 900 2030 954 de

379 987 552 1054 vobis,
601 986 962 1052 dilectissimi,
1009 989 1238 1042 meliora.
1286 997 1334 1042 et
1385 991 1654 1042 cicinoria
1702 990 1888 1056 saluti,
1945 996 2027 1043 ta.-

382 1077 544 1130 metsi
595 1077 673 1129 ita
709 1076 1006 1146 loquimur.
1065 1075 1180 1129 Non
1239 1078 1384 1131 enim
1441 1079 1676 1146 iniustus
1733 1086 1809 1131 est
1867 1079 2025 1144 Deus,

385 1167 445 1218 ut
495 1164 848 1218 obliviscatur
897 1166 1119 1234 ‘operis
1175 1167 1354 1226 vestri,
1417 1169 1464 1218 et
1526 1166 1801 1234 dictionis,
1865 1183 2028 1235 qutun

390 1251 629 1306 ostendis
661 1253 716 1304 in
759 1253 984 1306 nomine
1033 1255 1220 1322 ipsius,
1267 1255 1362 1323 qui
1403 1256 1758 1308 ministri‘istis
1807 1259 2026 1320 sanctis,

391 1345 442 1395 et
473 1357 620 1395 nunc
665 1342 994 1394 ministrat-is
1051 1343 1231 1410 (IIebr.
1291 1359 1368 1404 γι,
1427 1343 1481 1406 0,
1543 1343 1650 1412 40).
1713 1345 1780 1396 Et
1836 1361 2032 1398 revera

389 1429 628 1502 grandis
659 1429 948 1500 injustitia
979 1429 1102 1495 Dei,
1137 1429 1186 1484 si
1229 1433 1456 1484 tantum
1508 1437 1742 1502 peccata
1773 1432 2028 1502 puniret,

388 1523 444 1573 et
485 1517 639 1572 bona
679 1533 854 1588 opera
902 1535 1016 1572 non
1067 1519 1408 1588 susciperet.
1467 1520 1548 1572 tta
1595 1522 1820 1575 locutus
1875 1538 2028 1586 sum,

387 1607 580 1678 inquit
610 1606 944 1677 Apostolus,
977 1611 1040 1660 ut
1071 1625 1170 1661 vos
1200 1625 1232 1661 a
1264 1609 1512 1678 peccatis
1545 1608 1920 1674 retraherem,
1975 1615 2032 1662 et

391 1695 815 1768 desperationis
865 1701 1018 1750 metu
1068 1697 1314 1751 facerem
1388 1697 1694 1751 cautiores.
1748 1697 2029 1750 Craterum

391 1785 615 1840 conﬁdo
648 1785 717 1838 de
750 1785 934 1850 vobis,
969 1785 1354 1850 dilectissimi,
1381 1785 1618 1839 meliora
1651 1791 1705 1840 et
1753 1786 2034 1840 viciniora

1613 413 1678 473 S.
1723 409 2030 476 EUSEBII
2071 409 2538 476 HIERONYMI.

377 543 441 597 Et
463 543 707 614 prolapsi
735 549 859 598 sunt
885 541 1141 596 ?Verum
1190 559 1260 596 ne
1303 547 1614 598 Montanus
1665 549 1721 598 et
1769 545 2024 600 Novatus
2053 547 2105 611 Α
2135 548 2357 616 fornax,
2393 547 2634 600 hon-zines
2672 549 2852 600 autem
2891 545 3064 615 justas
3113 543 3131 576 -"

3181 543 3406 598 tentatio
3467 541 3763 599 tribulatio-

2139 638 2222 688 nis
2253 636 2446 704 (Eeeti.
2501 652 2674 700 xxvii,
2723 635 2800 704 ὓ).
2853 635 2921 688 Et
2969 633 3026 688 in
3087 633 3202 688 alio
3261 631 3383 688 loco
3451 631 3760 688 scribitur:

2137 725 2262 788 I-‘iti,
2313 725 2564 777 (urcedens
2622 723 2689 776 ad
2736 724 3046 776 servitutem
3102 723 3220 789 Dei,
3287 737 3548 792 praepara
3601 723 3648 775 te
3702 721 3768 775 ad

2140 813 2498 866 tentationem
2551 812 2710 878 (Ibid.
2767 829 2828 876 ιι,
2880 813 2954 881 1).
3009 811 3264 864 Rursum
3315 810 3468 864 idem
3522 809 3767 864 Jacobus

2135 899 2438 970 loquitur:
2477 903 2648 954 I'Istote
2702 903 2934 970 factores
2991 900 3162 964 rerbi,
3223 907 3274 953 et
3327 915 3442 954 non.
3499 897 3762 954 auditores

2135 995 2364 1042 tantum.
2400 989 2458 1042 Si
2503 991 2620 1059 quis
2669 989 2884 1042 aurlitor
2931 993 3008 1043 est
3053 991 3074 1022 δ
3115 988 3270 1042 verbi
3317 995 3368 1042 et
3415 1003 3526 1040 non
3583 988 3771 1056 ﬂictor,

2141 1079 2232 1132 istc
2261 1078 2464 1131 similis
2495 1085 2572 1131 est
2599 1079 2732 1142 riro,
2769 1080 2862 1148 qui
2910 1077 3213 1131 considerat
3253 1076 3468 1130 vultum
3517 1077 3768 1130 nativita-

2137 1169 2207 1218 tis
2259 1181 2378 1220 sure
2425 1169 2480 1218 in
2539 1166 2774 1234 speculo,
2839 1165 3208 1219 Considerarit
3281 1164 3441 1231 illud,
3491 1172 3542 1218 et
3599 1166 3774 1218 statim

2137 1255 2388 1308 recedens
2445 1255 2644 1308 oblitus
2698 1262 2777 1309 est
2833 1255 3009 1324 quatis
3066 1256 3138 1308 sit
3208 1254 3406 1324 (Iacob.
3487 1269 3524 1320 Ι,
3603 1253 3672 1306 23
3726 1259 3772 1306 et

2137 1344 2302 1414 seqq).
2337 1344 2574 1397 Frustra
2619 1342 2865 1409 monuit,
2919 1347 2982 1398 ut
3027 1343 3344 1412 jungercnt
3399 1357 3577 1412 opera
3619 1341 3771 1406 ﬁdei,

2140 1431 2186 1486 si
2223 1436 2353 1502 post
2383 1431 2680 1501 baptisma
2709 1447 2946 1486 neccare
2979 1448 3092 1486 non
3144 1434 3434 1502 poterant,
3481 1431 3587 1498 Qui
3613 1433 3774 1484 totam

2141 1521 2330 1588 legem,
2367 1519 2558 1591 inquit
2585 1522 2883 1574 servaverit
2911 1527 2960 1574 et
2983 1523 3286 1590 peccaverit
3333 1521 3390 1574 in
3437 1535 3566 1587 uno,
3605 1520 3777 1590 factus

2138 1614 2212 1662 est
2271 1611 2520 1664 omnium
2579 1626 2707 1662 reus
2767 1609 2977 1678 (Jacob.
3049 1625 3108 1674 Π,
3167 1609 3276 1679 10).
3345 1608 3452 1672 Qui
3515 1611 3774 1662 nostrum

2141 1699 2360 1768 absque
2393 1702 2591 1768 pecato
2625 1699 2650 1750 ‘?
2691 1697 2968 1753 Conclusit
3015 1699 3152 1752 Deus
3203 1698 3389 1751 omnia
3431 1695 3537 1752 sub
3567 1696 3774 1760 delicto,

2143 1793 2200 1840 ut
2229 1787 2478 1839 omnibus
2507 1789 2833 1840 misereatur
2881 1789 3054 1856 (Itom.
3108 1803 3186 1848 x1,
3237 1787 3349 1851 3'2).
3398 1785 3599 1840 Petrus
3643 1799 3777 1854 quo-

391 1873 588 1929 saluti.
619 1874 814 1944 Neque
850 1875 1004 1927 enim
1031 1873 1273 1942 justitite
1309 1874 1402 1928 Dei
1437 1879 1544 1940 est,
1574 1879 1636 1928 ut
1657 1873 2033 1930 obliviscatur
2063 1912 2108 1976 Β
2143 1892 2253 1946 que
2286 1875 2354 1944 {II
2386 1880 2526 1929 Petr.
2561 1893 2619 1940 ιι,
2654 1875 2730 1946 9),
2765 1875 2938 1938 Novit,
2985 1874 3196 1944 inquit,
3247 1875 3504 1928 Dominus
3557 1875 3672 1944 pios
3716 1873 3780 1928 de

391 1963 678 2018 bonorum
700 1966 1026 2032 operum,et
1050 1961 1358 2016 ministerii
1383 1963 1532 2032 quod
1565 1969 1798 2034 prepter
1817 1980 2028 2017 nomen

391 2052 518 2121 ejus
549 2050 896 2106 exhibuistis
928 2055 986 2104 et
1014 2050 1297 2104 exhibetis
1321 2051 1376 2104 in
1415 2057 1668 2110 sanctos.
1712 2057 1766 2105 et
1799 2057 2026 2106 tantum

389 2139 722 2196 meminerit
753 2145 1142 2210 peccatorum.
1171 2140 1280 2193 Sed
1321 2143 1376 2193 et
1427 2139 1722 2210 apostolus
1754 2141 2028 2210 Jacobus,

391 2229 583 2284 sciens
631 2228 951 2298 baptizatos
1003 2243 1172 2294 posse
1223 2227 1458 2294 tentari,
1509 2233 1564 2282 et
1611 2229 1845 2298 propria
1899 2245 2028 2282 cor-

390 2334 556 2373 ruere
581 2316 875 2371 voluntate
909 2333 920 2370 :
953 2317 1174 2379 Beatus,
1214 2317 1313 2382 ait,
1357 2318 1440 2370 vir
1492 2319 1589 2387 qui
1636 2319 1828 2386 su/[ert
1852 2321 2027 2371 tenta-

390 2410 613 2474 tionem,
645 2407 795 2476 quia,
827 2421 948 2459 cam
974 2406 1234 2476 probatus
1263 2407 1453 2476 fuerit,
1501 2408 1725 2476 aeeipiet
1776 2423 2029 2460 coronam

389 2499 540 2562 vitae,
575 2512 740 2566 quam
783 2495 1098 2563 repromisit
1149 2495 1286 2548 Deus
1334 2495 1688 2560 diligentibus
1731 2511 1784 2548 se
1824 2495 2025 2564 (Jacob.

391 2602 431 2652 1,
457 2583 566 2652 i2).
601 2589 680 2636 Ac
713 2597 784 2636 ne
815 2585 1156 2653 putaremus
1187 2583 1507 2636 secundum
1543 2583 1682 2636 illud
1717 2583 2025 2648 Genescos,

393 2672 494 2726 ubi
551 2669 826 2726 scribitur
869 2669 1163 2723 Abraham
1242 2687 1274 2723 a
1337 2671 1444 2724 Deo
1505 2671 1683 2724 fuisse
1741 2675 2028 2725 tentatum

393 2759 545 2830 (Gen.
629 2761 792 2826 xxn),
847 2775 952 2812 nos
1009 2775 1242 2828 quoque
1299 2759 1510 2812 tentari
1561 2777 1592 2812 a
1647 2760 1760 2813 Deo
1797 2775 1807 2814 :
1845 2762 2028 2830 Nemo,

392 2849 606 2921 inquit,
641 2865 765 2904 cum
797 2851 1056 2912 tentatur,
1087 2848 1254 2914 dicat,
1325 2850 1582 2918 quo-niam
1629 2865 1661 2901 τι
1717 2849 1820 2902 Deo
1857 2867 1867 2902 :
1910 2853 2028 2903 ten.-

394 2942 497 2996 tor.
549 2939 692 2992 Deus
712 2938 858 2992 enim
901 2937 1197 2990 intentator
1239 2936 1509 2988 maiorum
1565 2941 1660 2996 est,
1698 2939 1808 3006 ipse
1849 2941 2030 2990 autem

391 3027 668 3082 neminem
716 3029 900 3079 tentat.
955 3025 1334 3094 Unusquisque
1383 3041 1510 3076 vero
1551 3027 1792 3078 tentatur
1835 3043 1866 3079 a
1899 3043 2030 3080 con-

390 3116 725 3186 cupiscentia
768 3131 866 3167 sua
906 3113 1208 3168 abstractus
1259 3123 1310 3168 et
1353 3113 1586 3168 illectus.
1651 3115 1853 3168 Dehinc.
1900 3133 2028 3168 eon-

390 3206 730 3274 cupiscem‘ia
775 3221 899 3257 cum
928 3205 1252 3272 conceperit,
1297 3205 1442 3271 parit
1487 3213 1768 3272 peceatum
1799 3221 1816 3257 .·
1838 3221 2028 3274 perea-

2141 1965 2435 2018 tentationc
2464 1966 2676 2033 eripere
2708 1963 2815 2032 (Al.
2851 1965 3060 2032 eruere)
3103 1963 3172 2016 Et
3202 1963 3270 2016 de
3317 1961 3482 2017 falsis
3531 1961 3776 2017 doctori-

2139 2053 2248 2106 bus
2283 2055 2387 2106 :IIi
2415 2061 2540 2106 sunt
2570 2055 2742 2122 fontes
2793 2055 2915 2104 sine
2961 2069 3125 2120 aqua,
3169 2055 3218 2106 et
3269 2052 3492 2108 nebulw
3539 2050 3776 2106 turbini-

2139 2141 2233 2193 bus
2263 2143 2574 2206 erogitatee,
2604 2142 2796 2212 quibus
2825 2143 2998 2209 caligo
3049 2141 3400 2194 tenebrarum
3443 2146 3776 2194 reservatur.

2135 2231 2381 2298 Superba.
2449 2229 2558 2300 (Al.
2623 2231 2898 2299 superbia)
2979 2232 3128 2283 enim
3197 2231 3461 2283 ranitatis
3515 2229 3779 2300 loquentes

2133 2319 2420 2388 pellieiunt
2463 2317 2570 2386 (Al.
2619 2319 2847 2388 pellicit:
2883 2319 2936 2370 in
2971 2317 3251 2372 desideriis
3299 2319 3488 2372 carnis
3515 2315 3777 2382 luxuria,

2137 2423 2223 2460 eos
2263 2409 2359 2476 qui
2385 2407 2666 2476 paululum
2706 2408 3025 2476 effugerant,
3085 2409 3134 2458 et
3185 2406 3257 2460 ad
3293 2421 3536 2462 errorem
3586 2403 3786 2460 reversi

2137 2495 2444 2564 suntttbid.
2499 2495 2584 2562 l7,
2644 2495 2752 2562 18).
2803 2494 3002 2548 Nonne
3065 2495 3174 2548 tibi
3235 2493 3468 2550 videtur
3527 2493 3786 2566 pinxisse

2141 2601 2330 2637 sermo
2381 2582 2750 2654 Apostolicus
2797 2599 3004 2638 novam
3073 2583 3360 2654 inperitia:
3413 2583 3728 2638 factionem
3760 2581 3786 2634 ?

2144 2671 2424 2741 Aperiunt
2449 2671 2600 2725 enim
2636 2671 2804 2740 quasi
2861 2672 3049 2726 fontes
3079 2671 3332 2725 scientiae
3365 2671 3405 2726 τ.
3443 2671 3584 2743 quia
3615 2685 3786 2742 quem

2141 2777 2254 2813 non
2289 2759 2526 2820 habent.
2561 2759 2958 2814 doctrinarum
2989 2759 3332 2832 promittum
3357 2759 3790 2826 imbrem,velut

2142 2849 2325 2902 nubes
2361 2848 2727 2919 prepbeticze,
2763 2849 2833 2902 ad
2865 2865 3010 2920 quas
3061 2847 3356 2918 perveniat
3397 2847 3616 2904 veritas
3667 2847 3787 2912 Dei,

2141 2943 2196 2992 et
2227 2938 2562 2992 turbinibus
2597 2939 2966 3010 exagitantur
3011 2937 3340 2992 dmmonum
3395 2942 3578 3009 atque
3623 2935 3790 2992 vitio-

2143 3042 2292 3078 rum.
2341 3025 2686 3096 Loquuntur
2735 3025 2998 3096 grandia,
3049 3031 3104 3080 et
3151 3031 3306 3079 totus
3354 3041 3564 3081 corum
3597 3039 3786 3082 sermo

2143 3113 2416 3183 superbia
2471 3119 2559 3168 cst
2620 3131 2631 3168 :
2695 3113 3004 3168 Immundas
3061 3123 3138 3170 est
3187 3117 3370 3168 autem
3428 3113 3580 3185 apud
3623 3115 3790 3170 Deum

2141 3203 2317 3254 omnis
2349 3205 2444 3271 qui
2500 3203 2704 3256 ccutiat
2759 3219 2850 3256 cor
2905 3219 3064 3256 suum
3123 3201 3402 3272 (Proverb,
3457 3219 3574 3269 xVI,
3627 3204 3794 3275 juxta

393 3303 514 3349 tum
539 3299 738 3358 autem,
772 3309 892 3346 eum
918 3301 1350 3347 consumnmtimz
1385 3292 1538 3346 3‘26
1568 3295 1756 3358 fluant,
1809 3299 2032 3358 generat
2064 3275 2104 3339 ί]
2149 3291 2330 3360 LXX).
2369 3291 2435 3344 Ut
2465 3291 2560 3361 qui
2596 3291 2896 3362 paululum
2933 3291 3267 3362 refugerant
3309 3308 3342 3346 a
3385 3291 3666 3362 peccatis,
3723 3290 3792 3346 ad

398 3387 628 3438 mortem
647 3381 851 3452 (Jacob.
888 3398 924 3446 ι,
971 3381 1037 3434 13
1082 3389 1132 3434 ct
1174 3379 1363 3451 seqq.).
1419 3379 1604 3434 Liberi
1658 3381 1880 3435 arbitrii
1931 3399 2035 3436 nos

400 3471 660 3526 condidit
696 3473 866 3531 Deus,
900 3486 1004 3522 nec
1035 3469 1106 3522 ad
1133 3469 1394 3533 virtutes,
1431 3485 1534 3522 nec
1575 3469 1645 3522 ad
1671 3469 1806 3523 vitia
1841 3487 2034 3524 ncces-

398 3560 570 3615 sitate
619 3558 926 3613 trahimur.
973 3557 1250 3627 Alioquin
1311 3559 1330 3588 3
1395 3557 1494 3611 ubi
1541 3558 1879 3622 necessitas,
1931 3575 2032 3613 nec

397 3665 610 3704 corona
652 3652 758 3703 est.
799 3646 958 3701 Sicut
991 3646 1048 3699 iu
1081 3646 1248 3700 bonis
1299 3645 1572 3716 Operibus
1625 3647 1904 3716 perfector
1947 3655 2034 3702 est

397 3739 566 3805 Deus,
601 3753 714 3791 non
749 3739 837 3790 est
865 3735 1018 3790 enim
1051 3733 1316 3790 volentis.
1373 3749 1560 3804 neque
1613 3735 1898 3788 currentis
1932 3737 2030 3790 sed

391 3826 725 3883 miserentis
777 3829 833 3880 et
867 3823 1249 3893 ‘adjuvantis
1311 3823 1430 3888 Dei,
1493 3827 1556 3876 ut
1609 3824 1903 3894 pervenire
1935 3841 2024 3879 va-

390 3915 614 3971 leamus
663 3915 733 3969 ad
775 3913 989 3968 calcem
1027 3929 1036 3966 :
1074 3912 1156 3967 sic
1209 3915 1262 3966 in
1318 3911 1485 3965 malis
1532 3915 1704 3981 atque
1757 3914 2023 3982 peccatis,

385 4004 610 4061 semina
644 4009 843 4059 nostra
874 4007 1012 4057 sunt
1044 4001 1356 4068 incentiva,
1384 4005 1439 4054 et
1483 4001 1755 4071 perfectio
1789 4002 2024 4056 diaboli.

388 4095 532 4148 Cum
561 4092 770 4148 viderit
799 4109 905 4146 nos
938 4107 1113 4162 super
1145 4090 1590 4144 fundamentum
1625 4089 1838 4144 Christi
1889 4092 2023 4146 {Nll-

388 4182 560 4236 ﬁcare
608 4181 712 4251 (At.
773 4180 1107 4246 cediﬁcasse)
1187 4180 1404 4244 fenum,
1467 4177 1642 4249 ligna,
1723 4180 2020 4250 stipulam,

387 4275 526 4325 tunc
557 4268 835 4340 supponit
859 4268 1593 4322 incendium.tEdiliccmus
1626 4285 1760 4338 ergo
1791 4287 2021 4334 aurum,

385 4357 952 4430 argentum,lapides
985 4356 1286 4429 pretiosos,
1322 4361 1376 4410 et
1409 4361 1629 4411 tentare
1681 4375 1793 4411 non
1847 4358 2020 4412 aude-

383 4449 468 4502 bit
502 4463 513 4501 :
549 4463 882 4518 quanquam
917 4451 970 4500 et
1001 4445 1058 4499 in
1090 4445 1194 4500 hoc
1236 4463 1350 4498 non
1385 4446 1460 4498 sit
1511 4451 1666 4500 certa
1702 4451 1758 4500 et
1818 4464 2022 4502 secura

377 4538 691 4608 possessio.
724 4537 894 4590 Sedet
929 4535 1140 4606 quippe
1172 4535 1258 4589 leo
1291 4535 1346 4587 in
1379 4533 1608 4588 insidiis
1639 4541 1694 4588 et
1727 4535 1782 4588 in
1826 4535 2018 4590 occul-

2146 3396 2317 3433 suum
2371 3381 2510 3434 327
2569 3383 2926 3434 revertantur
2997 3395 3252 3434 errorem
3288 3383 3380 3446 ;et
3431 3381 3689 3437 suadent
3735 3379 3794 3436 in

2143 3468 2393 3534 luxuria,
2429 3469 2692 3522 ciborum
2741 3469 3050 3538 carnisque
3081 3469 3101 3500 ⁸
3134 3466 3391 3535 delicias,
3446 3469 3594 3533 Quis
3639 3468 3792 3526 enim

2145 3575 2258 3610 non
2292 3555 2540 3611 libenter
2565 3557 2764 3611 audiat
2796 3557 2900 3626 (At.
2935 3556 3241 3626 audient):
3277 3556 3716 3613 Manducemus
3742 3559 3798 3613 et

2145 3647 2437 3710 bibamus,
2472 3651 2525 3700 et
2557 3645 2612 3699 in
2647 3651 2922 3699 mternum
2957 3645 3716 3718 regnabimus?Sapientes
3739 3649 3796 3701 et

2145 3735 2476 3804 prudentes,
2537 3752 2740 3805 pravos
2783 3740 2992 3790 vocant
3039 3753 3051 3789 :
3092 3751 3189 3789 eos
3243 3751 3374 3789 vero
3427 3735 3534 3807 qui
3587 3733 3790 3790 dulces

2141 3829 2278 3878 sunt
2307 3825 2362 3877 in
2398 3823 2788 3888 sermonibus,
2823 3823 2954 3894 plus
2987 3823 3524 3880 audiunl.Joannes
3561 3827 3794 3897 aposto—

2141 3910 2250 3978 lus,
2311 3911 2427 3968 imo
2485 3913 2541 3967 in
2601 3913 2822 3967 Joanne
2902 3910 3163 3966 Salvator
3241 3913 3508 3969 scribens
3583 3911 3790 3986 angelo

2139 3999 2342 4069 Ephesi
2376 3999 2673 4054 Ecclesiae:
2709 4003 2847 4068 Scio,
2901 4001 3108 4070 inquit,
3157 4017 3316 4072 Opera
3369 4005 3490 4068 tua,
3537 4011 3590 4058 et
3645 4001 3794 4058 tabo-

2137 4105 2248 4142 rem
2295 4094 2344 4143 et
2386 4093 2706 4158 patientiam
2754 4093 2924 4154 tuam,
2959 4097 3008 4144 et
3047 4091 3176 4162 quia
3204 4091 3525 4146 sustinuisti
3573 4095 3794 4163 propter

2135 4195 2326 4232 nomen
2359 4195 2558 4242 meum,
2609 4183 2658 4233 et
2686 4195 2796 4232 non
2841 4179 3088 4249 (le/eciin
3121 4196 3131 4233 ε
3167 4179 3262 4233 sed
3306 4179 3479 4235 habeo
3525 4180 3794 4237 adversus

2135 4270 2201 4328 te,
2229 4267 2366 4337 quod
2395 4269 2712 4322 charitatem
2761 4271 2914 4322 tuam
2957 4270 3194 4338 primum
3237 4269 3542 4340 reliquisti,
3593 4272 3796 4326 Memor

2131 4363 2245 4410 esto
2293 4357 2434 4410 unde
2481 4355 2760 4420 cecideris,
2797 4365 2852 4411 et
2895 4373 2995 4424 age
3040 4361 3435 4428 ριι-ητιιίηίεζιω.
3490 4367 3545 4414 et
3597 4361 3794 4430 prima

2131 4462 2289 4514 opera
2321 4451 2426 4514 lae.
2463 4447 2557 4498 Sin
2609 4449 2808 4510 autem,
2865 4449 3079 4500 veniam
3127 4447 3249 4510 tibi,
3283 4451 3332 4502 et
3375 4449 3606 4504 movebo
3658 4464 3791 4503 can-

2128 4535 2412 4586 delabrum
2459 4537 2614 4587 tuum
2659 4535 2724 4587 de
2791 4535 2927 4601 loco,
2978 4537 3092 4590 nisi
3157 4537 3548 4605 penitentiam
3612 4537 3794 4607 egeris

377 4627 473 4694 tis,
508 4630 572 4682 ut
602 4625 908 4681 interficiat
941 4625 1328 4679 innocentem.
1363 4625 1424 4678 Et
1457 4641 1584 4678 vasa
1625 4625 1783 4694 figuli
1827 4627 2022 4696 probat.
2053 4645 2096 4707 D
2131 4625 2308 4693 (Apoc.
2347 4641 2405 4688 ιι,
2438 4627 2471 4676 2
2501 4626 2549 4676 et
2590 4627 2778 4694 seqq).
2843 4623 3124 4680 Similiter
3173 4629 3228 4679 et
3281 4629 3524 4681 caeteras
3589 4625 3790 4683 Eccle-

447 4879 461 4912 ¹
498 4877 744 4934 Martian
776 4919 787 4930 .
823 4893 927 4948 pos
957 4875 1178 4943 Erasm,
1229 4876 1452 4932 addunt
1501 4877 1594 4932 hic
1645 4877 1769 4932 boni
1818 4881 2018 4933 contra

374 4967 517 5006 mss.
554 4951 728 5004 ﬁdem
761 4950 1068 5019 ipsamque
1099 4949 1330 5002 Victorii
1364 4949 1852 5004 emendationem.

441 5024 462 5056 ³
492 5022 901 5076 Casanatensis
933 5037 1064 5074 cum
1103 5019 1362 5091 Vulgata,
1396 5025 1655 5074 ten/ritur.

440 5095 461 5126 ³
490 5094 630 5149 Uubi
657 5095 964 5156 necessitas,
994 5108 1092 5146 nec
1121 5107 1315 5146 corona
1349 5105 1443 5146 est.
1472 5093 1636 5146 Falso
1659 5093 2014 5146 addiderunt

367 5163 502 5218 libri
533 5170 667 5218 ante
699 5181 825 5228 nos,
857 5180 954 5217 nec
983 5163 1277 5228 damnatio,
1323 5169 1428 5216 etc.
1485 5165 1540 5218 S.
1577 5165 1846 5218 Germani
1917 5181 2009 5217 co-

366 5236 474 5289 dex
505 5251 614 5289 ms.
649 5235 786 5306 legit
811 5235 1252 5307 interrogative.
1275 5237 1537 5307 Alioquin
1573 5237 1667 5287 ubi
1699 5237 2004 5296 necessitas,

363 5309 463 5361 ubi
493 5321 694 5360 corona
717 5305 826 5361 est?
857 5305 1172 5360 MARTI.—\N.--
1193 5338 1216 5344 ~
1244 5305 1444 5360 Nescio
1461 5323 1532 5360 an
1559 5307 1752 5360 verius
1783 5307 2009 5360 addunt

360 5383 586 5432 veteres
619 5376 756 5431 editi
777 5394 874 5430 nec
903 5379 1204 5432 damnatio.

435 5451 454 5480 "
483 5448 803 5518 Adjuvantis
836 5451 947 5510 Dei,
1001 5453 1060 5502 ut
1107 5449 1404 5514 pervenire.
1463 5449 1738 5502 Eamdcm
1782 5453 2004 5502 senten-

361 5521 504 5575 tiam
547 5519 796 5588 legimus
841 5519 1006 5572 initio
1073 5521 1292 5589 l‘rologi
1351 5521 1502 5574 santi
1581 5520 1765 5574 Patris
1820 5519 2002 5572 nostri

359 5591 653 5648 Benedicti
715 5591 772 5644 in
819 5589 1076 5661 regulam
1139 5608 1304 5644 suam
1351 5607 1362 5644 :
1413 5598 1472 5644 In
1512 5594 1728 5660 pri-mis,
1783 5591 1998 5660 inquit,

355 5668 414 5719 ut
443 5663 755 5732 quidquam
785 5662 1050 5731 agendum
1080 5663 1302 5715 inchoas
1334 5663 1549 5726 bonum,
1599 5664 1664 5716 ab
1721 5679 1779 5716 eo
1809 5663 2002 5732 perﬁci

350 5735 758 5808 instructissima
789 5735 1031 5792 oratione
1073 5733 1341 5806 deposcas.
1391 5733 1494 5790 Hic
1541 5733 1600 5790 in
1649 5733 1817 5792 bonis
1858 5750 1998 5808 ope-

2127 4877 2290 4932 ribus
2342 4875 2624 4948 perfector
2672 4881 2758 4932 est
2813 4879 2980 4932 Deus.
3027 4877 3276 4932 Videant
3317 4893 3474 4933 nunc
3517 4876 3790 4950 theologi

2125 4950 2406 5014 nostri,ne
2433 4955 2766 5022 sanctorum
2791 4950 3375 5022 verbaidetorqueant
3407 4951 3464 5004 in
3503 4951 3790 5022 proprios

2124 5038 2331 5075 sensus
2361 5021 2506 5092 ;sed
2537 5038 2684 5091 pura
2714 5038 2778 5074 ac
2809 5021 3074 5092 simplice
3124 5023 3235 5075 fide
3285 5021 3786 5092 interpretentur,

2123 5109 2234 5146 non
2271 5091 2628 5146 declinantes
2663 5109 2847 5163 neque
2879 5091 2949 5147 ad
2982 5094 3299 5148 dexteram.
3355 5091 3552 5163 neque
3605 5095 3682 5150 ad
3714 5091 3792 5150 si-

2123 5165 2389 5218 nistram.
2420 5164 2702 5218 Maurus.

2191 5237 2209 5268 ὃ
2259 5235 2608 5289 Veronensis
2649 5251 2782 5288 cum
2847 5239 2955 5288 vet.
3015 5235 3152 5289 edit.
3209 5243 3268 5290 ut
3305 5237 3360 5289 in
3409 5239 3652 5292 occultis
3694 5238 3786 5292 in-

2117 5307 2370 5374 terficiat.
2425 5307 2598 5361 Paulo
2643 5311 2774 5377 post
2821 5306 2920 5360 alii
2973 5324 3113 5361 mss.
3162 5309 3387 5362 tentalio
3429 5315 3482 5361 et
3529 5309 3790 5364 tributa-

2117 5380 2308 5444 tiones,

2113 5450 2132 5481 δ
2167 5448 2432 5502 Martian.
2469 5453 2597 5518 post
2627 5449 2851 5510 Erasm,
2888 5448 3168 5502 omittunt
3193 5447 3286 5504 hic
3319 5449 3491 5505 verbi.

2183 5521 2202 5552 7
2235 5520 2544 5582 Victorius,
2581 5522 2676 5589 qui
2703 5537 2900 5590 aqziam
2957 5536 3064 5572 non
3109 5521 3306 5575 habent
3355 5522 3782 5580 doctrinarum.

2181 5591 2200 5623 ⁸
2255 5592 2390 5644 {\lss.
2451 5607 2654 5645 omnes
2714 5591 3146 5663 deliciis._l\iox
3203 5609 3306 5662 pro
3351 5609 3578 5663 pravos.
3633 5594 3784 5650 olim

2107 5679 2303 5746 par-ros
2333 5667 2474 5742 erat.
2509 5661 3099 5746 Glravius’legendum.
3139 5661 3472 5746 suspicatur
3509 5669 3783 5746 patruos,

2110 5737 2234 5792 erat
2269 5735 2427 5792 enim
2461 5739 2630 5792 antea
2653 5735 2931 5808 sapienter
2953 5733 3266 5806 prudentes;
