3944 6454
171 446 301 541 ’301
1252 472 1670 541 ADVERSUS
1713 470 2196 541 JOVINIANUM
2242 472 2391 541 LIB.
2437 478 2516 542 II.

3467 450 3584 546 3'02

208 610 324 677 sias,
373 588 706 683 Smyrnam,
755 610 1127 686 Pergamum,
1178 612 1543 685 Thyatiram,
1601 612 1818 679 Sardis,
1854 614 1904 679 Α
1936 617 1993 667 et
2023 611 2411 685 alienigenam
2444 614 2555 671 sibi
2586 629 2654 671 ex
2684 610 2957 687 gentibus
2987 610 3304 671 Ecclesiam
3345 614 3585 688 copula-

210 699 664 772 Pbiladelphiam,
702 702 1031 758 Laodiciam
1067 702 1135 756 ad
1181 702 1583 774 pmnitentiam
1618 718 1826 773 provo-

208 794 301 858 cat,
330 796 379 844 et
407 790 521 844 nisi
556 795 923 847 revertantur
951 792 1019 846 ad
1064 788 1240 862 opera
1280 791 1550 862 pristina,
1581 790 1826 846 commi—

212 883 379 935 natur.
430 879 497 933 Et
553 879 612 935 in
672 880 867 937 Sardis
924 897 1143 952 paucos
1196 880 1409 935 habere
1441 896 1502 934 se
1533 880 1691 946 dicit,
1725 879 1825 951 qui

207 983 305 1023 non
333 966 858 1039 coinquinaverunt
914 968 1027 1039 [Αι.
1090 967 1616 1039 coinquinaverint]
1648 967 1828 1023 vesti-

202 1060 370 1111 menta
398 1071 525 1120 sua,
560 1060 618 1113 et
650 1056 1008 1113 ambulaturi
1057 1061 1197 1113 sunt
1245 1056 1352 1129 [Αι.
1404 1056 1544 1127 sint]
1595 1072 1726 1111 cum
1759 1071 1825 1111 eo

199 1144 257 1221 in
301 1143 458 1212 albis,
519 1144 657 1217 quia
713 1145 874 1217 digni
935 1151 1094 1201 sunt.
1155 1145 1259 1200 Cui
1310 1150 1504 1200 autem
1545 1145 1687 1200 dicit
1716 1145 1823 1216 (At.

201 1232 434 1306 scribit}:
482 1234 744 1290 Memento
792 1234 937 1290 unde
982 1233 1257 1290 cecideris.
1310 1234 1397 1303 Et,
1448 1236 1584 1289 Ecce
1626 1237 1824 1288 missu-

196 1338 277 1377 rus
300 1324 373 1377 est
398 1321 647 1377 diabolus
677 1339 747 1378 ex
781 1324 932 1379 vobis
982 1325 1045 1379 in
1092 1337 1383 1387 carcerem,
1433 1331 1491 1377 ut
1539 1324 1828 1378 tentcmini

197 1410 331 1482 (Ibid.
391 1411 500 1480 10.)
561 1411 645 1479 Et,
707 1412 831 1468 Scio
886 1412 985 1467 ubi
1055 1411 1292 1478 habitas,
1366 1411 1464 1466 ubi
1534 1411 1680 1467 sedes
1746 1413 1827 1465 est

194 1499 386 1555 Satanae
464 1501 624 1573 (Ibid.
686 1501 799 1572 13.)
856 1501 946 1569 Et,
1001 1502 1059 1557 In
1136 1504 1315 1556 mente
1391 1501 1532 1555 habe
1588 1501 1827 1571 qualiter

193 1592 463 1661 acceperis,
496 1597 547 1645 et
575 1590 841 1661 audieris,
885 1598 936 1646 et
982 1607 1160 1658 serva,
1212 1595 1261 1646 et
1299 1591 1681 1661 ptenitentium
1726 1606 1826 1660 age

192 1677 332 1750 (Ibid.
368 1695 449 1745 III,
481 1679 564 1750 3,)
591 1682 648 1734 et
678 1678 906 1750 reliqua
934 1678 1139 1750 utique
1168 1678 1219 1734 ei
1250 1677 1394 1734 dicit
1424 1678 1523 1751 qui
1555 1678 1824 1746 credidit,

189 1770 238 1822 et
277 1767 600 1840 baptizatus
646 1773 756 1835 est,
799 1773 854 1823 et
905 1771 1064 1824 stant
1111 1768 1434 1839 quondam,
1468 1766 1690 1822 corruit
1721 1783 1824 1839 per

188 1853 466 1912 delictum.

1934 701 2035 769 vit,
2090 705 2286 757 tamen
2337 703 2662 759 secundum
2710 703 2963 759 litteram
3010 707 3143 775 post
3191 704 3585 761 sacerdotium

1936 790 2270 846 sordidatus
2325 791 2644 858 inducitur,
2704 798 2759 848 et
2811 796 2928 848 stat
2982 792 3252 849 diabolus
3292 810 3325 848 a
3366 793 3586 851 dextris

1935 881 2099 949 ejus;
2132 885 2188 934 et
2222 881 2469 936 candida
2501 882 2583 935 illi
2633 882 2982 937 vestimenta
3027 882 3299 954 deinceps
3329 883 3585 939 reddun-

1934 973 2050 1024 tur.
2086 970 2459 1041 Superﬂuum
2492 976 2582 1025 est
2628 972 2699 1025 de
2747 971 2943 1043 Moyse
2984 974 3041 1025 et
3087 964 3279 1025 A'aron
3310 970 3584 1039 scribere,

1935 1058 2090 1128 quod
2124 1058 2195 1113 ad
2228 1074 2445 1130 aquam
2477 1058 2958 1114 contradictionis
2999 1058 3346 1115 offenderint
3373 1058 3581 1128 Deum,

1934 1150 1993 1200 et
2047 1150 2263 1201 terram
2324 1146 2800 1219 repromissionis
2860 1164 2973 1203 non
3027 1147 3404 1204 intraverint:
3446 1165 3582 1206 cum

1934 1234 2141 1290 beatus
2170 1235 2282 1290 Job
2314 1234 2550 1307 angelos
2582 1252 2815 1308 qucque
2864 1240 2924 1292 et
2975 1252 3208 1293 omnem
3253 1241 3582 1294 creaturam

1934 1339 2170 1395 peccare
2228 1340 2399 1396 posse
2453 1330 2891 1391 commemoret,
2953 1326 3188 1381 dicens:
3223 1326 3365 1394 Quid
3409 1328 3584 1396 enim,

1931 1412 2183 1483 nunquid
2238 1412 2434 1468 homo’
2461 1429 2650 1469 coram
2704 1415 2808 1469 Deo
2864 1414 3103 1469 mundus
3163 1423 3240 1471 est
3267 1413 3296 1469 ?
3359 1417 3467 1471 Aut
3520 1417 3581 1471 in

1930 1501 2188 1571 operibus
2215 1502 2328 1556 suis
2355 1502 2475 1555 sine
2502 1503 2719 1557 macula
2751 1504 2834 1557 vir
2852 1506 2877 1554 .9
2904 1501 2964 1555 Si
2999 1509 3187 1558 contra
3224 1519 3405 1558 servos
3454 1519 3582 1559 suos

1930 1605 2039 1644 non
2091 1587 2283 1655 credit,
2324 1592 2372 1644 et
2411 1589 2702 1645 adversum
2745 1591 2965 1661 angelos
3008 1606 3133 1646 suos
3172 1608 3408 1663 pravum
3449 1592 3584 1663 quid

1931 1680 2172 1749 reperit;
2206 1686 2408 1751 quanto
2439 1680 2619 1747 magis
2661 1678 2970 1735 habitantes
3016 1680 3077 1735 in
3117 1679 3369 1736 domibus
3417 1681 3584 1737 luteis

1933 1768 2069 1839 (Job.
2102 1785 2180 1834 VI,
2216 1768 2279 1821 17
2311 1771 2361 1823 et
2390 1767 2598 1839 seqq.)l
2633 1768 2704 1823 de
2740 1768 2956 1839 quibus
3006 1772 3066 1824 et
3104 1785 3211 1824 nos
3259 1785 3329 1825 ex
3373 1770 3582 1826 eodem

1937 1856 2060 1911 luto
2096 1859 2338 1912 sumus!
2376 1859 2603 1913 tentatio
2633 1865 2709 1912 est
2748 1858 2867 1912 vita
2887 1856 3131 1914 hominis
3175 1874 3340 1930 super
3376 1863 3585 1915 terram

241 1945 290 1999 ἅ.
350 1946 542 2002 Omnes
616 1954 759 2002 retro
825 1948 1005 2002 sancti
1078 1946 1317 2014 ejusdem
1389 1946 1599 2013 meriti,
1667 1944 1897 2049 cujusB
1930 1946 2068 2017 (Job.
2099 1963 2200 2011 vn,
2262 1945 2333 2017 1).
2388 1945 2458 2044 tit
2500 1945 3015 2049 ceciditntsucifer,
3039 1947 3140 2018 qui
3198 1945 3467 2003 mittebat
3507 1948 3581 2004 ad

182 2050 314 2090 nunc
360 2034 683 2091 Christiani.
740 2035 998 2092 Salomon
1048 2051 1236 2091 amore
1282 2036 1581 2090 mulierum
1627 2051 1661 2090 a
1709 2035 1817 2089 Deo

180 2122 429 2179 discessit.
487 2125 639 2180 Jesus
695 2123 946 2180 Iosedech
997 2128 1159 2195 typus
1237 2124 1557 2179 Saluatoris.
1622 2123 1820 2192 Angeli

177 2215 387 2284 possunt
415 2215 665 2285 recipere
690 2216 991 2287 peccatum.
1043 2245 1111 2253 -—
1158 2211 1462 2285 Paulisper
1507 2213 1578 2267 de
1627 2211 1817 2268 Veteri

178 2301 542 2357 Testamento
574 2301 839 2373 exempla
869 2299 1251 2370 distuleram;
1286 2301 1425 2373 quia
1466 2299 1654 2357 solent
1683 2300 1817 2356 ubi-

179 2405 419 2463 cumque
449 2395 657 2447 contra
686 2407 784 2447 eos
815 2391 971 2456 facit,
1005 2390 1235 2446 dicere:
1281 2391 1394 2446 Lea:
1439 2394 1488 2444 et
1536 2392 1817 2461 Propheta

176 2496 330 2553 usque
381 2480 455 2535 ad
512 2483 781 2537 Joannem
837 2480 1050 2552 (Matth.
1082 2496 1162 2547 x1,
1209 2480 1323 2548 13.)
1366 2479 1649 2535 Οωῑθιιυω
1681 2478 1815 2549 quis

174 2567 391 2642 ignorat
447 2570 563 2625 sub
617 2568 798 2625 altera
852 2568 960 2642 [Αι.
1023 2568 1159 2639 alta]
1219 2568 1654 2640 dispensatione
1692 2567 1815 2635 Dei,

174 2672 367 2715 omnes
403 2663 565 2714 retro
594 2662 827 2714 sanctos
859 2657 1124 2728 ejusdem
1158 2655 1340 2712 fuisse
1388 2655 1602 2722 meriti,
1647 2655 1819 2726 cujus

173 2763 318 2803 nunc
374 2746 694 2803 Christiani
754 2747 941 2804 sunt?
999 2747 1299 2814 Quomodo
1349 2751 1482 2801 ante
1525 2744 1815 2801 Abraham

170 2836 382 2908 placuit
412 2836 474 2891 in
508 2835 823 2908 conjugio;
858 2835 941 2892 sic
991 2852 1147 2891 nunc
1196 2835 1450 2906 virgines
1500 2832 1732 2907 placent
1760 2833 1818 2888 in

169 2931 449 2998 perpetua
509 2925 796 2981 castitate.
855 2924 1097 2980 Servivit
1154 2922 1251 2979 ille
1306 2922 1418 2996 legi
1476 2928 1534 2979 et
1569 2922 1818 2996 tempori

167 3030 267 3071 suo
297 3033 311 3084 ;
347 3014 685 3071 serviamus
716 3016 730 3049 ³
759 3018 815 3070 et
844 3031 951 3070 nos
981 3012 1291 3087 Evangelio
1339 3017 1397 3068 et
1442 3012 1690 3084 tempori
1722 3028 1821 3068 no-

168 3105 302 3171 stro,
335 3103 397 3159 in
432 3119 589 3176 quos
621 3103 765 3158 ﬁnes
809 3101 1157 3158 sazculorum
1208 3102 1591 3157 decurrerunt
1621 3102 1667 3170 (I
1695 3100 1814 3157 Cor.

166 3206 217 3257 Χ,
250 3192 361 3265 11.)
395 3192 585 3248 David
627 3191 844 3248 electus
874 3191 1200 3247 secundum
1231 3206 1330 3246 cor
1359 3189 1589 3245 Domini
1624 3192 1670 3261 (Ι
1690 3190 1815 3259 Reg.

164 3283 306 3354 xm,)
335 3282 440 3355 qui
473 3297 682 3339 omnes
711 3282 838 3353 ejus
888 3281 1101 3337 fecerat
1145 3279 1494 3348 voluntates,
1537 3284 1594 3335 et
1624 3280 1726 3351 qui
1758 3279 1815 3334 in

1927 2035 2232 2089 universas
2286 2033 2573 2089 nationes.
2606 2035 2676 2089 Et
2722 2032 2820 2089 ille
2873 2034 2972 2107 qui
3023 2034 3082 2089 in
3132 2035 3405 2107 paradiso
3437 2035 3581 2091 deli-

1927 2123 2147 2179 ciarum
2186 2124 2334 2178 inter
2364 2122 2670 2179 duodecim
2703 2123 2962 2178 nutritus
2993 2127 3082 2179 est
3109 2122 3356 2196 lapides,
3379 2123 3582 2181 vulne-

1926 2216 2091 2268 ratus
2123 2230 2155 2267 a
2188 2215 2386 2267 monte
2419 2210 2671 2280 Domini,
2705 2211 2777 2267 ad
2810 2211 3036 2267 inferna
3065 2212 3384 2268 descendit.
3418 2212 3582 2270 Unde

1927 2307 1984 2357 et
2013 2300 2276 2357 Salvator
2306 2301 2364 2354 in
2418 2299 2767 2373 Evangelio:
2833 2301 3109 2367 Videbam,
3170 2300 3384 2374 inquit,
3418 2303 3581 2359 Sata-

1924 2406 2065 2445 nam
2111 2390 2272 2460 quasi
2308 2390 2497 2460 fulgur
2541 2388 2606 2443 de
2665 2389 2796 2445 caelo
2840 2389 3121 2445 cadentem
3166 2389 3316 2461 (Luc.
3363 2407 3419 2460 x,
3465 2390 3580 2464 18.)

1926 2477 1987 2533 Si
2031 2477 2321 2534 altissima
2368 2476 2469 2532 illa
2518 2477 2851 2534 sublimitas
2899 2478 3129 2543 cecidit,
3181 2479 3314 2550 quis
3371 2480 3579 2538 cadere

1927 2585 2041 2624 non
2076 2568 2299 2640 possit?
2327 2568 2385 2623 Si
2442 2568 2503 2623 in
2552 2566 2696 2623 coelo
2749 2568 2955 2636 ruinae,
3016 2573 3235 2641 quanto
3292 2570 3484 2643 magis
3516 2570 3578 2626 in

1926 2657 2127 2713 terra?
2174 2658 2240 2712 Et
2282 2661 2468 2713 tamen
2520 2674 2643 2712 cum
2691 2657 2948 2713 ceciderit
2989 2659 3208 2729 Lucifer
3246 2659 3383 2731 (imo
3443 2662 3578 2732 post

1928 2763 2131 2803 casum
2183 2746 2422 2802 coluber
2479 2746 2808 2819 antiquus.)
2854 2749 3029 2804 virtus
3067 2748 3227 2821 ejus3
3269 2749 3332 2803 in
3379 2747 3583 2805 lumbis

1926 2837 2063 2907 ejus,
2105 2844 2156 2891 et
2192 2840 2428 2907 potestas
2470 2837 2586 2907 ejus
2627 2852 2790 2908 super
2833 2837 3163 2891 umbilicum
3198 2838 3421 2894 ventris.
3475 2824 3582 2893 0b-

1928 2926 2258 2980 umbrantur
2293 2928 2350 2981 in
2412 2942 2473 2981 eo
2518 2925 2737 2981 arbores
2785 2942 3021 2995 magnae,
3068 2930 3120 2982 et
3169 2926 3371 2982 dormit
3408 2928 3581 2999 juxta

1917 3016 2151 3088 juncum
2188 3019 2239 3069 et
2288 3015 2561 3069 calamum
2611 3023 2662 3070 et
2699 3016 2935 3070 caricem
2983 3014 3119 3087 (Job.
3166 3032 3224 3081 x,
3278 3017 3347 3071 10
3384 3018 3575 3089 seqq.).

1925 3108 2051 3175 Ipse
2077 3107 2155 3158 est
2211 3120 2311 3159 rex
2367 3105 2613 3159 omnium
2646 3120 2764 3176 qua:
2814 3106 2871 3158 in
2911 3105 3075 3175 aquis
3114 3111 3243 3159 sunt
3278 3103 3406 3174 (Job
3462 3120 3573 3160 xu.

1924 3192 2054 3262 23):
2089 3191 2189 3247 ubi
2221 3192 2444 3247 scilicet
2489 3191 2760 3263 voluptas
2793 3196 2850 3247 et
2888 3191 3140 3260 luxuria,
3183 3196 3239 3247 et
3294 3207 3576 3265 prOpago,

1927 3280 2271 3353 etirrigatio
2321 3280 2679 3352 nuptiarum.
2741 3282 2871 3349 Quis
2927 3282 3079 3336 enim
3135 3280 3433 3337 denudabit
3489 3282 3578 3353 fa-

171 3351 421 3443 quodam
458 3369 691 3444 psalmo
723 3351 981 3426 dixerat:
1030 3368 1222 3426 Judica
1253 3386 1360 3436 me,
1408 3369 1657 3434 Domine,
1690 3383 1821 3439 quo-
1852 3351 1895 3417 C
1927 3370 2065 3425 ciem
2094 3351 2318 3425 vestitus
2349 3370 2498 3427 329
2526 3369 2645 3440 ejus
2666 3372 2694 3423 ?
2736 3371 2800 3424 Et
2840 3378 3025 3442 portas
3074 3370 3259 3425 vultus
3298 3370 3415 3442 ejus
3452 3351 3577 3443 quis

164 3461 310 3516 niam
340 3477 440 3532 ego
500 3462 562 3515 in
595 3461 909 3515 innocentia
966 3474 1087 3514 mea
1138 3459 1417 3527 ingressus
1469 3474 1611 3525 sum,
1662 3459 1710 3512 et
1758 3457 1818 3511 in

163 3549 385 3607 Domino
432 3565 669 3622 sperans
714 3564 825 3605 non
877 3548 1221 3618 inﬁrmabor.
1267 3547 1444 3603 Proba
1472 3562 1579 3614 me,
1632 3546 1817 3602 Domi-

159 3654 242 3709 ne,
301 3644 355 3696 et
415 3647 576 3697 tenta
643 3654 749 3707 me,
818 3654 919 3693 ure
990 3654 1146 3693 renes
1204 3635 1358 3693 828
1422 3651 1565 3691 meos
1624 3644 1675 3692 et
1728 3651 1822 3690 cor

162 3743 335 3783 meum
367 3729 491 3801 (Ps.
527 3745 657 3797 xxv,
694 3728 743 3796 1,
775 3726 856 3797 2,)
916 3731 1115 3799 postea
1173 3729 1431 3782 tentatur
1483 3741 1517 3780 a
1565 3724 1819 3791 diabolo,

158 3821 210 3872 et
237 3824 373 3889 post
403 3822 724 3891 peccatum
766 3816 1056 3890 paenitens
1087 3816 1382 3887 loquitur:
1416 3816 1667 3871 Miserere
1689 3816 1819 3883 mei,

161 3905 311 3977 Deus,
420 3907 737 3964 secundum
811 3922 1070 3977 magnam
1149 3904 1587 3960 misericordiam
1670 3912 1823 3959 tuam

156 3995 324 4065 (Psal.
360 4015 416 4064 L,
456 4000 540 4065 1.)
581 4000 855 4069 Magnum
886 3998 1189 4070 peccatum
1242 4010 1455 4067 magna
1493 3992 1668 4049 deleri
1700 3991 1826 4047 vult

159 4084 596 4142 misericordia.
651 4084 945 4152 Salomon,
995 4081 1262 4140 amabilis
1320 4081 1575 4149 Domini,
1626 4087 1684 4137 et
1730 4081 1824 4137 cui

155 4172 244 4230 bis
273 4175 439 4232 Deus
475 4176 676 4231 fuerat
707 4172 1035 4241 revelatus;
1068 4171 1206 4245 quia
1255 4176 1480 4227 amator
1510 4171 1824 4226 mulierum

155 4262 280 4332 fuit,
316 4281 353 4321 a
385 4264 501 4321 Dei
539 4279 737 4319 amore
759 4261 1050 4318 discessit.
1070 4264 1377 4318 Manassen
1400 4260 1823 4333 impiissimum

152 4369 346 4427 regem
375 4357 529 4427 post
550 4351 949 4425 captivitatem
974 4350 1407 4424 Babylonicam,
1433 4350 1490 4405 in
1516 4349 1825 4422 pristinam

153 4442 519 4516 dignitatem
547 4442 719 4497 Liber
741 4441 973 4498 Dierum
997 4439 1464 4513 (Paralipomena)
1488 4438 1825 4494 restitutum

151 4532 345 4589 refert.
382 4533 464 4589 Et
494 4531 695 4587 Josias
722 4531 811 4586 vir
839 4534 1101 4596 sanctus,
1146 4528 1207 4584 in
1252 4546 1457 4601 campo
1487 4528 1726 4599 Magedo
1757 4526 1828 4582 ab

1925 3460 2176 3530 aperiet?
2203 3457 2541 3530 Saginantur
2600 3460 2659 3514 in
2709 3475 2770 3515 eo
2826 3461 3133 3525 nationes‘,
3166 3464 3219 3516 et
3256 3461 3581 3532 partiuntur

1925 3564 2050 3603 eum
2107 3546 2425 3603 Phwnicum
2479 3551 2661 3617 gentes
2728 3547 2884 3619 (Ibid.
2941 3550 2975 3602 2
3002 3557 3053 3604 et
3105 3550 3295 3621 seqq.).
3357 3550 3437 3604 Ac
3502 3565 3579 3606 ne

1930 3636 2170 3694 forsitan
2202 3635 2375 3692 tacite
2414 3635 2659 3710 legentis
2706 3636 2981 3710 cogitatio
3032 3642 3286 3710 putaret,
3318 3654 3417 3694 eas
3448 3644 3582 3694 tan-

1928 3730 2054 3783 tum
2089 3726 2424 3782 Phcnnicum
2458 3731 2661 3799 gentes
2718 3731 2775 3783 et
2834 3725 3082 3799 populos
3126 3726 3462 3799 lEthiopum
3493 3726 3581 3783 si-

1929 3815 2214 3889 gnificari,
2248 3814 2465 3887 quibus
2494 3816 2669 3871 draco
2700 3815 2758 3870 in
2791 3830 2985 3871 escam
3036 3815 3208 3870 datus
3249 3815 3347 3881 sit,
3379 3814 3580 3871 statim

1930 3905 2001 3960 de
2031 3904 2124 3960 his
2154 3904 2253 3976 qui
2288 3920 2389 3975 per
2442 3920 2604 3959 mare
2655 3903 2835 3975 hujus
2885 3902 3080 3959 saeculi
3130 3906 3440 3958 transeunt
3471 3902 3580 3975 [ΑΙ.

1931 3993 2333 4060 transierunt),
2365 3997 2422 4047 et
2451 3993 2522 4047 ad
2556 3998 2790 4065 portum
2836 3991 3042 4047 salutis
3086 3992 3385 4064 pervenire
3421 3991 3584 4049 festi-

1934 4085 2094 4147 nant,
2132 4080 2383 4137 dicitur:
2428 4081 2448 4114 ⁵
2507 4082 2569 4136 Ει
2627 4082 2683 4135 in
2742 4081 2974 4136 navibus
3022 4083 3359 4152 piscatorum
3418 4084 3585 4154 caput

1932 4172 2049 4243 ejus
2103 4172 2209 4225 stat
2257 4171 2413 4225 incus
2463 4170 2564 4236 [Αἰ.
2624 4169 2843 4239 incude]
2902 4170 3275 4240 infatigabilis
3315 4188 3327 4225 :
3370 4172 3588 4243 reputat

1932 4262 2142 4332 ferrum
2182 4263 2243 4314 ut
2269 4259 2482 4331 paleas,
2534 4264 2587 4314 et
2636 4259 2775 4314 sicut
2807 4260 3025 4330 tignum
3068 4262 3231 4331 putre
3261 4260 3369 4331 (Al.
3406 4260 3588 4333 putri-

1934 4349 2086 4420 dum)
2130 4364 2223 4403 ωδ.
2268 4348 2332 4403 Et
2374 4364 2531 4403 omne
2574 4365 2772 4403 aurum
2816 4350 2989 4404 maris
3029 4349 3129 4404 sub
3162 4365 3240 4417 eo,
3300 4351 3444 4405 sicut
3500 4350 3590 4405 lu-

1938 4443 2074 4494 tum.
2130 4442 2446 4493 Fervescere
2483 4438 2627 4508 facit
2681 4439 2960 4509 abyssum,
3008 4439 3149 4493 sicut
3195 4455 3291 4493 vas
3331 4454 3587 4495 aeneum:

1935 4529 2180 4584 ¢aestimat
2211 4541 2364 4581 mare
2394 4526 2569 4582 sicut6
2615 4524 2873 4593 deletum,
2904 4532 2958 4581 et
2989 4531 3264 4582 tartarum
3310 4528 3495 4597 abyssi
3531 4527 3591 4582 ut

152 4622 432 4695 {Egyptio
472 4637 615 4694 rege
648 4619 997 4676 confoditur.
1045 4619 1219 4675 Jesus
1267 4634 1501 4690 quoque
1545 4617 1701 4672 filius
1730 4616 1831 4673 Jo-
1937 4617 2233 4688 captivum.
2288 4618 2459 4669 Umne
2504 4615 2683 4669 altum
2753 4615 2909 4697 videt;
2950 4614 3109 4686 (Ibid.
3183 4617 3241 4669 18
3294 4614 3484 4687 seqq.)
3526 4614 3592 4669 Et

149 4709 389 4781 sedech,
442 4709 733 4767 sacerdos
808 4724 1079 4782 magnus,
1159 4724 1496 4779 quanquam
1560 4708 1618 4761 in
1693 4711 1908 4792 typoD
1943 4705 2262 4761 arbitratur
2287 4701 2633 4758 Jovinianus
2665 4720 2831 4759 meus
2884 4703 3050 4759 facile
3095 4703 3203 4759 sibi
3253 4719 3385 4759 eum
3420 4717 3592 4774 posse

150 4801 462 4871 praecessit
497 4797 845 4868 Salvatoris,
880 4798 978 4870 qui
1031 4802 1232 4852 nostra
1281 4800 1516 4869 peccata
1554 4795 1823 4868 portavit,
1860 4790 1893 4792 —
1940 4792 2340 4849 succumbere.
2399 4790 2547 4856 Quid
2598 4790 2811 4863 loquar
2858 4792 2929 4848 de
2986 4791 3204 4847 sanctis
3242 4790 3383 4847 viris
3435 4791 3593 4848 etde

2011 4955 2033 4989 ⁵
2060 4957 2131 5010 Et
2160 4957 2221 5010 in
2250 4954 2479 5008 navibus
2514 4953 2870 5023 piscatorum.
2933 4954 3012 5009 Ex
3069 4952 3178 5025 hoc
3233 4951 3381 5021 loco,
3416 4967 3593 5025 quem

1943 5026 2183 5099 replicat
2202 5033 2629 5103 consequenter
2657 5025 3068 5103 Hieronymus,
3100 5024 3248 5103 scire
3274 5024 3594 5103 possumus

1944 5095 2164 5172 quanta
2196 5095 2416 5172 fuerint
2442 5096 2833 5172 praetermissa
2861 5095 2920 5151 in
2964 5096 3121 5172 libro
3158 5095 3465 5172 Jobjjun‘ta
3491 5100 3592 5172 Se-

1943 5167 2272 5244 ptuaginta,
2307 5169 2353 5225 si
2387 5167 3011 5244 consulamustomum
3037 5168 3298 5244 primum
3317 5167 3594 5244 editionis

1945 5237 2177 5323 nostris,
2211 5241 2264 5323 id
2302 5246 2391 5296 est
2422 5240 2679 5323 divinam
2706 5237 3121 5323 [fi‘bliothecam
3145 5238 3204 5294 S.
3234 5237 3595 5323 Hieronymi,

1944 5315 2044 5371 ubi
2078 5331 2184 5370 suo
2219 5313 2343 5368 loco
2375 5312 2568 5368 editus
2598 5319 2686 5367 est
2718 5312 2859 5367 liber
2887 5310 2997 5366 Job
3045 5328 3177 5367 cum
3213 5310 3511 5367 asteriscis
3539 5315 3598 5368 et

1945 5386 2151 5444 obelis.
3133 5387 3415 5439 MARTIAN.

214 4962 232 4996 ¹
264 4957 712 5018 Casanatensis
740 4975 875 5015 cum
926 4955 1269 5020 Veronensi,
1315 4957 1616 5011 serviamus
1656 4959 1705 5012 et
1734 4972 1831 5012 nos

150 5032 256 5103 legi
278 5038 335 5089 et
364 5032 626 5104 tempori
654 5036 857 5088 nostra.

212 5099 235 5140 ¹
259 5099 652 5161 Veronensis
680 5119 865 5160 coram
922 5102 1157 5159 Domino
1205 5100 1449 5155 mundus
1477 5102 1576 5167 est,
1628 5106 1724 5155 aut
1764 5099 1833 5154 ab

148 5178 600 5260 ορςξίριιδηειίξ-
690 5247 740 5260 ..
861 5255 870 5260 ,
1078 5246 1086 5256 .

213 5250 236 5284 ³
266 5250 416 5314 M3,,
454 5248 523 5303 in
563 5247 765 5302 lumbis
794 5255 871 5302 est
901 5262 1005 5318 pro
1035 5247 1170 5316 ejus.

214 5324 235 5355 ⁴
262 5318 714 5393 Expungqhic
738 5314 941 5393 vocem
973 5314 1540 5393 .IEthiopuquuam
1574 5314 1837 5393 subdunt

148 5384 477 5465 hucusque
501 5384 701 5465 Editi;
736 5390 794 5445 in
826 5407 969 5445 mss.
1021 5384 1167 5443 vero~
1204 5384 1402 5465 nullis,
1446 5401 1634 5465 neque
1659 5387 1834 5465 veteri

147 5449 416 5523 editione
451 5449 787 5533 invenitur,
820 5478 1067 5533 eamque
1126 5475 1230 5514 nec
1257 5449 1564 5533 __l_iehrmus
1620 5462 1833 5533 textus,
2015 5460 2037 5493 δ
2066 5462 2263 5533 Graece
2290 5460 2380 5511 est
2405 5449 2776 5533 Eji_)§szmpo~i,
2810 5454 2961 5533 quod
2998 5459 3088 5509 est
3134 5455 3597 5533 unguentarium

150 5554 251 5594 nec
282 5535 499 5594 versio
544 5531 665 5589 ulla
705 5525 942 5606 recipit;
973 5525 1107 5587 'imo
1147 5548 1219 5585 ne
1257 5529 1361 5606 illa
1409 5529 1644 5606 quidem
1685 5529 1837 5584 anti-
1944 5529 2361 5606 vas,__testibus
2412 5525 2671 5606 Polluce
2702 5531 2759 5606 ct
2813 5527 2996 5606 Suida
3028 5545 3053 5606 :_
3096 5525 3598 5606 quemadmodum

150 5622 283 5681 qua,
318 5623 529 5682 quam
585 5621 719 5660 cum
769 5597 952 5661 obelis
998 5610 1056 5659 et
1083 5601 1398 5682 asteriscis
1430 5597 1837 5682 ‘Hieronymus
1948 5607 2005 5657 et
2035 5601 2131 5682 alii
2168 5600 2511 5682 interpretes
2536 5598 2867 5682 atqueﬁip‘sc
2892 5597 3506 5682 in-nuit_'lli‘eronyni.u-s
3536 5599 3598 5655 in

150 5668 359 5748 edidit:
395 5684 465 5737 et
503 5693 691 5749 quam
733 5692 917 5748 opera:
952 5676 1202 5749 pretium
1252 5673 1363 5749 erit
1413 5668 1836 5749 conferre'cum
1949 5668 2337 5749 versionenex'
2384 5668 2639 5749 ltebraco.
2687 5668 2810 5749 _Sc'd
2871 5676 3044 5749 vetus,
3098 5668 3355 5749 lustinus
3417 5670 3597 5749 inter-

150 5752 309 5812 hisce
341 5739 421 5810 ex
455 5739 670 5805 Greece
698 5739 1069 5806 testimoriiis.
1104 5748 1233 5805 Mox
1265 5742 1528 5812 Gravius,
1558 5760 1661 5818 pro
1680 5744 1839 5802 datus
1949 5762 2083 5818 pres
2133 5739 2637 5818 faciliLo‘culorum
2686 5740 2855 5815 lapsu
2913 5741 3072 5817 legit,
3124 5739 3456 5813 ἐξάλειπτον,
3504 5740 3597 5805 de-

149 5808 440 5917 meat
474 5819 706 5882 dandus
728 5830 825 5883 est.
1514 5808 1524 5812 -
1558 5808 1577 5818 ·

2011 5824 2139 5891 tum,
2173 5815 2246 5877 ab
2276 5808 2562 5911 ἐξαλείφω.
