3944 6452
379 429 500 499 303

1626 436 1693 498 S.
1734 434 2049 501 EUSEBII
2092 433 2540 500 HIERONYMI

3654 424 3777 497 304

382 566 607 640 angelis
651 565 752 640 qui
800 584 933 624 cum
978 572 1253 625 creaturae
1299 567 1401 625 Dei
1454 570 1591 637 sint,
1629 573 1879 641 possunt
1908 570 2021 625 uti-
2050 571 2107 636 Α
2136 568 2349 624 cervuli
2380 569 2500 639 [Αἰ.
2533 566 2726 638 cervi],
2764 564 3033 633 damulie,
3073 562 3218 637 apri,
3266 560 3515 637 lepores,
3562 566 3621 620 et
3664 562 3778 620 hu-

384 672 499 728 que
524 655 777 729 recipere
805 662 1106 728 peccatum
1127 658 1155 712 ?
1185 657 1395 713 Filium
1445 658 1541 713 Dei
1584 662 1806 714 tentare
1845 676 2024 715 ausus
2127 658 2387 729 jusmodi
2418 656 2646 712 venatio
2667 656 2695 710 ‘I
2725 656 2864 727 quid
2893 672 3130 711 anseres
3156 653 3456 710 silvestres
3486 656 3545 709 et
3573 652 3775 710 dome-

382 748 493 813 est,
525 748 581 800 et
608 744 800 817 prima
827 746 955 817 ejus
986 750 1043 801 et
1083 748 1341 803 secunda
1387 746 1675 802 sententia
1724 764 2023 818 repercus-

377 849 500 901 sus,
532 831 916 890 nihilominus
947 840 1125 907 caput
1152 835 1323 903 levat,
1355 840 1410 891 et
1449 834 1619 891 tertio
1661 834 2023 903 vulneratus,

373 936 563 995 usque
609 922 682 978 ad
731 927 966 996 tempus
1014 925 1252 992 recedit,
1293 925 1567 980 differens
1625 925 1812 997 magis
1836 928 2022 981 tenta-

370 1009 614 1075 tionem,
668 1027 846 1084 quam
900 1012 1215 1069 auferens:
1280 1017 1336 1068 et
1401 1030 1507 1067 nos
1575 1013 1744 1069 nobis
1792 1013 2021 1068 blandi-

374 1114 510 1153 mur
565 1099 637 1153 de
711 1099 1108 1173 baptismate:
1182 1102 1337 1172 quod
1418 1102 1569 1156 sicut
1625 1103 1820 1174 priora
1894 1119 2019 1172 pec-

377 1190 506 1241 cata
537 1186 798 1256 dimittit,
832 1187 915 1244 sic
957 1188 1016 1243 in
1065 1190 1327 1243 futurum
1383 1205 1611 1244 servare
1662 1205 1776 1243 non
1809 1193 2020 1261 potest,

375 1273 491 1329 nisi
563 1274 844 1347 baptizati
901 1276 1059 1331 omni
1140 1277 1407 1333 custodia
1482 1277 1842 1333 servaverint
1921 1294 2020 1333 cor

377 1378 575 1417 suum.

441 1451 497 1505 5.
550 1451 727 1507 Tertia
779 1454 1029 1523 quaestio.
1090 1485 1158 1495 —-
1207 1454 1470 1510 Tandem
1520 1455 1895 1527 pervenimus
1948 1455 2018 1510 ad

372 1536 555 1605 cibos,
587 1541 646 1594 et
674 1539 856 1595 tertiae
905 1541 1246 1612 quaestionis
1297 1542 1465 1598 nobis
1513 1542 1826 1615 opponitur
1865 1542 2019 1597 diffi-

371 1624 601 1683 cultas:
633 1649 663 1677 «
704 1628 791 1683 Ad
827 1628 936 1684 hoc
966 1634 1160 1685 creata
1198 1647 1326 1686 esse
1358 1632 1574 1699 omnia,
1609 1637 1675 1687 ut
1705 1631 1837 1687 usui
1872 1648 2021 1686 mor-

358 1714 581 1771 talium
614 1716 991 1773 deservirent.
1024 1719 1094 1773 Et
1141 1720 1439 1791 quomodo
1492 1719 1689 1788 homo,
1740 1713 2020 1776 rationale

372 1802 791 1875 animal,quasi
813 1806 1051 1876 quidam
1074 1805 1369 1864 habitator
1388 1811 1441 1864 et
1464 1825 1770 1880 possessor
1791 1809 2019 1880 mundi,

372 1891 489 1947 Deo
528 1892 812 1963 subjacet,
871 1898 929 1949 et
987 1911 1162 1950 suum
1213 1900 1524 1953 veneratur
1577 1899 1908 1966 Auctorem,
1940 1896 2022 1953 ita

373 1983 588 2036 cuncta
615 1980 957 2051 animantia,
993 1987 1093 2038 aut
1124 1983 1183 2038 in
1217 1985 1381 2041 cibos
1432 1985 1761 2055 hominum,
1815 1991 1917 2042 aut
1961 1986 2019 2041 in

372 2068 670 2135 vestitum,
704 2074 806 2125 aut
833 2072 903 2126 ad
936 2071 1317 2129 scindendam
1362 2079 1599 2143 terram,
1645 2080 1746 2130 aut
1777 2076 1847 2130 ad
1882 2076 2020 2131 sub-

370 2156 693 2213 vectionem
771 2158 1077 2232 frugum‘,
1158 2166 1260 2216 aut
1319 2162 1507 2234 ipsius
1574 2162 1835 2218 hominis
1893 2180 2021 2219 esse

373 2249 603 2303 creata:
638 2246 793 2303 unde
823 2251 881 2304 et
901 2249 1173 2319 jumenta
1202 2249 1273 2305 ab
1306 2266 1372 2306 eo
1396 2251 1550 2322 quod
1569 2252 1797 2321 juvent,
1823 2252 2019 2323 appel-

370 2332 584 2391 lentur.
640 2335 780 2405 Quid
828 2345 925 2405 est,
974 2337 1057 2393 ait
1104 2338 1305 2408 David,
1339 2339 1516 2408 homo,
1552 2340 1693 2412 quod
1731 2357 1938 2396 memor
1964 2358 2018 2397 es

369 2424 488 2497 ejus
544 2432 641 2480 aut
700 2424 850 2495 ﬁlius
918 2427 1175 2495 hominis,
1236 2430 1495 2499 quoniam
1576 2432 1763 2485 visitas
1842 2446 1967 2485 eum
1996 2435 2021 2484 .9

369 2513 618 2583 Minuisli
662 2514 748 2585 [Αι
793 2516 1105 2588 minorasti]
1152 2533 1278 2572 eum
1324 2519 1491 2589 paulo
1529 2521 1714 2574 minus
1743 2521 1811 2574 ab
1846 2535 2018 2588 ange-

373 2603 466 2670 lis,
515 2603 694 2674 gloria
739 2611 790 2659 et
843 2605 1047 2660 honore
1087 2609 1360 2662 coronasti
1412 2624 1537 2662 eum
1583 2616 1633 2663 et
1688 2610 2021 2663 constituisti

372 2707 500 2748 eum
525 2707 690 2764 super
733 2707 896 2764 Opera
940 2710 1205 2749 manuum
1249 2703 1491 2750 tuarum.
1544 2697 1739 2751 Omnia
1784 2698 2020 2768 subjeci-

373 2780 447 2839 sti
471 2779 570 2835 sub
594 2778 821 2852 pedibus
849 2781 988 2852 ejus,
1045 2797 1163 2837 oves
1221 2784 1376 2839 380
1435 2786 1483 2838 et
1542 2786 1695 2841 boves
1734 2788 2018 2841 universas

377 2868 465 2940 [Al
523 2869 837 2940 universa,]
896 2870 1120 2941 insuper
1173 2879 1223 2927 et
1276 2888 1472 2943 pecora
1535 2876 1718 2946 campi
1775 2876 2018 2931 Volucres

374 2958 521 3023 caeli,
548 2963 601 3013 et
633 2957 812 3029 pisces
856 2960 1051 3027 maris,
1083 2962 1179 3031 qui
1217 2963 1601 3031 perambulanl
1644 2965 1869 3018 semitas
1898 2982 2017 3020 ma-

375 3048 457 3103 ris
477 3046 643 3118 (Psal.
679 3048 857 3113 vm,5
885 3050 935 3101 et
956 3064 1045 3120 seq
1080 3047 1136 3119 .).
1170 3049 1329 3116 Esto,
1361 3050 1571 3122 inquit,
1609 3050 1713 3105 bos
1743 3053 1812 3107 ad
1846 3069 2017 3108 aran-

346 3132 540 3202 'dum,
573 3136 643 3192 ad
680 3136 1003 3192 sedendum
1051 3153 1258 3209 equus,
1309 3139 1471 3195 canis
1519 3140 1590 3195 ad
1641 3142 2015 3208 servandum,

376 3240 561 3298 capra:
593 3225 664 3280 ad
707 3223 815 3291 lac,
864 3241 998 3281 oves
1046 3226 1117 3282 ad
1165 3225 1372 3283 lanitia
1417 3230 1663 3285 conditae
1708 3230 1843 3285 sint.
1878 3231 2017 3295 Quis

2051 1952 2098 2016 B

2134 746 2312 801 stici?
2342 746 2480 817 quid
2508 743 2765 800 ficedulae
2784 744 2812 799 ?
2832 744 2972 816 quid
2999 743 3255 799 ﬁcedulae
3276 743 3304 798 ?
3325 742 3467 815 quid
3488 746 3724 815 attagen
3745 740 3776 796 7

2132 836 2272 906 quid
2306 833 2523 889 fulica?
2551 833 2691 905 quid
2723 834 2933 889 turdus
2954 833 2982 887 Ἰ
3009 833 3124 888 Cur
3152 831 3211 886 in
3244 830 3519 887 domibus
3557 829 3777 904 gallina

2130 921 2454 979 discurrit?
2485 922 2542 978 Si
2576 939 2689 977 non
2722 923 3127 989 comeduntur,
3161 925 3279 975 hazc
3324 919 3525 976 omnia
3552 918 3774 976 frustra

2131 1029 2165 1067 a
2193 1012 2307 1067 Deo
2338 1015 2530 1077 creata
2561 1017 2717 1067 sunt.
2752 1011 2970 1065 Verum
3002 1010 3143 1083 quid
3176 1026 3323 1082 Opus
3353 1016 3440 1065 est
3469 1024 3779 1082 argumen-

2132 1099 2207 1155 tis
2234 1116 2366 1155 cum
2399 1099 2881 1155 manifestissime
2930 1098 3232 1171 Scriptura
3279 1098 3482 1153 doceat
3511 1096 3663 1168 (Gen.
3696 1113 3778 1163 Ix,

2131 1192 2167 1242 2
2195 1189 2385 1262 seqq.),
2433 1204 2604 1243 omne
2654 1188 2807 1259 quod
2858 1192 3143 1256 movetur,
3192 1187 3347 1242 sicut
3384 1185 3542 1242 olera
3569 1184 3780 1242 herba-

2131 1294 2283 1345 rum,
2317 1278 2453 1332 data
2483 1277 2653 1332 nobis
2685 1277 2743 1332 in
2776 1291 2993 1342 escam,
3033 1280 3090 1331 et
3130 1274 3443 1349 Apostolus
3476 1273 3777 1345 clamitet:

2131 1365 2326 1421 Omnia
2360 1364 2569 1419 munda
2614 1364 2853 1429 mundis,
2902 1368 2954 1419 et
3009 1364 3153 1419 nihil
3210 1363 3597 1436 rejiciendum,
3637 1362 3782 1435 quod

2128 1471 2253 1509 cum
2308 1455 2617 1522 gratiarum
2672 1456 2888 1509 actione
2935 1454 3237 1525 percipitur
3274 1453 3449 1524 (Rom.
3500 1468 3618 1523 xxv,
3666 1452 3777 1520 20;

2131 1542 2152 1597 I
2184 1544 2316 1597 Tim.
2353 1559 2426 1611 1v,
2458 1542 2552 1611 5):
2587 1546 2644 1597 et
2689 1545 2966 1598 venturos
3008 1540 3067 1596 in
3117 1540 3459 1611 novissimo,
3505 1540 3609 1613 qui
3648 1556 3782 1613 pro-

2128 1631 2367 1687 hibeant
2397 1631 2636 1698 nubere,
2688 1634 2746 1685 et
2792 1629 2945 1685 vesci
2994 1629 3162 1695 cibis,
3205 1646 3353 1701 quos
3381 1628 3535 1687 Deus
3565 1628 3782 1687 creavit

2130 1720 2202 1775 ad
2235 1720 2518 1775 utendum
2552 1719 2596 1790 (Ι
2629 1720 2760 1774 Tim.
2822 1722 2919 1787 ιν).
2980 1718 3109 1790 Ipse
3141 1718 3426 1776 Dominus
3469 1717 3588 1774 vini
3616 1721 3780 1791 pota-

2132 1814 2224 1863 tor
2251 1813 2309 1864 et
2336 1812 2567 1863 vorator
2614 1825 2648 1863 a
2696 1807 3003 1863 Pharisazis
3051 1806 3397 1880 appellatur,
3431 1812 3487 1862 et
3515 1806 3786 1881 publica-

2133 1913 2345 1952 norum
2379 1896 2619 1952 conviva
2647 1901 2703 1952 et
2751 1900 3159 1968 peccatorum;
3209 1896 3429 1951 Zachaai
3461 1894 3784 1968 prandium

2131 2003 2247 2041 non
2280 2001 2578 2050 recusans,
2610 1985 2827 2040 vadens
2857 1985 2927 2039 ad
2962 1985 3297 2057 nuptiarum
3345 1982 3571 2057 epulas.
3602 1984 3786 2040 Porro

2130 2074 2289 2129 aliud
2341 2079 2453 2141 est,
2502 2074 2551 2129 si
2601 2073 2781 2130 stulta
2828 2074 3201 2129 contentione
3246 2072 3462 2139 dicitis,
3493 2087 3632 2128 eum
3661 2072 3788 2131 isse

2129 2162 2201 2217 ad
2224 2164 2245 2197 ²
2278 2162 2590 2234 prandium
2615 2163 3049 2233 jejunaturum,
3090 2166 3148 2217 et
3196 2162 3585 2235 impostorum
3617 2176 3785 2217 more

2129 2251 2383 2306 dixisse:
2440 2251 2556 2306 Hoc
2618 2251 2880 2317 comedo,
2927 2249 3072 2306 illud
3120 2267 3234 2307 non
3291 2250 3581 2306 comedo:
3641 2247 3783 2305 nolo

2129 2339 2330 2395 vinum
2360 2340 2586 2395 bibere:
2622 2339 2776 2411 quod
2808 2354 2877 2393 ex
2918 2338 3088 2411 aquis
3131 2338 3339 2395 creavi.
3377 2339 3438 2393 In
3470 2341 3607 2411 typo
3639 2353 3783 2411 san-

2128 2428 2322 2501 guinis
2355 2428 2446 2483 sui
2496 2444 2610 2482 non
2642 2425 2858 2482 obtulit
2916 2443 3153 2499 aquam,
3209 2427 3311 2483 sed
3374 2426 3598 2482 vinum.
3632 2430 3780 2483 Post

2128 2517 2608 2573 resurrectionem
2664 2516 2881 2588 piscem
2928 2520 2984 2572 et
3034 2516 3224 2572 favum
3289 2515 3563 2585 comedit,
3606 2532 3726 2572 non
3759 2515 3786 2550 ³

2128 2623 2379 2673 sesama,
2414 2622 2591 2660 nuces
2622 2610 2679 2660 et
2725 2603 3203 2661 sorbitiunculas.
3239 2604 3442 2661 Petrus
3471 2602 3780 2677 apostolus

2129 2711 2244 2750 non
2274 2698 2570 2766 exspectat
2600 2692 2828 2749 stellam
2859 2693 3296 2765 morejudaico,
3317 2692 3418 2749 sed
3444 2691 3587 2749 hora
3614 2696 3783 2749 sexta

2127 2782 2185 2837 in
2236 2782 2517 2838 solarium
2558 2799 2883 2854 pransurus
2938 2782 3221 2837 ascendit.
3270 2780 3485 2837 Paulus
3533 2780 3593 2837 in
3642 2781 3782 2838 navi

2128 2888 2337 2943 panem
2369 2870 2603 2943 frangit,
2632 2888 2747 2926 non
2780 2871 3023 2926 caricas.
3056 2870 3365 2926 Timotheo
3413 2868 3631 2926 dolenti
3656 2873 3783 2926 sto-

2127 2960 2424 3028 machum,
2464 2960 2665 3014 vinum
2699 2959 2907 3016 suadet
2955 2959 3173 3026 bibere,
3206 2976 3322 3016 non
3358 2958 3667 3031 piracium.
3697 2962 3784 3019 De

2127 3048 2390 3104 ciborum
2447 3048 2557 3105 sibi
2614 3048 2846 3120 placent
2905 3048 3280 3114 abstinentia,
3340 3048 3509 3120 quasi
3568 3063 3688 3103 non
3719 3050 3783 3123 et

2126 3138 2464 3209 superstitio
2493 3137 2852 3193 Gentilium‘
2880 3138 3119 3193 Castam
3167 3136 3371 3192 Matris
3421 3136 3606 3193 Deum
3665 3137 3777 3192 ob-

2129 3230 2318 3282 servet
2346 3230 2404 3282 et
2431 3225 2622 3282 Isidis.

370 3329 524 3383 (usus
547 3329 879 3386 porcorum,
904 3314 1124 3386 absque
1143 3333 1241 3372 esu
1267 3317 1745 3391 carnium?quid
1772 3336 2014 3392 capreae,
2050 3320 2093 3386 C
2199 3317 2253 3370 6.
2312 3317 2693 3387 Hieronymus.
2751 3315 2975 3387 Physici
3046 3316 3144 3386 qui
3191 3329 3357 3386 prosa
3411 3321 3459 3369 et
3521 3314 3776 3389 versibus

455 3427 913 3501 *Casanatensis
952 3433 1009 3484 et
1056 3431 1226 3501 ipsius
1271 3432 1528 3489 hominis.
1581 3434 1711 3489 Mox
1765 3435 2019 3492 recolen-

377 3499 491 3573 d_us
526 3498 917 3573 Ilieronymus
972 3498 1170 3556 noster
1222 3503 1282 3557 in
1344 3520 1392 3557 c.
1438 3522 1455 3558 1
1503 3505 1709 3573 Isaize;
1773 3508 2016 3564 Lactan-

378 3570 498 3649 tius
526 3568 678 3649 libro
728 3568 790 3638 1i,
840 3587 889 3625 c.
942 3573 1003 3626 11
1034 3574 1163 3649 :__l_}t
1210 3576 1611 3649 in__e.c(:olenda
1660 3568 1808 3649 terra
1846 3580 2017 3649 juva-

373 3645 508 3768 rl-egit.
541 3641 795 3713 jumenta
847 3651 974 3698 sunt
1021 3642 1185 3699 dicta.
1240 3645 1385 3701 Vide
1440 3646 1815 3703 Columellam
1846 3641 2015 3706 initio

401 3731 418 3768 1
464 3730 511 3768 r1
541 3730 620 3768 vr.

401 3730 511 3768 IDI'I
541 3730 620 3769 VI.

404 3786 459 3831 ε²
497 3784 764 3861 Fecimus
817 3786 1122 3861 prandium
1178 3804 1279 3861 pro
1334 3805 1400 3844 eo
1451 3790 1604 3861 quod
1664 3797 1789 3847 erat
1843 3798 2014 3849 antea

369 3858 612 3962 nuptiis,
637 3857 991 3962 urgentibus
1016 3875 1159 3913 mss.
1180 3857 1258 3962 ad
1294 3857 1484 3962 uitium-
1511 3864 1805 3919 omnibus.

488 3929 605 3984 Non
640 3944 871 4007 sesama,
932 3945 1117 4007 nuces.
1174 3936 1279 4007 etc:
1340 3932 1577 3988 Codices
1635 3951 1777 3989 mss.
1812 3934 2015 4007 legunt

368 4001 580 4076 sisima,
605 3998 694 4076 vel
725 4001 949 4076 sisama.
983 4004 1389 4076 Sesamai‘em.
1440 4022 1539 4076 pro
1588 4022 1796 4076 genere
1830 3998 2009 4062 Indici

370 4070 651 4155 frumenti
686 4071 976 4155 accipitur
992 4075 1145 4155 apud
1178 4070 1727 4155 Plinium-libavit},
1750 4096 1876 4149 cap.
1904 4080 2007 4155 lt):

366 4141 881 4224 EslivaR/rumen‘ta
917 4141 1186 4211 diximus,
1234 4162 1521 4215 sesamum,
1572 4141 2007 4224 miliaria-pani-

367 4213 875 4287 cium._Sesam_um
906 4230 1035 4270 vere
1082 4232 1290 4287 genere
1343 4213 1568 4285 neutro,
1603 4225 1660 4275 et
1690 4213 1919 4276 sesama
1949 4222 2007 4277 in

369 4281 585 4356 plurali
642 4284 870 4365 sacpius.
904 4287 1060 4365 apud
1084 4281 1485 4365 "Columellam
1531 4281 1682 4347 inter
1712 4292 2010 4365 legumina

365 4358 778 4435 recensentur,
816 4358 900 4435 ut.
926 4357 1025 4412 lib.
1071 4374 1133 4435 ii,
1180 4374 1306 4430 cap.
1352 4362 1386 4412 7
1434 4366 1489 4415 et
1534 4379 1661 4435 cap.
1724 4357 1800 4420 λΟἶ
1849 4365 1917 4419 Et
1947 4382 2007 4421 re

363 4440 500 4481 vera
525 4426 822 4507 sesamauin
853 4426 1141 4507 Yasco‘nia
1171 4426 1368 4507 nostra
1397 4437 1537 4487 sunt
1559 4426 1688 4505 ipsa
1711 4434 2008 4507 legumina

364 4514 495 4569 quis
523 4499 646 4580 pisa
675 4498 838 4564 alibi,
870 4499 927 4553 in
956 4502 1143 4571 patria
1171 4506 1365 4580 autem
1395 4520 1523 4559 mea
1540 4498 1677 4561 séses
1691 4498 2004 4580 dicuntur,

366 4568 536 4647 Quasi
565 4568 727 4647 dicas
752 4568 1020 4647 sesames;
1057 4589 1186 4627 nam
1229 4572 1430 4647 lingua
1461 4582 1659 4632 nostra
1690 4568 2007 4634 Vasconica

364 4640 581 4716 gaudet
608 4640 1028 4716 monosyllabis
1058 4649 1115 4699 et
1145 4640 1379 4703 vocibus
1412 4651 1724 4713 contractis
1763 4650 2001 4716 Latinis,

361 4713 515 4768 sicut
542 4729 743 4784 panem
772 4713 1133 4787 appellamus
1161 4733 1276 4787 pan
1318 4722 1368 4773 et
1410 4736 1585 4775 unum
1627 4737 1816 4775 canem
1863 4713 2004 4776 dici?

363 4800 497 4839 mus
535 4800 612 4839 un
658 4800 781 4841 can.
833 4785 1114 4842 Similiter
1160 4785 1427 4845 arborem
1475 4792 1815 4859 sambucam,
1867 4810 2005 4849 con--

358 4859 542 4912 tracta
569 4872 845 4911 vocamus
873 4874 1022 4913 sauc.

429 4927 563 5003 ._l_am
586 4928 1002 5003 quodspectat
1023 4946 1234 5003 nomen
1261 4948 1512 5003 sequens
1552 4936 1999 5002 sorbitiunculas,

358 4998 541 5077 nolim
596 4998 838 5055 definire
897 5017 969 5055 an
1008 5002 1248 5077 fuerint
1306 4998 1501 5072 legana
1579 5005 1666 5061 vel
1734 4998 2007 5077 placenta”

356 5071 667 5147 Scriptura;
697 5087 874 5147 sacrae
915 5088 975 5147 ir
1007 5072 1143 5145 Reg.
1193 5075 1283 5144 13,
1326 5094 1397 5130 un
1450 5077 1680 5133 minora
1710 5071 1903 5147 sorba,
1935 5080 2005 5134 de

360 5141 578 5212 quibus
607 5142 889 5199 Martialis
919 5142 1020 5199 lib.
1055 5141 1158 5199 XIII
1186 5163 1198 5200 :

463 5246 633 5297 Sorba
669 5261 871 5309 sumus,
906 5250 1092 5300 molles
1123 5253 1348 5302 nimium
1380 5254 1625 5305 durantia
1661 5260 1890 5305 ventres.

358 5344 642 5426 MARTIAN.
693 5376 776 5427 —-_
814 5350 994 5403 Vetus
1043 5348 1517 5427 editiobraricas,
1560 5371 1701 5409 mss.
1755 5355 2002 5427 promis-

357 5431 464 5473 cue
491 5421 698 5471 sisama
729 5421 785 5471 et
834 5434 1065 5475 sesama.
1118 5421 1181 5476 In
1227 5423 1338 5478 ﬁne
1387 5425 1548 5479 addit
1595 5421 2003 5483 Casanatensis

354 5495 643 5558 exspectat,
678 5490 1179 5559 quemadmodum
1212 5493 1364 5549 intra
1394 5496 1658 5551 habetur.

426 5559 645 5642 4:.l“ta.l_so
675 5565 750 5642 "et
786 5566 989 5617 contra
1031 5578 1178 5642 mss;
1212 5583 1443 5638 quoque
1488 5569 1659 5625 tidem
1698 5570 2002 5642 hactenus

356 5629 613 5711 pbtippit
667 5629 885 5711 Cossum
961 5649 1074 5711 pro
1142 5629 1381 5703 Cavituni,
1457 5657 1633 5711 quam
1695 5639 2000 5697 lectionem

357 5702 895 5787 Martiantcushrlum
929 5702 991 5758 ek
1000 5704 1213 5787 plicare
1229 5702 1489 5787 conatus
1503 5717 1609 5777 est,
1636 5729 1783 5768 novo
1810 5729 2002 5770 errore

354 5773 696 5859 cumulavit.
731 5776 938 5834 Cossos
965 5773 1315 5837 vermiculos
1354 5773 1661 5841 roboribus
1692 5784 2003 5846 innascen-

2126 3430 2518 3512 tes_i_ndica_ri_
2542 3431 2641 3512 ait,
2685 3447 2851 3512 'quos
2907 3428 3217 3512 ipsenint‘ra
3245 3429 3637 3512 Hieronymus
3666 3429 3776 3512 ds-

2127 3502 2350 3577 scri_b_it,
2394 3507 2450 3577 et
2497 3498 2833 3577 Eukoeifou;
2876 3498 3151 3577 appellat,
3201 3516 3416 3571 eosque
3467 3498 3773 3577 in__Ponto

2126 3590 2191 3627 ac
2234 3573 2503 3645 Phrygia,
2555 3572 2858 3629 comedere
2904 3572 3195 3645 luxuriam
3246 3588 3382 3645 esse
3436 3572 3653 3645 tradit:
3708 3577 3778 3645 et.

2128 3642 2611 3717 Ιξιὶηἱυείᾷυσῳιο
2642 3645 2742 3699 lib.
2776 3661 2913 3709 xvn,
2944 3661 3071 3716 cap.
3099 3644 3167 3717 2ft
3190 3642 3771 3717 :Lumuri'a,_inquit,

2127 3715 2308 3770 Cossus
2363 3714 2618 3772 robor—um
2674 3714 3033 3771 delicatiores
3064 3715 3323 3771 adhibere
3369 3718 3429 3771 in
3467 3715 3606 3771 cibo.
3635 3714 3775 3772 'Sed

2126 3788 2367 3843 minime
2424 3789 2535 3843 ista
2593 3788 2664 3842 ad
2727 3804 2847 3842 rem
2898 3792 3055 3853 sunt,
3119 3803 3305 3858 neque
3361 3786 3582 3858 aliquid
3632 3802 3773 3843 cum

2123 3859 2359 3930 Cybeles
2393 3859 2682 3931 Isidisque
2706 3859 2998 3931 mysteriis
3018 3859 3181 3931 Cossi
3202 3857 3771 3931 vermiculiqhabent,

2121 3926 2305 4001 eoque
2364 3931 2490 4002 ipso
2549 3926 2727 3986 sensu
2768 3926 3008 3987 'Cossum
3083 3930 3388 4002 observare,
3451 3926 3598 3986 nihil
3656 3935 3771 4002 est.

2122 3998 2332 4056 Contra
2363 3998 2582 4057 Casium
2632 4002 2803 4073 Isidis
2851 4007 2907 4056 et
2949 4000 3188 4073 Cybeles
3237 4007 3456 4057 veteres
3495 3998 3769 4073 nonnulli

2122 4077 2465 4129 memorant.
2499 4072 2897 4129 Tertullianus
2931 4072 3009 4127 de
3028 4072 3279 4143 Jejuniis
3309 4074 3587 4128 adversus
3624 4072 3769 4143 Psy-

2119 4144 2336 4211 chicos,
2365 4162 2489 4217 cap.
2525 4146 2594 4199 46
2617 4162 2637 4217 :7
2662 4147 2725 4201 In
2752 4146 2957 4200 nostris
3004 4144 3354 4217 xerophagiis
3402 4144 3769 4217 blasphemias

2119 4217 2391 4287 ingerens,
2438 4216 2646 4271 'CASTO
2705 4217 2861 4272 Isidis
2917 4226 2967 4287 et
3028 4216 3248 4287 Cybeles
3320 4231 3433 4287 eos
3481 4216 3765 4286 adaequas.

2115 4286 2406 4344 Arnobius
2462 4287 2563 4343 lib.
2630 4305 2663 4342 v
2712 4304 2723 4341 :
2804 4286 2945 4361 Quid
2980 4286 3768 4361 temperatisadﬁlinumio

2152 4362 2294 4421 anis,
2346 4361 2439 4414 cui
2506 4361 2590 4414 rei
2637 4355 2838 4414 nomen
2892 4355 3411 4415 dedisii'CASTUS.
3461 4356 3626 4415 Paria
3674 4355 3769 4414 his

2160 4431 2291 4485 abet
2322 4430 2580 4486 incertus
2612 4435 2816 4501 auctor
2864 4430 3018 4501 apud
3067 4429 3415 4501 Suidam_in
3453 4445 3592 4485 voce
3642 4433 3762 4501 Μη-

2114 4501 2355 4573 τρῳχκκὶ
2401 4519 2549 4574 quas
2595 4500 2843 4574 uxorein:
2892 4496 3090 4574 vocat:
3154 4500 3276 4574 Tal;
3320 4496 3377 4553 δὲ
3431 4496 3765 4574 μητρῳακᾶς

2114 4570 2596 4646 3:1.5i_'Ptv)z11iOLq
2639 4572 2789 4646 ᾓκαὶ
2837 4570 3096 4646 πρότερον
3146 4572 3290 4646 πᾳρὰ
3334 4570 3554 4646 φφξὶί
3594 4570 3765 4646 enou-

2117 4639 2427 4717 daallsieua
2466 4642 2715 4717 κπςστείας
2776 4639 3015 4698 inuictos
3087 4639 3259 4715 μηνὸς
3324 4639 3542 4717 ἤγγειλε.
3590 4642 3770 4700 Ηαινα

2115 4716 2190 4770 les
2241 4715 2465 4785 (Matris
2522 4715 2727 4787 Deum)
2784 4716 3159 4783 castimonias,
3215 4730 3336 4786 quae
3381 4715 3418 4770 a
3486 4715 3766 4787 Romanis,

2114 4790 2162 4841 et
2195 4791 2323 4840 ante
2354 4787 2448 4842 hos
2480 4804 2512 4841 a
2546 4785 2858 4857 Phrygibus
2885 4785 3329 4855 observabuntur,
3379 4786 3618 4857 singulis
3655 4785 3768 4842 sibi

2114 4858 2388 4931 mensibus
2440 4858 2732 4931 indicebat.
2789 4858 2963 4931 Porro
3022 4865 3158 4914 sunt
3205 4859 3477 4931 quirem
3535 4862 3765 4931 castam

2113 4929 2588 5002 interpretentur,
2621 4930 2716 4985 alii
2758 4930 3183 5002 expiationem;
3226 4929 3441 4985 'malim
3487 4945 3594 5002 ego
3624 4929 3768 5001 abs-

2113 4999 2369 5073 tinentiae
2402 5002 2671 5073 ritumin
2703 4999 2846 5057 cibis
2890 5001 3157 5073 intelligi.
3212 5002 3270 5056 [d
3316 5006 3471 5056 certe
3499 4999 3767 5073 iii—innuat

2112 5071 2351 5145 laudata
2376 5072 2924 5145 ’I‘ertullianiiatque
2963 5071 3589 5145 Arnobiiitestimonia,
3624 5072 3766 5145 qui-

2114 5143 2223 5217 bus
2255 5145 2560 5217 concinere
2610 5144 2754 5199 illud
2804 5142 2944 5215 puto
2992 5144 3181 5215 ipsius
3208 5142 3763 5217 Hieronymiepist.

2121 5216 2236 5269 107.
2299 5216 2372 5271 ad
2444 5216 2678 5271 Laetam.
2757 5214 2921 5271 num.
3002 5214 3110 5270 {0:
3188 5214 3443 5272 Cultores'
3488 5214 3651 5271 Isidis
3705 5219 3764 5271 et

2114 5286 2333 5357 Cybeles
2356 5288 2545 5358 gulosa
2576 5289 2908 5343 abstinentia
2939 5287 3201 5342 Phasides
3230 5305 3374 5356 aues,
3428 5302 3493 5341 ac
3527 5290 3763 5358 fuman-

2113 5364 2185 5412 tes
2209 5366 2444 5413 turtures
2472 5368 2687 5426 vorant,
2728 5375 2799 5414 ne
2832 5359 3038 5414 scilicet
3092 5358 3340 5415 Cerealia
3374 5358 3517 5414 dona
3560 5362 3764 5416 conta-

2109 5432 2343 5485 minent.
2370 5431 2659 5486 Nimirum
2684 5447 2831 5502 pane
2852 5430 3240 5486 abstinebant.
3268 5428 3767 5502 Luculentissime

2111 5516 2244 5555 vero
2295 5502 2447 5557 infra
2502 5503 2611 5558 hoc
2669 5500 2796 5573 ipso
2852 5502 2909 5555 in
2973 5502 3141 5568 libro,
3200 5502 3492 5571 Quomodo,
3537 5500 3762 5574 inquit,

2114 5574 2423 5639 virginitati
2478 5590 2619 5631 uerae
2648 5590 2758 5629 non
2799 5573 3128 5644 praeiudicat
3183 5576 3420 5629 imitatio
3478 5573 3770 5644 virginum

2110 5644 2316 5698 diaboli
2366 5648 2444 5701 ita
2499 5663 2597 5701 nec
2644 5640 2813 5701 ueris'
2833 5640 3065 5715 jejuniis
3134 5644 3394 5703 CASTUM
3446 5640 3594 5715 (erat
3668 5640 3771 5701 hic

2111 5731 2343 5791 quoque
2375 5718 2683 5788 Cassarum)
2738 5717 2922 5791 Isidis
2951 5724 3003 5771 et
3049 5715 3273 5791 Cybeles
3301 5727 3352 5791 et
3392 5716 3768 5791 quorumdam

2108 5786 2356 5849 ciborum
2388 5792 2450 5847 in
2485 5786 2755 5849 aeternum
2780 5786 3135 5865 abstinentia,
3166 5786 3417 5853 maxime
3453 5803 3582 5853 cum
3610 5786 3772 5873 apud
