3944 6428
184 374 286 453 306

1211 386 1632 456 ADVERSUS
1676 384 2160 457 JOVINIANUM
2206 388 2355 455 LIB.
2398 328 2491 473 ,II.’

3428 375 3559 463 tot

187 518 506 594 scripserunt.
555 518 753 580 Nostra
808 520 1004 597 religio
1061 521 1242 582 erudit
1297 525 1586 599 sapientiae
1633 529 1798 582 secta-
1825 526 1879 594 Α
1910 529 1968 583 et
1998 527 2223 583 stercus
2254 524 2384 598 ejus
2414 530 2471 583 et
2500 541 2716 583 cauum
2745 523 2983 601 putrida
3008 526 3180 584 curat
3202 520 3463 584 vulnera.
3487 505 3560 582 Et

189 612 381 669 tionem.
414 612 640 686 Epicuri
666 615 933 671 sententia
957 614 1240 671 damnata.
1273 645 1341 695 τ-
1389 616 1615 688 Sequar
1661 632 1796 689 ergo

187 696 397 775 veStigia
443 702 857 775 propositionis
905 703 1052 761 881
1135 704 1409 779 exposita:
1459 723 1471 759 :
1532 710 1589 761 et
1637 710 1796 762 ante-

189 807 341 864 quam
378 792 441 848 ad
491 792 821 864 Scripturas
874 791 1126 861 veniam,
1182 795 1541 867 doceamque
1584 813 1653 852 ex
1711 795 1795 851 eis

185 879 284 938 Deo
308 884 462 954 grata
483 881 732 954 jejunia,
783 886 841 938 et
887 882 1303 956 acceptabilem
1352 884 1791 953 continentiam,

187 970 513 1044 argumentis
570 970 1057 1045 philosophorum
1136 979 1485 1047 argumenta
1558 991 1793 1047 compo-

188 1075 353 1116 nam:
395 1063 449 1115 et
494 1060 776 1133 probabo,
820 1077 937 1117 non
986 1062 1356 1135 Empedoclis
1405 1068 1461 1119 et
1514 1064 1794 1137 Pythago-

185 1142 368 1206 rtenos
416 1149 626 1220 dogma
684 1150 915 1217 sectari,
974 1150 1074 1223 qui
1135 1157 1370 1224 propter
1428 1152 1792 1228 μετεμψύχω-

186 1256 252 1291 σιν
280 1252 438 1295 omne
468 1238 622 1311 quod
697 1244 963 1295 movetur
1016 1245 1072 1295 et
1129 1240 1272 1297 vivit
1327 1242 1620 1298 edendum
1679 1260 1795 1298 non

184 1330 384 1400 putant,
412 1332 470 1383 et
496 1327 764 1399 ejusdem
805 1328 1072 1386 criminis
1112 1347 1241 1387 reos
1289 1331 1648 1387 arbitrantur
1694 1331 1796 1404 qui

84 1444 85 1447 η
184 1416 399 1472 abietem
455 1432 855 1490 quercumque
901 1405 1279 1485 succiderint,
1305 1422 1472 1492 cujus
1494 1421 1795 1494 parricidm

181 1508 300 1561 sunt
323 1508 376 1561 et
402 1504 639 1562 veneﬁci
675 1522 687 1561 :
716 1505 817 1562 sed
849 1507 1109 1563 venerari
1132 1509 1492 1565 conditorem
1526 1514 1794 1566 nostrum

183 1593 266 1666 qui
292 1594 346 1649 in
374 1611 518 1651 usus
549 1594 857 1651 hominum
889 1600 1099 1652 cuncta
1150 1598 1365 1653 creavit
1401 1598 1514 1672 [ΑΖ.
1551 1615 1794 1671 genera-

180 1679 282 1754 vit).
311 1682 377 1739 Et
401 1684 695 1755 quomodo
726 1684 832 1740 bos
863 1685 936 1740 ad
979 1686 1289 1754 arandum,
1343 1703 1531 1758 equus
1581 1688 1651 1743 ad
1704 1703 1793 1743 se-

180 1770 426 1840 dendum,
469 1788 644 1829 canes
674 1774 745 1829 ad
778 1775 1156 1847 servandum,
1189 1793 1374 1849 capras
1401 1777 1472 1832 ad
1503 1775 1614 1848 lac,
1661 1792 1794 1833 oves

178 1860 241 1917 ad
265 1859 453 1919 lanitia
482 1861 729 1918 condita:
763 1868 905 1919 sunt
937 1879 950 1917 :
985 1863 1067 1920 ita
1091 1881 1227 1921 sues
1258 1870 1315 1921 et
1340 1882 1562 1935 cervos,
1608 1870 1664 1921 et
1693 1883 1791 1922 ca-

177 1965 324 2023 preas
351 1954 404 2006 et
438 1950 669 2023 lepores
701 1953 742 2021 ¹,
774 1956 832 2007 et
862 1956 1067 2008 caetera
1099 1969 1113 2009 :
1146 1955 1248 2009 sed
1300 1954 1401 2009 illa
1433 1971 1548 2009 non
1592 1955 1793 2011 statim

177 2039 235 2096 ad
262 2039 675 2097 comedendum
706 2044 901 2097 creata
930 2057 1079 2111 esse,
1113 2045 1212 2099 sed
1245 2042 1305 2098 in
1338 2041 1484 2100 alios
1516 2061 1661 2099 usus
1691 2044 1795 2099 ho-

177 2126 401 2184 minum.
428 2128 485 2185 Si
522 2128 678 2185 enim
724 2146 897 2186 omne
944 2132 1099 2203 quod
1136 2136 1401 2188 movetur
1446 2136 1502 2188 et
1550 2133 1690 2188 vivit
1723 2134 1795 2188 ad

174 2218 496 2274 vescendum
530 2217 746 2274 factum
780 2222 888 2287 est,
935 2225 992 2276 et
1040 2225 1433 2293 praeparatum
1488 2220 1657 2294 gulaz,
1708 2238 1795 2277 re-

176 2308 478 2380 spondeant
511 2307 656 2363 mihi
702 2324 806 2364 cur
854 2307 1172 2382 elephanti,
1225 2327 1331 2366 cur
1377 2310 1595 2377 leones,
1652 2309 1796 2375 ursi,

174 2393 429 2473 loopardi,
471 2396 597 2470 lupi
629 2414 643 2465 ;
676 2413 780 2453 cur
806 2398 1038 2471 viperae,
1074 2399 1309 2472 scorpii,
1347 2399 1607 2467 cimices,
1650 2398 1796 2454 culi-

175 2488 275 2551 ces,
306 2484 677 2558 pulicesque;
709 2502 816 2542 cur
852 2486 1069 2555 vultur,
1104 2488 1324 2559 aquila,
1376 2505 1601 2556 corvus,
1646 2489 1795 2543 acci-

173 2572 347 2644 piter;
377 2590 482 2630 cur
512 2574 644 2638 ceti.
686 2573 1240 2649 delphines,phocae,
1298 2577 1655 2649 minutaque
1703 2594 1795 2633 co-

174 2661 383 2719 chleolae
413 2664 664 2720 condita:
696 2664 833 2720 sint.
878 2664 1017 2732 Quis
1075 2671 1346 2722 nostrum
1392 2664 1641 2734 leonem,
1693 2666 1795 2738 qui

172 2751 429 2824 viperam,
458 2752 565 2825 qui
590 2751 904 2823 vulturem,
941 2754 1075 2827 quis
1123 2755 1432 2821 ciconiam,
1481 2755 1615 2827 quis
1666 2754 1795 2810 mil-

174 2852 314 2909 vum,
345 2841 474 2915 quis
510 2846 810 2914 reptantes
841 2843 899 2898 in
942 2843 1239 2900 littoribus
1287 2844 1636 2901 vermiculos
1685 2862 1795 2901 un-

173 2944 326 3003 quam
354 2931 628 3003 comedit;
651 2932 755 3003 (Al.
807 2933 1144 3006 comederit)
1175 2933 1203 2989 ?
1234 2933 1398 2990 Sicut
1451 2935 1632 3007 igitur
1678 2934 1798 2989 haec

170 3021 412 3094 proprios
441 3038 590 3077 usus
624 3021 857 3090 habent,
893 3022 972 3078 ita
1010 3040 1328 3096 possumus
1381 3023 1573 3080 dicere
1604 3028 1660 3079 et
1689 3041 1795 3079 ca:-

169 3109 304 3167 teras
340 3111 582 3179 bestias,
629 3110 817 3183 pisces
866 3114 906 3179 ³,
941 3129 1074 3168 aves
1123 3130 1239 3169 non
1291 3113 1363 3169 ad
1397 3114 1694 3179 esum,sed
1727 3115 1797 3169 ad

170 3199 494 3257 medicinam
530 3206 775 3257 creatas.
809 3202 1072 3275 Denique
1112 3219 1317 3258 carnes
1365 3203 1594 3274 viperae,
1643 3203 1797 3258 unde

1904 616 2082 688 (quod
2114 616 2355 672 forsitan
2390 616 2704 690 legendum
2739 616 2954 673 mirum
2978 616 3073 690 sit)
3095 615 3354 673 hominis
3375 615 3554 673 ﬁmus

1905 706 2143 778 quantis
2226 706 2626 762 curationibus
2711 707 2995 779 proficiat,
3054 705 3313 763 Galenus
3371 714 3423 762 ἑν
3486 712 3556 763 ἁ-

1902 803 2039 859 πλοῖς
2104 795 2290 862 docet,
2361 795 2540 851 Aiunt
2610 797 2763 853 882
2829 796 3081 869 Physici,
3152 796 3307 868 quod
3375 794 3548 868 pellis

1905 884 2147 952 colubri,
2183 902 2299 957 qua
2329 885 2581 956 exuitur,
2622 887 2861 942 decocta
2906 886 2963 941 in
3014 884 3159 952 oleo,
3213 884 3361 942 mire
3389 883 3552 941 dolo-

1904 990 2027 1029 rem
2058 973 2291 1029 aurium
2326 974 2571 1047 mitiget.
2605 975 2754 1042 Quid
2786 976 2868 1031 ita
2906 974 3114 1030 inutile
3168 973 3398 1030 videtur
3442 990 3553 1030 ne-

1905 1062 2227 1119 scientibus
2257 1066 2322 1118 ut
2350 1062 2588 1119 cimices
2616 1063 2646 1119 ?
2675 1063 2735 1120 Si
2765 1065 3125 1138 sanguisuga
3147 1063 3414 1120 faucibus
3442 1063 3556 1119 hie-

1904 1153 2065 1219 serit,
2100 1154 2261 1209 fumo
2290 1153 2418 1222 ejus
2449 1157 2711 1226 excepto,
2739 1155 2937 1209 statim
2962 1153 3251 1210 evomitur
3280 1171 3293 1210 :
3332 1156 3389 1209 et
3407 1152 3559 1209 difﬁ-

1904 1241 2068 1298 culas
2099 1241 2281 1296 urinae
2312 1242 2493 1314 hujus
2524 1241 2892 1315 appositione
2936 1242 3187 1301 laxatur.
3238 1247 3557 1300 Porcorum

1905 1336 2122 1399 autem,
2158 1336 2213 1385 et
2242 1338 2605 1399 anserum,et
2627 1331 3561 1405 gallinarum,phasianorumque

1905 1419 2106 1491 adipes
2134 1420 2273 1491 quid
2307 1419 2599 1476 commodi
2628 1420 2902 1489 habeant,
2937 1437 3142 1477 omnes
3188 1421 3555 1478 medicorum

1905 1507 2206 1564 declarant
2237 1507 2367 1563 libri
2404 1526 2417 1563 :
2454 1526 2603 1581 quos
2634 1510 2741 1581 (Al.
2776 1510 2951 1581 quod)
2983 1510 3034 1565 si
3063 1509 3297 1583 legeris,
3327 1508 3556 1567 videbis

1904 1601 1991 1652 tot
2021 1597 2352 1653 curationes
2373 1613 2502 1653 esse
2532 1599 2589 1652 in
2623 1597 2855 1654 vulture
2886 1603 3029 1671 quot
3078 1599 3344 1655 membra
3393 1602 3556 1655 sunt.

1903 1686 2038 1744 Pavi
2070 1687 2247 1743 fimus
2277 1687 2546 1759 podagrae
2586 1688 2868 1743 fervorem
2916 1687 3166 1759 mitigat.
3218 1688 3403 1744 Grues
3452 1686 3562 1758 (At.

1904 1775 2115 1848 gruis),
2169 1775 2427 1842 ciconiae,
2489 1774 2563 1831 fel
2639 1775 2869 1848 aquilae,
2931 1774 3173 1851 sanguis
3241 1776 3560 1850 accipitris,

1902 1863 2440 1933 struthiocamelus,
2478 1881 2654 1931 ranae,
2689 1864 3164 1935 chammleontes,
3211 1865 3552 1922 hirundinis

1906 1956 2152 2019 stercus,
2187 1956 2244 2008 et
2272 1969 2499 2020 carnes,
2535 1954 2752 2026 quibus
2782 1954 3003 2010 morbis
3043 1964 3195 2027 aptae
3227 1954 3369 2023 sint,
3402 1954 3558 2012 dice-

1906 2042 2109 2110 rem,si
2133 2041 2274 2097 mihi
2297 2042 2663 2115 propositum
2694 2048 2849 2099 esset
2877 2044 2949 2100 de
2982 2043 3210 2101 medela
3238 2059 3553 2116 corporum

1906 2132 2227 2205 disputare.
2292 2132 2467 2205 Legat
2524 2132 2622 2203 qui
2692 2132 2820 2189 vult
2890 2133 3202 2189 Aristolem
3258 2137 3317 2191 et
3370 2133 3559 2192 Theo-

1905 2221 2217 2295 phrastum
2250 2238 2451 2293 prosa,
2482 2220 2820 2277 Marcellum
2851 2222 3109 2278 Sidetem
3141 2222 3182 2291 ‘,
3207 2226 3266 2279 et
3294 2227 3563 2280 nostrum

1905 2309 2164 2364 Flavium
2197 2309 2557 2366 hexametris
2572 2311 2840 2366 versibus
2863 2310 3220 2367 disserentes
3254 2327 3268 2366 :
3300 2309 3561 2368 Plinium

1906 2415 2141 2470 quoque
2186 2399 2542 2463 Secundum,
2615 2404 2670 2454 et
2725 2399 3148 2468 Dioscoridem,
3207 2403 3265 2455 et
3319 2403 3560 2457 caeteros

1905 2492 2028 2543 tam
2062 2487 2335 2560 physicos
2369 2505 2545 2560 quam
2576 2489 2854 2556 medicos,
2888 2488 2989 2561 qui
3019 2487 3245 2544 nullam
3288 2487 3556 2555 herbam,

1907 2576 2137 2632 nullum
2171 2576 2448 2648 lapidem,
2485 2577 2716 2633 nullum
2749 2577 2968 2633 animal
2999 2582 3119 2633 tam
3143 2575 3559 2650 reptile,quam

1904 2665 2159 2733 volatile,
2195 2672 2252 2721 et
2284 2666 2541 2735 natatile,
2593 2684 2712 2723 non
2764 2668 2835 2723 ad
2887 2684 3005 2723 sua:
3051 2666 3196 2723 artis
3244 2665 3560 2724 utilitatem

1906 2756 2184 2811 referunt.
2249 2755 2453 2828 Igitur,
2514 2771 2647 2812 cum
2712 2756 2857 2811 mihi
2914 2756 3131 2813 dixeris
3186 2773 3292 2812 cur
3345 2772 3562 2829 porcus

1906 2849 2136 2900 creatus
2194 2849 2300 2912 est,
2358 2844 2555 2900 statim
2617 2845 2725 2901 tibi
2786 2846 3170 2919 respondebo,
3238 2850 3558 2918 puerorum

1908 2951 2067 2990 more
2099 2935 2472 3003 certantium,
2534 2952 2640 2991 cur
2694 2935 2928 3008 viperae,
2985 2950 3090 2991 cur
3143 2935 3378 3008 scorpii.
3440 2935 3559 2992 Nec

1910 3025 2092 3079 Deum
2117 3024 2547 3095 superfluorum
2572 3024 2872 3096 judicabis
2903 3023 3210 3089 artificem,
3242 3024 3383 3096 quia
3427 3021 3562 3095 plu-

1906 3111 2067 3167 rima:
2098 3117 2155 3168 et
2183 3112 2382 3168 bestias
2414 3117 2470 3169 et
2496 3112 2763 3168 volucres
2815 3115 2957 3168 sunt
3003 3128 3151 3183 quas
3194 3114 3309 3167 tum
3359 3111 3561 3168 fauces

1906 3207 2196 3257 recusent.
2229 3203 2339 3257 Sed
2371 3218 2441 3256 ne
2471 3201 2903 3257 contentiosum
2927 3200 3059 3267 hoc,
3077 3204 3135 3256 et
3163 3216 3401 3273 pugnax
3430 3215 3559 3257 ma-

167 3284 404 3346 theriaca
431 3289 1046 3364 conﬁcimur,quantis
1069 3292 1244 3347 rebus
1267 3297 1410 3363 aptae
1434 3293 1796 3357 sint,nonunt
1826 3280 1868 3346 C
1906 3290 1997 3363 gis
2026 3290 2294 3345 videatur
2323 3306 2451 3345 esse
2484 3306 2658 3363 quam
2691 3305 2917 3357 verum,
2950 3290 3087 3345 audi
3125 3289 3340 3345 idcirco
3390 3303 3552 3359 sues,

168 3378 377 3435 medici.
409 3379 729 3453 Segmenta
756 3379 947 3437 eboris
980 3381 1038 3436 in
1072 3381 1330 3437 medelas
1357 3383 1380 3415 ³
1410 3381 1601 3437 varias
1625 3398 1791 3437 assu-

170 3472 408 3525 muntur.
440 3469 535 3526 Fel
568 3469 782 3543 hyaenae
812 3469 1118 3527 oculorum
1151 3470 1408 3528 restituit
1447 3469 1791 3537 claritatem,

168 3591 275 3667 illo;
292 3594 577 3666 jejunium
613 3598 800 3666 panis,
848 3597 1055 3667 sagina
1100 3598 1354 3651 carnium
1400 3600 1791 3667 compensetur.

169 3663 437 3740 Yid.'_quze
468 3667 554 3740 ibi
597 3663 838 3740 insuper
884 3663 1256 3724 annotamus.
1311 3663 1541 3723 Cossum
1576 3669 1791 3722 matris.

170 3730 347 3812 Cossis.
370 3737 676 3812 vermiculi
708 3730 1111 3812 d‘icuntur,qui
1145 3739 1453 3795 roboribus
1485 3740 1797 3812 innascun-

170 3806 273 3862 tur.
302 3808 416 3865 Hos
444 3810 590 3866 olim
625 3810 683 3865 in
711 3810 934 3868 deliciis
965 3806 1198 3867 habitos
1249 3816 1500 3867 testatur
1546 3811 1792 3866 Plinius.

171 3876 225 3956 In
251 3879 422 3956 Ponto
452 3888 512 3938 et
548 3882 795 3956 Phrygia
827 3899 926 3939 eos
974 3884 1335 3956 comedisse,
1370 3882 1605 3956 luxuria
1651 3888 1796 3956 erat,

170 3954 227 4006 ut
252 3952 513 4027 observat
546 3952 1135 4027 infra'Hieronymus.
1186 3956 1276 4009 Ab
1326 3954 1417 4027 his
1464 3953 1797 4027 vermiculis

170 4024 479 4097 sacerdotes
508 4025 742 4097 Cybelis
779 4024 982 4082 Matris
1027 4027 1203 4082 deum
1254 4026 1626 4082 abstinebant
1656 4025 1796 4081 ridi-

169 4092 286 4151 cula
312 4092 748 4170 superstitione,
782 4098 949 4170 quasi
974 4097 1057 4152 illi
1091 4101 1288 4154 essent
1318 4097 1490 4153 sacri.

1335 4169 1616 4224 Maurus.

192 4237 245 4271 σ¹
272 4236 644 4297 Cisterciens.
696 4256 829 4295 cum
878 4241 1256 4296 Casanatensi
1290 4257 1434 4296 mss.
1485 4242 1552 4295 Et
1595 4243 1799 4296 cwtera

168 4306 463 4417 huju‘smodi
490 4328 607 4368 non
633 4315 823 4368 statim
849 4312 1359 4417 ad'ﬁmnedendum,
1376 4316 1485 4417 eic.

313 4398 470 4417 ηηοη.
506 4400 642 4417 om...
674 4402 738 4417 ον
773 4401 928 4417 ηπ..
980 4402 1046 4417 ..α
1079 4401 1202 4417 mm.
1252 4400 1281 4417 η
1336 4400 1399 4417 ,νη
1431 4401 1485 4417 ο.

258 4382 474 4449 Nocem
505 4400 643 4440 aves
673 4402 743 4440 ex
773 4384 1047 4441 omnibus
1079 4401 1222 4440 mss.
1252 4389 1309 4440 et
1336 4382 1514 4440 veteri
1546 4382 1800 4439 editione

166 4452 516 4511 suﬂ‘ecimus.

221 4523 244 4559 ⁸
270 4524 419 4584 Alias
454 4529 585 4582 erat
612 4529 838 4609 aurium
862 4544 965 4599 pro
991 4529 1193 4583 varias.
1249 4526 1379 4608 Mox
1433 4526 1645 4608 Aquila:
1694 4541 1799 4651 pro

221 4609 400 4651 rm.
431 4598 590 4651 auod
625 4600 872 4651 Gravms
930 4600 1155 4651 nrohat.
1200 4598 1345 4651 Vide
1390 4598 1645 4651 Plinium
1719 4597 1797 4651 1b.

167 4593 400 4667 Hym,
431 4598 590 4671 quod
625 4593 881 4671 Gravius
930 4600 1155 4671 probat.
1200 4598 1345 4654 Vide
1390 4593 1645 4671 Plinium
1694 4593 1797 4651 lib.

164 4680 307 4743 sxta,
343 4686 404 4743 _c.
448 4667 502 4727 ’6
536 4674 583 4743 κεῖ
636 4667 1031 4743 Βίοεοοτίἄθῐη
1092 4674 1457 4743 (ιιιοᾳυθηθι
1513 4667 1799 4724 Galenum

163 4735 216 4815 in
239 4735 492 4815 Ἄπλοῖς,
530 4742 714 4815 idest
742 4743 823 4815 de
845 4735 1207 4815 simplicium
1228 4735 1799 4815 medicamentorum

168 4813 379 4887 natura,
419 4830 451 4869 e
482 4814 936 4887 quibus‘isthaec
957 4812 1157 4870 omnia
1190 4814 1369 4887 ferme
1398 4812 1753 4887 deiibantur.

228 4882 333 4939 ‘Et
361 4882 616 4943 nostrum
652 4884 993 4943 Flavimum.
1061 4891 1137 4941 De
1184 4886 1387 4941 eodem
1438 4883 1629 4939 Flavio
1681 4884 1803 4937 ham

166 4950 325 5010 habet
351 4956 501 5013 libro
534 4957 807 5013 Virorum
838 4957 1163 5013 illustrium
1198 4958 1255 5014 in
1297 4956 1590 5011 Firmiano
1626 4974 1637 5010 :
1682 4957 1800 5010 Fir-

165 5025 390 5101 mianus,
458 5031 560 5101 qui
621 5038 673 5086 et
734 5031 1076 5085 Lactantius.
1115 5072 1133 5101 .7
1165 5072 1227 5084 ..
1298 5031 1401 5083 sub
1463 5028 1803 5101 Diocletiano

163 5098 401 5183 principe
430 5098 640 5183 accitus
687 5118 812 5157 cum
860 5101 1053 5158 Flavio
1081 5100 1696 5183 ⁸,(ξνίιηιηιαιίεοκΠετιίιιδ
1727 5098 1803 5183 ilo

167 5169 588 5245 medicinalibus
632 5189 789 5230 versu
851 5173 1136 5245 compositi
1188 5180 1400 5245 extant
1478 5169 1636 5245 libri,
1688 5175 1798 5224 etc.

170 5236 440 5315 Maurus.
472 5236 1025 5301 —Grammaticuin
1069 5243 1347 5315 intelligo,
1399 5242 1555 5315 cuius
1603 5236 1804 5315 deme-

169 5310 487 5390 dieinalibus
551 5332 707 5390 versu
758 5319 1083 5390 compositos
1156 5310 1371 5390 exstare
1448 5310 1621 5368 libros
1678 5314 1803 5390 ipse

170 5383 403 5441 testatur
430 5387 491 5442 in
523 5388 814 5456 Catalogo,
844 5383 894 5445 c'.
926 5389 1017 5443 80.
1052 5386 1319 5456 Suntqui
1341 5385 1499 5440 hunc
1530 5383 1801 5441 eumdem

172 5466 283 5533 Esse
302 5462 512 5533 putent
542 5475 675 5515 cum
713 5457 916 5533 Flavio!
940 5460 1125 5533 Capro
1162 5457 1309 5533 ;‘alii
1337 5457 1438 5512 sed
1473 5473 1802 5533 perperam,

172 5524 426 5585 Fannium
459 5548 569 5603 pro
610 5533 860 5589 Flavium
905 5524 1109 5603 legunt
1142 5524 1616 5595 {Casanatensisﬁ
1678 5530 1799 5583 Fla-

173 5609 309 5657 cum.

230 5669 250 5705 ⁸
276 5672 470 5731 Nonae
499 5674 761 5731 rhetores.
794 5675 1033 5732 Fmdum
1081 5689 1351 5743 errorem,
1386 5675 1553 5743 putat
1597 5669 1805 5743 Maria-

176 5746 281 5827 n'us'
310 5744 525 5820 legere,
584 5753 768 5805 nauta
825 5748 1111 5806 rhetores:
1146 5762 1249 5819 pro
1312 5742 1646 5801 rhetoribus
1701 5742 1805 5799 tri-

1902 3384 1959 3435 et
1988 3396 2181 3451 apros,
2214 3383 2270 3434 et
2300 3396 2517 3448 cervos,
2551 3384 2607 3434 et
2638 3379 2897 3452 reliquas
2946 3379 3275 3435 animantes
3324 3381 3549 3435 creatas

1902 3473 1969 3524 ut
1998 3468 2235 3537 milites,
2270 3473 2325 3524 et
2355 3468 2587 3525 athletae
2612 3470 2652 3537 ⁵,
2687 3473 2899 3539 nautae,
2945 3468 3229 3537 rhetores,
3282 3467 3550 3525 metallo-

1904 3593 2108 3667 buen's
2132 3596 2376 3667 sectores.
2417 3596 2662 3667 Gravius
2715 3597 2911 3667 autem
2952 3594 3028 3667 in
3077 3593 3243 3667 notis
3299 3593 3425 3667 suis
3478 3593 3554 3650 ad

1904 3664 2065 3720 hunc
2097 3664 2311 3732 locum,
2343 3666 2424 3720 ita
2469 3666 2755 3722 disserere
2811 3665 3032 3721 voluit:
3067 3665 3256 3722 Naulw
3311 3664 3552 3721 rethores

1906 3743 2013 3792 etc.
2068 3737 2279 3808 Ingens
2330 3739 2632 3803 mendum,
2692 3738 2906 3809 inquit.
2969 3736 3122 3808 quod
3192 3735 3431 3809 irrepsit
3493 3735 3554 3795 in

1904 3809 2280 3889 exemplaria,
2334 3809 2556 3889 corrige
2594 3808 2838 3889 legens:
2872 3817 3124 3889 vectores.
3186 3808 3287 3889 Ita-
3318 3808 3556 3889 quoque

1905 3880 2033 3962 lege
2061 3879 2163 3935 lib.
2197 3898 2234 3962 ii
2264 3880 2324 3935 in
2347 3879 2699 3962 felagianos
2732 3898 2744 3935 :
2778 3882 3103 3962 Loquuntur
3148 3884 3339 3960 nauta?
3383 3881 3552 3962 utque

1904 3947 2161 4018 vectores,
2220 3952 2278 4006 in
2347 3947 2550 4008 Ezech.
2618 3969 2781 4019 xvn;
2851 3947 2959 4006 hos
3050 3949 3199 4005 duos
3281 3947 3553 4006 similiter

1908 4022 2215 4093 conjungit
2243 4028 2301 4078 et
2331 4022 2390 4077 in
2422 4023 2626 4078 Matth.
2650 4039 2764 4092 xw,
2798 4027 2908 4078 etc.
2943 4024 3015 4076 At
3044 4036 3185 4093 pace
3225 4020 3477 4093 Mariani
3498 4024 3557 4076 et

1907 4091 2100 4151 Gravii
2134 4091 2303 4149 liceat
2351 4094 2521 4149 nobis
2568 4091 2836 4149 codicum
2884 4091 3415 4149 mssfauctoritati
3464 4091 3555 4148 in-

1907 4166 2148 4231 haerere,
2183 4182 2248 4220 ac
2275 4165 2581 4221 lectionem
2618 4165 2842 4221 Erasmi
2873 4164 3204 4233 defendere,
3238 4181 3375 4221 cum
3392 4162 3556 4221 illam

1909 4237 2273 4310 retinendam
2305 4238 2508 4293 doceat
2538 4242 2838 4292 contextus
2870 4238 2996 4310 ipse
3040 4236 3554 4309 Hieronymianus.

1909 4309 2059 4365 Dicit
2104 4315 2345 4366 sanctus
2376 4310 2579 4365 doctor
2635 4326 2791 4373 sues,
2853 4315 2909 4364 et
2965 4325 3168 4381 apro_s,_
3219 4313 3278 4365 et
3331 4324 3555 4377 cervos,

1907 4385 2041 4446 etc.,
2074 4385 2300 4436 creatos
2342 4397 2490 4449 csse,
2549 4384 2613 4435 ut
2670 4380 2885 4436 milites
2940 4379 3019 4435 et“
3052 4379 3304 4447 athletas,
3366 4382 3558 4436 nautas

1909 4457 1966 4508 et
2022 4451 2303 4519 rhetores,
2388 4451 2877 4519 metallorumque
2944 4451 3196 4508 fossores
3270 4450 3557 4507 haberent

1910 4524 2113 4588 cibos;
2163 4524 2589 4596 posteafaoddit,
2634 4521 2803 4596 quod
2863 4523 3081 4579 culihet
3136 4522 3424 4596 convenit,
3442 4521 3556 4596 qui

1905 4599 2130 4667 portant
2151 4594 2311 4650 arma
2343 4594 2396 4649 id
2427 4600 2518 4667 est
2545 4594 2764 4652 milites
2798 4613 2811 4651 :
2843 4597 2939 4666 qui
2964 4602 3162 4667 pugnit
3206 4597 3258 4649 et
3307 4594 3552 4667 calcibus

1832 4653 1879 4717 D
1905 4653 2009 4722 sua
2030 4683 2255 4738 corpora
2285 4666 2583 4722 debilitant
2615 4685 2627 4733 ;
2663 4668 2720 4722 hi
2754 4653 2895 4722 sunt
2935 4653 3163 4722 athletas
3194 4683 3207 4721 :
3241 4665 3357 4738 qui
3386 4678 3561 4720 remos

1912 4735 2162 4803 trahunt,
2189 4739 2246 4793 id
2278 4743 2368 4793 est
2400 4744 2587 4793 nautae
2622 4756 2634 4793 :
2668 4754 2903 4810 quorum
2948 4738 3136 4810 latera
3310 4735 3559 4791 claman-

1910 4810 2041 4864 dum
2065 4812 2459 4880 dicendumque
2492 4815 2622 4864 sunt
2679 4806 2888 4871 ualida,
2943 4808 3000 4863 id
3060 4811 3149 4880 est
3206 4806 3556 4880 rhetorum:

1911 4884 2009 4953 qui
2038 4878 2617 4945 subrertuntmontes,
2670 4882 2777 4936 hoc
2806 4886 2895 4936 est
2951 4878 3320 4935 metallorum
3370 4879 3557 4934 fosso-

1913 4952 2025 5010 res.
2062 4954 2375 5024 Suhjungit
2405 4954 2559 5007 idem
2593 4952 2980 5023 Hieronymus
3015 4968 3026 5006 :
3060 4954 3333 5008 Caeterum
3360 4953 3554 5006 nostra

1912 5027 2130 5093 religio,
2161 5042 2270 5080 non
2300 5023 2532 5093 πύκτην,
2564 5041 2673 5080 non
2721 5025 3010 5088 athletam,
3042 5039 3152 5077 non
3193 5024 3411 5093 nautas,
3442 5036 3559 5078 non

1912 5090 2136 5163 milites,
2186 5115 2300 5153 non
2349 5090 2573 5164 [asseres
2625 5116 2638 5164 ;
2691 5097 2783 5151 sed
2834 5096 3124 5164 sapientiae
3166 5090 3349 5148 erudit
3394 5101 3562 5149 secta-

1913 5173 2080 5224 torem
2142 5173 2250 5225 etc.
2312 5170 2481 5223 Gerte
2533 5168 2581 5222 si
2658 5173 2829 5223 antea
2884 5165 3125 5239 legisset
3173 5167 3403 5221 sectores
3462 5167 3566 5239 aut

1911 5244 2192 5306 vectores,
2253 5240 2348 5295 hic
2402 5240 2673 5295 diceret:
2726 5246 2909 5295 nostra
2954 5236 3154 5307 religio
3206 5251 3320 5291 non
3383 5236 3565 5292 erudit

1912 5316 2146 5367 vectores
2175 5318 2277 5367 aut
2306 5316 2538 5366 sectores
2571 5330 2588 5365 :
2616 5311 2717 5382 sed
2776 5309 2912 5382 quia
2965 5307 3326 5382 Christianos
3373 5307 3568 5365 erudit

1914 5383 2151 5439 rhetores
2181 5388 2238 5438 et
2278 5389 2558 5447 oratores,
2618 5381 2766 5437 hanc
2794 5379 3020 5436 ’vocem
3078 5379 3299 5447 omisit,
3359 5384 3568 5437 czetera

1914 5455 2197 5523 abjiciens
2254 5454 2513 5509 nomina.
2576 5453 2991 5524 Retinendum_
3036 5450 3261 5524 itaque
3313 5454 3566 5508 verbum

1913 5522 2153 5581 rhetores
2187 5543 2199 5585 :
2234 5525 2289 5579 id
2323 5527 2478 5581 enim
2513 5532 2758 5596 prznpter
2780 5526 2907 5592 jam
2938 5522 3334 5596 dicta,s‘uadet
3361 5524 3562 5581 Cicero

1916 5599 1987 5653 dc
2044 5600 2354 5652 Senectute
2402 5614 2414 5649 :
2468 5594 2661 5664 Legem
2738 5596 3046 5657 Vaco-aiam.
3096 5594 3314 5667 inquit,
3365 5611 3570 5666 magna

1914 5684 2036 5725 voce
2064 5678 2113 5723 et
2135 5671 2287 5724 bonis
2315 5668 2579 5723 lateribus
2627 5670 2937 5724 suasissem.
2983 5666 3205 5724 Ibidem
3254 5666 3378 5723 haec
3422 5667 3567 5723 deﬁ-

1915 5740 2035 5797 nite
2065 5738 2328 5813 loquitur
2360 5758 2373 5797 :
2406 5740 2473 5795 Et
2499 5740 2549 5796 si
2577 5742 2728 5796 enim
2755 5755 2959 5796 munus
2986 5754 3098 5795 non
3126 5740 3343 5810 ingenii
3368 5738 3568 5809 solani,
