3944 6412
337 332 455 400 εστ
494 362 500 368 .

1575 342 1639 410 S.
1678 344 1987 409 EUSEBII
2033 342 2493 410 HIERONYMI.

3605 339 3719 411 308

339 488 593 548 rumque
622 474 898 546 fossores,
930 483 987 537 et
1015 478 1203 537 cateri
1236 480 1382 538 duro
1412 481 1570 553 operi
1614 479 1975 552 manicipati,
2009 484 2065 548 Α
2095 496 2228 536 cum
2268 480 2636 553 philosophis
2666 479 3029 536 docoremus.
3063 477 3348 535 Caeterum
3380 473 3511 550 quis
3564 475 3718 551 igno-

340 560 625 621 haberent
672 568 851 635 cibos,
909 570 1125 641 quibus
1189 571 1467 626 fortitudo
1515 586 1822 642 corporum
1888 585 1983 623 ne-

343 654 599 711 cessaria
641 662 760 713 est:
795 657 896 729 qui
942 664 1177 729 portant
1223 677 1389 715 arma
1434 666 1490 715 et
1539 659 1759 715 cibaria
1813 677 1825 714 :
1883 657 1982 729 qui

343 742 558 814 pugnis
607 749 662 799 et
704 746 962 802 calcibus
1009 766 1117 804 sua
1164 748 1409 803 invicem
1471 749 1734 803 membra
1777 746 1981 801 debili-

345 831 491 898 tant,
553 834 651 904 qui
707 850 901 889 remos
947 838 1100 892 383
1152 837 1412 903 trahunt,
1469 853 1718 907 quorum
1798 834 1984 889 latera

347 918 420 973 ad
469 920 845 979 clamandum
893 925 1324 997 dicendumque
1382 931 1520 980 sunt
1568 924 1759 979 valida
1812 941 1824 978 :
1880 922 1981 994 qui

347 1008 699 1066 subvertant
763 1021 1009 1081 montes,
1080 1019 1135 1069 et
1199 1014 1310 1069 sub
1372 1016 1383 1048 ¹
1443 1014 1589 1069 sudo
1658 1021 1715 1068 et
1777 1011 1982 1066 imbri-

348 1094 462 1152 bus
492 1098 814 1155 dormiunt.
860 1103 1141 1157 Caaterum
1191 1107 1388 1158 nostra
1439 1102 1686 1175 Religio,
1718 1119 1829 1156 non
1881 1098 1982 1152 πύ-

347 1202 503 1252 κτην,
536 1203 651 1241 non
681 1189 981 1258 athletam,
1016 1209 1129 1245 non
1172 1195 1399 1257 nautas,
1432 1208 1546 1245 non
1599 1190 1834 1255 milites,
1869 1206 1984 1243 non

345 1272 601 1331 fossores
636 1294 649 1342 ;
681 1278 781 1332 sed
813 1280 1107 1350 sapientia:
1151 1280 1344 1335 erudit
1385 1284 1750 1344 sectatorem,
1785 1278 1884 1349 qui
1925 1294 1987 1333 se

358 1362 657 1420 Deicultui
693 1366 1012 1423 dedicavit:
1048 1374 1103 1425 et
1128 1370 1239 1424 scit
1288 1386 1393 1425 cur
1437 1373 1668 1425 creatus
1728 1368 1825 1432 sit,
1885 1383 1988 1421 cur

342 1459 607 1508 versetur
659 1454 719 1509 in
778 1457 996 1513 mundo
1068 1474 1183 1529 quo
1240 1458 1401 1513 abire
1434 1458 1683 1513 festinet.
1722 1456 1884 1511 Unde
1932 1459 1988 1509 et

341 1542 659 1613 Apostolus
700 1543 958 1617 loquitur
990 1563 1001 1601 :
1033 1547 1256 1615 Quando
1303 1547 1576 1616 inﬁrmor,
1626 1555 1752 1602 tunc
1794 1545 1989 1616 fortior

339 1646 465 1688 sum
492 1634 563 1705 (II
586 1634 705 1689 Cor.
738 1653 837 1702 xu,
894 1636 1005 1704 40).
1065 1637 1155 1701 Et,
1205 1636 1264 1691 Si
1319 1637 1556 1691 exterior
1612 1643 1795 1690 noster
1831 1634 1987 1689 homo

350 1725 746 1794 corrumpitur,
776 1723 870 1779 sed
899 1727 1132 1780 interior
1159 1729 1457 1780 renovatur
1505 1725 1571 1779 de
1607 1724 1694 1780 die
1738 1726 1799 1779 in
1843 1723 1987 1778 diem

345 1811 418 1880 (II
457 1810 583 1867 Cor.
644 1829 719 1879 1v,
780 1814 866 1882 16)
902 1832 914 1881 ;
951 1814 1036 1879 Et,
1094 1814 1261 1885 Cupio
1318 1813 1543 1870 dissolvi
1596 1817 1644 1868 et
1700 1829 1814 1868 esse
1866 1829 1989 1866 cum

346 1898 561 1955 Christo
589 1902 758 1968 (Phil.
792 1919 831 1971 ι,
863 1902 974 1974 23),
1019 1903 1105 1970 Et,
1159 1903 1354 1958 Carnis
1402 1920 1593 1958 curam
1642 1919 1710 1957 ne
1748 1903 1987 1973 feceritis

344 1989 408 2044 in
435 1988 914 2063 desideriis(Rom.
949 2009 1070 2058 XIII,
1102 1992 1210 2060 44).
1246 1992 1518 2064 Nunquid
1542 1992 1818 2047 omnibus
1852 2008 1988 2061 prae-

344 2081 578 2148 ceptum
609 2082 717 2146 est,
750 2096 821 2135 ne
852 2080 998 2136 duas
1028 2081 1257 2136 tunicas
1288 2080 1541 2136 habeant
1574 2099 1586 2137 :
1623 2097 1693 2135 ne
1734 2080 1895 2136 cibos
1928 2080 1984 2133 in

343 2182 504 2239 pera,
538 2184 616 2223 res
647 2168 703 2224 in
734 2185 897 2235 zona,
932 2169 1150 2241 virgam
1198 2170 1256 2225 in
1308 2187 1483 2225 manu
1534 2171 1575 2240 ³,
1627 2168 1985 2224 calceamen-

344 2256 549 2311 tumin
581 2258 874 2329 pedibus?
906 2264 967 2313 ut
998 2259 1249 2313 vendant
1296 2259 1566 2314 universa
1618 2275 1744 2330 quae
1795 2257 1982 2329 possi-

344 2345 507 2413 dent,
557 2348 813 2419 dentque
860 2349 1233 2420 pauperibus,
1276 2354 1333 2403 et
1403 2353 1728 2419 sequantur
1779 2347 1983 2402 Jesum

344 2435 553 2508 (Matth.
620 2454 677 2502 x,
744 2437 799 2502 9,
865 2454 981 2503 xur,
1048 2436 1138 2506 2|,
1208 2443 1265 2492 et
1331 2438 1495 2492 Marc.
1564 2455 1642 2501 vx,
1702 2441 1734 2493 8
1778 2437 1982 2505 )?Sed

344 2524 439 2581 his
476 2526 579 2593 (At.
615 2526 714 2580 sed
749 2526 819 2581 de
846 2525 960 2595 his)
995 2527 1215 2598 utique,
1251 2528 1387 2598 quid
1445 2525 1649 2581 volunt
1694 2542 1823 2580 esse
1857 2541 1983 2596 per-

344 2614 499 2679 fecti,
532 2612 805 2685 Alioquin
840 2631 873 2670 a
895 2616 1113 2670 Joanne
1144 2615 1406 2687 Baptista
1442 2615 1598 2669 aliud
1651 2614 1988 2686 praecipitur

343 2700 654 2769 militibus,
686 2701 845 2757 aliud
873 2702 1220 2773 publicanis.
1263 2703 1549 2757 Dominus
1597 2708 1792 2759 autem
1845 2702 1989 2756 dicit

346 2790 408 2849 in
439 2789 749 2863 Evangelio
780 2791 849 2846 ad
882 2808 1038 2857 eum,
1072 2791 1170 2863 qui
1220 2808 1281 2847 se
1319 2792 1641 2862 jactaverat
1689 2790 1802 2863 legi
1854 2790 1985 2845 uni-

345 2896 515 2936 versa
567 2877 937 2951 complesse:
983 2879 1045 2933 Si
1090 2881 1168 2934 vis
1224 2881 1493 2950 perfectus
1545 2896 1677 2946 esse,
1737 2879 1888 2943 vade,
1939 2882 1989 2934 et

348 2967 521 3024 vende
549 2970 733 3024 omnia
762 2982 887 3038 qum
934 2967 1115 3036 habes,
1160 2969 1208 3023 el
1263 2968 1334 3023 da
1371 2970 1703 3040 pauperibus
1741 2972 1791 3023 et
1840 2970 1986 3032 veni,

346 3073 569 3130 sequere
600 3073 685 3112 me
714 3057 922 3124 (Matth,
944 3075 1055 3125 xxx,
1085 3058 1199 3124 2i).
1234 3058 1314 3112 Ne
1345 3074 1518 3129 grave
1568 3074 1718 3113 onus
1769 3056 1988 3111 nolenti

344 3146 640 3202 videretur
668 3146 965 3218 inponere,
999 3147 1058 3201 in
1092 3147 1326 3219 propria
1356 3146 1647 3202 audientis
1692 3146 1989 3201 voluntate

2093 575 2199 637 ret,
2235 586 2707 641 unamquamque
2737 574 2972 641 gentem
2999 584 3114 624 non
3145 566 3442 622 communi
3470 566 3593 640 lege
3623 584 3717 623 na-

2091 664 2254 723 turea,
2280 659 2378 713 sed
2415 659 2525 725 his,
2577 674 2827 728 quorum
2880 657 3035 728 apud
3089 672 3151 711 se
3199 655 3369 727 copia
3419 660 3529 721 est,
3576 658 3720 712 vesci

2093 746 2323 803 solitam
2355 747 2383 801 ‘I
2415 747 2586 801 \‘erbi
2624 748 2773 802 334
2807 747 3020 817 gratia,
3070 746 3288 800 Arabes
3335 748 3391 799 et
3436 744 3720 813 Saraceni,

2092 838 2148 889 et
2179 835 2371 890 omnis
2403 833 2580 889 eremi
2613 834 2883 889 barbaria
2912 824 3273 888 camelorum.
3291 831 3439 887 lacte
3454 835 3510 887 et
3538 832 3718 888 carni-

2092 924 2202 978 bus
2232 923 2369 978 vivit
2396 941 2408 979 :
2433 923 2572 994 quia
2602 922 3011 994 hujuscemodi
3059 921 3277 977 animal
3331 938 3433 993 pro
3462 923 3484 955 ‘
3512 925 3721 993 tempe-

2093 1011 2174 1067 rie
2207 1015 2262 1066 et
2292 1011 2595 1067 sterilitate
2648 1012 2951 1083 regionum
2992 1010 3161 1066 facile
3199 1011 3353 1082 apud
3402 1027 3501 1066 eos
3548 1018 3601 1065 ct
3644 1010 3724 1082 gi-

2093 1101 2291 1173 gnitur
2320 1102 2671 1156 ctnutritur.
2709 1102 2773 1156 Hi
2809 1102 2971 1155 nefas
3020 1100 3378 1155 arbitrantur
3426 1116 3721 1171 porcorum

2092 1190 2246 1245 vesci
2278 1192 2576 1245 carnibus.
2606 1191 2753 1246 Sues
2783 1190 2961 1255 enim,
2994 1190 3093 1260 qui
3133 1189 3366 1260 glande,
3419 1188 3720 1244 castaneis.

2096 1278 2393 1334 radicibus
2424 1278 2667 1344 ﬁlicum,
2699 1284 2757 1334 et
2805 1280 3022 1342 hordeo
3066 1278 3142 1333 ali
3196 1278 3405 1346 solent,
3456 1282 3557 1333 aut
3603 1294 3725 1333 raro

2096 1368 2249 1439 apud
2284 1384 2405 1435 eos,
2438 1373 2539 1422 aut
2570 1367 2803 1439 penitus
2834 1384 2948 1422 non
3002 1368 3385 1422 inveniuntur
3418 1384 3430 1421 :
3459 1371 3517 1421 et
3547 1366 3595 1421 si
3644 1366 3726 1421 in-

2097 1456 2248 1511 venti
2299 1456 2535 1520 fuerint,
2588 1456 2866 1511 alimenta
2930 1473 3044 1511 non
3086 1456 3322 1521 habent,
3374 1472 3502 1527 qua:
3554 1471 3730 1526 supra

2097 1545 2373 1599 diximus.
2425 1546 2465 1599 E
2524 1546 2758 1616 regione
2820 1544 3302 1615 septentrionales
3362 1543 3632 1616 populos,
3683 1543 3730 1597 si

2096 1634 2165 1688 ad
2224 1651 2388 1689 esum
2457 1634 2758 1689 asinorum
2815 1633 3290 1705 camelorumque
3338 1631 3655 1705 compellas
3709 1632 3728 1666 ⁵

2096 1724 2285 1779 simile
2318 1724 2606 1795 putabunt
2635 1740 2835 1778 eorum
2867 1723 3017 1777 vesci
3050 1722 3421 1788 carnibus,ac
3451 1721 3501 1776 si
3528 1720 3728 1793 lupum

2096 1814 2395 1869 comedere
2425 1816 2727 1884 cogantur,
2760 1816 2861 1867 aut
2890 1813 3220 1866 corvum.ln
3252 1811 3434 1867 Ponto
3465 1815 3524 1866 et
3556 1810 3732 1881 Phry-

2096 1902 2210 1975 gia,
2240 1918 2464 1957 vermes
2509 1900 2672 1956 albos
2720 1906 2776 1955 et
2822 1900 3051 1966 obesos,
3098 1900 3198 1972 qui
3266 1899 3482 1971 nigello
3546 1897 3729 1971 capite

2096 1996 2255 2059 sunt,
2288 1995 2344 2045 et
2373 1995 2697 2045 nascuntur
2728 1989 2785 2044 in
2818 1987 3111 2061 lignorum
3144 1988 3319 2055 carie,
3353 2005 3458 2060 pro
3506 1986 3728 2059 magnis

2097 2079 2381 2135 reditibus
2418 2077 2841 2150 paterfamilias
2889 2078 3083 2149 exigit.
3135 2078 3206 2132 Et
3251 2076 3546 2147 quomodo
3585 2074 3737 2148 apud

2097 2186 2202 2224 nos
2231 2172 2461 2240 attagen
2495 2172 2551 2222 et
2581 2166 2847 2231 ﬁcedula,
2884 2165 3104 2222 mullus
3135 2172 3193 2221 et
3237 2183 3444 2221 scarus
3491 2166 3552 2221 in
3594 2163 3736 2221 deli-

2095 2258 2199 2312 ciis
2244 2262 2705 2329 computantur:
2758 2255 2842 2309 ita
2878 2256 3034 2327 apud
3084 2254 3216 2309 illos
3271 2250 3581 2327 ξυλοφάγον
3624 2253 3727 2323 (Al.

2096 2345 2448 2421 ξυλοφάγιον)
2484 2344 2809 2400 comedisse
2834 2343 3066 2399 luxuria
3094 2348 3201 2398 est.
3237 2343 3497 2399 Rursum
3537 2340 3739 2398 Orien-

2094 2436 2240 2490 tales
2273 2442 2329 2490 et
2358 2435 2541 2506 Libyae
2574 2434 2843 2505 populos,
2878 2433 3015 2504 quia
3048 2449 3149 2504 per
3194 2433 3497 2487 desertum
3546 2434 3604 2487 et
3648 2445 3739 2486 ca-

2095 2524 2276 2579 lidam
2325 2523 2504 2579 eremi
2555 2522 2885 2577 vastitatem
2939 2521 3297 2577 locustarum
3360 2521 3553 2577 nubes
3584 2534 3739 2591 repe-

2096 2614 2348 2678 riuntur,
2382 2612 2621 2666 locustis
2652 2611 2801 2666 vesci
2838 2609 3017 2665 moris
3050 2615 3159 2665 est.
3207 2609 3325 2665 Hoc
3369 2626 3577 2666 verum
3619 2624 3743 2664 esse

2093 2701 2351 2756 Joannes
2383 2717 2614 2771 quoque
2646 2698 2906 2771 Baptista
2940 2700 3161 2770 probat.
3218 2697 3513 2769 Compelle
3564 2698 3742 2768 Phry-

2096 2805 2227 2861 gem
2272 2795 2327 2843 et
2384 2788 2713 2852 Ponticum,
2778 2792 2842 2842 ut
2899 2785 3184 2842 locustam
3242 2787 3532 2851 comedat,
3585 2786 3743 2841 nefas

2099 2877 2343 2949 putabit.
2378 2880 2525 2947 Cogc
2554 2881 2781 2948 Syrum
2816 2876 3019 2931 Afrum
3052 2880 3109 2931 et
3138 2875 3385 2930 Arabem
3416 2876 3743 2932 utVermes

2102 2965 2366 3022 Ponticos
2415 2964 2643 3037 glutiat,
2688 2966 2769 3020 ita
2817 2981 2916 3019 eos
2966 2964 3271 3036 despiciet,
3319 2969 3387 3019 ut
3443 2981 3676 3020 muscas
3703 2964 3743 3028 δ,

2100 3053 2461 3126 milleperlas,
2495 3058 2550 3109 et
2579 3054 2847 3119 lacertos,
2892 3070 3251 3124 quamquam
3300 3053 3415 3108 Siri
3467 3058 3526 3109 et
3556 3068 3747 3108 croco-

2100 3140 2235 3195 dilis
2269 3141 2533 3206 terrenis,
2582 3139 2703 3194 Afri
2753 3141 2929 3195 etiam
2979 3138 3209 3194 lacertis
3258 3138 3552 3195 viridibus
3598 3137 3748 3193 vesci

353 3224 582 3290 dimisit
610 3235 809 3290 dicens
839 3252 851 3290 :
884 3234 943 3289 Si
972 3238 1052 3290 vis
1081 3238 1490 3306 perfectusesse.
1516 3236 1906 3300 Quamobrem
1939 3239 1996 3291 et
2025 3220 2069 3283 C
2105 3230 2351 3286 soleant.
2415 3229 2477 3285 In
2536 3230 2776 3301 Egypto
2833 3234 2890 3284 et
2946 3228 3221 3283 Palestina
3277 3232 3519 3301 propter
3574 3228 3746 3283 boum

355 3339 462 3395 ego
495 3323 599 3377 tibi
629 3321 818 3378 dicam
853 3340 866 3378 :
897 3322 954 3379 Si
989 3324 1074 3378 vis
1098 3324 1385 3395 perfectus
1406 3325 1779 3391 esse,bonum
1811 3330 1900 3379 est
1921 3324 1995 3379 vi-

354 3426 500 3464 num
515 3427 627 3465 non
640 3411 923 3477 bibere,et
937 3429 1170 3469 carnem
1186 3430 1297 3468 non
1315 3413 1753 3470 manducare.Si
1770 3415 1855 3469 vis
1871 3429 1995 3485 pcr-

354 3497 540 3554 fectus
571 3498 937 3565 esse,melius
966 3504 1053 3555 est
1083 3500 1351 3572 saginare
1380 3500 1844 3573 animam,quam
1869 3518 1992 3556 cor-

350 3602 483 3658 pus.
513 3586 571 3641 Si
604 3591 796 3642 autem
830 3587 1107 3659 parvulus
1128 3605 1190 3643 es
1221 3589 1325 3660 (At.
1356 3591 1403 3643 si
1468 3593 1661 3645 autem
1693 3589 1991 3661 parvulus)

349 3678 407 3751 et
436 3692 708 3732 cocorum
739 3676 868 3746 iura
898 3681 952 3732 te
982 3676 1469 3743 delectant,nemo
1504 3677 1675 3749 eripit
1722 3677 1991 3733 faucibus

347 3762 434 3818 tui
457 3763 788 3820 esculentas
819 3764 1017 3835 dapes.
1056 3764 1344 3819 Manduca
1390 3769 1447 3819 et
1480 3764 1629 3831 bibe,
1680 3769 1737 3819 et
1787 3765 1833 3818 si
1885 3765 1991 3819 tibi

346 3851 555 3925 placet,
589 3869 724 3908 cum
772 3852 984 3908 lsraele
1033 3851 1170 3907 lude
1218 3869 1600 3924 consurgens,
1652 3858 1709 3907 et
1748 3852 1987 3909 canito:

344 3941 726 3998 Manducemus
798 3945 848 3998 et
924 3942 1218 4009 bibamus,
1269 3958 1389 3996 cras
1462 3943 1610 3996 enim
1691 3943 1993 3997 moriemur

346 4031 395 4101 (1
413 4031 531 4086 Cor.
562 4048 656 4097 xv,
689 4032 802 4101 85),
827 4031 1129 4085 Manducel
1178 4034 1234 4085 et
1282 4030 1462 4098 bibat,
1514 4031 1614 4102 qui
1657 4036 1787 4103 post
1830 4031 1991 4088 cibos

345 4124 642 4190 exspectat
690 4119 991 4175 interitum
1053 4136 1065 4174 :
1128 4119 1227 4189 qui
1279 4136 1413 4174 cum
1472 4119 1720 4191 Epicuro
1778 4120 1921 4175 dicit
1973 4138 1986 4176 :

346 4207 483 4263 Post
506 4211 749 4262 mortem
781 4206 924 4261 nihil
955 4212 1063 4276 est,
1099 4211 1153 4262 et
1187 4224 1342 4263 rrors
1373 4208 1501 4279 ipsa
1530 4208 1678 4263 nihil
1732 4213 1839 4264 est.
1872 4210 1988 4265 Nos

346 4293 525 4349 Paulo
555 4295 848 4351 credimus
868 4294 1318 4350 intonanti:Esca
1348 4298 1542 4362 ventri,
1563 4301 1613 4352 et
1637 4307 1818 4354 venter
1857 4300 1989 4353 escis

344 4384 486 4439 Deus
516 4393 698 4439 autem
727 4384 943 4439 ethunc
971 4391 1022 4438 et
1051 4384 1205 4438 illam
1238 4384 1475 4440 destruet
1514 4388 1561 4456 (I
1586 4386 1706 4441 Cor.
1740 4404 1818 4454 vr,
1874 4388 1981 4459 13).

414 4475 465 4527 7.
523 4472 777 4528 Gentium
826 4474 1107 4528 variarum
1171 4475 1361 4529 victus.
1437 4479 1686 4532 Locustae
1759 4478 1987 4532 Joannis

2104 3319 2404 3375 raritatem
2462 3335 2632 3374 nemo
2699 3334 2932 3373 vaccam
2992 3318 3263 3385 comedit,
3327 3323 3749 3389 taurorumque

2104 3426 2307 3464 carnes
2338 3413 2396 3464 et
2440 3408 2616 3462 boum
2667 3406 3101 3478 vitulorumque
3144 3413 3464 3463 assumunt
3494 3407 3554 3462 in
3587 3406 3749 3462 cibis.

2102 3502 2173 3553 At
2202 3498 2261 3552 in
2296 3500 2493 3552 nostra
2526 3496 2820 3568 provincia
2852 3495 3044 3551 scelus
3072 3500 3280 3568 putant
3326 3496 3547 3553 vitulos
3575 3495 3750 3551 devo-

2102 3603 2249 3641 rare.
2285 3586 2445 3641 Unde
2479 3590 2535 3641 et
2567 3587 2889 3657 Imperator
2920 3584 3133 3640 Valens
3177 3603 3365 3658 nuper
3412 3586 3606 3659 legem
3656 3601 3754 3657 per

2101 3675 2395 3730 Orientem
2455 3675 2711 3738 dederat,
2772 3691 2845 3729 ne
2902 3673 3036 3745 quis
3097 3673 3417 3730 vitulorum
3476 3674 3751 3731 carnibus

2101 3768 2447 3829 vesceretur,
2509 3762 2778 3817 utilitatis
2836 3761 3204 3835 agricultura:
3283 3763 3623 3834 providens,
3699 3765 3755 3817 et

2103 3851 2417 3923 pessimam
2444 3851 2804 3921 judaizantis
2834 3850 2990 3923 vulgi
3021 3851 3343 3907 emendans
3372 3850 3752 3908 consuetudi-

2106 3958 2262 4006 nem,
2298 3958 2401 4011 pro
2432 3940 2693 3995 altilibus
2730 3945 2787 3995 et
2816 3942 2835 3974 ⁷
2869 3939 3242 4006 lactentibus,
3268 3940 3491 3997 vitulos
3536 3956 3755 3997 consu-

2102 4030 2335 4098 mentis,
2378 4030 2691 4095 Nomades,
2734 4034 2791 4085 et
2840 4028 3224 4101 Troglodytas.
3288 4035 3344 4083 et
3385 4030 3639 4102 Scythae,
3700 4032 3756 4085 et

2099 4119 2447 4175 Hunnorum
2520 4135 2669 4173 nova
2734 4118 2959 4183 feritas,
3027 4118 3378 4173 semicrudis
3432 4123 3755 4175 vescuntur

2098 4208 2394 4263 carnibus.
2428 4207 2635 4262 Porrro
2671 4206 3108 4278 ichthyOphsgi,
3140 4222 3284 4278 gens
3314 4223 3524 4263 errans
3566 4206 3628 4262 in
3658 4204 3752 4260 lit-

2094 4301 2220 4352 tore
2250 4296 2427 4352 maris
2460 4295 2661 4360 Rubri,
2695 4312 2872 4367 super
2903 4302 3093 4367 petras
3124 4296 3264 4352 solis
3295 4294 3491 4352 calore
3524 4296 3748 4352 ferven-

2096 4391 2182 4441 tes
2213 4389 2416 4441 assant
2445 4385 2653 4456 pisces,
2689 4389 2748 4439 et
2801 4384 2909 4439 hoc
2962 4384 3085 4440 solo
3115 4384 3393 4440 alimento
3452 4383 3750 4441 victitant.

2096 4477 2397 4538 Sarmatae,
2429 4474 2581 4529 335
2612 4474 2821 4539 Quadi,
2868 4472 3134 4541 Vandali,
3183 4478 3242 4528 et
3279 4471 3751 4530 innumerabiles

342 4563 618 4632 Baptistae,
669 4562 903 4616 Valentis
955 4561 1051 4615 lea:
1113 4560 1177 4615 de
1226 4563 1415 4616 vitulis
1454 4580 1563 4618 non
1625 4564 1981 4620 comedendis.
2016 4587 2063 4650 D
2094 4564 2219 4619 aliae
2251 4569 2475 4636 gentes,
2508 4579 2793 4633 equorum
2846 4568 2902 4618 et
2949 4563 3214 4634 vulpium
3262 4563 3548 4619 carnibus
3594 4561 3747 4618 dele-

346 4651 643 4707 Variarum
680 4652 929 4720 gentium
977 4665 1170 4705 mores.
1224 4650 1471 4720 Singula:
1518 4656 1741 4724 AEgypti
1786 4657 1983 4709 ciuita-

336 4741 696 4809 tessingulas
726 4741 935 4795 bestias
959 4740 1226 4794 colebant.
1275 4772 1343 4780 —
1402 4741 1533 4795 Haec
1579 4743 1601 4775 ³
1657 4747 1851 4799 autem
1910 4744 1981 4799 de

334 4829 654 4901 Scripturis
679 4846 866 4901 pauca
913 4829 1243 4900 posuimus,
1296 4834 1359 4884 ut
1409 4846 1729 4902 congruere
1781 4836 1982 4887 nostra

332 4953 423 5009 sed
448 4955 681 5009 laterum
701 4956 867 5008 etiam
895 4961 945 5008 et
986 4954 1218 5007 virium.
1270 4952 1476 5008 Valida
1525 4954 1766 5024 proinde
1796 4954 1979 5011 latera

334 5025 406 5080 ad
438 5024 812 5081 Clamandum
844 5025 1299 5095 dicendumque,
1333 5041 1447 5079 non
1496 5026 1842 5093 sectoribus,
1877 5032 1979 5083 aut

330 5097 684 5163 vectoribus,
707 5097 807 5152 sed
840 5095 1175 5151 rhetoribus
1212 5100 1269 5149 et
1316 5096 1667 5163 oratoribus,
1720 5097 1976 5154 tribuere

333 5182 573 5223 necesse
603 5167 698 5223 sit.
1477 5167 1760 5222 MARTIAN.

404 5238 432 5362 ἓ)
546 5238 924 5294 Casanatensi
952 5242 1008 5294 et
1026 5236 1199 5293 veteri
1223 5236 1497 5303 editione,
1530 5239 1628 5293 sub
1656 5238 1802 5307 divo,
1851 5239 1975 5312 lege

504 5326 573 5363 ιο.

329 5324 432 5363 δυο
462 5324 573 5363 ατο.

401 5379 423 5413 ²
489 5378 746 5434 Plurium
828 5396 1071 5435 numero
1155 5396 1297 5435 mss.
1366 5380 1732 5436 calceamenta
1824 5382 1974 5437 infra

328 5448 471 5576 illa,t
502 5456 555 5507 et
611 5451 682 5506 du
734 5452 1087 5521 pauperibus,
1147 5452 1207 5506 in
1265 5452 1641 5508 Casanalensi
1704 5470 1817 5509 non
1867 5453 1969 5509 ha-

373 5538 440 5576 en
477 5540 565 5576 ur.

373 5538 565 5576 ΘΠῐΠΓ.

359 5594 419 5718 t3
448 5594 587 5650 Mss.
638 5597 771 5649 Haec
822 5609 1001 5665 pauca
1053 5592 1117 5647 de
1169 5593 1480 5664 scripturis,
1540 5598 1595 5649 at
1640 5612 1965 5667 congruere,

383 5678 435 5718 ο.

325 5678 435 5734 etc,

2093 4657 2346 4706 ctantur.
2378 4650 2525 4715 Quid
2558 4650 2766 4721 loquar
2811 4652 2881 4705 de
2928 4652 3155 4707 caateris
3210 4650 3577 4721 nationibus,
3613 4665 3749 4707 cum

2091 4740 2216 4812 ipse
2282 4738 2753 4796 adolescentulus
2822 4740 2879 4795 in
2948 4739 3136 4795 Gallia
3206 4740 3227 4774 ⁸
3282 4740 3574 4797 Atticotos
3637 4739 3743 4808 (Al.

2089 4830 2335 4898 Scotos),
2369 4832 2602 4901 gentem
2636 4829 3054 4897 Britannicam,
3106 4828 3385 4885 humanis
3426 4830 3588 4886 vesci
3619 4845 3745 4885 car-

2160 4953 2180 5024 ξ
2211 4952 2367 5024 Idem
2404 4968 2544 5007 mss.
2578 4969 2674 5022 pro
2706 4961 2965 5024 tempore,
3002 4969 3115 5024 non
3151 4955 3431 5023 temperie.

2158 5023 2178 5057 ⁵
2208 5023 2429 5107 supino
2460 5040 2653 5078 errore
2684 5040 2861 5107 penes
2891 5023 3293 5107 Mprtianaaum
3322 5025 3746 5107 eratsimulque

2087 5111 2189 5165 pro
2239 5093 2428 5221 sérniie
2491 5113 2503 5150 :
2564 5093 3063 5166 quemadmodum
3123 5112 3268 5152 mss.
3326 5106 3380 5151 et
3437 5093 3742 5151 Victorius

2087 5182 2251 5221 emen
2301 5183 2374 5221 an
2412 5206 2424 5219 .

2086 5172 2424 5221 emendant.

2154 5239 2174 5271 ⁶
2204 5237 2364 5293 Alias
2396 5235 2768 5309 millepedias.
2802 5238 2902 5293 Est
2933 5242 3129 5293 autem
3180 5238 3489 5309 millepeda'
3520 5238 3743 5294 vermis

2084 5308 2505 5382 genusmultis
2537 5308 2805 5365 innixum
2835 5308 3111 5381 pedibus.
3141 5308 3462 5382 Paulopost
3493 5308 3744 5366 Charita-

2081 5378 2185 5435 tem
2216 5378 2314 5433 alii
2350 5379 2566 5435 habent
2596 5396 2697 5451 pro
2729 5378 3035 5436 raritatem.

2152 5452 2173 5526 7_
2202 5450 2536 5526 Sic_voca_n‘t
2568 5450 2838 5526 porculos
2869 5451 3133 5526 tenellae,
3167 5468 3317 5522 quos
3348 5457 3401 5507 et
3423 5451 3609 5509 Graeci
3636 5471 3735 5526 γα-

2082 5517 2371 5589 λαῦηνούς.
2407 5522 2538 5576 Vid.
2568 5517 2864 5579 Laertium
2897 5523 2957 5577 in
2990 5517 3333 5594 Pythagora.

2149 5596 2168 5627 ⁸
2198 5594 2447 5668 Riderim
2480 5595 2752 5650 Attieotos.
2786 5593 3064 5651 Erasmus
3092 5600 3149 5650 et
3177 5593 3479 5651 Marianas
3530 5593 3741 5668 legunt

2079 5665 2195 5722 huc
2225 5664 2372 5734 loco,
2405 5668 2594 5723 Lectos
2613 5669 2827 5738 gentem
2843 5669 3267 5726 Britannicam:
3300 5681 3511 5725 omnes
3533 5664 3741 5726 autem
