3944 6392
375 347 492 446 3n

1617 383 1680 448 S.
1725 384 2034 448 EUSEBll
2080 383 2543 448 HIERONYMI.

3646 377 3762 442 θη

377 510 513 591 Uer.
546 515 1017 590 Ix,2l).Rursum
1047 518 1284 576 auditus
1315 519 1470 577 vario
1501 535 1851 593 organorum
1883 536 2014 576 can-
2043 519 2096 586 Α
2126 520 2299 577 dibus
2328 517 2694 576 conculcaret
2725 535 2738 575 :
2771 521 2835 574 ut
2883 521 3078 592 posset
3107 531 3310 574 vacare
3357 512 3762 590 philosophia.

376 612 466 676 tu,
498 614 554 664 et
601 625 804 665 vocum
855 609 1264 666 inﬂexionibus
1313 610 1586 666 delinitur
1620 627 1632 664 :
1668 615 1723 666 et
1761 611 2019 664 carmine

377 704 678 772 poetarum
730 703 787 753 et
835 699 1274 765 comoediarum,
1318 700 1730 771 minorumque
1782 699 2020 754 urbani-

375 785 597 846 tatibus
628 791 684 841 et
713 787 989 859 strophis,
1026 789 1314 859 quidquid
1349 806 1451 859 per
1479 805 1648 843 aures
1708 788 2017 850 introiens,

375 875 715 931 virilitatem
744 877 956 931 mentis
969 876 1282 932 effeminat.
1299 877 1504 932 Oderis
1525 882 1717 932 autem
1738 877 2019 942 suavitas,

378 969 435 1022 et
459 965 684 1020 diversa
712 964 1118 1036 thymiamata,
1151 970 1206 1020 et
1243 983 1564 1034 amomum,
1607 971 1664 1021 et
1716 966 1909 1037 cyphi,
1943 983 2018 1019 oe-

381 1053 621 1120 nanthe,
640 1055 1008 1118 muscus‘,et
1039 1054 1320 1124 peregrini
1347 1053 1530 1110 muris
1559 1053 2019 1126 pellicula,quod

383 1141 687 1198 dissolutis
717 1146 773 1197 et
803 1143 1158 1198 amatoribus
1185 1145 1506 1209 conveniat,
1543 1161 1711 1199 nemo
1745 1145 1856 1199 nisi
1899 1143 2021 1198 dis-

383 1230 611 1288 solutus
643 1235 829 1303 negat.
865 1236 1038 1286 Porro
1070 1232 1330 1286 ciborum
1379 1233 1645 1297 aviditas,
1682 1234 1832 1304 quod
1885 1249 2021 1288 ava-

381 1321 526 1375 ritize
559 1319 919 1386 matersit,et
940 1319 1198 1375 animum
1225 1322 1391 1392 quasi
1418 1322 1770 1393 quibusdam
1791 1339 2020 1394 compe-

380 1409 554 1463 dibus
585 1409 959 1479 degravatum
1009 1409 1065 1462 in
1113 1414 1267 1464 terra
1316 1414 1530 1476 teneat,
1561 1411 1693 1480 quis
1743 1410 2025 1482 ignorat?

376 1497 614 1568 Propter
647 1498 874 1552 brevem
907 1496 1056 1568 gulae
1087 1497 1468 1568 voluptatem,
1500 1503 1666 1553 terrze
1699 1498 2024 1555 lustrantur

375 1590 434 1642 et
463 1586 686 1647 maria;
716 1592 772 1640 et
799 1591 860 1640 ut
892 1585 1151 1641 mulsum
1185 1587 1383 1641 vinum
1420 1589 1822 1659 pretiosusque
1855 1589 2022 1644 cibus

376 1675 574 1730 fauces
607 1679 838 1730 nostras
860 1678 1136 1738 transeat,
1152 1676 1331 1730 totius
1354 1676 1479 1730 vitae
1498 1693 1671 1746 opera
1686 1683 1807 1744 (ms.
1828 1682 2020 1750 opere)

377 1764 760 1820 desudamus.
784 1764 999 1819 Tactus
1031 1769 1225 1818 autem
1249 1763 1570 1821 alienorum
1603 1783 1934 1837 corporum,
1967 1774 2024 1822 et

2130 611 2344 682 elegit‘
2365 610 2736 665 Academiam
2768 608 2962 664 villam
2997 608 3068 662 ab
3100 608 3241 662 urbe
3273 605 3494 679 procul,
3530 623 3642 664 non
3673 624 3760 664 so-

2130 697 2251 753 lum
2302 699 2614 766 desertam,
2667 699 2766 753 sed
2825 704 2880 752 et
2939 696 3350 769 pestilentem:
3404 700 3469 750 ut
3519 712 3656 751 cura
3713 701 3767 752 et

2131 788 2475 842 assiduitate
2506 788 2863 854 morborum,
2897 785 3156 840 libidinis
3192 785 3448 856 impetus
3481 784 3762 856 frangere-

2132 881 2271 930 tur:
2309 875 2699 947 discipulique
2737 875 2825 930 sui
2873 873 3093 929 nullam
3129 872 3300 928 aliam
3350 875 3632 928 sentirent
3671 890 3762 929 vo-

2131 962 2434 1036 luptatem,
2471 965 2580 1018 nisi
2613 981 2810 1018 earum
2846 981 3036 1018 rerum
3069 980 3216 1034 quas
3239 963 3548 1017 discerent.
3591 963 3762 1027 Quos-

2131 1055 2265 1109 dam
2299 1053 2546 1125 legimus
2577 1054 2845 1108 etl‘odisse
2878 1053 2986 1107 sibi
3031 1052 3251 1118 oculos,
3284 1069 3354 1106 ne
3414 1068 3516 1122 per
3572 1068 3765 1107 eorum

2132 1142 2319 1196 visum
2352 1161 2384 1195 a
2425 1141 2911 1213 contemplatione
2953 1140 3330 1212 philosophiae
3373 1145 3764 1196 avocarentur.

2133 1231 2295 1286 Unde
2342 1236 2399 1286 et
2445 1231 2641 1285 Crates
2689 1230 2785 1286 ille
2839 1231 3175 1293 Thebanus,
3218 1231 3472 1302 proiecto
3521 1230 3578 1286 in
3628 1229 3766 1285 mari

2135 1337 2248 1374 non
2307 1337 2479 1391 parvo
2537 1320 2661 1374 auri
2723 1320 3035 1391 pondere,5
3065 1319 3249 1383 Abite,
3286 1318 3503 1390 inquit,
3538 1336 3765 1391 pessum

2134 1409 2298 1464 malae
2329 1409 2710 1481 cupiditates:
2745 1425 2848 1480 ego
2875 1425 2973 1463 vos
3006 1425 3376 1478 mergam,ne
3396 1407 3520 1480 ipse
3550 1424 3770 1480 mergar

2134 1515 2165 1552 a
2195 1497 2376 1552 vobis.
2410 1498 2568 1560 Quod
2605 1497 2655 1551 si
2704 1497 2836 1568 quis
2894 1497 3188 1550 existimat
3245 1495 3360 1562 (Al.
3394 1495 3664 1565 azstimat)
3717 1500 3769 1551 et

2133 1585 2491 1642 abundantia
2514 1586 2777 1640 ciborum
2803 1585 3257 1656 potionumque‘
3273 1601 3333 1638 se
3357 1583 3668 1655 perfrui,et
3687 1601 3770 1638 va-

2131 1691 2262 1730 care
2295 1692 2463 1747 posse
2493 1674 2936 1746 sapientize,hoc
2970 1679 3157 1740 est,et
3187 1673 3406 1728 versari
3439 1673 3495 1727 in
3527 1672 3768 1739 deliciis,

2131 1768 2188 1820 et
2208 1763 2546 1818 deliciarum
2567 1763 2724 1818 vitiis
2747 1781 2859 1818 non
2881 1762 3085 1825 teneri,
3102 1761 3363 1833 seipsum
3383 1761 3617 1834 decipit.
3633 1763 3769 1818 Cum

378 1851 730 1908 feminarum
757 1852 1051 1907 ardentior
1073 1853 1623 1924 appetitus,vicinus
1651 1855 1889 1910 insaniae
1913 1863 2019 1912 est.
2055 1889 2102 1953 Β
2133 1854 2289 1909 enim
2324 1852 2522 1924 procul
2554 1853 2625 1907 ab
2648 1853 2740 1907 his
2763 1852 2966 1907 remoti
2985 1869 3135 1923 saepe
3152 1851 3456 1923 capiamur
3471 1849 3768 1907 naturabil-

380 1941 464 1997 0b
498 1940 655 1994 hunc
687 1956 950 2005 sensum,
981 1941 1274 2012 cupimus,
1309 1943 1637 2009 irascimur,
1671 1945 1958 2015 gestimus
1980 1948 2022 2010 ’,

384 2029 740 2096 invidemus,
769 2029 1134 2095 azmulamur,
1168 2030 1398 2085 solliciti
1451 2049 1679 2096 sumus,
1714 2038 1769 2087 et
1798 2034 2025 2106 expleta

377 2119 675 2190 voluptate
707 2135 808 2190 per
838 2119 1152 2190 quamdam
1186 2119 1626 2191 paenitudinem,
1661 2139 1895 2178 rursum
1931 2141 2022 2178 ac-

381 2208 688 2264 cendimur
719 2224 731 2262 :
767 2209 1202 2280 quaerimusque
1236 2210 1438 2274 facere,
1475 2212 1628 2280 quod
1661 2228 1794 2266 cum
1831 2213 2024 2268 feceri-

379 2311 533 2364 mus,
549 2295 760 2351 iterum
783 2296 1186 2367 pceniteamus.
1206 2297 1384 2369 Igitur
1404 2315 1536 2353 cum
1562 2316 1662 2370 per
1679 2299 1784 2355 has
1807 2306 2022 2372 portas,

377 2385 546 2460 quasi
599 2384 837 2456 quidam
897 2385 1397 2457 perturbationum
1466 2389 1657 2451 cunei,
1709 2390 1778 2443 ad
1831 2407 2023 2446 arcem

377 2477 592 2529 nostris
635 2474 849 2529 mentis
903 2475 1264 2538 intraverint,
1309 2475 1407 2530 ubi
1458 2476 1568 2530 erit
1619 2476 1878 2545 libertas,
1924 2479 2022 2534 ubi

376 2562 655 2617 fortitudo
680 2563 828 2633 ejus,
863 2563 959 2616 ubi
995 2563 1064 2616 de
1096 2563 1209 2617 Deo
1242 2564 1516 2634 cogitatio
1553 2582 1564 2619 :
1605 2565 1854 2621 maxime
1888 2584 2020 2622 cum

374 2655 568 2707 tactus
597 2651 874 2722 depingat
905 2651 1013 2704 sibi
1048 2653 1223 2706 etiam
1257 2654 1578 2722 praeteritas
1603 2654 1949 2726 voluptates,
1969 2661 2025 2711 et

375 2739 774 2795 recordatione
821 2738 1093 2794 vitiorum
1133 2745 1300 2802 cogat
1351 2740 1607 2796 animam
1659 2744 1934 2815 compati,
1967 2751 2024 2800 et

377 2827 810 2899 quodammodo
842 2844 1102 2882 exercere
1132 2828 1286 2898 quod
1322 2845 1436 2882 non
1464 2830 1633 2900 agit?

447 2916 501 2970 9.
535 2915 724 2971 Crates
755 2917 1048 2971 Thebanus.
1087 2916 1186 2970 His
1218 2917 1396 2988 igitur
1425 2917 1750 2974 rationibus
1797 2920 2019 2976 invitati

382 3005 553 3061 multi
587 3005 1090 3078 philosophorum,
1125 3007 1484 3077 reliquerunt
1532 3009 1887 3080 frequentius
1931 3029 2024 3066 ur-

380 3094 566 3162 bium,
597 3101 654 3150 et
685 3094 946 3151 hortulos
977 3096 1366 3163 suburbanos,
1387 3097 1481 3151 ubi
1513 3114 1648 3169 ager
1681 3099 2026 3171 irriguus,et

381 3184 656 3242 arborum
687 3201 886 3250 comae,
915 3189 974 3239 et
1020 3201 1297 3241 susurrus
1346 3185 1561 3252 avium,
1598 3186 1774 3242 fontis
1823 3203 2025 3259 specu-

2134 1941 2396 2006 lecebris,
2417 1947 2472 1996 et
2499 1958 2778 2013 cogamur
2805 1958 2872 1996 ea
2905 1957 3401 2012 cupere,quorum
3421 1940 3642 2011 copiam
3661 1955 3768 1994 non

2133 2031 2420 2085 habemus
2448 2049 2460 2097 ;
2494 2035 2711 2100 quanto
2746 2030 2953 2101 magis,
2978 2031 3027 2084 si
3058 2029 3404 2084 circumdati
3438 2028 3656 2084 retibus
3684 2044 3769 2084 vo-

2134 2119 2448 2191 luptatum,
2482 2136 2610 2174 esse
2641 2137 2746 2175 nos
2776 2119 2988 2173 liberos
3019 2118 3375 2173 arbitremur
3399 2117 3410 2172 !
3431 2117 3648 2173 Sensus
3668 2133 3766 2171 no-

2135 2213 2252 2264 ster
2273 2208 2415 2264 illud
2435 2208 2668 2280 cogitat,
2687 2208 2839 2279 quod
2857 2209 3028 2273 videt,
3045 2207 3227 2271 audit,
3243 2207 3540 2272 odoratur,
3554 2209 3764 2278 gustat,

2135 2303 2423 2368 attrectat,
2455 2305 2510 2352 et
2541 2299 2608 2352 ad
2647 2299 2774 2367 ejus
2808 2297 2885 2352 rei
2937 2296 3186 2351 trahitur
3235 2297 3580 2367 appetitum,
3607 2295 3767 2365 cujus

2135 2388 2362 2458 capitur
2393 2387 2705 2458 voluptate.
2740 2387 2899 2450 Quod
2938 2403 3102 2442 mens
3133 2385 3343 2450 videat,
3376 2391 3431 2440 et
3465 2401 3627 2441 mens
3672 2400 3768 2440 au-

2135 2477 2293 2542 diat;
2328 2478 2553 2548 etquod
2586 2493 2687 2530 nec
2721 2475 2920 2529 audire
2951 2474 3398 2547 quippiam,nec
3430 2473 3623 2528 videre
3649 2488 3768 2545 pos-

2135 2566 2323 2620 simus
2355 2566 2460 2634 (Al.
2497 2563 2975 2636 possemus),nisi
3009 2581 3221 2619 sensus
3253 2564 3311 2618 in
3341 2580 3407 2619 ea
3440 2580 3566 2635 quae
3589 2561 3765 2618 cerni-

2136 2671 2268 2709 mus
2327 2663 2382 2709 et
2440 2655 2711 2708 audimus
2763 2654 2935 2708 fuerit
2989 2653 3272 2717 intentus,
3323 2659 3492 2708 vetus
3541 2666 3764 2723 quoque

2134 2743 2423 2798 sententia
2443 2748 2553 2798 est.
2573 2743 2810 2797 Ditticile
2830 2748 2937 2811 est,
2962 2743 3078 2797 imo
3098 2741 3480 2813 impossibile,
3516 2739 3730 2796 deliciis
3750 2740 3768 2772 ⁷

2133 2837 2189 2886 et
2230 2832 2625 2902 voluptatibus
2674 2832 3002 2896 affluentes,
3052 2848 3167 2886 non
3221 2847 3288 2886 ea
3352 2831 3604 2903 cogitare
3649 2845 3764 2900 qua:

2133 2920 2420 2991 gerimus:
2442 2921 2771 2992 frustraque
2793 2921 3031 2991 quidam
3063 2919 3348 2975 simulant
3381 2919 3539 2974 salva
3572 2917 3768 2982 ﬁde,et

2137 3009 2412 3080 pudicitia
2429 3014 2485 3063 et
2499 3009 2829 3079 integritate
2844 3008 3078 3076 mentis,
3095 3025 3156 3064 se
3174 3008 3334 3064 abuti
3362 3006 3766 3079 voluptatibus,

2134 3115 2266 3152 cum
2299 3103 2498 3152 contra
2527 3099 2680 3154 339
2721 3103 2990 3152 naturam
3049 3097 3142 3162 sit,
3177 3095 3362 3168 copiis
3419 3095 3765 3167 voluptatum

2139 3187 2351 3258 perfrui
2371 3191 2455 3242 :et
2481 3187 2787 3258 Apostolus
2809 3187 2915 3241 hoc
2937 3186 3128 3258 ipsum
3150 3203 3380 3252 cavens,
3397 3183 3601 3240 dixerit
3621 3200 3632 3236 :
3652 3182 3768 3249 Qua:

381 3271 528 3340 lum,
561 3274 719 3328 rivus
743 3273 1226 3340 immurmurans,
1261 3278 1317 3329 et
1343 3273 1539 3330 multm
1577 3275 1876 3331 oculorum
1927 3293 2025 3332 au-
2057 3253 2099 3319 Ο
2137 3281 2316 3330 autem
2351 3277 2408 3330 in
2437 3276 2648 3331 deliciis
2677 3285 2756 3331 est
2785 3277 3022 3341 “,viuens
3054 3280 3266 3330 mortua
3293 3285 3374 3331 est
3403 3276 3451 3344 (I
3478 3275 3680 3334 Tim.v,
3695 3269 3765 3338 6).

379 3359 653 3432 riumque
684 3361 963 3416 illecebra:
999 3377 1011 3414 :
1046 3378 1117 3416 ne
1149 3378 1249 3431 per
1280 3360 1480 3417 luxum
1515 3368 1571 3418 et
1603 3365 2021 3420 abundantiam

381 3449 704 3518 copiarum,
757 3448 964 3503 animm
1030 3449 1304 3505 fortitudo
1353 3451 1734 3518 mollesceret,
1789 3460 1847 3509 et
1893 3456 2021 3524 eius

379 3537 661 3609 pudicitia
714 3542 1214 3608 constuprarotur.
1261 3540 1472 3594 Inutile
1529 3544 1921 3610 (periculosum
1968 3553 2018 3598 el

377 3628 628 3697 noxium)
651 3627 865 3698 quippe
883 3631 970 3681 est
990 3627 1190 3682 crebro
1213 3627 1405 3682 videre
1427 3646 1526 3700 per
1548 3647 1674 3701 qua:
1703 3631 2019 3703 aliquando

375 3720 581 3788 captus
629 3715 730 3781 sis,
763 3722 819 3770 et
867 3732 1068 3770 eorum
1112 3720 1165 3770 te
1204 3717 1598 3787 experimento
1630 3722 2016 3792 committere,

372 3804 527 3860 888
555 3805 769 3876 quibus
800 3804 1115 3859 difficulter
1169 3821 1388 3861 careas.
1425 3807 1569 3862 Nam
1629 3814 1685 3862 et
1727 3809 2015 3883 Pythago-

371 3893 491 3960 rei,
526 3893 928 3964 hujuscemodi
964 3893 1350 3964 frequentiam
1385 3895 1766 3965 declinantes,
1803 3899 1859 3954 in
1884 3899 2017 3955 soli-

367 3982 572 4037 tudine
613 3987 670 4038 et
714 3983 959 4038 desertis
1008 3981 1149 4037 locis
1201 3983 1463 4039 habitare
1494 3986 1515 4019 ³
1563 3994 2010 4045 consueverunt.

365 4069 646 4126 Platonici
693 4088 923 4142 quoque
973 4076 1028 4126 et
1057 4072 1232 4126 Stoici
1263 4073 1321 4126 in
1372 4073 1723 4145 templorum
1777 4077 1925 4134 lucis
1957 4084 2014 4134 et

361 4157 686 4230 porticibus
748 4161 1150 4223 versabantur,
1202 4165 1264 4214 ut
1318 4162 1600 4218 admoniti
1653 4168 2010 4236 angustioris

360 4246 470 4316 (Al.
502 4247 878 4318 augustioris)
911 4247 1226 4303 habitaculi
1279 4252 1606 4317 sanctitate,
1649 4253 1793 4309 nihil
1847 4256 2005 4312 aliud

361 4349 538 4405 quam
573 4335 643 4389 de
679 4335 998 4390 virtutibus
1039 4336 1376 4407 cogitarent.
1411 4340 1520 4394 Sed
1566 4347 1622 4397 et
1673 4343 1794 4412 ipse
1843 4345 2004 4401 Plato

358 4437 493 4478 cum
525 4427 680 4478 esset
705 4423 886 4489 dives,
921 4429 975 4478 et
1008 4428 1162 4479 toros
1195 4427 1324 4495 ejus
1358 4426 1644 4499 Diogenes
1675 4430 1875 4487 lutatis
1907 4451 2003 4506 pe-

428 4547 443 4580 ¹
475 4547 724 4603 Consule
755 4549 825 4602 de
857 4548 1015 4604 hisce
1043 4551 1438 4608 odoramentis
1468 4553 1882 4612 Dioscoridcm.
1920 4560 1998 4615 De

2211 3368 2292 3420 10.
2329 3366 2532 3436 Corpus
2561 3383 2718 3436 puer,
2748 3367 2937 3419 anima
2965 3364 3314 3435 pmdagogus.
3354 3364 3515 3420 Cibus
3560 3360 3770 3433 facilior

2132 3457 2228 3525 qui
2256 3459 2524 3508 sustentat
2552 3470 2766 3522 corpus.
2801 3456 3020 3508 Sensus
3068 3470 3381 3524 corporum
3428 3451 3597 3523 quasi
3642 3445 3767 3518 equi

2133 3547 2290 3609 sunt,
2324 3543 2450 3597 sine
2482 3543 2703 3598 ratione
2735 3547 3058 3609 currentes,
3083 3542 3281 3596 anima
3309 3558 3442 3597 vero
3475 3541 3531 3595 in
3563 3536 3763 3609 auriga!

2132 3632 2369 3686 modum
2396 3632 2603 3686 retinet
2635 3632 2796 3686 frena
2826 3631 3208 3686 currentium.
3232 3631 3300 3685 Et
3331 3629 3622 3704 quomodo
3640 3621 3766 3696 equi

2129 3722 2350 3791 absque
2382 3726 2598 3776 rectore
2631 3719 2952 3792 prmcipites
2986 3723 3164 3774 ruunt
3192 3718 3299 3789 (At.
3324 3718 3524 3789 sunt):
3560 3717 3639 3772 ita
3657 3729 3767 3768 cor-

2128 3827 2238 3882 pus
2266 3810 2389 3864 sine
2422 3811 2642 3864 ratione
2671 3815 2727 3864 et
2757 3809 3002 3880 imperio
3033 3807 3266 3874 animae,
3297 3807 3357 3862 in
3393 3821 3565 3862 suum
3593 3804 3764 3859 fertur

2126 3898 2447 3953 interitum.
2481 3899 2606 3953 Alia
2627 3914 2857 3971 quoque
2888 3900 2908 3932 ⁹
2940 3897 3302 3968 comparatio
3337 3897 3545 3951 animis
3575 3896 3631 3949 et
3654 3905 3766 3946 cor-

2125 3988 2281 4058 poris
2329 4005 2362 4041 a
2417 3986 2779 4060 philosophis
2850 3985 3084 4058 ponitur
3140 4003 3152 4040 :
3213 4001 3425 4056 corpus
3505 3993 3760 4054 puerum,

2122 4076 2378 4131 animam
2439 4077 2816 4148 paedagogum
2877 4090 3004 4130 esse
3045 4073 3399 4128 dicentibus.
3437 4074 3477 4108 ¹⁰
3509 4069 3665 4127 Unde
3709 4068 3762 4120 et

2121 4165 2445 4221 llistoricus
2478 4181 2490 4218 :
2525 4165 2984 4234 Animaz,inquit,
3021 4163 3528 4234 imperio,corpori.s
3548 4155 3760 4215 servitio

2117 4257 2293 4324 magis
2322 4257 2548 4308 utimur.
2574 4255 2813 4308 Alterum
2842 4253 3001 4307 nobis
3030 4269 3156 4306 cum
3195 4251 3327 4320 diis,
3361 4253 3595 4306 alterum
3638 4258 3758 4302 cum

2116 4344 2310 4398 belluis
2331 4359 2621 4397 commune
2636 4346 2733 4397 est.
2753 4341 2932 4413 Igitur
2951 4341 3062 4396 nisi
3097 4340 3234 4395 vitia
3255 4331 3755 4401 adolescentis(Al.

2113 4431 2421 4502 adolentis)
2469 4436 2527 4486 et
2572 4431 2760 4503 pueri,
2812 4430 3123 4502 prudentia
3179 4427 3486 4502 Pzedagogi
3537 4419 3755 4487 rexerit,

2109 4558 2311 4611 micam
2340 4556 2553 4621 villam,
2587 4553 2773 4620 male;
2803 4558 3005 4611 notum
3035 4553 3254 4625 quippe
3285 4553 3443 4607 istud
3475 4546 3753 4606 exstitisse

355 4617 617 4694 ciborum
649 4620 924 4694 aviditate
954 4621 1216 4694 exempla
1247 4625 1399 4694 apud
1437 4625 1769 4682 Petronium
1801 4629 1857 4684 in
1892 4631 1998 4686 Sa-
2031 4623 2077 4686 Β
2113 4627 2257 4681 villa:
2290 4644 2499 4682 nomen
2534 4617 2840 4681 λίῖαάϐιηῖα-

354 4689 541 4744 tirico.
562 4691 976 4771 Mulsum”qu
1012 4689 1374 4771 nominatJin
1405 4696 1593 4771 Macro
1618 4704 1993 4771 poeta,quem

353 4764 1014 4842 recenset‘Sigebertus,
1065 4765 1286 4832 vinum,
1337 4767 1422 4821 vel
1482 4764 1657 4824 etiam
1709 4764 1862 4842 aqua
1909 4781 1998 4828 est

356 4832 526 4887 melle
559 4832 764 4889 diluta.

417 4903 874 4979 ’ACasanatensis
907 4906 1125 4970 isthaec,
1161 4909 1487 4973 invidemus,
1514 4912 1991 4979 :emulamur,sol-

348 4971 726 5056 licitisumus,
763 4995 877 5056 non
909 4979 1193 5047 agnoscit.
1220 4980 1443 5056 Deinde
1477 4971 1637 5036 vetus
1668 4971 1993 5056 editio'ple-

345 5047 654 5120 nitudinem
702 5050 876 5104 habet
935 5066 1035 5120 pro
1080 5051 1513 5119 plenitudinem;
1544 5070 1612 5108 ex
1665 5071 1804 5109 mss.
1857 5047 1989 5112 vero

341 5117 617 5196 omnibus
660 5117 1007 5175 accendimur
1054 5117 1307 5193 reposui,
1359 5139 1460 5192 pro
1509 5140 1575 5178 eo
1644 5128 1798 5196 quod
1867 5135 1991 5184 erat

343 5189 626 5243 acccndim
637 5207 717 5243 us.

411 5259 432 5292 ³
464 5257 603 5338 Μεεῖ
634 5266 1040 5338 consueverant.
1073 5263 1470 5338 Emendamus
1502 5266 1671 5337 paulo
1707 5273 1837 5338 post
1859 5278 1987 5324 temo

332 5327 558 5408 piorum
585 5332 723 5385 lueis
755 5349 856 5404 pro
887 5350 952 5388 eo
993 5334 1146 5409 quod
1181 5334 1462 5409 hactenus
1502 5327 1792 5403 .obtinuit,
1827 5343 1980 5409 locis,

337 5405 656 5481 incongrue
687 5420 874 5481 sensu-
895 5410 1069 5475 atque
1103 5405 1314 5481 inutili,
1340 5412 1395 5461 et
1427 5413 1626 5463 contra
1656 5405 1982 5481 castigatio;

337 5485 468 5552 rum
502 5473 764 5552 codicum
801 5473 991 5552 (idem:
1027 5477 1269 5552 Gravius
1299 5473 1532 5552 quoque
1580 5481 1728 5552 pluris
1778 5473 1974 5552 coponi

337 5497 468 5524 ruul
502 5497 764 5551 μυιιιυυω
802 5497 991 5528 uuern.
1027 5497 1269 5531 uravlus
1301 5497 1433 5547 quor
1466 5497 1532 5533 UB
1593 5497 1728 5535 lucis
1778 5501 1974 5552 reponi

337 5541 561 5622 malum
598 5545 698 5622 sed
740 5546 971 5622 jam_d_iu
1007 5547 1157 5622 _0lim
1192 5497 1536 5622 _.»\b:el_ar(lus
1578 5551 1767 5607 locum
1821 5556 1974 5610 hunc

331 5614 582 5695 rogitans
613 5614 815 5695 lib._i1,_
845 5616 1124 5695 Theolog:
1147 5619 1459 5695 Christian.
1496 5623 1597 5695 ita
1623 5625 1860 5695 legerat.

400 5683 422 5717 ⁴
452 5683 535 5739 Ita
572 5703 636 5742 ex
654 5686 964 5765 Abazlardo
996 5683 1166 5765 modo
1215 5690 1450 5748 laudato
1490 5683 1760 5765 legimus,
1793 5698 1969 5752 veteri

329 5767 562 5830 quoque
603 5757 853 5818 editione
895 5762 1314 5820 consentiente.
1369 5757 1715 5826 Anteauerat
1749 5757 1969 5825 Acade-

2179 4700 2198 4732 ⁵
2231 4699 2287 4751 S.
2321 4697 2634 4767 Gregorius
2682 4697 3080 4751 Nazianzenus
3121 4696 3278 4755 Orat,
3314 4695 3370 4748 in
3427 4692 3654 4767 laudem
3685 4686 3742 4739 S.

2109 4769 2325 4834 Basilii,
2344 4765 2490 4822 hanc
2521 4769 2690 4822 aliam
2713 4774 2986 4822 aCratere
3007 4773 3143 4822 tunc
3176 4765 3611 4837 pronuntiatam
3631 4772 3748 4837 ser}-

2107 4831 2347 4895 tentiam
2383 4840 2602 4906 laudat,
2635 4840 2818 4894 Crates
2851 4842 3127 4894 Oratorem
3160 4831 3477 4894 Thebanum
3507 4831 3745 4888 libertate

2103 4912 2287 4966 donat.
2322 4911 2450 4965 Vid.
2487 4912 2669 4982 Epist.
2708 4914 2807 4965 118
2839 4911 2907 4964 ad
2939 4911 3156 4965 Julian.
3195 4926 3359 4963 num.
3393 4911 3444 4962 5.

2171 4984 2192 5017 °
2225 4982 2403 5038 Vetus
2433 4975 2574 5048 edit,
2603 4999 2814 5054 semper
2843 4984 2992 5051 frui:
3025 4986 3151 5036 tum
3204 4975 3552 5036 Veronensis
3584 4986 3741 5035 mssa

2101 5056 2254 5108 inter
2278 5054 2526 5108 delicias.

2169 5127 2187 5158 ⁷
2218 5123 2644 5188 Casanatensis,
2676 5123 2887 5179 dim'tiis
2922 5142 3023 5188 pro
3053 5124 3288 5178 deliciis.

2176 5142 2184 5158 ι
2218 5142 2644 5188 uasanatensis,
2676 5142 2887 5179 annuis
2963 5142 3023 5179 ro
3053 5142 3288 5178 aeneus.

2166 5197 2186 5229 ⁸
2219 5197 2416 5252 Amovi
2453 5196 2590 5250 hinc
2619 5211 2816 5250 vocem
2853 5142 3037 5263 aulica,
3071 5211 3246 5266 quam
3309 5211 3413 5249 nec
3465 5188 3731 5265 Hierony-

2095 5267 2272 5323 miani
2306 5284 2569 5324 mss.nec
2603 5267 2724 5337 ipse
2756 5267 3009 5338 agnoscit
3047 5265 3358 5337 SCriptura:
3389 5265 3596 5326 textus,
3622 5266 3730 5310 Slve

2097 5339 2360 5404 Latinus,
2398 5339 2515 5394 sive
2545 5343 2800 5393 Graecus.

2161 5412 2180 5444 ⁹
2216 5400 2411 5465 Lecole
2457 5410 2748 5465 Ciceronis
2795 5411 2967 5463 verba
3021 5426 3144 5480 qua;
3174 5424 3206 5480 e
3236 5407 3406 5461 tertio
3447 5404 3517 5458 de
3551 5400 3728 5480 Rep}:-

2089 5481 2237 5536 blica
2264 5484 2478 5551 profert
2498 5482 2863 5547 Augustinus
2884 5481 2962 5535 lib
2994 5467 3052 5534 w‘
3077 5482 3134 5534 in
3157 5479 3482 5552 Julianurr,
3505 5467 3726 5552 cap-12.

2085 5561 2138 5606 et
2171 5556 2240 5607 de
2265 5547 2501 5606 Civitate
2539 5553 2630 5607 Dei
2668 5553 2766 5605 lib.
2793 5569 3050 5622 x1x,cap.
3084 5554 3134 5606 ll
3169 5553 3340 5605 :Deus
3372 5547 3726 5607 liomini,am'

2081 5641 2202 5678 mus
2233 5627 2469 5695 imperat
2495 5627 2729 5695 corpori,
2762 5626 2900 5679 ratio
2934 5625 3185 5691 libidini,
3219 5627 3325 5678 etc.

2152 5677 2192 5730 *0
2228 5677 2376 5752 (ατήξή
2407 5677 2460 5752 ἑὲ
2485 5677 3185 5768 naias-ausimsapiu;
3228 5677 3712 5768 appellatsallu:

2077 5767 2256 5831 stium
2278 5767 2567 5842 Crispum,
2584 5767 2754 5842 quasi
2776 5759 3214 5825 nobilissimum
3237 5759 3388 5824 inter
3409 5759 3706 5829 scriptores
