3944 6388
408 340 523 406 315

1638 343 1700 408 8.
1747 338 2058 407 EUSEBII
2098 338 2567 410 HIERONYMI.

3660 339 3775 406 816

402 474 636 545 Christi,
668 480 892 536 tantam
921 478 1134 537 habere
1163 479 1585 550 fortitudinem,
1619 497 1745 552 quas
1802 476 2037 536 athletis
2067 477 2124 544 Α
2150 478 2444 536 cearchus
2469 477 2530 535 in
2589 476 2722 535 libri
2777 476 3231 551 Antiquitatum,
3287 478 3344 533 et
3397 474 3770 551 descriptione

405 570 464 621 et
493 566 778 624 militibus
810 570 1137 625 necessaria
1158 577 1265 633 est.
1300 588 1474 643 quam
1507 588 1639 626 cum
1674 570 2041 631 habuerit,ad

403 655 544 710 vitia
575 659 953 728 provocetur?
987 658 1071 714 Illi
1105 659 1460 715 arbitrentur
1494 660 1599 731 [AL
1661 658 2042 729 arbritantur]

405 759 607 799 carnes
638 745 873 801 sanitati
906 764 1214 821 congruas,
1248 749 1346 819 qui
1381 748 1582 803 volunt
1612 748 1771 803 abuti
1804 746 2045 802 libidine

404 838 462 887 et
492 832 549 887 in
584 850 813 889 cmnum
847 836 1096 892 demersi
1137 836 1601 909 voluptatum,ad
1634 837 1849 892 coitum
1898 853 2045 891 scm-

402 938 503 992 per
547 930 885 979 exaestuant.
933 926 1262 981 Christiano
1295 927 1515 981 sanitas
1565 926 1786 997 absque
1817 925 2041 979 viribus

401 1009 602 1065 nimiis
634 1015 961 1069 necessaria
993 1022 1098 1069 est.
1132 1014 1246 1070 Nec
1285 1016 1518 1070 turbare
1579 1032 1684 1070 nos
1740 1014 1929 1079 debet,
1990 1012 2041 1068 si

405 1098 521 1153 rari
581 1099 703 1155 sint
762 1102 939 1172 hujus
986 1103 1266 1174 propositi
1323 1107 1673 1168 sectatores;
1731 1104 1869 1174 quia
1926 1100 2041 1156 rari

401 1193 541 1242 sunt
570 1192 628 1243 et
656 1190 829 1244 amici
867 1192 1000 1245 boni
1031 1197 1086 1246 et
1117 1191 1339 1258 fideles,
1382 1196 1439 1247 et
1498 1191 1689 1265 pudici
1743 1196 1800 1245 et
1856 1188 2038 1245 conti-

400 1283 626 1342 nentes,
660 1294 1006 1351 semperque
1038 1281 1219 1335 virtus
1251 1298 1380 1336 rara
1434 1285 1541 1337 est.
1596 1280 1741 1351 Lege
1796 1275 2038 1333 Fabricii

398 1365 835 1434 continentiam,
869 1369 1023 1423 Curii
1059 1374 1479 1442 paupertatem,
1514 1372 1571 1424 et
1600 1368 1657 1422 in
1709 1371 1867 1421 tanta
1899 1366 2042 1421 urbe

395 1454 487 1508 vix
521 1470 736 1526 paucos
766 1455 1023 1514 invenies
1055 1476 1204 1530 quos
1235 1457 1520 1530 sequaris.
1560 1456 1686 1512 Noli
1718 1456 1921 1511 timere
1946 1471 2036 1520 ne,

393 1542 443 1597 si
498 1559 702 1599 carnes
761 1562 877 1601 non
936 1548 1279 1612 comederis,
1336 1563 1593 1618 aucupes
1644 1550 1700 1601 et
1739 1548 2040 1599 venatores

394 1631 614 1686 frustra
643 1634 890 1689 artiticia
921 1635 1264 1691 dedicerint.

465 1720 553 1774 42.
589 1721 855 1792 Podagraz
886 1724 1179 1779 medicina.
1213 1724 1439 1780 Vitanda
1471 1726 1649 1779 omnis
1696 1726 1939 1779 satietas.
1972 1754 2039 1763 -—

2158 569 2409 636 Graeciaa,
2450 569 2624 624 refert
2672 567 2781 624 sub
2830 568 3100 637 Saturno,
3134 568 3189 623 id
3234 571 3341 634 est,
3386 566 3446 622 in
3478 585 3647 624 aureo
3677 585 3779 624 sas-

2154 656 2306 723 culo,
2334 674 2466 713 cum
2499 656 2695 712 omnia
2724 657 2941 712 humus
2976 657 3259 723 funderet,
3307 655 3530 711 nullum
3590 672 3774 713 come-

2153 746 2311 801 disse
2342 763 2567 812 carnes,
2601 746 2701 801 sed
2735 745 3038 801 universos
3068 744 3280 800 vixisse
3310 744 3577 817 frugibus
3606 750 3661 801 et
3686 762 3783 818 po-

2153 836 2286 894 mis.
2320 852 2444 906 quae
2475 840 2681 907 sponte
2710 839 2865 889 terra
2919 834 3214 907 gignebat.
3277 835 3581 890 Persarum
3639 834 3781 907 regis

2151 924 2277 996 Cyri
2324 924 2440 978 vita
2495 923 2814 995 Xenophon
2871 928 2998 978 octo
3049 922 3449 979 voluminibus
3498 922 3776 995 explicat:

2151 1011 2387 1084 polenta
2415 1017 2471 1068 et
2500 1012 2773 1067 cardamo
2803 1016 2862 1067 et
2916 1010 3037 1067 sale
3094 1028 3159 1067 ac
3216 1028 3364 1083 pane
3416 1011 3630 1067 cibario
3687 1028 3777 1067 eos

2151 1117 2419 1156 asserens
2463 1100 2742 1156 victitare.
2795 1099 3358 1155 Lacedaemoniorum
3410 1116 3622 1155 mensa:
3669 1100 3776 1155 fru-

2150 1188 2523 1261 galitatisque
2553 1195 2609 1244 et
2639 1189 3075 1267 suprascriptus
3115 1188 3433 1260 Xenophon
3496 1193 3553 1244 et
3601 1189 3774 1245 Theo-

2151 1277 2447 1349 phrastus,
2478 1282 2535 1333 et
2564 1294 2767 1333 omnes
2800 1292 2943 1349 pene
2971 1277 3282 1349 scriptores
3331 1277 3559 1333 Graecia:
3607 1283 3773 1335 testes

2150 1371 2308 1422 sunt.
2364 1367 2746 1423 Chaeremon“
2815 1365 3069 1433 Stoicus,
3100 1366 3189 1419 vir
3244 1364 3774 1438 eloquentissimus,

2150 1461 2348 1512 narrat
2374 1458 2444 1511 de
2490 1457 2623 1512 Vita
2678 1456 3053 1528 antiquorum
3113 1456 3338 1528 Egypti
3399 1457 3773 1526 sacerdotum,

2148 1545 2301 1617 quod
2334 1544 2608 1600 omnibus
2627 1543 2830 1599 mundi
2861 1542 3112 1615 negotiis
3141 1543 3416 1615 curisque
3448 1544 3777 1616 postpositis

2148 1650 2379 1705 semper
2405 1633 2463 1689 in
2491 1633 2708 1705 templo
2741 1632 2993 1699 fuerint;
3029 1636 3087 1688 et
3117 1648 3315 1687 rerum
3357 1638 3623 1704 naturas,
3653 1649 3778 1688 cau-

2149 1740 2361 1795 sasque
2411 1740 2477 1778 ac
2536 1723 2787 1777 rationes
2842 1721 3102 1777 siderum
3188 1722 3570 1795 contemplati
3628 1723 3773 1790 sint;

397 1808 672 1879 Legimus
703 1812 990 1882 quosdam
1039 1813 1241 1868 morbo
1301 1813 1597 1868 articulari
1655 1820 1713 1868 et
1771 1813 2037 1885 podagra:
2074 1829 2453 1913 Bnunquam
2513 1811 2858 1867 mulieribus
2927 1827 2989 1865 se
3048 1810 3426 1879 miscuerint;
3487 1827 3776 1885 nunquam

394 1895 743 1953 humoribus
779 1899 1127 1967 laborantes,
1164 1902 1586 1974 proscriptione
1624 1903 1934 1969 bonorum,
1967 1902 2038 1957 ad

398 1985 723 2057 simplicem
770 2005 1031 2044 mensam
1078 1997 1135 2046 et
1192 2008 1476 2063 pauperes
1535 1991 1693 2047 cibos
1752 1991 2036 2057 redactos,

394 2075 779 2132 convaluisse.
823 2079 1141 2135 Caruerant
1198 2080 1353 2135 enim
1415 2079 1742 2136 sollicitude
1802 2079 2036 2151 dispen-

394 2164 591 2219 sandze
624 2165 833 2221 domus
864 2172 921 2223 et
959 2168 1266 2240 epularum
1299 2169 1589 2241 largitate,
1625 2186 1752 2240 qua:
1784 2173 1840 2225 et
1897 2186 2024 2223 cor-

393 2266 505 2322 pus
538 2254 815 2326 frangunt
840 2261 896 2311 et
951 2259 1105 2314 342
1156 2258 1438 2314 animam.
1501 2258 1708 2313 Irridet
1763 2256 2037 2313 Horatius

394 2342 585 2411 (Epist.
620 2343 715 2399 lib.
751 2362 789 2412 ι,
824 2362 905 2416 ep.
939 2350 993 2413 2,
1044 2347 1114 2401 ad
1171 2348 1433 2415 Lollium)
1494 2347 1817 2419 appetitum
1875 2346 2036 2401 cibo-

394 2445 546 2497 rum,
574 2431 676 2503 qui
701 2436 1032 2507 consumpti
1066 2435 1406 2508 relinquunt
1451 2436 1888 2508 pmnitentiam:

476 2544 678 2609 Sperne
708 2548 1030 2613 voluptates,
1060 2556 1217 2600 nocet
1246 2555 1423 2614 empta
1451 2550 1632 2600 dolore
1683 2549 1943 2613 voluptas.

465 2663 534 2717 Et
562 2679 695 2719 cum
730 2665 787 2719 in
820 2666 1219 2723 ammnissimo
1252 2683 1388 2739 agro
1420 2667 1477 2721 in
1509 2682 1773 2721 morsum
1824 2665 2031 2737 volup-

390 2754 697 2807 tuosorum
728 2754 1035 2810 hominum
1068 2772 1129 2811 se
1157 2772 1423 2811 crassum
1466 2756 1863 2828 pinguemque
1909 2754 2034 2808 des-

390 2840 656 2911 criberet,
688 2841 825 2898 lusit
857 2843 952 2899 his
982 2844 1283 2899 versibus:

456 2957 537 3005 Me
566 2956 821 3021 pinguem
850 2963 901 3008 et
931 2958 1175 3017 nitidum,
1206 2960 1342 3009 bene
1372 2962 1554 3009 curata
1583 2964 1725 3015 cute,
1757 2959 1911 3015 vises,

454 3036 583 3085 Cum
615 3037 786 3086 ridere
817 3041 983 3099 voles,
1017 3039 1228 3100 Epicuri
1257 3040 1323 3089 de
1355 3053 1513 3102 grege
1542 3052 1782 3101 porcum.

464 3143 574 3199 Sed
607 3148 663 3199 et
691 3160 760 3199 ex
788 3144 1090 3201 vilissimis
1135 3145 1280 3201 cibis
1333 3145 1572 3201 vitanda
1626 3144 1863 3199 satietas
1921 3148 2029 3198 est.

2152 1906 2427 1973 cognatos
2459 1905 2515 1956 et
2544 1901 2924 1972 propinquos,
2962 1916 3031 1954 ne
3072 1899 3284 1955 liberos
3342 1900 3580 1972 quidem
3634 1900 3777 1957 84³

2147 1990 2419 2057 viderint,
2476 2007 2543 2045 ex
2613 2006 2678 2044 eo
2738 1993 3019 2061 tempore,
3066 2004 3183 2060 quo
3233 1988 3548 2061 cmpissent
3594 1989 3776 2046 divino

2149 2079 2329 2135 cultui
2362 2078 2652 2134 deservire
2680 2094 2693 2133 :
2724 2077 3000 2132 carnibus
3030 2081 3087 2132 et
3117 2075 3248 2132 vino
3268 2079 3289 2111 ‘
3337 2094 3569 2151 semper
3614 2078 3778 2136 absti-

2147 2170 2401 2238 nuerint,
2435 2174 2691 2241 propter,
2722 2165 3065 2222 tenuitatem
3098 2182 3308 2223 sensus
3347 2171 3405 2223 et
3445 2167 3771 2241 vertiginem

2147 2259 2355 2330 capitis
2386 2274 2561 2329 quam
2596 2273 2663 2312 ex
2695 2272 2869 2328 parvo
2900 2255 3027 2311 cibo
3058 2255 3469 2327 patiebantur;
3520 2261 3576 2312 et
3606 2256 3772 2311 maxi-

2147 2364 2241 2403 me
2271 2352 2507 2419 pr0pter
2538 2346 2831 2417 appetitus
2880 2344 3164 2410 libidinis,
3223 2344 3323 2417 qui
3382 2362 3452 2400 ex
3504 2345 3594 2400 his
3641 2344 3775 2400 cibis

2146 2442 2202 2492 et
2232 2454 2298 2492 ex
2330 2436 2436 2491 hac
2469 2435 2701 2507 potione
2734 2439 3079 2489 nascuntur.
3112 2433 3263 2489 Pane
3313 2451 3443 2490 raro
3477 2436 3774 2491 vesceban-

2145 2530 2261 2592 tur,
2296 2541 2366 2580 ne
2398 2529 2708 2580 onerarent
2737 2522 3129 2579 stomachum.
3155 2523 3219 2577 Et
3254 2522 3299 2577 si
3332 2523 3568 2595 quando
3599 2539 3775 2579 come-

2144 2614 2379 2681 debant,
2416 2618 2611 2669 tusum
2647 2612 2751 2683 [AL
2788 2628 3028 2667 consum
3059 2614 3115 2666 et
3143 2611 3366 2685 tusum]
3402 2612 3618 2685 pariter
3650 2612 3773 2685 hys-

2146 2720 2356 2775 sopum
2410 2702 2724 2758 sumebant
2770 2701 2828 2756 in
2887 2701 3037 2765 cibo,
3098 2705 3163 2755 ut
3225 2716 3422 2756 escam
3467 2702 3775 2775 graviorem

2143 2792 2301 2848 illius
2332 2791 2519 2847 calore
2548 2792 2958 2863 decoquerent.
2994 2788 3198 2845 Oleum
3230 2792 3465 2846 tantum
3514 2790 3572 2845 in
3624 2790 3778 2847 oleri-

2143 2881 2254 2937 bus
2288 2883 2790 2944 noverant,verum
2822 2883 2878 2933 et
2908 2878 3103 2950 ipsum
3135 2894 3364 2950 parum,
3400 2883 3633 2951 propter
3650 2895 3778 2934 nau-

2143 2986 2301 3025 seam
2333 2974 2389 3023 et
2418 2968 2791 3040 asperitatem
2824 2971 3032 3039 gustus
3079 2966 3437 3022 leniendam.
3500 2967 3644 3033 Quid
3698 2966 3772 3023 lo-

2141 3074 2307 3130 quar,
2336 3057 2548 3128 inquit,
2581 3057 2651 3112 de
2680 3054 3037 3125 volatilibus,
3063 3072 3195 3110 cum
3228 3071 3401 3111 ovum
3430 3072 3657 3128 quoque
3677 3070 3771 3128 pro

2142 3146 2417 3202 carnibus
2447 3144 2832 3212 vitaverint,et
2860 3144 2988 3200 lac?
3009 3146 3266 3210 Quorum
3297 3143 3549 3201 alterum
3582 3159 3773 3201 carnes

392 3231 549 3287 Nihil
581 3232 739 3287 enim
772 3233 852 3288 ita
881 3234 1076 3289 obruit
1102 3236 1392 3302 animum,
1426 3238 1489 3290 ut
1510 3234 1719 3306 plenus
1749 3237 1946 3288 venter
1975 3238 2032 3287 et
2065 3218 2106 3285 C
2143 3235 2418 3307 liquidas,
2452 3234 2700 3290 alterum
2733 3234 3078 3306 sanguinem
3108 3249 3235 3289 esse
3267 3232 3563 3302 dicebant,
3597 3232 3774 3290 colore

391 3323 737 3391 exaestuans,
768 3327 825 3377 et
856 3323 969 3379 huc
999 3323 1253 3396 illucque
1284 3342 1345 3379 sc
1376 3329 1626 3390 vertens,
1651 3327 1707 3378 et
1736 3323 1792 3377 in
1830 3326 2032 3378 ructus

391 3408 480 3464 vel
507 3408 569 3464 in
599 3411 854 3482 crepitus
884 3416 1185 3468 ventorum
1218 3413 1506 3469 el‘llatione
1535 3412 1847 3485 respirans.
1884 3412 2033 3475 Qua-

393 3496 446 3553 le
474 3497 618 3553 illud
642 3499 937 3570 jejunium
968 3506 1075 3569 est,
1118 3507 1218 3557 aut
1265 3502 1458 3574 qualis
1507 3501 1606 3557 illa
1639 3501 1869 3556 refectio
1902 3504 2033 3573 post

383 3585 705 3657 jejunium,
765 3604 898 3644 cum
957 3588 1238 3660 pridianis
1295 3589 1483 3662 epulis
1528 3588 1941 3653 distendimur,
1974 3593 2031 3644 et

392 3679 602 3747 guttur
635 3681 899 3732 nostrum
970 3679 1434 3735 meditatorium‘
1492 3677 1742 3735 efhcitur
1793 3676 2029 3734 latrina-

393 3781 525 3820 rum
545 3765 574 3820 ‘I
597 3765 865 3838 Dumque
895 3767 1166 3824 volumus
1199 3768 1527 3841 prolixioris
1558 3767 1762 3823 inediae
1812 3767 2029 3821 famam

391 3870 633 3926 querere
664 3857 770 3927 [Αἰ.
803 3857 960 3911 fama
991 3856 1227 3929 carere],
1264 3862 1488 3913 tantum
1522 3872 1815 3925 voramus,
1839 3871 2029 3926 quan-

391 3948 515 3998 tum
545 3944 638 3998 vix
666 3944 905 4001 alterius
935 3946 1049 4001 diei
1084 3963 1194 4001 nox
1225 3946 1471 4019 digerat.
1506 3946 1704 4015 Itaque
1748 3960 1863 3999 non
1907 3950 2028 3999 tam

382 4031 677 4102 jejunium
709 4034 1123 4105 appellandum
1154 4041 1266 4104 est,
1299 4052 1473 4108 quam
1506 4032 1768 4106 crapula,
1819 4050 1884 4088 ac
1943 4033 2027 4087 fe-

388 4123 517 4175 tens
547 4123 606 4176 et
636 4121 880 4178 molesta
903 4124 1167 4196 digestio.

463 4207 552 4265 l3.
586 4208 1006 4277 Dicaearchus”,
1034 4213 1376 4286 Xenophon,
1427 4212 1783 4268 Chaaremon.
1817 4244 1882 4253 —-
1940 4210 2032 4267 Di-

464 4387 477 4420 ¹
514 4386 765 4463 Nostrum
811 4389 1233 4463 meditatoriam.
1269 4391 1362 4446 Sic
1392 4390 1517 4463 lege
1574 4407 1707 4447 cum
1768 4392 2028 4458 Erasmo,

391 4460 447 4513 et
477 4459 752 4515 omnibus
783 4477 921 4517 mss.
955 4462 1252 4517 codicibus
1294 4459 1527 4518 nostris.
1581 4464 1741 4518 Idem
1786 4465 2031 4519 verbum

391 4530 644 4604 reperies
676 4533 735 4604 in
767 4533 1013 4604 epistula
1044 4534 1113 4588 ad
1151 4534 1445 4589 Fabiolam
1470 4536 1540 4589 de
1569 4552 1681 4589 xui
1709 4536 2027 4589 mansioni-

390 4602 499 4656 bus
532 4602 931 4659 Israelitarum
970 4604 1028 4659 in
1065 4606 1315 4670 deserto,
1348 4612 1490 4661 tom.
1518 4607 1563 4661 Il
1595 4605 1872 4661 editionis
1902 4623 2034 4662 nos-

391 4678 511 4740 tra,
545 4674 653 4730 col.
678 4677 804 4744 604,
837 4675 894 4730 in
923 4678 1057 4731 ﬁne.
1089 4678 1190 4731 Est
1219 4683 1410 4732 autem
1444 4677 1849 4733 meditatorium
1878 4676 2039 4733 locus

393 4746 797 4819 exercitiorum
833 4747 951 4803 sive
989 4749 1561 4804 meditamentorum.
1606 4748 1767 4803 Unde
1799 4747 2039 4819 pulchre

392 4817 829 4891 meditatoriurn
860 4820 1081 4875 vocavit
1112 4825 1316 4891 guttur
1345 4825 1635 4885 nostrum,
1678 4817 1815 4891 quia
1839 4820 1946 4874 hoc
1978 4820 2036 4873 in

389 4906 455 4943 eo
478 4890 673 4962 agitur
701 4895 758 4945 et
787 4890 931 4946 illud
964 4891 1044 4946 ibi
1076 4890 1279 4962 incipit
1332 4898 1389 4946 et
1447 4897 1825 4962 praeparatur,
1882 4892 2037 4962 quod

391 4908 455 4943 eo
478 4908 673 4961 agitur
701 4908 758 4945 et
787 4908 931 4946 muu
964 4908 1044 4946 1m
1076 4908 1279 4962 incipit
1332 4908 1389 4946 et
1447 4908 1825 5015 prze\paratur,
1882 4908 2037 4962 quoa

391 4968 594 5032 postea
622 4961 837 5017 latrina
867 4963 1117 5033 suscipit
1138 4968 1195 5017 et
1224 4964 1481 5018 devorat.
1593 4963 1683 5016 ide
1730 4963 2037 5017 Tertullia-

393 5049 534 5105 nuin
566 5034 637 5088 de
664 5033 918 5105 Jejunio.
956 5034 1231 5089 MARTIAV.
1267 5033 1413 5089 Alibi
1448 5033 1854 5099 mediator-ium,
1880 5035 2031 5105 quod

394 5103 590 5159 minus
620 5103 825 5176 placet.
861 5107 1143 5173 Sumptus
1174 5111 1365 5159 autem
1401 5110 1489 5159 est
1517 5106 1677 5176 locus
1710 5103 2038 5176 iste,illud-

393 5190 507 5244 que
534 5177 882 5231 vocabulum
914 5195 983 5232 ex
1012 5177 1350 5232 Tertulliani
1384 5176 1486 5231 lll).
1542 5176 1613 5231 de
1650 5175 1897 5246 Jejuniis
1930 5177 2036 5231 ad-

392 5261 596 5319 versus
627 5246 956 5319 Psychicos,
987 5265 1113 5319 cap,
1141 5250 1207 5303 6:
1246 5249 1379 5304 Cum
1405 5256 1573 5303 totum
1616 5246 1759 5301 illud
1804 5247 2035 5302 domici-

395 5317 534 5390 lium
566 5317 853 5390 interioris
884 5317 1143 5381 hominis.
1173 5322 1309 5374 escis
1357 5321 1639 5390 stipatum,
1681 5320 1824 5372 vinis
1868 5320 2035 5373 inun-

392 5387 605 5460 (latmn,
638 5387 992 5460 deeoquendis
1014 5393 1135 5459 jam
1188 5387 1515 5445 stercoribus
1567 5398 1822 5453 :rstuans,
1881 5406 2037 5460 pree-

395 5458 808 5533 meilitatoriuoi
838 5458 1078 5530 efﬁcitur
1107 5464 1468 5518 tatrinarum.
1506 5462 1636 5516 Vid.
1670 5463 1725 5516 in
1759 5458 1926 5533 epist.
1962 5462 2035 5516 ad

404 5529 618 5585 Fabiol.
653 5531 721 5583 de
757 5529 1041 5585 Mansion.
1078 5536 1163 5586 4‘2.

467 5602 487 5633 ²
519 5601 596 5679 Eg:
627 5602 833 5679 eodem
878 5603 1217 5679 Porrphyrio,
1249 5604 1276 5658 ὁ
1310 5604 1736 5679 mpii-narramus
1784 5602 2035 5679 Δικαίαρ-

394 5689 520 5747 χος,
554 5670 613 5733 ὃς
660 5671 750 5726 τὸν
801 5670 1028 5751 ἀρχαῖόν
1072 5670 1211 5747 ”βίού
1258 5670 1686 5745 τῆς”ΈλΛᾶδος
1717 5670 2038 5754 ἀφηγούμε-

2144 3329 2369 3380 mutato
2387 3324 2414 3379 ?
2444 3323 2677 3379 CubileIs
2710 3323 2796 3378 eis
2826 3323 2896 3379 de
2929 3321 3083 3377 foliis
3106 3320 3614 3397 palmarum,quas
3637 3323 3777 3377 baias

2142 3418 2372 3480 vocant,
2406 3418 2740 3469 contextum
2772 3416 2895 3467 erat
2922 3428 2935 3466 :
2966 3410 3283 3467 scabellum
3313 3412 3335 3447 ⁶
3364 3411 3611 3479 accline,
3644 3416 3778 3467 etex

2144 3521 2262 3560 una
2293 3508 2456 3575 parte
2487 3501 2814 3573 obliquum,
2856 3501 2916 3556 in
2960 3505 3115 3556 terra
3160 3516 3264 3573 pro
3317 3500 3557 3572 pulvillo
3615 3498 3778 3572 capiti

2144 3590 2752 3665 supponebant,bidui
2782 3588 3078 3661 triduique
3110 3588 3363 3645 inediam
3397 3590 3772 3647 sustinentes.

2143 3681 2428 3737 Humores
2455 3679 2561 3753 [AL
2596 3680 2661 3735 Et
2690 3679 2985 3749 homores]
3042 3677 3322 3750 corporis,
3365 3680 3470 3751 qui
3531 3693 3775 3735 nascun—

2142 3775 2240 3826 tur
2267 3786 2335 3825 ex
2365 3770 2480 3825 otio
2511 3773 2568 3825 et
2595 3785 2664 3824 ex
2694 3766 2997 3824 mansione
3028 3767 3203 3822 unius
3234 3766 3368 3833 loci,
3395 3766 3580 3823 nimia
3599 3766 3772 3822 victus

2141 3858 2524 3931 castigatione
2554 3858 2873 3914 siccabant.

2212 3950 2277 4004 14
2304 3948 2621 4004 Ιαάιτονιινη
2677 3950 2856 4012 sectae,
2915 3946 3195 4014 Magorum
3249 3946 3359 4000 tria
3408 3962 3608 4015 genera
3634 3943 3770 4017 apud

2138 4039 2333 4093 Persas
2382 4035 2841 4108 Gymnosoljhistre
2896 4034 3172 4090 Indorum.
3215 4037 3497 4106 Praecpta
3551 4034 3657 4089 tria
3711 4033 3766 4087 in

2139 4127 2337 4199 templo
2369 4127 2665 4181 Eleusinae.
2700 4122 3037 4179 Antisthenes
3063 4124 3227 4195 quis?
3262 4154 3330 4163 ——
3375 4121 3664 4194 Josephus
3708 4119 3764 4176 in

2139 4215 2397 4274 secunda
2424 4213 2683 4270 Judaicze
2713 4210 3063 4285 captivitatis
3095 4210 3365 4279 Historia,
3398 4216 3457 4268 et
3485 4214 3545 4267 in
3574 4215 3764 4267 octavo

2142 4412 2253 4454 νος.
2289 4397 2421 4458 etc.,
2455 4409 2580 4462 quae
2609 4391 2655 4445 si
2683 4389 2935 4460 libuerit,
2968 4390 3411 4447 consules.Vide
3441 4395 3499 4447 et
3518 4388 3767 4462 suidam,

2143 4470 2201 4521 et
2232 4460 2550 4519 Varronem
2583 4464 2653 4517 de
2686 4463 2761 4534 lte
2795 4461 3030 4534 rustica.
3065 4462 3103 4517 1.
3134 4480 3197 4530 ιι,
3219 4479 3269 4518 c.
3308 4465 3357 4528 1,
3390 4463 3491 4518 ubi
3526 4460 3771 4534 idipsum

2146 4536 2353 4591 recitat
2382 4552 2450 4591 ex
2477 4533 2849 4606 Dicmarcho:
2884 4532 3058 4606 paulo
3117 4526 3265 4590 inl‘ra
3322 4526 3650 4589 Ciceronem
3708 4526 3774 4585 ad

2068 4590 2113 4654 D
2148 4590 2465 4673 Quinctum
2502 4607 2737 4678 l‘ratrem
2772 4590 2926 4678 lib.‘i
2959 4605 3086 4678 Ep.,
3115 4606 3256 4678 Et_si
3282 4609 3529 4678 nancte.

2217 4679 2239 4713 ³
2269 4679 2479 4733 Totum
2506 4677 2681 4732 hocce
2713 4674 3037 4748 capitulum
3068 4678 3141 4731 ad
3170 4675 3408 4748 Josephi
3448 4690 3645 4748 usque
3673 4674 3775 4748 tes-

2146 4749 2569 4829 timoniumhex
2600 4741 3326 4829 Porphyrioyertihqnuod
3358 4741 3585 4804 tantum
3632 4741 3771 4799 indi-

2147 4837 2214 4877 co
2240 4818 2539 4875 brevitatis
2570 4818 2809 4874 studio.’
2827 4823 3007 4874 Antea
3036 4824 3159 4875 erat
3186 4818 3509 4875 Eheramon.

2217 4892 2239 4926 ‘
2267 4894 2547 4972 Expungo
2576 4907 2633 4945 se
2661 4889 3101 4972 voculam,_qum
3146 4892 3214 4972 in
3257 4907 3398 4947 mss.
3449 4906 3563 4946 non
3612 4884 3771 4942 babe-

2146 4967 2261 5032 tur,
2294 4961 2646 5034 et‘qumdam
2678 4962 2893 5017 leviora
2913 4961 3028 5018 alia
3057 4963 3321 5018 restituo.
3708 5026 3732 5036 ﬂ

2159 5103 2167 5105 _
2216 5034 2499 5105 {Dixerat
2551 5033 2948 5105 Porphyrius;
2986 5032 3149 5105 Κηίςτη
3213 5029 3509 5105 δὲναῦτοῖς
3538 5028 3619 5105 ἐξ
3672 5039 3768 5078 των

2147 5101 2412 5181 ῥπεδίκων
2448 5098 2870 5181 τοι).φοῖνιῖι-ος,⁸
3011 5098 3237 5181 καλόῦσι
3282 5104 3401 5177 βάϊς
3460 5098 3765 5181 ἐπὲπλιεκξο·

2145 5176 2401 5242 Hierom,
2426 5167 2617 5248 pubite’
2639 5180 2719 5232 eis
2748 5176 2812 5231 de
2838 5167 2990 5248 foliis
3017 5167 3349 5248 palmarum,
3376 5181 3483 5232 etc.
3535 5173 3645 5231 Sed
3689 5167 3771 5223 fa-

2146 5244 2585 5321 cilehcmatxwv
2646 5248 2705 5321 in
2770 5244 3086 5321 Porphyrio
3138 5247 3472 5321 [legendum
3548 5248 3632 5321 est
3677 5250 3772 5315 pro

2154 5315 2443 5384 ὀπεδίκων,
2476 5315 2944 5392 vertendumque
2966 5315 3030 5375 de
3056 5315 3375 5392 palmarum
3403 5318 3716 5392 termitibus.

2218 5392 2239 5425 ⁶
2273 5392 2406 5446 Erat
2435 5391 2657 5446 aestive.
2692 5392 2754 5445 In
2788 5389 2988 5461 regula
3031 5389 3090 5447 S.
3139 5390 3437 5447 Pachomii
3481 5406 3550 5445 ex
3593 5400 3776 5461 emen-

2148 5461 2640 5538 dationenostra,
2663 5464 2835 5538 Aemo
2851 5455 3133 5518 dormiens
3166 5466 3435 5538 supponat
3470 5462 3584 5538 nisi
3627 5455 3780 5538 recli-

2145 5549 2272 5615 nern
2329 5529 2793 5590 seltutamﬁVid.
2845 5550 3025 5605 supra
3070 5529 3343 5607 pag,'68,
3404 5536 3525 5588 not.
3591 5529 3780 5586 ordine

2154 5621 2369 5677 prima.
