3944 6396
195 382 291 446 321

1235 372 1653 448 ADVERSUS
1697 370 2185 448 JOVINIANUM
2227 373 2378 444 LIB.
2429 377 2505 446 II.

3459 376 3577 450 322

195 517 282 575 sed
311 513 751 589 objejuniorum
775 517 1338 589 consortia,Moysen
1357 517 1609 573 etEliam
1631 522 1818 572 trans-
1849 517 1902 582 Α
1932 514 2251 572 minentem
2287 517 2432 573 iram
2456 518 3062 589 Dominijejuniorum
3087 521 3461 577 miseratione
3481 523 3576 578 de-

197 607 462 679 ﬁguratus
492 607 551 662 in
583 611 784 663 monte
815 623 1016 664 secum
1049 607 1307 663 ostendit
1337 607 1392 661 in
1413 605 1822 679 gloria.Quan-

195 712 348 768 quam
368 695 592 768 Moyses
622 701 680 752 et
708 695 864 752 Elias
895 701 1097 769 typum
1126 695 1358 767 proprie
1381 696 1550 767 Legis
1571 695 1818 776 Prqphe-

194 791 480 856 Larumque
530 786 986 842 monstraverint
1029 786 1134 856 [AL
1171 789 1582 851 monstrarent]
1620 802 1633 839 :
1671 784 1822 840 sicut

193 873 475 930 manifeste
506 873 801 947 Evangelii
833 876 849 908 ⁸
879 875 1180 946 Scriptura
1237 877 1483 929 testatur
1517 889 1528 926 :
1558 873 1820 928 Dicebant

190 967 238 1020 ei
252 966 448 1020 exitum
476 979 638 1036 quem
666 964 1030 1036 eompleturus
1059 961 1168 1034 [ΑΙ.
1201 963 1550 1034 impleturus]
1583 966 1703 1017 erat
1758 963 1820 1016 in

188 1054 461 1110 Jerusalem
505 1054 656 1123 (Luc.
708 1071 786 1120 ιιι,
827 1053 938 1122 3t).
988 1052 1327 1108 Passionem
1377 1050 1534 1106 enim
1585 1049 1819 1105 Domini

192 1160 290 1198 non
330 1141 626 1214 virginitas
673 1146 730 1197 et
781 1141 1021 1214 nuptiae,
1054 1141 1151 1196 sed
1186 1141 1295 1196 Lex
1337 1138 1568 1195 nuntiat
1597 1143 1652 1194 et
1682 1139 1817 1193 Pro-

191 1230 376 1303 phetas.
408 1231 570 1298 Quod
618 1231 669 1287 si
723 1231 1089 1286 contensiose
1139 1229 1198 1284 in
1239 1229 1432 1302 Moyse
1463 1228 1724 1300 nuptias,
1757 1228 1817 1283 in

191 1317 301 1372 Elia
330 1316 723 1390 virginitatem
745 1317 998 1374 dixerint
1027 1315 1439 1384 demonstrari,
1457 1316 1706 1371 breviter
1723 1332 1821 1372 au-

196 1406 357 1474 diant,
381 1407 619 1480 Moysen
652 1411 948 1463 mortuum
980 1411 1037 1462 et
1068 1405 1386 1479 sepultum,
1421 1405 1605 1460 Eliam
1648 1405 1819 1476 igneo

191 1513 345 1552 curru
368 1501 626 1567 raptum,
645 1500 779 1553 ante
796 1495 1188 1552 immortalem
1208 1512 1336 1552 esse
1355 1494 1622 1568 coepisse,
1639 1511 1817 1567 quam

191 1589 487 1641 mortuum.
521 1586 630 1641 Sed
666 1602 769 1642 nec
798 1586 1058 1642 secunda
1089 1585 1445 1656 conscriptio
1477 1583 1817 1640 tabularum

188 1674 387 1747 absque
408 1675 640 1747 jejunio
674 1675 864 1747 potuit
893 1674 1218 1747 impetrari.
1235 1674 1396 1738 Quod
1416 1674 1818 1745 ebrietasper-

185 1764 407 1832 diderat,
439 1763 638 1820 inedia
694 1765 926 1836 reperit.
960 1765 1037 1820 Ex
1082 1780 1199 1836 quo
1247 1763 1600 1831 ostenditur,
1646 1779 1819 1835 posse

185 1868 277 1908 nos
305 1869 401 1925 per
420 1852 722 1925 jejunium
753 1853 942 1909 redire
962 1853 1022 1907 in
1045 1853 1409 1924 paradisum,
1425 1852 1579 1907 unde
1600 1868 1701 1923 per
1721 1869 1814 1908 sa-

183 1941 463 1997 turitatem
496 1942 798 1998 fueramus
826 1941 1014 2012 ejecti.
1043 1942 1102 1996 In
1124 1941 1316 1998 Exodo
1348 1941 1630 1996 adversus
1647 1942 1820 1996 Ama-

186 2029 284 2099 lec,
308 2030 568 2087 oratione
597 2030 804 2102 Moysi,
837 2035 893 2086 et
923 2030 1102 2086 totius
1133 2029 1358 2102 populi,
1385 2046 1573 2102 usque
1603 2029 1674 2085 ad
1704 2045 1825 2085 ves-

184 2136 361 2192 peram
385 2119 616 2191 jejunio
649 2118 990 2177 dimicatum
1027 2123 1115 2174 est
1143 2119 1336 2190 (Exod.
1370 2117 1825 2189 xvn,12).Jesus

185 2206 325 2264 filius
355 2207 508 2264 Nave
541 2209 850 2264 stationem
877 2209 898 2242 ²
929 2208 1240 2281 imperavit
1297 2207 1405 2263 soli
1454 2211 1511 2263 et
1541 2207 1692 2262 lunae
1729 2223 1740 2260 :
1769 2211 1826 2263 et

184 2296 416 2354 inediam
468 2297 605 2370 plus
649 2313 824 2368 quam
866 2297 1043 2354 unius
1095 2297 1230 2363 diei,
1265 2297 1504 2352 victoris
1535 2295 1823 2352 exercitus

186 2386 470 2459 protelavit
521 2388 702 2459 (Josue
728 2404 784 2453 ιι,
825 2387 927 2458 13).
980 2385 1142 2453 Saul,
1179 2386 1328 2442 sicut
1374 2385 1432 2440 in
1486 2385 1820 2458 Regnorum

190 2475 358 2546 primo
385 2475 536 2532 libro
568 2477 846 2533 scribitur
877 2493 890 2531 :
927 2475 1266 2540 Maledictus,
1287 2473 1609 2546 inquit,qui
1645 2474 1823 2530 ederit

187 2580 362 2636 panem
391 2582 564 2638 usque
593 2565 663 2621 ad
690 2581 992 2637 vesperam,
1025 2565 1195 2620 donec
1215 2563 1460 2619 ulciscar
1496 2579 1582 2619 me
1611 2563 1678 2618 de
1706 2564 1820 2618 ini-

189 2655 326 2709 micis
351 2657 484 2710 meis
517 2653 627 2726 [ΑΙ.
658 2655 882 2710 inimico
911 2655 1073 2724 meo].
1109 2655 1171 2708 Et
1207 2669 1316 2709 non
1356 2653 1602 2720 gustavit
1642 2653 1820 2708 omnis

191 2745 399 2815 populus
445 2745 589 2816 ejus,
619 2751 672 2799 et
715 2751 826 2798 tota
871 2752 1014 2799 terra
1062 2741 1366 2814 prandebat
1397 2743 1418 2776 ³
1449 2744 1495 2812 (1
1539 2742 1670 2812 Reg.
1702 2758 1817 2807 xuv,

186 2833 282 2899 24).
313 2833 614 2906 Tantaque
660 2833 771 2888 fuit
816 2831 1131 2888 auctoritas
1179 2831 1448 2888 stationis
1496 2829 1675 2888 semel
1710 2831 1820 2886 Do-

188 2921 327 2977 mino
356 2922 678 2990 destinatae,
715 2926 776 2977 ut
803 2921 1090 2977 Jonathas
1113 2923 1153 2989 ⁴,
1189 2921 1288 2992 qui
1339 2937 1520 2977 causa
1565 2919 1820 2975 victoria:

188 3009 480 3076 exstiterat,
537 3010 1070 3085 deprehenderetur
1139 3013 1314 3074 sorte,
1373 3014 1431 3064 et
1479 3008 1820 3081 ignorantia:

187 3098 381 3156 crimen
411 3099 705 3156 declinare
736 3117 849 3155 non
883 3103 1102 3172 posset,
1135 3097 1438 3171 patrisque
1479 3097 1536 3152 in
1570 3114 1632 3154 se
1681 3114 1818 3153 con-

188 3188 369 3245 citaret
395 3206 664 3256 manum,
694 3193 748 3245 et
778 3189 872 3244 vix
904 3187 1100 3262 populi
1137 3187 1410 3261 precibus
1470 3185 1818 3243 salvaretur.

1933 606 2454 677 torsitzquamset
2500 609 2749 663 Sodoma
2793 607 3575 682 placassetetGomorrha,si

1931 693 2215 749 voluisset
2243 712 2410 766 agere
2443 697 2864 767 paenitentiam,
2898 704 2954 753 et
2985 697 3274 770 lacrymas
3330 698 3441 770 [Αἰ.
3493 699 3575 755 las

1931 783 2170 855 crymisj
2204 785 2554 856 poenitentiae
2578 787 2977 858 patrocinante
2997 788 3304 843 conciliare
3325 789 3573 860 jejunio.

1930 871 2126 927 Achab
2156 890 2254 927 rex
2287 873 2700 944 impiissimus,
2745 880 2809 930 ut
2835 877 3183 932 sententiam
3215 876 3316 932 Dei
3347 879 3576 933 subter-

1930 960 2174 1033 fugeret,
2210 966 2267 1016 et
2296 963 2517 1018 eversio
2548 964 2759 1020 domus
2791 966 2920 1036 ejus
2952 965 3357 1021 dilferreturin
3390 971 3578 1039 poste-

1927 1067 2044 1116 ros,
2069 1049 2299 1121 jejunio
2331 1051 2661 1124 impetravit
2683 1059 2738 1107 et
2760 1057 3120 1110 sacco.Anna
3141 1073 3283 1109 uxor
3303 1053 3571 1111 Helcanae

1932 1139 2163 1195 inanem
2195 1139 2322 1194 cibo
2353 1146 2630 1207 ventrem,
2665 1141 2785 1198 tilio
2817 1143 3032 1198 meruit
3062 1143 3325 1215 implere.
3351 1144 3580 1199 Pericli-

1927 1232 2127 1282 tantur
2154 1228 2214 1283 in
2247 1228 2536 1302 Babylone
2565 1231 2732 1302 Magi.
2768 1232 2961 1286 omnis
2992 1233 3285 1304 conjector
3305 1237 3361 1288 et
3385 1233 3577 1290 hario-

1929 1315 2024 1372 lus
2053 1322 2110 1372 et
2139 1334 2388 1389 aruspex
2418 1320 2658 1374 caeditur
2687 1323 2858 1389 (Dan.
2894 1338 2910 1374 1
2942 1326 2996 1375 et
3027 1323 3109 1392 n).
3145 1321 3344 1376 Daniel
3373 1326 3430 1378 et
3459 1328 3578 1379 tres

1929 1405 2092 1477 pueri
2125 1405 2465 1463 relationem
2501 1409 3081 1480 merenturjejunio:
3117 1417 3169 1464 et
3207 1410 3360 1481 pasti
3415 1411 3578 1484 legu-

1931 1495 2215 1564 minibus,
2241 1495 2601 1567 pulchriores
2633 1501 2772 1552 sunt
2811 1502 2867 1552 et
2920 1498 3326 1569 prudentiores
3364 1499 3458 1555 his
3507 1502 3580 1556 de

1932 1600 2136 1639 mensa
2167 1585 2322 1656 regis
2352 1585 2627 1641 carnibus
2673 1586 3076 1642 vescebantur.
3126 1586 3344 1642 Deinde
3393 1589 3578 1662 scrip-

1933 1676 2058 1726 tum
2092 1676 2201 1742 est,
2235 1673 2389 1744 quod
2422 1672 2622 1728 Daniel
2654 1674 2844 1728 tribus
2863 1673 3577 1746 hebdomadibusjejuna-

1929 1761 2108 1816 verit:
2146 1778 2354 1833 panem
2371 1778 2609 1817 suavem
2632 1780 2747 1818 non
2776 1763 3094 1818 comederit
3119 1779 3273 1818 :caro
3301 1768 3358 1819 et
3375 1763 3577 1820 vinum

1932 1867 2047 1905 non
2082 1850 2388 1906 intraverit
2417 1868 2480 1906 os
2511 1852 2638 1923 ejus
2662 1867 2673 1907 :
2696 1850 2820 1907 oleo
2852 1857 3067 1907 unctus
3098 1869 3212 1907 non
3245 1853 3323 1908 sit
3347 1871 3360 1920 ;
3381 1854 3579 1910 et7ve-

1937 1939 2088 1995 nerit
2119 1941 2190 1995 ad
2222 1956 2355 1995 eum
2388 1939 2652 2013 angelus,
2685 1941 2923 1996 dicens:
2962 1941 3180 2007 Daniel,
3231 1941 3385 1998 homo
3414 1944 3580 1998 mise-

1935 2029 2133 2083 rabilis
2162 2045 2216 2084 es
2247 2029 2407 2100 (Dan.
2443 2047 2518 2096 ιιι,
2551 2030 2662 2099 23).
2714 2028 2819 2094 Qui
2855 2029 2968 2084 Deo
3002 2029 3353 2086 miserabilis
3402 2049 3581 2104 appa-

1936 2122 2151 2185 ruerat,
2181 2123 2313 2190 post
2337 2119 2633 2192 jejunium
2666 2117 2934 2174 leonibus
3002 2119 3060 2174 in
3119 2119 3249 2174 lacu
3314 2119 3422 2176 fuit
3470 2122 3579 2192 [ΑΙ.

1935 2207 2140 2277 fuerat]
2172 2203 2492 2263 horribilis.
2527 2207 2711 2271 Quam
2747 2206 2988 2279 pulchra
3037 2226 3148 2272 res,
3213 2226 3338 2280 quas
3391 2209 3583 2282 placat

1935 2295 2140 2362 Deum,
2173 2295 2370 2350 leones
2403 2295 2650 2368 mitigat,
2697 2296 2990 2352 dazmones
3047 2297 3265 2352 terret!
3327 2297 3584 2354 Mittitur

1933 2385 2004 2439 ad
2037 2401 2171 2439 cum
2195 2383 2355 2451 (licet
2384 2385 2493 2440 hoc
2519 2384 2574 2439 in
2612 2383 3328 2441 Hebraicisvoluminibus
3358 2402 3473 2442 non
3497 2387 3582 2442 in-

1932 2474 2530 2542 venerimus)Abacu(
2592 2491 2919 2528 messorum
2972 2475 3285 2545 prandium
3339 2480 3581 2547 portans

1932 2563 2091 2632 (Dan.
2127 2579 2219 2616 xv1
2250 2564 2321 2617 26
2350 2565 2517 2633 seqq).
2551 2562 2744 2617 Talem
2781 2563 2937 2618 enim
2987 2562 3402 2634 discophorum
3456 2565 3578 2619 ine-

1931 2652 2028 2706 dia
2058 2657 2354 2707 meruerat
2384 2651 2788 2708 hebdomadis.
2825 2651 3003 2706 David
3039 2652 3402 2723 periclitante
3435 2653 3576 2721 filio,

1931 2745 2063 2812 post
2099 2739 2453 2796 adulterium
2516 2737 2868 2814 ἐξμολὸγεσὶν
2933 2741 2988 2795 in
3048 2741 3240 2797 cinere
3305 2747 3360 2796 et
3418 2742 3580 2814 jeju-

1932 2829 2030 2885 nio
2064 2829 2218 2895 facit,
2271 2829 2494 2898 dicens,
2556 2833 2706 2901 Quia
2753 2831 3026 2884 cinerem8
3074 2833 3339 2902 tanquam
3380 2847 3579 2903 panem

1931 2919 2354 2986 manducabam,
2385 2928 2434 2974 et
2461 2928 2645 2990 potum
2688 2936 2870 2975 meum
2913 2937 3037 2974 eum
3090 2922 3221 2989 ﬂetu
3288 2922 3579 2978 miscebom

1930 3009 2162 3080 (Psalm.
2197 3026 2270 3073 c1,
2308 3008 2416 3078 l0).
2452 3011 2544 3073 Et,
2577 3009 2865 3080 Inﬁrmata
2893 3017 3021 3064 sunt
3051 3011 3110 3064 in
3143 3010 3371 3080 jejunio
3399 3027 3580 3080 genua

1928 3113 2049 3152 mea
2073 3097 2242 3167 (Psal.
2275 3113 2436 3164 cvm,
2464 3099 2576 3169 24).
2611 3098 2764 3154 350
2797 3098 2863 3152 Et
2891 3103 3044 3152 certe
3092 3099 3220 3168 jam
3246 3099 3514 3155 audierat
3545 3117 3580 3155 a

1929 3186 2157 3241 Nathan
2182 3204 2202 3247 ,·
2233 3188 2496 3241 Dominus
2524 3186 2748 3241 abstulit
2779 3190 2882 3241 ate
2911 3187 3009 3241 hoc
3040 3194 3316 3257 peceatum
3343 3188 3425 3258 (ΙΙ
3450 3188 3576 3260 Reg.

188 3277 318 3334 Elias
349 3277 739 3352 quadraginta
764 3278 992 3334 dierum
1007 3277 1399 3348 849jeiunio
1431 3281 1816 3356 praeparatus.
1850 3262 1892 3327 C
1931 3292 2034 3340 xu,
2079 3276 2186 3345 13).
2223 3275 2469 3330 Samson
2497 3278 2552 3328 et
2579 3273 2814 3329 Samuel
2847 3274 3050 3329 vinum
3085 3279 3142 3330 et
3165 3273 3411 3330 siceram
3461 3294 3575 3332 non

187 3365 346 3423 Deum
370 3368 516 3424 vidit
546 3367 604 3423 in
637 3371 835 3423 monte
867 3366 1014 3422 Oreb
1045 3367 1151 3437 [ΑΙ.
1175 3365 1448 3438 Choreb],
1473 3370 1529 3421 et
1559 3364 1722 3420 audit
1743 3366 1818 3436 ab

187 3471 243 3512 eo
271 3473 282 3511 :
315 3458 489 3527 Quid5
522 3465 582 3514 tu
612 3457 723 3524 hic,
748 3455 879 3512 Elia
927 3457 1055 3527 (Isa.
1099 3473 1240 3522 χχιι,
1270 3455 1401 3523 46)⁶ἲ
1430 3453 1613 3510 Multo
1645 3454 1812 3510 fami-

189 3543 364 3602 liarior
392 3548 505 3604 ista
534 3563 661 3614 vox,
697 3563 873 3618 quam
905 3544 1005 3600 illa
1036 3545 1095 3600 in
1127 3545 1358 3608 Genesi,
1393 3545 1590 3610 Adam,
1623 3545 1722 3598 ubi
1764 3560 1818 3598 es

188 3633 368 3703 (Cenes.
396 3653 483 3704 ιιι,
509 3635 613 3705 9)?
641 3634 744 3691 Illa
775 3635 928 3690 enim
962 3639 1200 3707 pastum
1231 3634 1486 3690 terrebat
1517 3639 1573 3688 et
1624 3634 1816 3705 perdi-

186 3726 293 3778 tum
327 3744 338 3781 :
373 3725 490 3781 haec
514 3726 810 3797 jejunanti
844 3723 1063 3780 famulo
1094 3723 1527 3778 blandiebatur.
1561 3725 1814 3796 Congre-

185 3817 360 3883 gatum
390 3814 626 3871 Samuel
658 3812 940 3887 populum
963 3813 1021 3868 in
1048 3812 1814 3886 Masphat,indictojejunio

185 3901 464 3971 roboravit,
498 3910 559 3960 et
592 3904 727 3958 fecit
782 3902 1052 3958 hostibus
1088 3902 1403 3958 fortiorem.
1439 3901 1810 3973 Assyriorum

183 3989 460 4063 impetum,
484 3999 545 4050 et
575 3992 893 4065 potentiam
926 3989 1812 4062 Sennacherib,Ezecbiae,regis

183 4078 445 4155 lacrymaz,
481 4099 710 4148 saccus,
745 4087 802 4138 et
840 4080 1169 4136 humiliatio
1199 4080 1410 4145 victus,
1449 4079 1640 4151 fregit,
1676 4096 1811 4151 pro-

184 4173 365 4228 stravit
393 4178 448 4228 et
473 4172 630 4228 vicit.
660 4173 727 4227 Et
757 4188 786 4227 e
829 4170 1120 4227 contrario
1178 4169 1381 4225 civitas
1436 4168 1660 4234 Ninive,
1695 4168 1811 4223 im-

246 4369 255 4400 '
286 4367 488 4427 Vocem
523 4370 842 4442 Evangelii,
878 4385 1008 4442 qua:
1054 4369 1270 4434 deerat,
1311 4365 1615 4424 sufficiunt
1662 4382 1805 4425 mss.

185 4454 383 4497 omnes.

241 4513 259 4545 ²
289 4512 543 4585 Intellige
586 4512 753 4585 obvio
804 4511 1207 4585 Ecclesiastico
1235 4509 1802 4585 _sensu_jeju_nium,

183 4587 269 4655 aut
294 4581 503 4640 salterri
526 4584 818 4655 duplicem
849 4584 976 4654 eius
1024 4583 1282 4638 nominis
1313 4581 1800 4652 significationem

184 4653 360 4721 alludi,
390 4653 732 4713 Tertullian.
764 4657 904 4727 Ipsis
931 4656 1215 4727 elementis
1243 4656 1538 4709 stationem
1568 4656 1803 4725 impera-

167 4728 264 4800 vit.
294 4727 414 4800 Vid.
447 4745 576 4800 quas
608 4728 760 4784 infra
788 4726 1199 4800 eubnectimus‘
1226 4731 1342 4800 not.
1373 4727 1414 4781 ⁸.

241 4798 260 4830 ⁸
285 4799 426 4856 Sunt
455 4797 553 4872 Qui
586 4817 720 4872 cum
767 4798 1015 4872 negandi
1054 4797 1342 4872 particula
1391 4805 1441 4852 et
1482 4800 1608 4872 tota
1655 4800 1802 4852 terra

184 4884 278 4924 non
300 4868 598 4942 prandebat
621 4868 935 4944 legendum
958 4868 1316 4944 hic'quoque
1346 4868 1803 4944 apud_Hierony-

186 4939 326 4998 mum
356 4939 726 5007 contendant,
761 4939 1262 5014 quemadmodum
1297 4939 1474 5014 penes
1504 4939 1806 5014 Tertullia-

184 5026 307 5087 gum
339 5018 632 5087 adversus
683 5010 1012 5087 Psychicos,
1045 5010 1622 5087 cap._lO.'Pa_melius
1643 5011 1802 5084 legit.

185 5081 241 5160 Et
267 5085 526 5160 vulgatus
557 5081 794 5160 quidem
828 5081 1369 5160 interpres-diverso
1401 5083 1572 5160 longe
1603 5081 1802 5160 sensu,

185 5153 236 5208 Et
284 5153 389 5214 ιοιᾶ
435 5153 592 5216 terra
629 5161 776 5214 venit
824 5160 884 5214 in
925 5153 1148 5214 saltum.
1183 5155 1294 5212 Sed
1327 5160 1391 5210 ut
1420 5153 1568 5209 nihil
1595 5156 1666 5210 de
1696 5155 1805 5210 He-

186 5223 346 5310 braici
365 5236 556 5307 textus
572 5230 813 5287 lectione
831 5231 1042 5296 dicam,
1056 5245 1234 5310 quam
1253 5226 1806 5310 cumSeptuaginta-

184 5298 326 5375 virali
355 5304 698 5375 compenere
718 5319 913 5375 cperaa
947 5297 1197 5375 pretium
1232 5299 1327 5364 sit,
1356 5297 1568 5375 nimie);
1589 5297 1805 5355 Graecis

186 5368 258 5449 rei
295 5378 431 5427 πᾶσι
460 5368 505 5442 ἧ
529 5380 598 5448 γῆ
632 5368 828 5449 ἦρίσέα
869 5368 1086 5449 factum
1145 5372 1202 5449 i_n
1236 5370 1409 5426 veteri
1445 5371 1651 5449 Latina
1678 5388 1803 5426 ver-

185 5439 344 5518 sione,
374 5455 423 5501 et
454 5439 563 5502 tota
587 5439 736 5503 terra
760 5446 1086 5518 prandebat,
1121 5444 1348 5518 absque
1389 5441 1639 5518 negandi
1672 5459 1802 5514 par-

184 5512 360 5590 ticula,
393 5534 568 5590 quam
601 5512 773 5574 nefas'
794 5523 918 5590 erat
949 5515 1204 5572 Pamelio
1237 5512 1414 5586 atque
1443 5512 1577 5570 aliis
1625 5512 1688 5568 in
1717 5530 1806 5569 ve-

187 5585 350 5662 terum
381 5585 614 5662 scriptis
646 5589 963 5646 intrudere.

244 5657 644 5734 ‘Martianzeus
687 5667 817 5734 post
847 5662 1153 5734 Erasmum
1199 5662 1402 5734 contra
1442 5657 1804 5734 emendatio-

188 5741 300 5790 rem
343 5732 607 5798 codicum
649 5727 848 5810 ﬁdem,
874 5737 932 5794 et
978 5731 1178 5794 minus
1217 5727 1520 5801 concinne,
1550 5739 1612 5789 ut
1639 5730 1803 5792 Jona-

1927 3364 2155 3419 bibunt.
2190 3364 2369 3419 Erant
2435 3362 2591 3418 enim
2653 3363 2755 3418 lilii
2815 3363 3310 3435 repromissionis,
3361 3369 3418 3420 et
3475 3381 3578 3438 per

1925 3453 2342 3509 abstinentiam
2368 3453 2786 3524 jejuniumque
2817 3454 3096 3524 concepti.
3126 3459 3280 3510 Aron
3304 3458 3363 3509 et
3382 3456 3575 3511 caeteri

1927 3543 2258 3598 sacerdotes
2290 3543 2611 3616 ingressuri
2656 3543 2990 3614 Templum,
3037 3559 3211 3599 omne
3261 3544 3417 3615 quod
3477 3563 3574 3618 po-

1926 3636 2037 3686 test
2067 3632 2356 3688 inebriare
2387 3649 2499 3687 non
2534 3637 2755 3704 potant,
2789 3649 2859 3687 ne
2895 3631 3220 3688 moriantur
3269 3635 3466 3704 (Leuit.
3517 3653 3576 3700 x,

1923 3721 2000 3792 9).
2035 3721 2116 3776 Ex
2147 3737 2262 3792 quo
2293 3720 2683 3792 intelligimus
2715 3720 2862 3777 mori
2895 3738 3014 3786 eos,
3049 3722 3149 3793 qui
3211 3721 3268 3776 in
3318 3721 3577 3778 Ecclesia

1925 3827 2040 3866 non
2074 3809 2251 3865 sobrii
2282 3809 2675 3866 ministrarint
2691 3811 2730 3864 ο.
2768 3810 3156 3874 Quamobrem
3191 3810 3577 3882 exprobratur

1923 3899 2144 3955 Israeli.
2179 3900 2372 3954 Polum
2399 3899 2614 3954 dabatis
2643 3901 2927 3954 Nazarzeis
2964 3901 3101 3954 meis
3152 3901 3342 3954 vinum
3391 3902 3574 3971 (Amos

1924 4005 1987 4053 ιι,
2055 3990 2156 4059 1‘2).
2211 3987 2499 4052 Jonadab,
2559 3985 2716 4043 filius
2774 3987 3024 4055 Rechab,
3103 3987 3376 4060 praecepit
3439 3987 3573 4044 ﬁliis

1921 4077 2066 4147 suis,
2129 4082 2192 4132 ut
2259 4094 2372 4132 non
2443 4077 2708 4131 biberent
2774 4075 2972 4131 vinum
3043 4094 3229 4149 usque
3291 4079 3350 4132 in
3408 4085 3570 4136 anter—

1920 4183 2084 4221 num.
2115 4166 2340 4229 Quibus
2371 4181 2504 4221 cum
2554 4165 2784 4221 offerret
2837 4165 3186 4223 Jeremias‘0
3243 4167 3448 4224 vinum
3509 4173 3573 4224 ut

1915 4362 2183 4418 tham.....
2239 4361 2656 4433 deprehenderet
2702 4378 2835 4417 sors.
2887 4362 3086 4419 Denuo
3145 4364 3567 4431 'I‘ertullianus,

1918 4457 1945 4482 «
1978 4437 2218 4488 Tantam
2254 4440 2450 4489 autem
2475 4433 2628 4488 Deus
2655 4434 2922 4504 praestitit
2948 4436 3357 4491 auctoritatem
3379 4437 3567 4493 edicto

1916 4505 2186 4562 stationis
2213 4505 2441 4575 (jejunii
2477 4505 2721 4575 scilicet)
2753 4505 2933 4571 illius,
2972 4511 3036 4561 ut
3064 4507 3564 4575 Jonatham,-etc.

1985 4578 2006 4611 ⁸
2037 4577 2253 4632 Iterum
2285 4594 2352 4631 ex
2383 4575 2742 4633 'l‘ertulliano
2771 4595 2782 4632 :
2814 4602 2840 4628 ‹‹
2874 4578 3020 4642 Quid
3053 4583 3138 4647 tu,
3172 4578 3355 4644 Helia,
3421 4579 3565 4634 hic?

1912 4648 2090 4703 Multo
2121 4647 2364 4720 amicior
2395 4649 2642 4720 istavox
2673 4665 2875 4720 quam,
2910 4651 3117 4714 Adam,
3172 4650 3268 4704 ubi
3318 4650 3426 4706 es?
3465 4649 3566 4706 Illa

1912 4721 2071 4846 Satin
2091 4724 2268 4846 tpasto
2302 4719 2524 4775 homini
2567 4719 2924 4787 minabatur,
2985 4721 3100 4776 ista
3150 4722 3356 4792 jejuno
3405 4721 3566 4778 blan-

1953 4810 2007 4846 1e
2053 4810 2085 4846 a
2118 4809 2205 4846 ur.
2243 4814 2269 4840 »

1913 4793 2205 4849 diebatur.
2243 4814 2269 4840 »

1982 4865 2003 4899 ⁶
2039 4865 2192 4919 Idem
2225 4862 2454 4918 Sodoma
2485 4879 2691 4935 quoque
2721 4867 2770 4918 et
2813 4863 3109 4919 Gomorrha
3157 4865 3466 4933 evasissent,
3515 4865 3565 4918 si

1907 4937 2272 5008 jejunassent.
2300 4936 2368 4990 Et
2400 4934 2574 5006 paulo
2601 4934 2757 5008 post,
2788 4943 3012 5008 «(Anna
3037 4951 3266 5007 quoque
3289 4936 3556 5008 ambiens

1918 5005 2062 5063 usor
2088 5008 2350 5063 Helcanaa
2402 5005 2623 5062 iventre'
2659 5006 2874 5062 sterilis
2929 5005 3258 5078 impetravit
3307 5005 3473 5064 facile
3529 5024 3564 5062 a

1919 5086 2031 5135 Deo
2061 5079 2294 5135 inanem
2330 5079 2458 5134 cibo
2492 5084 2749 5134 ventrem
2783 5078 2900 5133 {ilio
2947 5077 3206 5150 in‘iplere.
3242 5097 3268 5128 η

1987 5153 2006 5186 ⁷
2031 5151 2140 5234 llic
2172 5167 2404 5234 quoque
2433 5151 2817 5234 conferendas
2849 5155 2936 5205 est
2964 5149 3362 5234 'Ire’rtulliaiius
3387 5167 3436 5234 τε
3461 5154 3561 5234 Ye-

1917 5222 1997 5290 ni,
2030 5221 2242 5295 inquit,
2277 5221 2681 5295 demonstrare
2713 5221 2840 5291 tibi,
2873 5226 3160 5294 quatenus
3205 5222 3560 5279 miserabilis

1916 5312 1978 5350 es
2001 5294 2326 5366 jejunando
2359 5294 2596 5356 scilicet,
2633 5317 2659 5343 ιο
2702 5299 2808 5347 etc.

1985 5364 2301 5442 8'.A;lias,_et
2332 5367 2386 5420 in
2427 5366 2644 5438 a'iquot
2675 5382 2840 5432 mss.,
2886 5364 3134 5421 Cinerem
3179 5369 3317 5422 sicut
3360 5383 3561 5442 panem

1915 5439 2260 5493 manducavi.

1987 5512 2007 5562 9
2039 5511 2249 5564 Iisdem
2286 5523 2461 5580 prope
2494 5507 2684 5563 verbis
2716 5506 3133 5565 Tertullianus.
3169 5510 3306 5566 Adeo
3327 5514 3562 5568 morien-

1912 5585 2024 5645 tur,
2058 5583 2155 5645 qui
2183 5597 2292 5637 non
2320 5581 2494 5634 sobrii
2525 5583 2583 5634 in
2615 5581 2848 5634 Ecclesia
2885 5583 3342 5641 ministraverint.

1987 5655 2029 5732 ξο
2060 5651 2196 5732 Mss,
2219 5651 2582 5732 ‘Yeronensis
2607 5669 2671 5707 ac
2703 5651 3128 5732 Cisterciensis,
3162 5656 3376 5732 θίγεννεί
3408 5659 3556 5732 Ιενσέ

1912 5727 2060 5790 mia:
2089 5733 2150 5786 ut
2174 5725 2437 5801 biberent,
2469 5724 2692 5802 absque
2718 5726 2929 5788 vinum.
