3944 6410
259 413 308 434 -κ

417 400 538 490 32'3

1653 423 1716 487 s.
1765 421 2077 489 susssu
2109 397 2588 487 'HIERONYMI.

3693 421 3800 492 324

415 563 702 630 biberent,
735 565 791 615 et
818 555 902 614 illi
941 556 1120 615 libere
1178 557 1526 626 noluissent,
1558 559 1818 630 loquitur
1866 560 2064 615 Domi-
2093 562 2146 625 Α
2179 559 2288 630 plis
2337 559 2648 626 idolorum,
2680 555 2847 630 quasi
2896 554 3217 630 idolothyta
3261 555 3650 626 vescentibus,
3705 579 3801 634 pro

414 667 526 706 nus
560 666 661 723 per
691 648 1079 720 Prophetam:
1117 649 1256 717 Quia
1285 649 1535 704 obedz’stis
1580 657 1843 718 praecepto
1889 649 2060 703 Jona-

411 740 514 795 dab
539 740 716 812 patris
747 739 928 804 vestri,
962 755 1072 794 non
1103 737 1312 806 deﬁciet
1339 741 1427 811 rir
1481 738 1546 792 de
1601 740 1770 808 stirpe
1815 737 2057 793 Ionadab

413 829 524 900 ﬁlii
553 827 782 892 Rechab,
838 831 988 881 stans
1045 827 1108 881 in
1163 837 1446 898 conspectu
1496 841 1610 880 meo
1633 828 1841 880 cunctis
1872 826 2060 880 diebus

417 918 636 988 (Jerem.
670 933 838 983 xxxv,
864 915 940 980 8).
974 913 1035 968 In
1071 915 1290 970 foribus
1342 913 1688 985 Evangelii‘,
1723 920 1894 968 Anna
1942 913 2058 969 ﬁlia

413 1003 733 1060 Phanuelis
767 1003 996 1058 univira
1028 1002 1702 1074 inducitur,semporque
1736 1003 2052 1073 jejunans;

412 1097 468 1149 et
500 1093 814 1149 Dominum
836 1091 1123 1162 virginem
1146 1089 1319 1162 longa
1340 1093 1578 1146 castitas
1602 1091 2057 1162 longaquejcju-

413 1181 514 1237 nia
545 1195 873 1251 suscepere.
908 1179 1235 1234 Praecursor
1264 1181 1392 1248 ejus
1431 1184 1487 1234 et
1527 1197 1712 1252 praeco
1761 1179 2016 1234 Joannes
2039 1181 2058 1213 ²

409 1269 654 1326 locustis
685 1269 880 1336 alitur,
914 1273 967 1323 et
998 1267 1278 1324 silvestris
1331 1266 1522 1335 melle,
1577 1285 1688 1322 non
1740 1268 2052 1324 carnibus:

409 1357 814 1429 habitatioque
848 1357 1062 1414 deserti
1109 1363 1166 1412 ct
1218 1356 1575 1412 incunabula
1609 1357 2053 1419 monachorum,

411 1448 630 1504 talibus
657 1446 1010 1502 inchoantur
1040 1445 1358 1502 alimentis.
1391 1446 1498 1500 Sed
1531 1451 1588 1500 et
1618 1445 1741 1517 ipse
1774 1445 2054 1500 Dominus

411 1535 708 1609 baptisma
734 1552 908 1592 suum
941 1534 1241 1607 quadragii
1271 1538 1330 1590 ta
1360 1535 1587 1590 dierum
1634 1535 1861 1604 jejunio
1893 1535 2055 1589 dedi-

414 1625 565 1681 cavit
589 1642 602 1692 ;
637 1629 696 1681 et
723 1624 948 1680 acriora
975 1623 1264 1678 damonis.
1291 1621 1487 1678 docuit
1519 1639 1631 1677 non
1653 1622 1765 1677 nisi
1798 1622 2057 1678 oratione

411 1719 469 1770 et
491 1712 736 1785 jejuniis
767 1729 938 1786 posse
969 1711 1255 1783 superari.
1311 1711 1612 1767 Cornelius
1652 1712 1935 1776 centurio,
1993 1716 2058 1766 ut

415 1803 699 1874 Spiritum
730 1806 998 1857 sanctum
1031 1801 1314 1872 acciperet
1369 1805 1685 1871 antequam
1737 1801 2052 1873 baptisma,

410 1890 798 1962 cleemosynis
830 1889 1062 1953 meruit,
1121 1889 1456 1960 crebrisque
1505 1889 1775 1959 jejuniis.
1837 1889 2052 1944 Paulus

413 1979 716 2052 apostolus
746 1983 878 2051 post
911 1979 1100 2033 famen
1134 1981 1191 2031 et
1221 1976 1400 2043 sitim,
1434 1982 1490 2031 et
1537 1981 1773 2032 cmteros
1822 1977 2052 2032 labores

413 2085 574 2136 suos,
606 2074 664 2124 et
695 2067 954 2140 pericula
993 2066 1308 2133 latronum,
1357 2065 1682 2137 naufragia,
1705 2065 2054 2120 solitudines

411 2159 520 2226 (Al.
567 2155 853 2228 naufragii
904 2154 1284 2225 solitudinis),
1334 2169 1494 2208 crera
1536 2153 1765 2224 jejunia
1811 2169 2051 2208 enume-

409 2251 518 2302 rat.
553 2250 620 2301 Et
647 2243 934 2318 discipulo
973 2244 1274 2299 Timotheo
1319 2242 1536 2298 dolenti
1569 2243 1960 2310 stomachum,
1996 2247 2053 2298 et

409 2335 779 2390 inﬁrmitates
811 2332 1094 2405 plurimas
1125 2331 1459 2397 sustinenti,
1494 2331 1703 2384 suadet
1747 2331 1864 2386 vini
1919 2348 2048 2386 mo-

405 2425 595 2480 dicam
629 2422 920 2494 potioncm
943 2440 962 2476 :
991 2423 1112 2477 Iam
1143 2422 1277 2490 noli,
1331 2419 1543 2492 inquit,
1601 2436 1804 2492 aquam
1865 2421 2050 2476 bibere

407 2512 455 2585 (I
484 2513 616 2568 Tim.
647 2529 703 2578 v,
738 2512 848 2582 1‘3).
878 2510 981 2566 Cui
1031 2513 1226 2566 autem
1285 2507 1444 2572 dicit,
1490 2509 1612 2578 jam
1667 2510 1787 2563 noli
1841 2525 2050 2581 aquam

409 2601 608 2668 bibere,
643 2599 896 2656 ostendit
923 2615 1058 2654 eum
1105 2615 1317 2670 aquam
1385 2602 1516 2653 ante
1570 2603 1823 2670 potasse.
1884 2598 2044 2661 Quod

407 2705 526 2744 non
557 2689 916 2756 concederet,
975 2687 1088 2742 nisi
1139 2687 1349 2741 crebra:
1398 2684 1771 2742 inﬁrmitates
1801 2691 1858 2742 et
1888 2687 2052 2742 dolor

409 2775 698 2833 stomachi
731 2774 1149 2848 postulassent.

481 2866 570 2922 16.
597 2854 858 2922 ιιᾶένειίσι
878 2864 1021 2918 cibos
1047 2863 1476 2938 refugientes.—
1498 2865 1785 2934 Reprobat
1807 2865 2044 2936 quidem

408 2953 726 3027 Apostolus
749 2953 794 3024 (I
821 2954 953 3008 Tim.
979 2953 1116 3020 iv,3)
1148 2953 1371 3024 eos,qui
1388 2952 1775 3024 prohibebant
1791 2955 2046 3022 nuptias,

405 3044 772 3116 etjubebant
803 3042 1304 3114 [ALprohibcbant
1335 3046 1389 3096 ct
1411 3042 1683 3112 jubeant]
1712 3043 1860 3098 351
1884 3043 2034 3098 cibis

412 3133 724 3198 abstinere,
760 3148 908 3204 quos
944 3137 1094 3186 Deus
1119 3129 1333 3186 creavit
1353 3131 1422 3185 ad
1449 3131 1728 3186 utendum
1754 3148 1886 3186 cum
1914 3148 2045 3203 gra-

407 3222 620 3278 tiarum
655 3222 918 3278 actione:
953 3221 1053 3276 sed
1093 3224 1150 3275 et
1183 3219 1534 3274 Marcionem
1559 3220 2047 3292 designat,etTa-

2174 665 2411 703 summa
2440 647 2793 702 abstinentia
2825 647 3016 714 fuerit,
3052 647 3198 702 cibis
3236 651 3463 702 tantum
3523 648 3798 708 abstinere

2171 735 2509 792 Gentilium.
2525 737 2682 800 Quod
2719 735 2766 790 si
2786 735 3126 806 loquiturad
3146 735 3438 792 Romanos
3453 753 3466 792 ι
3483 737 3532 790 Is
3549 738 3801 808 quiman-

2169 825 2348 889 ducat,
2372 841 2480 880 non.
2505 824 2925 880 manducantem
2955 841 3063 878 non
3092 833 3312 896 spernat
3328 840 3340 880 :
3356 829 3406 880 et
3420 825 3640 896 quimon
3659 843 3802 884 man.

2169 914 2350 980 ducat,
2378 914 2795 968 manducantem
2824 930 2932 969 non
2979 913 3190 985 judicel
3221 915 3401 985 (Rom;
3427 930 3545 978 xxv,
3568 914 3620 986 3)
3649 934 3660 978 ;
3691 933 3798 973 non

2167 1003 2616 1074 interjcjuniaet
2632 1001 2994 1058 saturitatem
3012 1001 3256 1073 mqualia
3269 1002 3476 1058 merita
3491 1002 3798 1075 dispensat;

2167 1093 2267 1147 sed
2301 1095 2501 1146 contra
2531 1109 2630 1146 eos
2663 1089 2925 1162 loquitur
2953 1091 3050 1162 qui
3084 1089 3143 1145 in
3161 1090 3456 1146 Christum
3490 1092 3800 1162 credentes,

2166 1180 2357 1236 adhuc
2407 1179 2784 1250 judaizabant
2821 1197 2834 1233 :
2867 1184 2924 1234 et
2982 1195 3080 1234 eos
3139 1181 3238 1249 qui
3287 1195 3354 1234 ex
3396 1179 3668 1251 gentibus
3697 1182 3798 1249 (Al.

2165 1268 2504 1340 gentilibus)
2529 1268 2912 1335 crediderant,
2932 1274 3146 1333 monet,
3163 1284 3234 1323 ne
3265 1266 3658 1324 scandalizent
3679 1268 3799 1327 illos

2165 1358 2293 1412 cibo
2325 1374 2452 1423 suo,
2477 1357 2574 1428 qui
2609 1355 2798 1410 adhuc
2830 1356 2888 1410 in
2923 1357 3033 1411 ﬁde
3066 1356 3416 1412 inﬁrmiores
3438 1363 3622 1412 erant.
3645 1357 3803 1414 Deni-

2167 1462 2280 1518 que
2313 1450 2368 1500 et
2423 1444 2480 1499 in
2531 1445 3026 1515 consequentibus
3059 1445 3172 1515 (Al.
3215 1445 3673 1518 continentibus)
3702 1446 3802 1503 hoc

2165 1534 2360 1605 ipsum
2412 1537 2580 1588 sonat
2612 1550 2624 1588 :
2659 1534 2778 1586 Scia
2821 1541 2872 1588 et
2915 1534 3122 1602 conﬁdo
3152 1536 3208 1588 in
3241 1535 3472 1590 Domino
3499 1536 3645 1604 Iesu,
3668 1536 3800 1607 quod

2162 1623 2308 1678 nihil
2337 1638 2620 1678 commune
2647 1639 2743 1693 per
2769 1624 3008 1693 seipsum
3037 1629 3138 1693 est,
3165 1624 3280 1678 nisi
3307 1625 3380 1688 ei,
3405 1625 3501 1694 qui
3527 1626 3802 1682 existimat

2163 1711 2293 1784 quid
2341 1727 2626 1766 commune
2661 1727 2792 1776 esse,
2826 1712 2916 1765 illi
2961 1728 3248 1768 commune
3275 1716 3372 1768 est.
3403 1711 3464 1767 Si
3500 1715 3648 1768 enim
3677 1729 3799 1786 pro-

2158 1807 2282 1872 pter
2307 1801 2489 1855 cibum
2517 1801 2698 1873 frater
2724 1803 2854 1854 tuus
2879 1805 3254 1870 contristatur,
3277 1803 3399 1872 jam
3445 1819 3559 1858 non
3615 1818 3801 1858 secun-

2163 1887 2295 1942 dum
2345 1886 2672 1942 charitatcm
2730 1886 3004 1942 ambulas.
3029 1888 3153 1943 Noli
3209 1889 3326 1944 cibo
3365 1897 3455 1944 tuo
3502 1891 3665 1945 illum
3692 1906 3803 1962 per-

2163 1976 2309 2044 dere,
2337 1992 2438 2048 pro
2487 1993 2594 2046 quo
2644 1975 2889 2030 Christus
2935 1986 3182 2031 mortuus
3226 1982 3326 2033 est.
3360 1979 3475 2034 Non
3503 1996 3630 2052 ergo
3661 1979 3799 2035 blas-

2162 2065 2451 2135 phematur
2501 2065 2698 2118 bonum
2762 2067 3025 2119 nostrum.
3085 2066 3199 2120 Non
3265 2070 3344 2121 est
3391 2069 3543 2122 enim
3583 2083 3802 2139 regnum

2161 2155 2262 2209 Dei
2289 2170 2410 2208 esca
2439 2151 2548 2225 [AL
2598 2153 2752 2223 σει-λε]
2801 2158 2854 2207 et
2905 2157 3064 2224 potus
3115 2156 3274 2222 (Ibid.
3311 2155 3374 2210 l4
3432 2158 3602 2228 seqq).
3631 2159 3706 2212 Ac
3735 2171 3800 2212 ne

2162 2243 2294 2314 quis
2343 2247 2570 2314 putaret
2605 2242 2712 2297 hoc
2743 2242 2813 2296 de
2835 2242 3079 2313 jejuniis
3133 2242 3268 2308 dici,
3303 2248 3360 2298 et
3415 2261 3532 2300 non
3587 2246 3659 2301 de
3699 2262 3802 2301 su-

2160 2331 2499 2404 perstitione
2540 2330 2804 2398 Judaica,
2837 2331 3037 2386 statim
3090 2331 3359 2388 edisserit
3390 2349 3403 2389 :
3437 2334 3591 2388 Alius
3639 2333 3803 2390 credit

2161 2419 2492 2474 manducare
2549 2420 2762 2474 omnia.
2807 2420 2914 2487 Qui
2957 2428 3146 2476 autem
3188 2421 3446 2491 inﬁrmus
3511 2427 3614 2492 est,
3661 2423 3802 2478 olera

2159 2509 2451 2564 mandarat
2506 2508 2669 2580 (Ibid.
2735 2511 2804 2573 Ἰ).
2868 2508 2934 2562 Et
3018 2525 3252 2565 rursum
3305 2526 3319 2565 :
3378 2511 3534 2566 Alius
3603 2512 3802 2580 iudicat

2159 2597 2302 2652 diem
2349 2599 2473 2668 plus
2520 2614 2683 2668 quam
2735 2597 2900 2664 diem,
2932 2598 3074 2652 alius
3113 2597 3330 2669 judicat
3383 2616 3601 2656 omnem
3643 2601 3799 2656 diem.

2164 2687 2533 2757 Unusquisque
2580 2686 2732 2742 352
2781 2688 2838 2740 in
2895 2703 2990 2741 suo
3040 2703 3199 2742 sensu
3231 2688 3487 2746 abundet.
3521 2691 3638 2762 Qui
3663 2691 3800 2762 sapit

2159 2777 2322 2844 diem,
2387 2777 2608 2830 Domino
2681 2777 2840 2846 sapit.
2901 2778 2975 2830 Et
3021 2777 3118 2847 qui
3184 2777 3498 2846 manducat,
3566 2779 3798 2836 Domino

2158 2866 2451 2920 mandarat
2481 2883 2498 2918 :
2530 2867 2745 2935 gratias
2776 2867 2923 2919 enim
2953 2867 3072 2935 agit
3103 2866 3226 2920 Deo.
3269 2867 3332 2921 Et
3363 2870 3460 2938 qui
3506 2885 3622 2924 non
3655 2885 3802 2924 nian-

2159 2955 2340 3022 ducat,
2376 2956 2602 3009 Domino
2659 2969 2768 3008 non
2825 2954 3139 3018 mandarat,
3183 2959 3234 3008 et
3285 2959 3494 3024 gratias
3535 2959 3652 3026 agit
3703 2957 3801 3012 Deo

2159 3045 2320 3116 (Ibid.
2353 3045 2602 3114 5seqq.).
2638 3042 2744 3106 Qui
2801 3042 2956 3097 enim
3011 3042 3202 3098 adhuc
3254 3043 3472 3099 inﬁrmi
3535 3049 3702 3102 erant
3745 3045 3799 3100 in

2161 3134 2295 3200 ﬁde,
2328 3138 2384 3187 et
2429 3133 2574 3187 alias
2615 3148 2818 3186 carnes
2869 3131 3142 3195 mandas,
3173 3132 3320 3187 alias
3361 3133 3802 3191 arbitrabantur

2158 3222 2498 3277 immundus
2547 3237 2562 3274 :
2603 3225 2661 3274 et
2708 3219 2858 3274 inter
2901 3220 3054 3274 diem
3097 3224 3154 3275 et
3197 3221 3351 3276 diem
3400 3238 3535 3279 esse
3585 3221 3802 3296 aliquid

405 3312 718 3380 tianum,ct
747 3313 980 3364 caateros
1013 3309 1438 3379 barreticos,qui
1461 3291 1874 3364 abstinentiam
1901 3309 2046 3364 indi-
2078 3291 2120 3358 (ἶ
2157 3310 2588 3376 existimabant,
2614 3308 2768 3364 verbi
2801 3308 3282 3381 gratia,sanctius
3313 3326 3439 3366 esse
3463 3291 3798 3379 sabbatum,

404 3403 548 3454 cunt
576 3403 938 3470 perpetuam,
969 3397 1038 3451 ad
1071 3398 1424 3452 destruenda
1449 3401 1504 3452 et
1535 3399 1959 3453 contemnenda
1992 3403 2048 3454 et

401 3487 797 3542 abominanda
825 3501 1000 3556 opera
1028 3485 1331 3540 Creatoris.
1351 3486 1464 3540 Nos
1496 3492 1688 3541 autem
1717 3491 2043 3542 creaturam

400 3580 636 3633 omnem
669 3573 980 3629 laudamus
1009 3573 1107 3628 Dei
1133 3579 1209 3628 :et
1231 3574 1476 3629 maciem
1502 3574 2045 3646 saginze,abstinen-

395 3663 538 3718 tiam
572 3661 832 3732 luxuriae,
875 3663 1105 3734 jejunia
1163 3663 1524 3734 praeferimus
1580 3664 1890 3718 saturitati.
1958 3667 2046 3722 Vir

395 3753 596 3824 quippe
633 3753 690 3807 in
724 3753 1004 3808 laboribus
1031 3751 1239 3806 laborat
1267 3752 1396 3815 sibi,
1427 3754 1477 3806 et
1507 3753 1615 3805 vim
1645 3754 1778 3822 facit
1813 3753 1869 3806 in
1904 3755 2044 3808 inte-

395 3843 571 3897 ritum
598 3858 761 3897 suum
790 3841 970 3912 (Prov.
1003 3857 1119 3906 xv1,
1165 3841 1253 3894 26.
1285 3856 1388 3894 sec.
1424 3840 1604 3911 LXX].
1639 3841 1726 3906 Et,
1760 3843 1795 3896 A
1857 3841 2044 3896 diebus

393 3931 621 3986 Joannis
653 3931 909 4000 Baptista:
958 3929 1328 4000 (jejunatoris
1378 3933 1434 3983 et
1489 3928 1751 4002 virginis)
1815 3947 2042 4002 regnum

395 4019 655 4074 caelorum
705 4020 813 4073 vim
859 4020 1092 4088 patitur.
1152 4027 1203 4073 et
1257 4017 1482 4072 violenti
1543 4017 1816 4089 diripiunt
1901 4020 2041 4075 illud

393 4107 601 4178 (Matth.
653 4123 734 4171 χι,
811 4107 922 4178 l2).
983 4107 1282 4162 Timemus
1339 4107 1493 4160 enim
1549 4122 1618 4162 ne
1667 4108 1740 4162 ab
1791 4110 2038 4164 adventu

393 4195 592 4251 eterni
615 4195 860 4266 judicis,
891 4195 1045 4251 sicut
1074 4195 1131 4250 in
1164 4195 1371 4250 diebus
1411 4194 1634 4261 diluvii,
1686 4201 1742 4251 et
1787 4199 2035 4254 eversio-

394 4283 486 4339 nis
518 4284 628 4355 (Al.
662 4283 981 4354 eversione)
1009 4284 1268 4339 Sodoma:
1317 4291 1374 4338 et
1431 4283 1788 4350 Gomorrhac,
1841 4289 2036 4359 depre-

392 4373 722 4428 hendamur
752 4373 1199 4438 manducantes,
1233 4378 1290 4427 et
1324 4373 1606 4439 bibentes,
1639 4379 1696 4429 et
1729 4377 2032 4444 nubentes,

390 4465 448 4517 et
493 4461 703 4534 nuptui
749 4462 1069 4517 tradentes.
1125 4462 1270 4517 Nam
1320 4467 1376 4516 et
1434 4462 1742 4529 diluvium,
1795 4472 1850 4520 et
1883 4467 2035 4538 ignis

389 4551 461 4606 de
491 4549 634 4607 ccelo
665 4551 1031 4606 saturitatem
1068 4551 1299 4622 pariter,
1333 4556 1386 4606 et
1420 4552 1654 4624 nuptias
1686 4569 1832 4624 quas
1875 4554 2027 4610 dele-

2156 3404 2213 3454 et
2244 3399 2674 3466 neomenias,ct
2704 3397 3328 3469 scenopcgiam,quam
3364 3398 3629 3472 reliquos
3661 3401 3799 3466 dies,

2148 3489 2434 3559 jubentur
2460 3485 2614 3542 olera
2647 3485 3018 3553 manducare,
3051 3503 3178 3557 quae
3204 3486 3607 3546 indifferenter
3622 3505 3802 3546 come-

2155 3577 2378 3632 duntur
2407 3575 2476 3629 ab
2509 3575 2807 3630 omnibus.
2838 3575 2944 3640 Qui
2976 3591 3108 3630 vero
3142 3575 3416 3632 firmioris
3448 3583 3622 3634 erant
3645 3577 3800 3644 ﬁdei,

2154 3682 2359 3720 omnes
2406 3681 2610 3720 carnes
2657 3669 2714 3718 et
2765 3663 2888 3718 dies
2938 3680 3140 3719 omnes
3185 3664 3438 3736 aequales
3498 3683 3634 3724 esse
3683 3681 3797 3723 cre-

2153 3755 2392 3810 debanL

2225 3845 2310 3898 17.
2363 3844 2642 3914 Jejunium
2702 3841 3164 3898 Christianorum.
3217 3844 3484 3912 Sepulcra
3544 3843 3800 3918 concupi-

2147 3933 2371 3988 scentia?
2413 3935 2782 4003 perseverant.
2833 3932 3040 4001 Jejunii
3094 3931 3476 4002 sanctiﬁcatio.
3529 3965 3602 3974 —
3653 3931 3798 3989 Illud

2149 4025 2344 4076 autem
2376 4021 2528 4092 quod
2563 4027 2883 4092 proponere
2941 4037 3122 4076 ausus
3152 4026 3240 4076 est
3269 4023 3290 4056 ‘
3323 4022 3429 4092 [Αι.
3462 4023 3574 4095 es],
3606 4021 3800 4078 Domi-

2149 4127 2291 4166 num
2322 4114 2642 4165 voratorem
2677 4114 2732 4163 et
2767 4113 3088 4180 potatorem
3131 4109 3243 4164 vini
3276 4127 3310 4166 a
3342 4110 3656 4168 Pharisaeis
3701 4127 3800 4184 ap-

2148 4200 2423 4272 pellatum
2460 4217 2473 4254 :
2507 4204 2563 4254 et
2594 4197 2731 4270 quia
2788 4199 2858 4252 ad
2914 4198 3119 4270 epulas
3176 4199 3309 4254 ierit
3347 4199 3722 4272 nuptiarum,
3751 4201 3806 4255 et

2146 4288 2406 4344 convivia
2505 4303 2618 4342 non
2694 4287 3022 4359 despexerit
3107 4293 3500 4360 peccatorum.
3582 4289 3804 4346 aestimo

2147 4379 2301 4450 quod
2353 4376 2658 4433 nobiscum
2709 4376 2899 4431 faciat.
2935 4376 3048 4432 Iste
3081 4382 3168 4432 est
3195 4377 3506 4445 Dominus,
3545 4385 3611 4435 ut
3661 4377 3806 4436 arbi-

2145 4467 2604 4533 traris,vorator,
2638 4464 2736 4536 qui
2770 4464 3165 4537 quadraginta
3221 4465 3429 4522 diebus
3461 4467 3804 4523 Christano-

2145 4572 2276 4610 rum
2323 4553 2620 4624 jejunium
2668 4551 3058 4608 sanctiﬁcavit
3107 4553 3214 4624 [Alz
3266 4554 3668 4627 sanctiﬁcat];
3708 4552 3806 4627 qui

387 4643 474 4694 ret
502 4637 742 4695 invenit.
783 4638 898 4694 Nec
936 4639 1172 4705 mirum,
1209 4641 1256 4695 si
1319 4657 1491 4695 omne
1521 4642 1543 4676 ³
1596 4643 1750 4714 quod
1802 4644 1860 4698 in
1925 4663 2048 4704 ma-
2080 4661 2126 4726 Ι)
2158 4645 2359 4700 beatos
2389 4640 2641 4715 appellat
2666 4640 2988 4697 esurientes
3008 4645 3066 4696 et
3104 4642 3364 4699 sitientes
3399 4661 3412 4712 ;
3447 4645 3551 4716 qui
3613 4656 3804 4702 escam

387 4728 531 4784 cello
557 4729 848 4795 venditur,
886 4727 1196 4802 Apostolus
1251 4729 1365 4785 emi
1415 4731 1641 4800 jubeat,
1707 4736 1763 4786 et
1814 4739 2042 4794 comedi

383 4819 435 4886 (I
458 4817 582 4874 Cor.
612 4835 670 4886 x,
731 4820 861 4891 25):
926 4835 1059 4874 cum
1117 4817 1440 4874 idololatris
1491 4824 1547 4874 et
1578 4820 1770 4876 adhuc
1801 4823 1856 4878 in
1892 4830 2039 4883 tem-

457 4960 475 4996 ί
510 4962 650 5016 Item
683 4977 749 5016 ex
773 4959 1125 5016 Tertulliano
1153 4977 1165 5014 ε
1193 4986 1217 5009 η
1252 4959 1534 5016 Inlimine
1567 4962 2039 5031 EvangeliiAnna

390 5031 1386 5104 prophetissa,ﬁliaPhanuelis,quze
1417 5033 1699 5088 infantem
1723 5037 2036 5096 Dominum

387 5103 444 5181 et
468 5103 723 5181 agnovit,
758 5109 814 5181 et
845 5103 1030 5181 multa
1059 5120 1235 5181 super
1265 5121 1355 5181 eo“
1382 5105 1764 5181 prmdicavit,_
1793 5125 2034 5181 exspec-

386 5175 650 5230 tantibus
682 5175 1552 5249 rcdemptionem_lsraelis.post
1573 5178 1870 5249 egregium
1897 5175 2033 5238 iitu-

385 5251 522 5325 tum.
548 5245 754 5325 veteris
780 5251 836 5301 et
855 5245 1089 5325 univirae
1113 5245 2034 5325 viduitatisjejunioruinquoque

392 5315 729 5390 testimonio
761 5319 1352 5390 augetur,ostendens
1385 5315 1682 5390 inquibus
1715 5315 1923 5378 ofﬁciis
1941 5315 2036 5380 as-

388 5386 1131 5468 sideri_ecclcsiis'debeat,_
1149 5396 1205 5444 et
1233 5408 1266 5444 a
1298 5386 1501 5468 nullis
1534 5393 1733 5468 magis
1789 5394 2035 5468 intelligi

389 5457 922 5539 Christum,.quam
957 5461 1132 5539 semel
1169 5463 1364 5533 nuptis
1395 5467 1450 5515 et
1474 5457 2035 5539 smpejejunislp‘s'e

390 5546 525 5603 mox
559 5529 854 5603 Dominus
884 5531 1178 5603 baptisma
1207 5529 1400 5598 suum,
1433 5537 1488 5588 et
1518 5529 1578 5588 in
1609 5529 2031 5603 suo-omnium,

381 5600 628 5674 jejuniis
652 5600 978 5674 dedicavit,
1001 5625 1027 5651 »
1061 5609 1168 5658 etc.
1205 5605 1270 5658 Et
1304 5621 1455 5669 mox,
1489 5629 1512 5652 α
1549 5607 1725 5662 etiam
1755 5600 2034 5666 adversus

390 5673 608 5746 diriora
633 5673 920 5728 daemonia
941 5674 1186 5744 jeiuniis
1218 5677 1621 5746 prmliandum.
1651 5701 1677 5726 ››

459 5743 736 5830 §Nomen
789 5743 1026 5810 Joannis
1090 5743 1522 5824 prastantiores
1574 5764 1720 5809 mss.
1778 5750 1873 5811 hic
1913 5766 2048 5816 non.

2159 4733 2369 4790 habere
2396 4748 2458 4787 se
2488 4730 2775 4796 dicit,non
2809 4747 2984 4802 quam
3017 4731 3290 4804 discipuli
3319 4733 3803 4806 suspicabantur,

2149 4823 2249 4880 sed
2300 4838 2428 4893 quae
2478 4820 2537 4874 in
2589 4824 2936 4892 perpetuum
2985 4835 3099 4875 non
3149 4821 3395 4892 periret;
3429 4822 3533 4894 qui
3596 4823 3671 4878 de
3717 4819 3805 4876 die

2148 4967 2494 5038 agnoscunt.

2218 5039 2240 5071 ³
2271 5035 2690 5101 Tertullianus,
2725 5057 2751 5085 ‹‹
2780 5033 2839 5090 Si
2872 5033 3059 5091 claves
3093 5035 3318 5091 macelli
3369 5035 3472 5091 tibi
3535 5035 3801 5100 tradidit,

2147 5109 2493 5181 permittens
2543 5106 2667 5160 esui
2711 5107 2920 5181 omnia
2971 5109 3041 5162 ad
3081 5108 3563 5181 constituendum
3619 5107 3802 5181 idolo-

2147 5177 2451 5252 thytorum
2503 5177 2924 5252 exceptionem,
2969 5195 3084 5234 non
3163 5185 3355 5236 tamen
3425 5179 3482 5234 in
3556 5178 3803 5236 macello

2147 5247 2388 5322 regnum
2424 5249 2522 5304 Dei
2557 5247 2812 5303 inclusit.
2844 5272 2870 5299 ››

2215 5320 2465 5387 ‘Autea,
2516 5336 2679 5376 ausus
2741 5325 2835 5374 est.
2886 5320 3284 5376 Tertullianus
3334 5339 3347 5377 :
3397 5345 3425 5371 ‹‹
3482 5323 3802 5378 hominum

2145 5411 2376 5468 quoque
2407 5409 2582 5468 quam
2615 5392 2851 5468 indigne
2881 5395 2950 5446 ad
2983 5397 3146 5468 tuam
3180 5393 3480 5468 libidinem
3515 5395 3804 5468 interpre-

2146 5463 2297 5539 taris
2316 5463 3015 5539 pasSimmanducantem
3049 5471 3106 5519 et
3135 5465 3468 5520 bibentem!
3507 5466 3626 5522 Sed
3665 5463 3804 5539 puto

2144 5538 2298 5609 quod
2322 5535 2503 5591 etiam
2529 5535 2945 5609 jejunarit,qui
2980 5536 3178 5592 beatos
3209 5554 3322 5592 non
3358 5535 3686 5605 saturatos,
3701 5536 3802 5593 sed

2143 5605 2466 5664 esurientes
2516 5612 2573 5662 et
2627 5605 2890 5661 sitientes
2955 5609 3397 5679 pronuntiarit;
3451 5609 3561 5679 qui
3606 5623 3802 5664 escam

2144 5624 2466 5664 esurientes
2516 5624 2573 5662 et
2627 5624 2890 5661 ementes
2935 5624 3397 5734 (pronuntiarit;
3451 5625 3561 5679 qui
3606 5624 3801 5664 escam

2144 5681 2692 5754 prnlitebatur,_non
2727 5694 2903 5754 quam
2981 5679 3210 5754 iseipuli
3240 5679 3680 5754 existimarent,
3700 5679 3801 5744 sed

2146 5749 2381 5836 paterni
2407 5749 2599 5830 operis
2619 5749 3050 5828 perfectionem,
3083 5749 3111 5802 υἱ
3146 5757 3254 5812 etc.
