3944 6402
168 382 261 451 325

1190 376 1609 452 ADVERSUS
1653 372 2141 450 JOVlNIANUM
2183 357 2334 448 LIB.
2379 376 2461 449 ιι.

3407 364 3541 454 396'

166 518 382 577 crastino
410 516 658 591 cogitare
687 517 794 591 (Al,
823 517 1091 592 cogitari)
1118 518 1432 592 prohibet:
1477 519 1578 592 qui
1634 519 1856 587 cum'A
1886 523 1986 574 net
2043 534 2230 590 usque
2289 519 2360 574 ad
2418 533 2721 590 vesperam
2756 533 2769 573 :
2804 521 2860 574 et
2915 518 3017 591 qui
3076 536 3194 577 non
3249 522 3525 580 aiilixerit

167 606 384 665 esurisse
413 610 468 663 et
493 606 686 663 sitisse
734 607 979 676 dicatur,
1026 611 1083 664 et
1129 607 1248 664 isse
1304 608 1640 681 frequenter
1690 609 1762 664 ad

166 696 396 771 prandia,
442 701 675 769 excepto
724 697 1021 770 mysterio,
1058 698 1213 770 quod
1272 696 1331 753 in
1390 701 1593 770 typum
1651 715 1767 753 suae

165 785 418 859 passionis
446 785 751 858 expressit,
782 789 839 842 et
863 786 1148 859 probandi
1191 786 1451 859 corporis
1500 787 1764 843 veritate.

166 890 251 930 nec
274 872 411 947 gulae
438 873 715 931 scribitur
745 874 1013 943 servisse,
1074 890 1181 932 nec
1240 875 1451 931 ventri.
1513 875 1620 941 Qui
1680 874 1766 930 di-

162 962 309 1019 vitem
336 965 715 1035 purpuratum
745 967 981 1036 propter
1008 963 1212 1029 epulas
1244 967 1441 1020 narrat
1461 962 1519 1018 in
1547 967 1766 1020 tartara

161 1055 209 1109 et
232 1057 487 1108 Lazarum
518 1069 835 1126 pauperem
883 1054 955 1110 ob
1013 1053 1273 1110 inediam
1331 1053 1474 1108 dicit
1529 1069 1659 1110 esse
1704 1053 1765 1109 in

161 1140 271 1197 sinu
296 1141 551 1198 Abrahae.
581 1142 690 1206 Qui
719 1144 953 1214 quando
975 1143 1341 1216 jejunamus.
1377 1141 1519 1216 ungi
1551 1144 1566 1177 ¹
1593 1147 1769 1215 caput

160 1233 206 1285 et
228 1229 385 1286 lavari
414 1230 620 1286 faciem
651 1231 930 1304 praecipit,
966 1236 1031 1287 ut
1061 1249 1175 1288 non
1207 1230 1405 1304 gloriae
1430 1231 1764 1300 hominum,

161 1319 242 1374 sed
267 1318 500 1375 Domino
519 1320 881 1390 jejunemus.
928 1321 1036 1387 Qui
1081 1320 1335 1376 comedit
1368 1320 1605 1393 quidem
1636 1325 1769 1393 post

161 1408 610 1464 resurrectionem
641 1413 865 1481 partem
894 1408 1072 1482 piscis
1103 1410 1221 1466 assi
1271 1415 1328 1466 et
1377 1410 1599 1476 favum,
1652 1427 1766 1466 non

160 1500 365 1568 propter
390 1498 642 1553 esuriem
673 1502 730 1553 et
769 1498 1029 1571 gutturis
1078 1498 1431 1556 suavitatem
1488 1516 1502 1568 ;
1550 1500 1652 1555 sed
1706 1508 1767 1554 ut

158 1585 423 1642 veritatem
476 1587 569 1643 sui
617 1586 875 1660 corporis
932 1588 1357 1661 comprobaret.
1418 1588 1566 1644 Nam
1622 1605 1765 1661 quo-

159 1673 463 1747 tiescunque
493 1680 791 1732 mortuum
824 1677 1131 1734 suscitavit
1150 1677 1337 1748 jussit
1367 1677 1418 1733 ei
1448 1676 1574 1733 dari
1600 1694 1767 1733 man-

157 1761 362 1832 ducare,
394 1780 464 1821 ne
506 1765 855 1822 resurrectio
905 1766 1262 1838 phantasma
1318 1770 1647 1839 putaretur.
1702 1766 1770 1822 Et

158 1851 381 1910 Lazarus
426 1858 561 1926 post
618 1855 1126 1921 resurrectionem,
1184 1857 1257 1912 ob
1316 1855 1467 1911 hanc
1524 1872 1765 1913 causam

156 1941 400 1998 scribitur
425 1960 561 1999 cum
587 1942 833 2000 Domino
862 1944 1065 2001 iniisse
1103 1944 1459 2000 convivium.
1503 1945 1620 2000 Nec
1659 1942 1769 2001 hoc

156 2030 395 2097 dicimus,
429 2032 587 2105 quod
618 2048 900 2107 negemus
929 2033 1121 2107 pisces
1151 2038 1207 2089 et
1228 2038 1433 2090 caetera
1464 2034 1537 2104 (si
1564 2033 1767 2090 volun-

156 2123 228 2175 tas
254 2119 437 2193 fuerit)
469 2122 529 2176 in
565 2121 694 2177 cibo
752 2138 879 2178 esse
937 2124 1227 2179 sumenda
1260 2140 1273 2179 :
1310 2122 1411 2178 sed
1471 2123 1768 2194 quomodo

155 2208 346 2281 nuptiis
402 2210 797 2283 virginitatem
848 2210 933 2267 ita
990 2211 1285 2267 saturitati
1365 2217 1423 2267 et
1492 2212 1768 2267 carnibus

146 2298 407 2369 jejunium
438 2299 833 2373 spiritumque
855 2300 1010 2357 353
1045 2300 1429 2373 praeferimus.
1466 2301 1525 2357 Si
1571 2305 1767 2357 autem

153 2387 331 2444 Petrus
358 2388 503 2445 hora
533 2393 695 2447 sexta
723 2406 1048 2462 pransurus
1092 2390 1354 2447 ascendit
1394 2390 1455 2445 in
1506 2407 1771 2447 caenacu-

153 2475 277 2543 lum,
307 2477 547 2534 fortuita
574 2477 799 2535 esuries
845 2496 959 2535 non
993 2478 1130 2535 facit
1160 2478 1569 2551 praajudicium
1610 2479 1767 2550 jeju-

155 2564 379 2623 niorum.
411 2567 534 2624 Hoc
590 2566 746 2623 enim
801 2568 974 2624 modo
1032 2573 1089 2625 et
1143 2567 1448 2636 Dominus,
1512 2567 1652 2640 quia
1697 2568 1766 2624 ad

154 2659 365 2727 puteum
396 2657 782 2713 Samaritanus
809 2656 955 2713 hora
982 2662 1145 2713 sexta
1204 2658 1396 2714 fessus
1443 2656 1683 2714 resedit.
1716 2662 1773 2713 et

153 2744 323 2802 bibere
349 2746 555 2817 voluit,
579 2747 854 2803 omnibus
884 2747 1189 2803 incumbet
1220 2747 1567 2815 necessitas,
1590 2746 1772 2802 velint

155 2833 333 2904 nolint,
361 2835 469 2892 hoc
508 2840 773 2909 tempore
831 2835 1089 2892 bibendi.
1152 2837 1348 2892 Potuit
1396 2840 1594 2894 autem
1643 2837 1770 2893 ﬁeri

153 2929 207 2980 ut
230 2924 308 2980 vel
363 2925 677 2981 sabbatum
730 2929 905 2991 esset,
959 2925 1047 2981 vel
1107 2925 1233 2981 dies
1292 2925 1636 2982 Dominicus
1670 2944 1683 2981 :
1714 2930 1774 2982 et

153 3020 264 3086 post
290 3014 468 3082 bidui,
501 3014 803 3087 triduique
823 3015 1144 3086 jejunium,
1177 3015 1322 3070 hora
1353 3019 1514 3071 sexta
1543 3015 1770 3071 esurie-

152 3103 216 3157 rit
243 3120 577 3177 ;nunquam
607 3104 764 3160 enim
795 3104 1145 3160 crediderim
1176 3103 1605 3177 Apostolum,si
1638 3109 1773 3162 ante

150 3210 305 3249 unam
333 3195 488 3250 diem
517 3197 857 3260 cenaverat,
888 3192 1197 3266 epulisque
1245 3193 1541 3249 distentus
1583 3194 1772 3251 fuerat

151 3282 237 3347 [AL
266 3284 403 3355 erat]
435 3281 683 3339 alterius
711 3281 825 3337 diei
873 3281 1130 3338 esurisse
1174 3281 1438 3338 meridie.
1500 3283 1662 3348 Quod
1719 3283 1769 3340 si
1801 3266 1843 3331 C

151 3373 368 3428 ccenavit
395 3371 608 3445 pridie,
640 3374 696 3427 et
723 3371 991 3444 sequenti
1024 3371 1118 3427 die
1146 3370 1389 3427 esurivit
1426 3376 1559 3427 ante
1591 3388 1770 3444 pran-

152 3460 310 3528 dium,
343 3478 458 3517 non
489 3458 763 3516 existimo
792 3461 815 3495 ²
844 3460 999 3532 quod
1024 3476 1210 3532 usque
1230 3460 1300 3515 ad
1321 3460 1650 3517 satietatem
1675 3478 1768 3517 co-

151 3550 391 3618 mederit,
425 3550 532 3623 qui
559 3553 678 3605 tam
711 3549 823 3604 cito
853 3549 1042 3622 potuit
1071 3548 1312 3606 esurire.
1362 3553 1541 3605 Porro
1589 3550 1639 3606 si
1669 3568 1773 3623 per

150 3637 333 3695 Isaiam
362 3637 630 3713 loquitur
662 3643 830 3704 Deus,
863 3639 1017 3711 quod
1050 3655 1166 3695 non
1197 3636 1620 3709 talejejunium
1652 3639 1767 3696 ele-

150 3729 296 3801 gerit,
325 3730 527 3786 dicens
564 3745 577 3784 :
609 3729 671 3783 In
709 3727 899 3783 diebus
938 3728 1283 3800 jejuniorum
1328 3732 1636 3785 vestrorum
1679 3731 1767 3785 in-

150 3821 420 3876 veniuntur
447 3817 755 3874 voluntates
791 3820 1006 3885 vestrae,
1057 3826 1107 3872 et
1154 3816 1413 3888 subjectos
1456 3820 1766 3889 percutitis,

148 3911 188 3963 et
208 3911 264 3964 in
280 3909 490 3980 judicia
522 3913 580 3963 et
608 3908 669 3961 in
698 3907 824 3962 lites
843 3906 1131 3978 jejunatis,
1163 3910 1214 3961 et
1254 3905 1468 3962 caeddis
1516 3910 1718 3980 pugnis
1752 3925 1765 3964 :

146 4015 236 4054 non
264 3999 371 4054 tale
390 3997 680 4070 jejunium
709 3996 867 4067 elegi,
898 3995 1033 4050 dicit
1059 3995 1321 4051 Dominus
1367 3996 1493 4066 (Isa.
1545 4014 1701 4064 Lvm,
1734 3999 1771 4053 5

146 4087 278 4161 δίνῃ).
309 4086 487 4153 Quale
518 4084 783 4157 elegerit,
814 4084 982 4140 docet
1014 4085 1258 4155 :Frange
1281 4086 1547 4140 esurienti
1564 4103 1765 4159 panem

146 4180 298 4245 tuum,
329 4186 377 4234 et
399 4191 673 4250 pauperes
702 4176 823 4229 sine
850 4177 984 4230 tecto
1012 4173 1178 4229 induc
1224 4176 1285 4229 in
1326 4173 1551 4230 domum
1587 4184 1765 4232 tuam.

146 4266 196 4322 Si
219 4268 416 4323 videris
443 4264 680 4331 nudum,
712 4265 849 4318 vesti
879 4280 891 4317 :
925 4271 976 4319 et
1005 4262 1321 4319 domesticos
1342 4265 1570 4321 seminis
1599 4268 1685 4320 tui
1700 4282 1772 4321 ne

145 4355 383 4429 despicias
420 4353 583 4422 (Ibid.
632 4353 708 4426 7),
755 4352 881 4408 Non
930 4351 1110 4424 igitur
1141 4352 1438 4424 jejunium
1493 4355 1768 4426 reproba-

142 4445 228 4512 vit,
257 4446 353 4503 sed
385 4443 562 4519 quale
596 4441 786 4506 vellet,
809 4442 1067 4498 ostendit
1096 4460 1115 4497 :
1147 4458 1337 4515 neque
1362 4442 1518 4499 enim
1551 4445 1771 4501 ventris

144 4536 344 4592 esuries
372 4536 615 4606 accepta
644 4536 734 4588 est
760 4531 898 4599 Deo,
932 4547 1111 4604 quam
1166 4529 1298 4588 lites
1356 4535 1413 4588 et
1463 4532 1679 4605 rapinas
1714 4540 1772 4590 et

1881 607 2137 664 animam
2169 624 2360 675 suam,
2386 607 2672 664 moriatur
2690 612 2747 664 et
2774 608 3187 666 exterminetur
3206 611 3278 667 de
3308 613 3523 685 populo

1878 713 1987 753 suo
2015 697 2043 752 ?
2072 698 2259 763 Quare
2279 697 2549 769 sepulcra
2579 699 3064 770 concupiscentia:
3096 699 3139 765 ³,
3181 700 3282 757 ubi
3327 703 3523 758 carni-

1878 787 1990 842 bus
2021 785 2256 841 deditus
2287 786 2901 858 populusruit,usque
2929 787 3101 844 hodie
3122 788 3181 843 in
3205 789 3525 848 solitudine

1877 878 2248 948 perseverant
2294 875 2416 930 ?Et
2472 892 2706 933 crassus
2764 876 3014 948 populus
3062 882 3523 951 ortygometram

1877 963 2151 1020 scribitur
2180 964 2253 1019 ad
2286 963 2578 1020 choleram
2611 982 2797 1037 usque
2838 969 3099 1022 ructasse
3127 966 3155 1021 ?
3184 966 3298 1022 Cur
3345 968 3520 1024 homo

1878 1052 1977 1109 Dci
2008 1054 2103 1124 (III
2132 1052 2261 1121 Reg.
2293 1070 2419 1115 xm,
2453 1054 2507 1122 4)
2556 1054 2629 1108 ad
2677 1055 2844 1125 cujus
2894 1055 3257 1126 prophetiam
3304 1074 3518 1115 manus

1876 1146 2111 1199 eruerat
2157 1142 2311 1214 regis
2355 1142 2689 1210 Jeroboam,
2740 1144 2841 1215 qui
2899 1144 3002 1209 [Αἰ.
3055 1145 3214 1217 quia]
3266 1147 3515 1202 mandu-

1877 1230 2027 1286 cavit
2056 1234 2260 1285 contra
2288 1230 2543 1286 edictum
2577 1231 2698 1298 Dei,
2729 1231 2884 1287 illico
2923 1240 3240 1303 percuSsus
3291 1240 3379 1290 est
3410 1236 3437 1291 ‘I
3468 1240 3525 1291 et

1877 1318 1965 1374 leo
1999 1318 2099 1391 qui
2160 1318 2389 1374 asinam
2420 1320 3061 1387 custodivitintactam,
3098 1322 3393 1394 prophetae
3442 1325 3526 1380 le-

1876 1407 2034 1462 vanti
2065 1408 2211 1463 sede
2235 1407 2479 1480 prandio
2504 1425 2616 1463 non
2642 1408 2899 1480 pepercit
2921 1409 3328 1481 PQuijejunus
3346 1413 3525 1468 mira-

1878 1495 2011 1552 cula
2027 1497 2238 1551 fecerat
2258 1512 2511 1569 pransus
2531 1498 2994 1568 (Al.pransurus)
3018 1497 3173 1554 illico
3194 1500 3524 1556 saturitatis

1879 1602 2080 1657 poenas
2136 1585 2267 1641 luit.
2335 1586 2446 1641 Sed
2503 1591 2560 1641 et
2612 1586 2739 1641 Jocl
2797 1585 3057 1642 clamitat
3109 1604 3121 1642 :
3175 1588 3525 1659 Sanctiﬁcate

1866 1675 2154 1747 jeiunium
2182 1691 2203 1735 ,'
2229 1675 2524 1746 prazdicate
2552 1677 2895 1730 curationem
2924 1676 3059 1745 (Jocl
3092 1694 3130 1743 ι,
3170 1678 3228 1732 td
3264 1701 3278 1744 ;
3312 1693 3375 1744 ll,
3410 1679 3526 1751 15),

1877 1766 1942 1818 ut
1971 1763 2706 1834 monstrareturjejunium
2740 1764 2895 1820 354
2926 1764 3279 1821 sanctiﬁcari
3302 1769 3525 1825 caeteris

1876 1852 2152 1924 operibus
2203 1857 2304 1919 ;et
2362 1853 2792 1908 sanctificatum
2847 1853 3171 1924 jejunium,
3229 1857 3525 1915 curationi

1880 1942 2156 2014 proiicere
2214 1946 2606 2013 peccatorum.
2668 1943 2970 2008 Quomodo
3028 1948 3226 1999 autem
3283 1946 3527 2018 virgini-

1877 2031 1982 2086 tati
2014 2047 2159 2087 verie
2192 2048 2306 2087 non
2336 2032 2678 2103 praejudicat
2698 2032 2949 2089 imitatio
2979 2032 3273 2105 virginum
3307 2036 3530 2094 diaboli

1876 2120 1959 2175 ita
1989 2136 2094 2176 nec
2124 2121 2275 2176 veris
2299 2120 2561 2190 jejuniis,
2594 2122 2831 2176 Castum
2881 2122 3055 2177 Isidis
3083 2124 3103 2156 ⁴
3160 2128 3218 2179 et
3264 2126 3525 2198 Cybeles,

1878 2214 1935 2265 et
1964 2210 2354 2282 quorumdam
2383 2211 2648 2266 ciborum
2681 2211 2739 2265 in
2784 2215 3066 2268 aeternum
3120 2214 3476 2273 abstinentia
3513 2236 3527 2276 :

1879 2299 2132 2353 maxime
2162 2315 2297 2354 cum
2346 2299 2502 2370 apud
2560 2298 2692 2354 illos
2736 2300 3031 2370 jejunium
3093 2302 3262 2373 panis
3320 2306 3529 2380 sagina

1879 2387 2144 2443 carnium
2175 2393 2606 2459 compensetur.
2641 2390 2711 2443 Et
2740 2388 2893 2443 sicut
2919 2389 3088 2462 signa
3118 2408 3247 2462 quas
3280 2394 3529 2452 faciebat

1880 2476 2130 2549 Moyses,
2163 2477 2548 2533 imitabantur
2577 2477 2746 2550 signa
2775 2478 3207 2550 Egyptiorum,
3242 2483 3342 2539 sed
3408 2502 3525 2541 non

1879 2570 2047 2620 erant
2072 2565 2130 2620 in
2162 2565 2403 2621 veritate
2436 2582 2448 2619 :
2486 2583 2620 2621 nam
2652 2567 2813 2639 virga
2842 2568 3023 2640 Moysi
3082 2568 3276 2642 virgas
3324 2590 3525 2646 mago-

1882 2671 2013 2710 rum
2045 2655 2403 2710 devorabat:
2438 2655 2519 2711 ita
2551 2673 2652 2727 per
2700 2656 2900 2711 omnia
2949 2674 3076 2730 quas
3137 2677 3240 2733 per
3287 2663 3531 2718 aemula-

1882 2744 2097 2801 tionem
2132 2745 2152 2778 ⁵
2183 2743 2283 2799 Dei
2317 2744 2450 2800 facit
2489 2744 2758 2801 diabolus
2811 2763 2924 2801 non
2975 2747 3276 2821 religionis
3315 2756 3531 2811 nostra:

1882 2833 2246 2906 superstitio,
2303 2834 2403 2889 sed
2466 2838 2669 2890 nostra
2736 2835 3006 2907 arguitur
3062 2838 3441 2913 negligentia,
3469 2842 3527 2899 id

1883 2923 2203 2979 nolentium
2237 2923 2424 2979 facere
2449 2924 2603 2995 quod
2632 2924 2854 2995 bonum
2884 2943 3033 3002 esse,
3091 2928 3268 2984 etiam
3328 2931 3530 2987 saeculi

1881 3013 2151 3069 homines
2182 3028 2296 3068 non
2321 3012 2612 3085 ignorant.

1955 3103 2036 3159 18.
2116 3103 2327 3171 Quarta
2378 3104 2675 3174 propositio
2730 3104 3038 3160 Jovz'niani.
3099 3137 3168 3146 ——
3234 3130 3254 3157 α
3316 3107 3531 3172 Quarta

1883 3192 2223 3265 propositio,
2258 3208 2384 3263 quae
2415 3196 2473 3247 et
2511 3196 2769 3247 extrema
2799 3197 2905 3261 est,
2941 3194 3089 3251 duos
3110 3212 3238 3252 esse
3268 3199 3526 3255 ordines.

1881 3281 2076 3337 ovium
2124 3283 2181 3336 et
2222 3280 2518 3336 hircorum
2555 3298 2567 3335 :
2604 3280 2855 3337 alterum
2897 3283 3224 3354 justorum,
3276 3285 3529 3344 alterum

1879 3367 2423 3443 peccatorumzalios
2456 3374 2610 3425 stare
2639 3387 2673 3425 a
2703 3369 3095 3437 dextris,alios
3117 3390 3151 3429 a
3171 3374 3427 3433 sinistris
3453 3380 3531 3444 ;et

1880 3459 2083 3515 audire
2104 3460 2301 3530 justos
2329 3476 2341 3514 :
2380 3460 2583 3525 Venite,
2616 3459 2886 3516 benedicti
2913 3463 3101 3517 Patris
3120 3465 3530 3536 mei,possidete

1876 3557 2133 3621 paratum
2162 3549 2306 3603 tobis
2335 3564 2569 3617 regnum
2592 3566 2625 3603 a
2652 3552 3037 3607 constitutione
3064 3553 3264 3609 mundi
3293 3555 3522 3627 (Matth.

1879 3656 2008 3706 xxv,
2040 3638 2151 3711 24).
2185 3638 2588 3694 Peccatoribus
2628 3655 2763 3695 vero
2812 3639 2925 3695 dici
2962 3657 2974 3696 :
3008 3641 3276 3698 Discedite
3331 3662 3367 3699 α
3420 3661 3529 3712 me,

1878 3728 2175 3797 maledicti,
2189 3729 2251 3783 in
2278 3729 2463 3795 ignem
2492 3728 2891 3800 zeiernum,qui
2918 3740 3264 3803 prwparatus
3292 3731 3402 3799 (Al.
3431 3750 3529 3803 pa-

1879 3819 2053 3889 ratus)
2075 3822 2151 3872 est
2179 3816 2394 3873 diabolo
2422 3826 2475 3871 et
2504 3817 2717 3886 angelis
2745 3818 2861 3885 eius
2900 3818 3057 3880 (Ibid.
3087 3820 3176 3886 41,
3202 3819 3217 3889 )
3246 3822 3527 3876 Arborem

1880 3907 2092 3963 bonam
2123 3923 2237 3962 non
2269 3922 2440 3978 posse
2470 3904 2659 3961 malos
2687 3906 2912 3962 fructus
2936 3908 3143 3976 facere,
3176 3925 3280 3964 nec
3313 3908 3525 3966 malam

1881 3998 2086 4052 bonos.
2118 3994 2279 4050 Unde
2310 4000 2367 4049 et
2395 3992 2655 4050 Salvator
2685 3994 2947 4067 loquitur
2998 3997 3067 4051 ad
3112 3996 3346 4053 Judzeos
3379 4015 3392 4053 :
3432 3999 3527 4054 Vos

1878 4085 1943 4140 de
1962 4093 2122 4156 patre
2143 4083 2357 4139 diabolo
2400 4084 2549 4150 estis,
2579 4087 2628 4138 et
2657 4086 3125 4154 concupiscentias
3154 4088 3328 4159 patris
3362 4088 3528 4144 vestri

1878 4177 2059 4245 facere
2082 4174 2248 4229 vultis
2277 4173 2452 4244 (Joan,
2488 4189 2611 4239 vm,
2643 4173 2754 4243 44).
2786 4172 2994 4229 Decem
3027 4174 3283 4248 virgines
3315 4193 3527 4249 propo-

1881 4263 1986 4332 nit,
2012 4262 2222 4318 stultas
2247 4266 2422 4333 atque
2451 4262 2767 4334 sapientes.
2798 4267 2856 4318 et
2886 4264 3299 4338 quinque,quae
3330 4265 3525 4322 oleum

1880 4371 1996 4410 non
2029 4352 2381 4419 habuerunt,
2413 4353 2768 4408 remansisse
2788 4353 3189 4411 extrinsecus:
3220 4355 3366 4412 alias
3390 4372 3525 4412 vero

1881 4444 2162 4517 quinque,
2197 4459 2323 4513 quae
2356 4441 2464 4497 sibi
2498 4440 2695 4497 lumen
2730 4442 3017 4498 bonorum
3041 4460 3283 4516 operum
3312 4461 3529 4518 praepa-

1881 4536 2168 4599 raverant,
2201 4529 2524 4587 thalamum
2558 4531 2809 4588 intrasse
2840 4548 2973 4586 cum
3006 4533 3528 4604 sponso.Ascendit

143 4622 395 4682 libidines
444 4624 785 4681 destruunt.
843 4620 902 4675 Si
948 4637 1065 4677 non
1110 4619 1235 4676 vult
1269 4621 1566 4693 jejunium
1616 4622 1773 4680 Deus
1808 4640 1854 4705 D
1883 4624 1956 4679 ad
1982 4621 2290 4691 diluvium,
2322 4623 2379 4675 et
2408 4619 2489 4674 ait
2521 4618 2668 4685 :Qui
2698 4625 3026 4676 erantcum
3058 4621 3176 4678 Noe
3221 4622 3371 4693 justi
3403 4638 3527 4678 ser-

144 4715 235 4785 (At.
262 4713 594 4786 Dominus),
625 4711 917 4785 quomodo
961 4710 1022 4766 in
1080 4710 1334 4768 Levitico
1389 4711 1651 4785 praecipit
1708 4717 1772 4770 ut

141 4802 368 4875 septimo
390 4798 852 4869 mense,decima
876 4798 1318 4867 mensis,omnis
1348 4799 1600 4873 populus
1620 4801 1773 4874 jeju-

201 4944 214 4977 ¹
244 4945 304 4999 In
335 4944 564 5017 aliquot
582 4959 750 5011 mss.,
787 4943 994 5014 Ungere
1021 4945 1184 5015 caput
1204 4945 1455 4998 nostrum
1487 4947 1539 4999 et
1567 4945 1768 5015 faciem

141 5013 302 5090 lavari
322 5013 611 5090 pricep‘it.

196 5089 216 5121 ²
236 5084 612 5155 Veronensis,
644 5087 916 5142 Existimo
947 5084 1085 5158 quod
1112 5102 1221 5142 non
1268 5102 1439 5158 usque
1484 5085 1555 5141 ad
1600 5090 1764 5144 satie-

139 5158 283 5215 tatem
313 5182 331 5228 ,-
358 5166 414 5216 et
443 5158 621 5231 paulo
654 5163 805 5231 post,
839 5158 899 5215 In
959 5158 1147 5213 diebus
1188 5159 1350 5231 enim
1397 5158 1761 5229 jejuniorum.

197 5177 414 5228 rem;et
486 5177 621 5214 auio
654 5177 805 5231 post,
839 5177 899 5215 ιη
959 5177 1147 5213 azeous
1204 5177 1350 5213 etum
1397 5177 1761 5229 jejunzorum.

197 5177 640 5289 ’Tertullianus
689 5246 702 5284 :
766 5252 794 5279 ‹‹
852 5233 1085 5285 Manent
1131 5228 1322 5284 adhuc
1381 5236 1768 5287 monumenta

142 5303 631 5378 concupiscentiae,
679 5302 777 5356 ubi
811 5300 1089 5378 sepultus
1141 5305 1229 5357 est
1275 5300 1527 5378 populus
1573 5302 1766 5359 carnis

140 5370 522 5445 avidissimus,
554 5389 741 5445 usque
758 5373 829 5429 ad
861 5370 1157 5430 choleram
1205 5370 1599 5445 ortygometra
1629 5390 1766 5431 cru--

140 5443 375 5516 ditando,
410 5471 440 5499 »
474 5452 611 5510 etc.,
643 5443 754 5502 etc.

196 5519 215 5551 ‘
238 5520 323 5576 Sic
339 5514 568 5576 habent
599 5532 746 5573 mss.
774 5532 1000 5589 omnes,
1034 5514 1235 5589 sicque
1287 5515 1527 5572 omnino
1558 5515 1755 5589 legen-

139 5585 257 5662 dum
303 5608 432 5648 esse
484 5605 668 5662 supra
717 5588 1043 5662 docuimus,
1094 5585 1305 5659 quidve
1364 5591 1541 5662 esset
1565 5585 1761 5662 Cdstus

139 5661 535 5744 gplicavimus
564 5659 700 5734 pag.
731 5660 837 5716 330
866 5666 923 5716 et
952 5676 1098 5744 seq.,
1133 5663 1257 5740 not.
1300 5659 1450 5744 ςεοι.,
1481 5660 1607 5715 333.
1640 5669 1752 5717 not.

138 5730 586 5811 5J'Martianasus'
613 5730 683 5792 ei
722 5730 1121 5812 praconoepta
1166 5730 1438 5806 opinione
1482 5746 1757 5794 cessurum

1883 4712 1994 4768 vati
2029 4714 2169 4767 sunt
2201 4727 2213 4766 :
2250 4709 2349 4781 qui
2373 4725 2505 4764 vero
2526 4714 3091 4781 peccatores,omnes
3122 4709 3183 4765 in
3214 4726 3527 4766 commune

1881 4798 2392 4876 perierunt.Apud
2422 4798 2734 4853 Sodomam
2782 4803 2840 4854 et
2886 4797 3292 4865 Gomorrham,
3357 4813 3527 4855 exce-

1878 4942 1973 4998 hic
2026 4956 2264 5013 quoque
2321 4938 2481 5013 legit,
2515 4955 2901 5013 erroremque
2925 4955 3053 5013 esse
3077 4943 3246 5011 putat
3267 4944 3524 4996 veterum

1877 5010 2273 5077 librariorum,
2307 5010 2463 5084 quod
2497 5010 2714 5084 Castam
2776 5010 3143 5084 scripserint,
3201 5015 3258 5084 et
3311 5028 3526 5084 cassum

1874 5084 2259 5141 vermiculum
2293 5082 2421 5139 esse
2442 5082 3031 5156 ignorarint,l\_linime
3054 5100 3186 5139 vero
3209 5083 3333 5156 ipse
3358 5082 3526 5156 intel-

1875 5156 2031 5213 lexit.
2074 5188 2141 5196 ——
2201 5154 2655 5227 Cossumrlsidis
2695 5161 2746 5227 et
2801 5154 3039 5227 Cybeles.
3100 5154 3249 5211 Mssf
3295 5154 3525 5212 codices

1873 5230 2314 5297 leguntcastum
2343 5226 2502 5283 Isidis
2525 5232 2576 5283 et
2626 5226 2893 5297 Cybeles;
2925 5227 3025 5282 scd
3085 5242 3247 5282 error
3299 5232 3403 5293 est,
3462 5227 3524 5283 ni

1876 5297 2043 5357 fallor
2070 5305 2332 5355 veterum
2392 5298 2790 5364 librariorum,
2856 5297 2952 5369 qui
3013 5298 3353 5354 nesciebant
3435 5315 3527 5355 cos

1871 5390 1994 5427 sum
2024 5389 2151 5428 esse
2182 5369 2628 5435 vermiculum,a
2651 5386 2764 5441 quo
2781 5369 3159 5426 abstinebant
3187 5370 3522 5428 sacerdotes

1876 5444 2043 5499 Isidis
2074 5448 2133 5498 et
2161 5442 2416 5515 Cybeles,
2455 5443 2518 5496 ut
2547 5447 2717 5497 antea
2747 5441 3119 5498 observatum
3153 5460 3186 5498 a
3217 5442 3388 5498 nobis
3409 5447 3520 5501 est.

1871 5516 2160 5571 Maurum.

1940 5587 1962 5621 ³
1983 5592 2144 5653 Mss.,
2176 5587 2254 5639 ita
2284 5588 2335 5640 et
2389 5584 2582 5639 omnia

1869 5657 2283 5730 ’I‘ertullianus,
2323 5679 2341 5704 ι
2369 5654 2510 5710 lluic
2541 5654 2740 5730 divina
2762 5658 3094 5730 constabat,
3154 5674 3333 5730 quam
3388 5659 3518 5719 dia-

1865 5729 2039 5795 holus
2069 5727 2403 5789 divinarum
2434 5726 3025 5789 emulatorimitatur
3051 5726 3103 5804 »⁷,
3135 5726 3246 5789 etc.

2638 5599 2763 5655 qua?
2818 5585 2879 5639 in
2936 5585 3349 5642 aemulationem
3403 5590 3515 5644 etc.
