3944 6396
404 333 520 421 327

1658 333 1721 395 S.
1769 325 2079 396 EUSEBII
2123 320 2595 397 HIERONYMII

3679 332 3795 405 328

405 466 522 539 ptis
551 466 781 522 duobus
812 462 1092 537 gradibus
1125 463 1408 523 bonorum
1441 465 1868 537 malorumque,
1890 464 2052 520 nulla
2080 466 2126 531 Α
2166 464 2265 535 qui
2299 463 2508 535 diligit.
2542 462 2785 517 veniunt
2808 462 2911 530 (At.
2948 460 3124 536 venit]
3157 463 3227 517 ad
3259 463 3592 522 eumPater
3617 470 3674 521 et
3702 467 3793 525 Fi-

402 553 711 610 diversitas
742 553 1055 609 invenitur.
1091 552 1197 620 Qui
1229 558 1319 611 est
1355 555 1579 626 justus,
1612 554 1860 626 eripitur
1897 571 1910 621 ;
1940 552 2046 624 qui

414 646 702 714 peccator,
735 643 858 714 pari
889 647 1123 697 voratur
1152 642 1442 699 incendio.
1477 644 1603 699 Una
1651 643 1809 698 salus
1842 643 2049 697 libera-

402 730 479 785 tis
512 747 663 786 unus
694 730 968 785 interitus
989 732 1447 787 remanentibus.
1471 732 1553 787 Ne
1584 730 1887 804 paululum
1915 730 2046 802 qui-

400 819 534 874 dem
564 836 598 874 a
619 818 857 890 justitia
878 817 1317 888 declinandum,
1351 819 1568 877 indicio
1600 825 1689 875 est
1742 836 1886 874 uxor
1916 819 2043 873 Lot.

399 907 457 961 Si
492 911 712 974 autem,
741 907 955 979 inquit,
981 907 1123 962 mihi
1148 908 1393 980 opponis
1426 910 1533 979 (Al,
1561 909 1840 981 opponas)
1867 923 2048 980 quare

390 995 594 1066 justus
622 994 847 1051 laboret
878 994 935 1050 in
963 1012 1124 1067 pace,
1156 1001 1256 1051 aut
1287 997 1810 1068 persecutionibus,
1837 997 1885 1052 si
1917 994 2045 1050 nul-

398 1083 491 1139 lus
522 1083 817 1157 prolectus
847 1088 957 1150 est,
1000 1101 1103 1139 nec
1135 1086 1358 1155 majora
1390 1086 1543 1143 855
1584 1086 1823 1158 prazmia
1854 1104 1867 1142 :
1894 1084 2045 1140 scias

398 1170 509 1226 hoc
537 1188 672 1227 eum
708 1171 915 1238 facere,
947 1189 1060 1227 non
1104 1179 1169 1227 ut
1217 1174 1349 1245 plus
1398 1175 1539 1246 quid
1591 1179 1903 1240 mereatur,
1943 1173 2043 1229 sed

396 1274 468 1314 ne
499 1259 707 1331 perdat
736 1260 891 1331 quod
923 1260 1160 1331 accepit.
1197 1261 1258 1315 In
1291 1266 1534 1334 Egypto
1567 1279 1801 1335 quoque
1844 1263 2043 1318 decem

397 1345 599 1420 plagas
648 1347 949 1419 aequaliter
1003 1364 1207 1404 omnes
1258 1351 1523 1406 sentiunt
1580 1356 1910 1423 peccatores
1943 1368 1955 1405 :
1989 1354 2046 1406 et

395 1435 619 1492 similes
652 1436 901 1491 tenebrae
933 1437 1170 1493 domino
1201 1442 1259 1493 et
1288 1455 1473 1509 servo,
1505 1439 1689 1495 nobili
1722 1445 1779 1495 et
1800 1439 2043 1512 ignobili

395 1523 517 1597 regi
546 1524 859 1581 imminent
883 1529 938 1581 et
967 1524 1163 1598 vulgo.
1197 1526 1428 1583 Sanctis
1451 1544 1584 1583 vero
1615 1528 1709 1583 Dei
1736 1531 1793 1583 et
1825 1526 2037 1600 populo

395 1611 574 1669 Israel
610 1630 728 1670 una
769 1618 896 1669 erat
926 1613 1043 1669 lux.
1095 1615 1203 1670 Sed
1238 1620 1293 1671 et
1349 1616 1408 1672 in
1440 1616 1587 1681 mari
1646 1617 1843 1672 Rubro
1892 1616 2041 1687 justi

392 1702 611 1773 pariter
663 1704 997 1769 transeunt,
1060 1709 1391 1775 peccatores
1441 1705 1657 1777 pariter
1691 1705 2037 1761 obruuntur.

2160 550 2296 619 lius,
2330 555 2387 607 et
2415 550 2475 606 in
2506 552 2636 622 ejus
2658 550 2923 606 habitant
2953 551 3062 620 (Al.
3104 549 3348 622 habitat]
3393 550 3665 625 hospitio,
3698 556 3793 612 Ubi

2161 645 2358 695 autem
2384 639 2788 710 hujuscemodi
2822 639 3114 694 habitator
3143 644 3251 703 est,
3282 644 3419 711 puto
3463 641 3617 712 quod
3655 643 3793 700 nihil

2160 726 2363 781 deesse
2394 727 2579 798 possit
2609 727 2846 799 hospiti,
2898 728 2993 783 Sin
3052 730 3159 799 (Al.
3227 729 3308 800 Si)
3363 733 3557 784 autem
3613 730 3792 789 dicit:

2159 814 2337 869 Multae
2367 816 2676 870 mansiones
2731 823 2863 870 sunt
2911 814 3057 884 apud
3114 816 3336 871 Patrem
3389 832 3569 872 meum
3623 818 3791 889 (Joaa.

2159 919 2277 969 xxv,
2308 902 2385 969 2),
2418 919 2532 957 non
2564 903 2621 956 in
2656 920 2833 974 regno
2873 903 3146 958 caelorum
3206 904 3466 960 diversas
3514 904 3794 978 significat

2159 990 2493 1046 mansiones
2520 1008 2533 1047 :
2568 993 2668 1046 sed
2701 992 3084 1048 Ecclesiarum
3111 992 3167 1048 in
3192 998 3312 1049 toto
3331 993 3788 1063 orbenumerum

2161 1095 2289 1150 quae
2322 1084 2551 1136 constat
2583 1097 2698 1135 una
2726 1097 2827 1152 per
2847 1086 3094 1153 septem.
3132 1082 3291 1148 Vada,
3324 1081 3541 1154 inquit,
3573 1087 3621 1138 et
3646 1099 3789 1155 prae-

2151 1168 2354 1237 parabo
2387 1170 2534 1222 vobis
2564 1168 2742 1224 locum
2776 1168 2959 1240 (Ibid,,
3002 1172 3079 1239 2),
3112 1187 3228 1225 non
3278 1168 3424 1226 loca.
3467 1171 3523 1226 Si
3558 1171 3676 1226 haec
3705 1187 3789 1227 re-

2157 1255 2468 1325 promissio
2498 1257 2732 1330 proprie
2764 1258 3071 1313 duodecim
3104 1258 3500 1331 apostolorum
3530 1265 3638 1323 est,
3661 1277 3787 1335 ergo

2155 1342 2372 1400 Paulus
2396 1344 2668 1401 exclusus
2698 1352 2785 1401 est
2816 1347 2887 1402 de
2919 1346 3026 1402 hoc
3069 1347 3213 1417 loco,
3250 1352 3307 1403 et
3338 1347 3641 1405 electionis
3694 1365 3789 1404 vas

2155 1433 2490 1504 superfluus
2514 1435 2812 1506 putabitur
2842 1440 2898 1490 et
2929 1435 3227 1507 indignus.
3259 1436 3519 1492 Joannes
3548 1441 3605 1492 et
3631 1436 3789 1493 Jaco-

2155 1521 2286 1588 bus,
2322 1522 2461 1592 quia
2492 1521 2626 1594 plus
2658 1522 2877 1578 caeteris
2929 1524 3243 1594 petierunt,
3278 1542 3395 1581 non
3457 1525 3789 1597 impetrave-

2161 1611 2299 1664 runt
2329 1626 2342 1675 ;
2376 1614 2435 1665 et
2464 1614 2660 1665 tamen
2693 1628 2807 1666 non
2840 1616 2929 1666 est
2958 1612 3211 1683 dignitas
3243 1629 3444 1668 eorum
3487 1614 3791 1670 imminuta

2164 1696 2302 1768 quia
2329 1696 2573 1771 reliquis
2617 1699 2896 1770 apostolis
2948 1700 3202 1773 aequales
3260 1702 3515 1757 fuerunt.
3574 1702 3791 1758 Nescitis

391 1790 675 1846 Sexcenta
704 1789 1015 1846 hominum
1049 1791 1256 1859 millia,
1292 1799 1530 1865 excepta
1561 1793 1781 1849 imbelli
1804 1798 1968 1849 aetate
1985 1798 2041 1849 et
2071 1832 2116 1896 Β
2152 1788 2281 1896 quia
2310 1802 2540 1896 corgoora
2572 1789 3068 1896 vestramt‘ez‘nlni'lum
3091 1795 3194 1896 ,εει
3244 1790 3488 1891 Spiritus
3538 1792 3713 1846 sancti
3746 1791 3792 1859 (Ι

394 1894 557 1950 sexu,
589 1878 648 1933 in
680 1879 908 1935 deserto
938 1879 1239 1952 mqualiter
1269 1880 1613 1937 liberantur.
1648 1887 1756 1937 Per
1785 1884 2035 1955 quadra-

391 1966 553 2039 ginta
572 1983 757 2023 annos
788 1972 1033 2023 cunctus
1066 1969 1239 2025 Israel
1274 1969 1548 2025 similiter
1578 1968 1803 2027 laborat
1832 1976 1888 2026 et
1918 1988 2039 2026 mo-

392 2055 786 2112 ritur.Gomor
816 2072 1043 2112 mannae
1077 2058 1368 2115 universis
1390 2058 1656 2115 aetatibus
1680 2077 1795 2115 una
1821 2060 1875 2115 in
1910 2062 2037 2116 cibo

393 2150 673 2200 mensura
702 2149 791 2201 est
824 2163 836 2200 :
869 2146 1118 2202 vestitus
1149 2148 1364 2219 pariter
1400 2165 1515 2203 non
1546 2149 1908 2216 deteruntur,
1943 2166 2035 2205 ca-

390 2230 516 2303 pilli
549 2232 727 2288 simul
756 2250 870 2288 non
898 2239 1212 2305 augentur,
1243 2235 1426 2292 barba
1474 2236 1533 2291 in
1570 2254 1879 2293 commune
1921 2254 2035 2293 non

387 2321 616 2387 crescit,
650 2321 1045 2378 calceamenta
1074 2338 1140 2378 ex
1172 2340 1336 2395 aequo
1360 2327 1637 2381 omnibus
1664 2326 2032 2381 durant.Non

387 2408 703 2466 incalluere
734 2412 911 2482 pedes
946 2428 958 2466 :
994 2412 1160 2467 cibus
1191 2412 1250 2467 in
1281 2430 1377 2468 ore
1408 2419 1754 2470 cunctorum
1798 2414 2036 2487 aequali-

390 2502 478 2553 ter
507 2498 767 2570 sapit.Ad
804 2500 1170 2555 mansionem
1205 2517 1384 2556 unam
1419 2503 1540 2573 pari
1575 2501 1772 2558 labore
1803 2508 1859 2557 et
1887 2520 2035 2558 mer.

389 2586 526 2641 cede
554 2587 897 2659 pergebant.
932 2587 1135 2643 Omnis
1170 2590 1446 2645 Ilebrmus
1477 2591 1699 2661 aequale
1730 2591 1905 2646 habet
1935 2609 2036 2663 pa-

390 2674 553 2741 scha,
616 2673 869 2746 aequales
934 2676 1332 2749 scenopegias,
1417 2678 1641 2750 aequale
1701 2679 2035 2749 sabbatum,

387 2761 639 2833 aequales
699 2762 1057 2819 neomenias.
1116 2766 1374 2836 Septimo
1436 2766 1818 2837 requietionis
1882 2784 2037 2823 anno

391 2851 613 2923 absque
646 2867 1029 2923 personarum
1085 2853 1434 2909 discretione
1492 2854 1827 2921 dimittitur,
1872 2860 1927 2910 et
1978 2856 2033 2910 in

380 2938 621 3009 jubilazo
655 2939 924 2995 universa
955 2941 1408 2997 cunctis‘debita
1461 2942 1815 3012 relaxantur,
1860 2949 2036 3016 atque

391 3028 460 3083 ad
494 3028 793 3099 antiquam
830 3031 1258 3101 possessionem
1289 3032 1557 3087 venditor
1585 3032 1753 3087 redit.
1793 3056 1819 3081 »

463 3118 548 3184 19,
582 3118 925 3174 Parabolam
959 3125 1156 3174 autem
1190 3119 1246 3175 in
1278 3120 1587 3190 Evangelio
1646 3122 1857 3193 (Matth.
1909 3140 2031 3186 xm,

2150 1875 2272 1929 Cor.
2308 1892 2391 1943 ιη,
2427 1877 2513 1941 16,
2547 1886 2598 1931 et
2631 1895 2707 1942 vx,
2745 1878 2831 1948 19)
2862 1877 2890 1931 ‘I
2922 1879 3219 1950 Templum,
3265 1879 3481 1952 inquit,
3533 1888 3628 1947 est,
3679 1895 3787 1936 non

2147 1962 2368 2035 templa
2402 1982 2414 2032 ;
2449 1969 2512 2019 ut
2536 1964 2805 2021 similiter
2826 1965 2882 2020 in
2907 1967 3181 2024 omnibus
3202 1967 3586 2025 habitatorem
3610 1972 3787 2024 osten-

2147 2050 2307 2105 deret
2338 2051 2540 2107 Deum.
2566 2055 2680 2108 Non
2708 2070 2805 2124 pro
2833 2053 2918 2108 his
2950 2071 3073 2125 rogo
3129 2060 3361 2123 tantum,
3415 2056 3510 2112 sed
3558 2071 3659 2128 pro
3683 2054 3785 2109 illis

2148 2141 2246 2211 qui
2272 2140 2541 2195 credituri
2567 2146 2695 2196 sunt
2722 2157 2819 2211 per
2868 2142 3092 2197 verbum
3146 2160 3335 2199 eorum
3387 2145 3449 2199 in
3503 2159 3623 2199 me:
3654 2144 3786 2199 sicut

2147 2236 2226 2297 tu,
2247 2233 2435 2301 Pater,
2468 2232 2528 2284 in
2557 2247 2645 2286 me
2676 2235 2725 2286 et
2754 2247 2850 2300 ego
2871 2233 2930 2286 in
2961 2236 3011 2286 te
3035 2249 3206 2287 unum
3234 2249 3421 2288 sumus
3455 2253 3475 2293 :
3506 2235 3585 2289 ita
3611 2246 3785 2288 omnes

2154 2334 2323 2373 unum
2352 2319 2465 2373 sint
2497 2321 2556 2374 in
2587 2321 2759 2375 nobis.
2794 2321 3043 2376 Gloriam
3074 2337 3237 2391 quam
3265 2320 3469 2377 dedisti
3513 2318 3787 2389 mihi,dedi

2156 2408 2278 2462 eis:
2320 2408 2504 2462 υἱιρωί
2550 2424 2655 2473 eos,
2708 2410 2847 2462 sicut
2889 2426 2975 2463 me
3017 2408 3271 2465 dilexisti
3316 2412 3495 2481 (Joan,
3539 2427 3675 2474 xvu,
3702 2409 3789 2465 20-

2150 2494 2264 2565 23).
2296 2496 2366 2550 Et
2395 2496 2688 2567 quomodo
2720 2513 2825 2551 nos
2852 2513 3059 2553 sumus
3092 2497 3259 2553 Pater
3290 2504 3346 2554 et
3377 2499 3563 2556 Filius
3590 2504 3646 2554 et
3672 2496 3786 2570 Spio

2150 2584 2298 2639 ritus
2331 2590 2570 2641 sanctus
2601 2602 2754 2640 unus
2788 2591 2958 2652 Deus,
3020 2586 3103 2642 sic
3132 2593 3189 2642 et
3246 2605 3399 2645 unus
3450 2586 3699 2661 populus
3725 2586 3779 2640 in

2149 2672 2294 2744 ipsis
2327 2672 2425 2740 sit,
2457 2673 2565 2728 hoc
2596 2679 2704 2742 est,
2739 2676 2905 2747 quasi
2942 2675 3044 2730 filii
3075 2675 3646 2749 charissimi,divina3
3675 2691 3775 2731 con

2159 2765 2345 2817 sortes
2375 2766 2880 2835 naturae.Sponsa,
2907 2780 3091 2831 soror,
3137 2770 3343 2832 mater,
3406 2771 3466 2821 et
3523 2781 3781 2839 quaecun-

2150 2865 2264 2921 que
2292 2849 2404 2905 afia
2435 2852 2727 2923 putaveris
2760 2852 3058 2920 vocabula,
3114 2854 3289 2909 unius
3342 2854 3616 2912 Ecclesiae
3654 2869 3779 2909 con-

2144 2939 2404 3011 gregatio
2435 2945 2542 3010 est,
2593 2958 2719 3013 qua:
2772 2959 3072 3013 nunquam
3106 2947 3197 2997 est
3226 2943 3352 2999 sine
3410 2960 3627 3017 sponso
3680 2941 3777 3012 (Al.

2146 3028 2403 3100 sponsa),
2437 3028 2629 3094 fratre,
2664 3030 2802 3086 filio.
2833 3031 3018 3086 Unam
3051 3030 3225 3088 habet
3254 3032 3455 3100 fidem,
3508 3049 3611 3088 nec
3653 3046 3779 3086 con-

2147 3121 2448 3188 stupratur
2504 3118 2844 3191 dogmatum
2912 3120 3206 3185 varietate,
3294 3137 3400 3176 nec
3475 3120 3781 3178 beresibus

389 3210 446 3261 et
474 3207 603 3262 Luc.
633 3208 764 3279 VIII)
796 3207 1163 3271 seminantis,
1199 3209 1255 3264 in
1290 3226 1403 3281 qua
1433 3210 1492 3265 in
1526 3190 1679 3265 terra
1715 3212 1868 3267 bona
1896 3229 2028 3267 cen-
2062 3195 2105 3263 C
2142 3203 2452 3262 scinditur.
2482 3190 2657 3279 Virgo
2704 3212 3019 3279 permanet.
3083 3210 3442 3282 Quocunque
3498 3210 3653 3268 vadit
3680 3190 3801 3279 (ΑΝ

391 3295 634 3350 tesimus
657 3300 713 3351 et
739 3297 1141 3368 sexagesimus
1164 3301 1220 3352 et
1240 3298 1607 3355 tricessimus
1640 3300 1865 3355 fructus
1896 3317 2034 3356 exo-

390 3382 573 3438 ritur:
595 3386 651 3438 et
673 3398 703 3438 e
733 3385 1020 3441 contrario
1052 3386 1110 3439 in
1134 3390 1289 3441 terra
1304 3386 1689 3460 mala,triplcx
1712 3389 2035 3445 sterilitatis

389 3470 640 3527 varietas
670 3471 984 3544 indicatur,
1012 3473 1071 3529 in
1119 3475 1266 3531 duos
1318 3476 1551 3531 ordines
1607 3476 1837 3549 dividit,
1868 3479 2031 3533 bona:

389 3564 552 3614 terra:
583 3564 639 3615 et
670 3560 857 3616 malae.
896 3584 923 3611 «
955 3563 1022 3617 Et
1051 3564 1342 3634 quomodo
1382 3565 1663 3637 apostolis
1711 3584 1812 3638 pro
1866 3568 2033 3623 dere-

388 3647 541 3704 lictis
568 3647 705 3705 filiis
737 3654 793 3705 et
824 3651 1129 3719 uxoribus,
1178 3652 1235 3707 in
1281 3652 1392 3708 alio
1444 3652 1747 3727 Evangelio
1796 3656 2033 3721 centies,

391 3737 449 3791 in
483 3736 596 3793 alio
630 3739 845 3811 septies
872 3739 1156 3795 Dominus
1198 3741 1548 3813 repromittit
1578 3744 1592 3811 (
1618 3744 2033 3816 4l.promittit),

388 3831 443 3880 et
474 3826 529 3881 in
564 3826 763 3883 futuro
798 3828 973 3883 vitam
1002 3834 1277 3885 aeternam
1325 3831 1534 3901 (Matth.
1572 3849 1687 3899 xix,
1720 3834 1790 3886 29
1825 3851 1837 3900 ;
1871 3833 2031 3888 Mars.

388 3932 440 3977 κ,
474 3915 545 3969 30
576 3933 589 3982 ;
620 3916 747 3972 Luc.
773 3932 917 3971 xvm
950 3917 1020 3971 30
1051 3918 1068 3989 )
1104 3935 1115 3972 :
1154 3918 1430 3991 nullaque
1462 3921 1739 3977 distantia
1771 3921 2037 3977 estinter

391 4006 647 4069 centum,
679 4009 735 4060 et
765 4011 989 4077 septem
1026 4027 1040 4069 ς
1075 4008 1158 4063 sic
1188 4015 1243 4063 et
1290 4008 1346 4062 in
1382 4007 1489 4064 hoc
1522 4011 1534 4043 ¹
1564 4027 1870 4066 numerum
1919 4029 2032 4067 non

392 4092 579 4147 facere
607 4094 1141 4164 praejudiciummbi
1174 4097 1352 4168 hujus
1385 4102 1549 4154 terra:
1584 4099 1851 4155 fertilitas
1884 4118 2034 4173 prae-

391 4179 621 4235 dicatur
649 4197 662 4235 :
697 4183 1015 4253 praesertim
1047 4200 1179 4239 cum
1211 4190 1266 4239 et
1288 4187 1653 4259 Evangelista
1680 4188 1911 4246 Marcus
1954 4208 2035 4246 re-

391 4272 649 4323 trorsum
681 4275 950 4325 numeret
991 4272 1252 4344 triginta,
1307 4276 1608 4347 sexaginta
1664 4281 1721 4333 et
1774 4283 2030 4334 centum.

394 4354 544 4411 Dicit
571 4355 855 4413 Dominus
887 4377 899 4414 :
931 4359 1049 4429 {Qui
1101 4360 1395 4417 manducat
1450 4381 1627 4420 meam
1682 4383 1925 4433 carnem,
1984 4373 2035 4423 et

395 4445 531 4500 bibit
560 4462 743 4501 meum
771 4449 1099 4519 sanguinem
1132 4451 1189 4503 in
1245 4466 1331 4506 me
1388 4462 1588 4519 manet,
1636 4459 1683 4509 et
1716 4472 1809 4526 ego
1849 4458 1907 4511 in
1938 4456 2034 4513 illo

392 4536 567 4632 (Joau.
602 4551 683 4603 v1,
713 4537 1025 4632 §_7),.Sicut
1070 4554 1231 4632 ergo
1266 4540 1394 4595 sine
1454 4541 1653 4632 aliqua
1709 4545 2035 4601 differentia
2067 4566 2112 4632 Ι)

391 4624 683 4695 graduum
705 4624 975 4681 Christus
1005 4626 1065 4681 in
1097 4628 1266 4684 nobis
1300 4633 1388 4684 est
1418 4647 1431 4698 ;
1467 4630 1546 4686 ita
1569 4636 1625 4687 et
1655 4650 1759 4688 nos
1790 4632 1847 4688 in
1880 4634 2038 4691 Chri-

392 4718 482 4769 sto
512 4713 640 4770 sine
669 4714 948 4787 gradibus
981 4732 1208 4772 sumus.
1244 4718 1433 4774 Omnis
1464 4722 1561 4790 qui
1578 4721 1765 4791 diligit
1792 4740 1896 4791 me,
1921 4741 2035 4779 ser-

392 4818 607 4858 monem
639 4819 823 4858 meum
850 4805 1106 4873 servabit,
1137 4814 1186 4861 et
1243 4809 1410 4863 Pater
1457 4824 1609 4864 meus
1666 4810 1861 4881 diliget
1888 4829 2031 4868 eum.

390 4893 439 4947 et
469 4890 625 4948 858
654 4891 725 4947 ad
754 4909 879 4947 eum
904 4896 1204 4959 veniemus,
1236 4904 1290 4950 et
1319 4900 1661 4953 mansionem
1712 4901 1863 4971 apud
1914 4918 2037 4957 eum

390 4981 658 5053 faciemus
687 4982 864 5053 (Joan.
898 4999 1008 5051 xuv,
1066 4984 1179 5050 23).
1234 4985 1342 5050 Qui
1391 4986 1594 5057 justus
1653 4994 1762 5058 est,
1796 4989 2031 5064 diligit:

464 5211 487 5245 ²
514 5210 742 5292 Scilicet
770 5212 967 5292 in_hoc
998 5214 1325 5292 Evangelia,
1358 5216 1476 5292 sive
1506 5218 1800 5292 Evangelii
1842 5238 2033 5280 exem-

396 5281 493 5355 plo
526 5298 540 5336 :
573 5287 743 5339 antea
769 5286 923 5340 enim
955 5281 1257 5359 perperam
1288 5289 1591 5359 legebatur
1612 5281 1788 5347 invitae
1810 5312 2037 5352 numero

397 5370 501 5436 pro
530 5369 839 5437 uumerum.
872 5358 1050 5437 gaulo
1085 5364 1227 5437 post
1247 5358 1537 5429 mss,,sine
1558 5363 1747 5435 aliqua
1776 5365 2036 5437 differen-

397 5426 484 5499 tia
507 5433 558 5499 e_t
583 5426 850 5496 gradibus
881 5426 1149 5499 Christus,
1182 5435 1290 5485 etc.

467 5496 489 5531 ³
517 5496 675 5580 Duos
707 5501 999 5580 msgcestis
1031 5496 1141 5580 :et:
1157 5500 1324 5571 paulo
1358 5505 1487 5580 post
1514 5503 1921 5580 Gisterciensis
1941 5512 2039 5580 qui

396 5569 663 5645 crepituri
688 5578 817 5645 sunt
844 5571 904 5623 in
933 5586 1042 5638 me,
1092 5569 1725 5645 etcum—Veronensi,
1786 5584 1843 5635 ut
1897 5569 2039 5638 sicut

396 5653 523 5735 ego,
554 5640 740 5716 Pater,
774 5643 833 5699 in
860 5649 933 5713 te,
962 5644 1017 5700 et
1044 5650 1105 5701 tu
1147 5645 1207 5702 in
1262 5660 1349 5703 me
1405 5661 1581 5706 unum
1634 5640 1842 5723 sumus,
1901 5658 2034 5728 etc.,

2141 3294 2332 3364 vadet)
2356 3311 2563 3367 agnus,
2596 3296 2864 3368 sequitur
2893 3295 3060 3352 illum
3092 3315 3105 3353 :
3139 3297 3265 3353 sola
3299 3298 3460 3356 novit
3490 3297 3779 3356 Canticum

2144 3382 2375 3438 Christi.

2211 3473 2300 3525 20.
2338 3494 2363 3519 ››
2390 3472 2449 3527 Si
2481 3477 2696 3542 autem,
2732 3473 2943 3545 inquit,
2975 3475 3117 3531 mihi
3151 3478 3523 3549 opposueris,
3554 3477 3775 3534 Stellaa

2139 3560 2303 3615 stella
2341 3561 2523 3631 cli/fert
2555 3564 2613 3617 in
2642 3563 2916 3631 claritate,
2950 3565 3173 3631 audies,
3207 3565 3438 3624 differre
3490 3565 3711 3624 stellam
3752 3578 3782 3619 a

2142 3647 2331 3716 stella,
2365 3648 2471 3703 hoc
2517 3655 2625 3719 est,
2686 3651 3021 3723 spirituales
3078 3670 3112 3709 a
3160 3654 3519 3713 carnalibus.
3583 3651 3782 3711 Omnia

2142 3738 2404 3791 membra
2433 3739 2733 3809 aequaliter
2762 3739 3092 3813 diligimus,
3125 3760 3231 3797 nec
3282 3743 3521 3800 oculum
3563 3756 3775 3817 praepo-

2144 3825 2342 3880 nimus
2373 3826 2577 3898 digito,
2613 3845 2717 3884 nec
2739 3828 2986 3901 digitum
3009 3829 3283 3887 auriculae
3313 3848 3324 3886 :
3361 3834 3463 3889 sed
3496 3832 3554 3888 in
3585 3830 3775 3902 singu-

2145 3912 2331 3967 lorum
2355 3914 2689 3984 amissione,
2710 3918 3105 3973 membrorum
3122 3920 3453 3976 communis
3477 3919 3641 3977 dolor
3667 3920 3769 3973 est.

2136 3996 2462 4073 YEqualiter
2492 4003 2804 4060 introimus
2837 4008 2895 4061 in
2929 4006 3037 4062 hoc
3069 4006 3373 4074 sarculum,
3398 4015 3455 4065 et
3485 4006 3775 4081 aequaliter

2143 4091 2214 4145 de
2262 4108 2327 4146 eo
2358 4093 2711 4165 egredimur.
2773 4093 2935 4151 Unus
2985 4096 3172 4153 Adam
3228 4102 3517 4166 terrenus,
3550 4103 3604 4153 et
3646 4094 3782 4151 alter

2143 4179 2412 4236 caelestis.
2448 4181 2595 4237 851
2627 4182 2734 4246 Qui
2782 4184 2840 4239 in
2871 4187 3099 4240 terreno
3130 4185 3321 4253 fuerit,
3355 4204 3386 4242 a
3420 4185 3675 4243 sinistris
3700 4185 3780 4239 est

2142 4271 2199 4323 et
2230 4269 2442 4340 peribit
2474 4287 2487 4325 :
2522 4270 2623 4341 qui
2655 4271 2711 4325 in
2742 4271 2975 4340 cmlesti,
3010 4291 3043 4329 a
3072 4273 3291 4331 dextris
3317 4280 3425 4344 est,
3458 4281 3517 4333 et
3547 4270 3778 4331 salvebi-

2143 4361 2259 4412 tur.
2293 4357 2399 4421 Qui
2433 4358 2594 4414 fratri
2625 4360 2833 4416 dixerit
2859 4362 3033 4429 fatue,
3060 4367 3115 4418 et
3164 4379 3319 4431 raca,
3355 4380 3490 4422 reus
3542 4362 3648 4420 erit
3687 4375 3778 4434 ge-

2145 4445 2368 4501 hennae.
2403 4451 2470 4501 Et
2495 4448 2595 4520 qui
2628 4447 2923 4505 homicida
2954 4450 3127 4506 fuerit
3159 4456 3216 4507 et
3247 4451 3496 4520 adulter,
3527 4453 3780 4509 mittetur

2144 4534 2414 4591 similiter
2440 4535 2499 4590 in
2529 4536 2881 4608 gehennam.
2917 4539 2981 4594 In
3019 4542 3422 4612 persecutione
3447 4543 3550 4615 qui
3595 4542 3779 4595 incen-

2146 4624 2322 4693 ditur,
2358 4624 2457 4697 qui
2489 4626 2827 4698 suffocatur,
2862 4629 2961 4700 qui
3012 4628 3388 4705 deccollatur,
3421 4632 3521 4703 qui
3559 4624 3776 4703 fugerit.

2145 4714 2246 4784 qui
2273 4712 2330 4767 in
2353 4730 2583 4770 carcere
2609 4715 2875 4773 inclusus
2901 4717 3111 4774 obierit
3133 4736 3146 4774 :
3169 4718 3330 4775 varia
3360 4719 3599 4793 quidem
3620 4716 3780 4773 lucta

2144 4818 2377 4873 genera,
2413 4803 2512 4858 sed
2545 4820 2663 4860 una
2693 4822 2906 4862 corona
2945 4806 3231 4864 victorum
3292 4813 3399 4865 est.
3461 4811 3616 4866 Inter
3654 4818 3777 4862 sum

2144 4890 2382 4946 fratrem
2397 4891 2497 4964 qui
2510 4909 2742 4966 semper
2763 4912 2832 4950 cu
2843 4912 2896 4950 m
2912 4901 3075 4967 patre
3097 4897 3371 4965 fuerat,et
3390 4898 3491 4971 qui
3513 4913 3645 4955 eum
3657 4907 3777 4968 pos-

2146 4983 2239 5033 tea
2269 4981 2558 5050 pcenitens
2588 4988 2677 5038 est
2704 4989 2992 5057 receptus.
3020 4985 3180 5041 nulla
3200 4985 3505 5044 diversitas
3526 4984 3779 5055 εει.ομ-

2146 5066 2318 5124 rariis
2347 5070 2549 5141 primas
2580 5070 2758 5139 horze,
2790 5076 2846 5128 et
2894 5072 3098 5142 tertiae,
3148 5079 3205 5130 et
3250 5080 3445 5145 sextae,
3494 5080 3553 5133 et
3598 5086 3775 5137 nonis,

2146 5316 2273 5381 quae
2307 5301 2543 5381 quidem
2577 5300 2745 5381 lectio
2798 5305 3097 5381 antiquior
3127 5306 3297 5381 longe
3352 5309 3582 5365 videtur
3634 5315 3776 5367 esse,

2147 5372 2531 5453 sive_vcte_ris_
2590 5372 3375 5453 Latinminterpretationis.
3437 5396 3612 5453 quam
3670 5387 3776 5453 9w

2145 5442 2330 5498 oculis
2361 5443 2614 5501 habebat
2642 5442 3029 5517 Jovinianus;
3056 5453 3289 5508 tametsi
3340 5442 3536 5508 Graico
3583 5442 3777 5517 arche-

2146 5517 2282 5589 typo
2315 5521 2929 5589 nongrespondeatAd
2953 5515 3087 5577 eum
3121 5523 3361 5579 modum
3392 5524 3602 5579 iterum
3634 5515 3777 5574 intra

2146 5585 2867 5668 legitur,_Vid.'pag.__370,
2888 5598 3019 5668 _not.
3049 5594 3250 5668 ordine
3282 5595 3489 5668 prima,
3529 5590 3777 5665 Denique

2146 5602 2379 5715 legitur,
2419 5602 2538 5642 για.
2574 5606 2706 5663 pag.
2742 5602 2867 5662 370,
2901 5602 3019 5649 not.
3049 5602 3250 5651 ordine
3282 5602 3467 5668 prima

2145 5656 2205 5718 di
2228 5661 2397 5719 existi
2418 5675 2506 5719 eos
2535 5677 2641 5737 pro
2671 5663 2857 5724 dilexi
2883 5665 2943 5725 in
2975 5681 3118 5727 mss.
3154 5666 3467 5731 invenitur.
