3944 6462
1215 403 1636 469 ADVERSUS
1680 404 2165 471 JOVINIANUM
2214 406 2359 469 LIB.
2407 407 2485 468 ll.

3432 402 3555 472 330

182 539 569 611 etundeoima,
602 554 758 596 unus
789 539 1070 595 denacius
1112 538 1414 609 aequaliter
1472 540 1739 595 redditur
1771 557 1784 594 :
1818 543 1871 607 Α
1904 540 2181 595 scribitur
2212 541 2317 610 [AL
2343 540 2701 611 ascribiturj.
2743 542 2855 595 Aut
2876 540 3182 597 reverteris
3235 540 3417 612 igitur
3472 532 3545 598 ad

182 637 225 689 et
250 647 350 704 quo
377 629 566 703 magis
595 629 927 697 admireris,
962 629 1034 684 ab
1067 627 1159 683 his
1191 627 1398 700 incipit
1455 630 1785 699 praemium,

178 721 256 792 qui
284 718 464 775 minus
493 718 551 773 in
580 717 1117 797 vinealaborarunt
1148 718 1257 788 [Αι.
1292 716 1617 789 laborant].
1658 740 1686 768 ››

227 809 304 864 2i.
333 809 714 879 Hieronymus.
766 807 1101 864 Pranticatio
1154 807 1485 862 Antichristi
1534 823 1682 864 vera.
1720 839 1786 850 —

180 896 263 954 liis
288 902 339 953 et
363 896 766 968 hujuscemodi
797 896 1127 952 divinarum
1158 895 1592 968 Scripturarum
1618 899 1785 953 testi-

176 986 379 1056 moniis,
408 1003 535 1058 quas
565 986 637 1042 ad
671 987 1108 1058 perversitatem
1163 985 1254 1041 sui
1314 986 1607 1058 dogmatis
1655 986 1789 1042 Cali-

177 1075 270 1132 dus
289 1074 607 1147 disputator
627 1074 886 1143 inclinat,
902 1076 1035 1148 quis
1057 1091 1168 1129 non
1197 1078 1455 1130 tentetur
1478 1076 1654 1131 etiam
1676 1076 1787 1132 ele—

177 1169 370 1221 ctorum
393 1164 543 1221 Dei?
562 1166 634 1221 Et
663 1166 817 1238 quod
838 1165 1094 1220 Joannes
1116 1163 1415 1236 apostolus
1455 1165 1666 1220 Antich
1678 1166 1786 1221 ris-

182 1258 257 1311 to's
276 1254 402 1310 dicit
419 1254 649 1312 venisse
670 1253 888 1311 multos
906 1256 952 1322 (Ι
973 1256 1131 1310 Joan.
1164 1271 1228 1320 11,
1262 1254 1371 1325 18),
1397 1253 1516 1308 hmc
1543 1270 1676 1309 vera
1699 1259 1786 1310 est

173 1342 482 1400 Antichristi
503 1343 856 1416 praedicatio,
881 1360 1009 1416 qua:
1030 1344 1180 1400 inter
1205 1344 1400 1416 ipsum
1418 1344 1706 1400 Joannem
1730 1348 1787 1400 et

175 1432 414 1489 ultimum
444 1435 823 1506 pmnitentem
847 1432 1070 1489 nullam
1105 1433 1386 1488 facitesse
1417 1434 1782 1490 distantiam.

169 1521 441 1594 Simulque
482 1523 683 1589 miror,
748 1523 1046 1595 quomodo
1103 1539 1347 1595 serpens
1408 1523 1672 1579 lubricus
1730 1531 1789 1581 et

173 1610 387 1668 Proteus
416 1617 616 1668 noster
642 1611 701 1668 in
731 1612 1029 1668 variarum
1062 1628 1124 1669 se
1157 1618 1345 1668 mutet
1376 1618 1644 1684 portenta
1668 1615 1787 1669 for-

169 1717 391 1757 marum.
422 1700 535 1766 Qui
555 1701 713 1757 enim
745 1702 805 1757 in
838 1701 991 1757 coitu
1019 1706 1075 1756 et
1108 1702 1413 1757 saturitate
1464 1701 1785 1773 Epicureus

170 1794 261 1859 est,
288 1790 473 1847 subito
503 1790 564 1845 in
595 1789 977 1847 retributione
1008 1790 1351 1845 meritorum
1383 1790 1611 1846 Stoicus
1659 1792 1782 1846 effi-

168 1877 312 1934 citur.
339 1877 797 1952 Hierosolymam
819 1879 967 1935 Citio
998 1881 1036 1946 ¹,
1058 1879 1321 1934 Judaeum
1355 1880 1563 1952 Cypro,
1590 1879 1787 1935 Chris-

165 1970 273 2022 tum
301 1968 524 2024 Zenone
553 1972 898 2024 commutat.
929 1968 986 2022 Si
1010 1984 1126 2023 non
1185 1967 1322 2023 licet
1378 1984 1412 2023 a
1467 1968 1785 2025 virtutibus

165 2053 443 2127 paululum
475 2056 789 2123 declinare,
823 2061 882 2113 et
909 2056 1108 2112 omnia
1128 2062 1369 2129 peccata
1399 2063 1541 2112 sunt
1597 2059 1783 2130 paria,

164 2145 527 2217 ejusdemque
557 2145 820 2202 criminis
848 2162 1004 2212 reus,
1038 2145 1137 2218 qui
1198 2162 1409 2218 panem
1440 2148 1462 2180 ²
1520 2148 1785 2203 esuriens

164 2233 509 2305 surripuerit,
542 2240 602 2290 et
632 2234 731 2306 qui
774 2234 1074 2291 hominem
1132 2235 1456 2291 occiderit:
1524 2241 1587 2291 tu
1649 2253 1788 2309 quo-

162 2326 259 2394 que
277 2325 668 2379 maximorum
698 2322 984 2379 scelerum
1016 2340 1150 2379 reus
1182 2323 1399 2379 teneris
1444 2325 1558 2395 [Αι.
1622 2329 1785 2381 tene-

162 2411 340 2484 beris].
374 2418 554 2469 Porro
585 2413 745 2469 aliud
778 2418 888 2481 est,
918 2413 968 2468 si
998 2418 1054 2470 te
1082 2414 1245 2469 dicas
1276 2431 1346 2469 ne
1382 2414 1629 2470 minima
1651 2415 1786 2487 qui-

161 2501 274 2557 dem
302 2503 521 2559 habere
552 2507 879 2575 peccata,et
912 2520 1043 2559 cum
1069 2520 1274 2560 omnes
1305 2503 1551 2575 apostoli
1583 2510 1639 2560 et
1663 2521 1789 2576 pro—

160 2590 343 2663 phetae,
376 2598 434 2648 et
464 2593 872 2663 sancti,juxta
915 2592 974 2647 id
1007 2593 1163 2665 quod
1224 2591 1281 2647 in
1337 2593 1597 2648 secunda
1654 2610 1785 2665 pro-

157 2680 419 2749 positione
450 2682 729 2746 disserui,
762 2686 1090 2754 peccatores
1120 2698 1249 2737 esse
1280 2698 1341 2736 se
1370 2681 1672 2754 plangant,
1694 2699 1787 2737 so-

160 2768 242 2824 lus
268 2771 601 2843 dejustitia
633 2770 919 2844 glorieris.
982 2774 1132 2826 Ante
1186 2772 1345 2826 nudo
1404 2788 1536 2827 eras
1595 2772 1785 2843 pede:

162 2860 315 2915 modo
345 2877 463 2916 non
498 2860 694 2917 solum
716 2862 992 2928 calcceto,
1042 2861 1146 2915 sed
1177 2864 1234 2915 et
1291 2865 1515 2916 ornato.
1575 2866 1736 2917 Tunc
1768 2861 1790 2896 ³

162 2964 287 3018 pexa
311 2950 515 3007 tunica
537 2954 595 3005 et
617 2950 785 3023 nigra
812 2949 1101 3007 subucula
1130 2948 1493 3016 vestiebaris,
1526 2951 1790 3007 sordida-

160 3040 260 3104 tus,
290 3039 442 3097 858
465 3045 527 3096 et
556 3038 833 3113 pallidus,
863 3043 921 3095 et
959 3038 1237 3095 callosam
1269 3056 1444 3111 opere
1501 3041 1788 3111 gestitans

161 3142 381 3185 manum
410 3147 425 3197 ;
460 3146 625 3186 nunc
655 3128 828 3185 lineis
859 3133 916 3184 et
950 3128 1153 3184 sericis
1194 3128 1481 3197 vestibus,
1514 3134 1571 3184 et
1624 3132 1790 3184 Atre-

161 3214 338 3274 batum
370 3219 480 3289 [Αι.
518 3218 956 3289 Atrebatarum]
979 3234 1045 3273 ac
1072 3217 1366 3273 Laodicea:
1425 3217 1789 3273 indumentis

1900 631 2212 700 antiquum
2250 630 2639 702 propositum,
2673 634 2735 684 ut
2764 628 2886 684 ovis
2917 629 3109 701 possis
3138 645 3269 685 esse
3297 630 3369 685 ad
3401 630 3565 685 dex-i

1898 723 2081 774 teram
2110 735 2122 773 :
2157 725 2258 773 aut
2286 719 2333 774 si
2368 719 2616 791 priorem
2651 718 3003 775 sententiam
3037 734 3308 790 perversa
3351 718 3548 791 pomi-

1897 808 2083 862 tentia
2112 809 2541 864 commutaris:
2602 808 2745 864 velis
2803 807 2973 877 nolis,
3022 824 3362 880 quanquam
3422 808 3549 864 bar-

1901 898 2036 952 bam
2078 898 2313 964 raseris,
2337 896 2492 952 inter
2521 896 2716 953 hircos
2743 897 3168 953 numeraberis.

1969 988 2057 1041 22.
2090 989 2534 1058 Propositionum
2559 989 2844 1043 Joviniani
2870 988 3055 1043 series.
3084 989 3145 1043 In
3190 989 3360 1045 sholis
3409 988 3544 1061 quid

1897 1076 2190 1131 cantabant
2237 1078 2414 1147 pueri.
2441 1108 2505 1118 --
2529 1076 2745 1132 Verum
2778 1076 2920 1148 quid
2967 1077 3206 1149 prodest
3261 1077 3495 1134 luscum
3525 1078 3548 1115 "

1894 1181 2099 1221 vocare
2146 1165 2399 1231 luscum,
2445 1170 2503 1221 et
2532 1166 2891 1222 accusatoris
2945 1168 3152 1223 docere
3198 1167 3540 1224 inconstan-

1897 1254 2062 1324 tiam,
2087 1272 2220 1310 cum
2246 1255 2712 1328 propositionum
2745 1256 2926 1312 series
2957 1255 3235 1312 diluenda
3258 1256 3334 1313 sit
3352 1258 3381 1312 ?
3401 1258 3553 1315 Oves

1897 1348 1955 1399 et
1984 1344 2182 1400 haedos
2212 1362 2245 1401 a
2274 1344 2511 1400 dextera
2535 1351 2592 1401 et
2648 1345 2910 1412 sinistra,
2941 1346 3091 1402 duos
3140 1347 3446 1417 justorum
3485 1352 3546 1404 et

1898 1438 2269 1505 peccatorum
2294 1451 2421 1490 esse
2461 1435 2695 1491 ordines
2725 1452 2840 1490 non
2903 1451 3209 1507 negamus.
3261 1435 3544 1492 Arborem

1896 1523 2112 1578 bonam
2137 1523 2361 1579 fructus
2394 1522 2577 1578 malos
2601 1540 2713 1578 non
2743 1524 3072 1590 facere,nec
3096 1522 3314 1579 malam
3337 1524 3544 1592 bonos,

1898 1609 2043 1666 nulli
2074 1611 2321 1667 dubium
2354 1617 2462 1667 est.
2491 1613 2692 1667 Decem
2718 1629 2949 1684 quoque
2974 1612 3230 1685 virgines
3252 1613 3548 1685 sapientes

1898 1705 1955 1755 et
1977 1700 2210 1767 stultas,
2236 1702 2294 1756 in
2329 1703 2513 1757 bonas
2545 1702 2850 1774 malasque
2880 1702 3298 1759 dividimus.lu
3316 1702 3541 1760 diluvio

1897 1788 2175 1846 liberatos
2198 1791 2419 1861 justos,
2443 1798 2497 1847 et
2531 1796 2860 1863 peccatores
2900 1792 3074 1863 aquis
3130 1792 3396 1858 obrutos,
3427 1809 3548 1849 non

1897 1878 2369 1951 ignoramuslAl.
2404 1896 2522 1935 non
2558 1882 2887 1953 negamus].
2924 1880 2985 1936 In
3021 1880 3275 1936 Sodoma
3331 1886 3389 1937 et
3435 1882 3549 1939 Go-

1896 1967 2136 2023 morrha
2161 1970 2699 2041 ereptumjustum,
2732 1974 2789 2024 et
2816 1969 3033 2041 impios
3078 1969 3214 2042 igne
3263 1987 3544 2027 consum-

1895 2061 2049 2127 ptos,
2076 2057 2351 2113 omnibus
2381 2059 2761 2130 perspicuum
2794 2062 2899 2114 est.
2922 2058 3129 2114 Decem
3165 2075 3401 2131 quoque
3424 2058 3549 2132 pla-

1894 2145 1985 2218 gis
2011 2164 2355 2218 percussam
2388 2148 2723 2220 Egyptum,
2747 2152 2799 2204 et
2823 2147 2999 2204 Israel
3027 2147 3210 2205 fuisse
3262 2149 3550 2221 sospitem

1899 2235 2189 2291 novimus.
2223 2237 2286 2290 In
2320 2237 2469 2291 mari
2493 2237 2689 2292 Rubro
2731 2236 3252 2308 trau‘sissejustos,
3282 2240 3341 2293 et
3395 2237 3552 2294 Pha-

1896 2342 2136 2380 raonem
2184 2341 2318 2381 cum
2353 2343 2459 2382 suo
2516 2326 2767 2381 exercitu
2830 2327 3190 2391 demersum,
3249 2326 3426 2383 etiam
3487 2326 3548 2382 in

1897 2413 2117 2470 scholis
2148 2418 2387 2470 cantant
2410 2415 2654 2486 parvuli.
2688 2416 2967 2470 Sexcenta
2995 2414 3257 2471 milliain
3308 2416 3553 2472 deserto

1897 2503 2195 2570 cecidisse,
2221 2504 2362 2574 quia
2390 2503 2677 2559 increduli
2716 2504 2954 2570 fuerint,
2985 2508 3042 2559 et
3088 2505 3239 2560 duos
3304 2508 3575 2562 tantum.

1896 2598 2111 2647 terram
2137 2593 2612 2664 repromissionis
2635 2593 2909 2661 intrasse,
2942 2593 3251 2666 Scriptura:
3313 2595 3547 2661 docent,

1898 2687 1955 2737 et
1985 2682 2139 2738 859
2163 2681 2560 2755 reliqua,.qure
2595 2700 2781 2754 usque
2813 2684 2883 2737 ad
2910 2683 3211 2755 operarios
3247 2684 3453 2752 vinem,
3487 2684 3548 2741 in

1899 2772 2015 2826 duo
2038 2771 2328 2826 bonorum
2347 2776 2403 2826 et
2426 2771 2718 2827 malorum
2740 2771 2977 2827 ordines
3008 2771 3394 2845 descripsisti.
3433 2772 3549 2829 Sed

1899 2860 2072 2933 quale
2095 2865 2206 2925 est,
2231 2865 2296 2915 ut
2317 2861 2456 2932 quia
2494 2861 2645 2915 inter
2663 2861 2849 2917 bonos
2898 2866 2954 2916 et
2985 2860 3171 2917 malos
3195 2862 3407 2918 divisio
3433 2866 3553 2930 est,

1898 2957 1958 3005 tu
1986 2965 2218 3005 asseras
2240 2950 2391 3005 inter
2411 2950 2571 3021 ipsos
2585 2949 2795 3015 bonos,
2817 2950 2903 3005 vel
2928 2967 2959 3005 e
2999 2951 3292 3006 contrario
3338 2951 3549 3015 malos.

1900 3039 2125 3095 nullam
2147 3056 2275 3095 esse
2293 3039 2662 3106 distantiam,
2688 3038 2952 3110 nihilque
2994 3040 3230 3105 referre,
3257 3045 3456 3097 utrum
3488 3040 3550 3097 in

1900 3144 2104 3201 pecore
2129 3129 2345 3202 aliquis
2369 3127 2519 3182 aries
2542 3129 2619 3182 sit
2640 3145 2712 3182 an
2737 3126 2964 3206 ovicula
2982 3128 3010 3182 ‘I
3052 3127 3257 3183 Utrum
3284 3129 3540 3200 primam

1900 3218 2093 3274 lanam
2110 3218 2385 3283 habeant,
2406 3234 2478 3272 an
2502 3216 2819 3271 secundam
2845 3214 2873 3270 7
2895 3214 3101 3271 Utrum
3128 3215 3431 3273 scabidum
3454 3233 3549 3290 ps-

158 3312 377 3363 ornatus
405 3307 662 3365 incedis.
704 3308 936 3364 Rubent
964 3308 1176 3372 buccas,
1213 3307 1361 3362 nitet
1389 3306 1559 3374 cutis,
1608 3323 1788 3363 comae
1820 3294 1862 3359 C
1901 3325 2004 3364 cus
2037 3309 2112 3363 sit
2144 3312 2200 3362 et
2232 3304 2586 3371 morbidum,
2622 3321 2693 3358 an
2748 3309 3016 3375 vegetum
3079 3310 3255 3377 atque
3311 3306 3542 3363 sussul-

155 3392 206 3449 in
232 3397 572 3470 occipitium
606 3398 972 3468 frontemque
1002 3400 1314 3452 tornantur
1345 3413 1358 3450 :
1420 3402 1733 3469 protensus
1764 3398 1785 3430 ‘

154 3490 228 3539 est
252 3485 650 3559 aqualiculus,
677 3486 994 3560 insurgunt
1027 3486 1278 3552 humeri,
1312 3490 1507 3559 turget
1560 3490 1785 3558 guttur,

153 3576 200 3628 et
226 3573 291 3631 de
327 3576 533 3633 obesis
556 3574 828 3631 faucibus
856 3575 949 3630 vix
980 3575 1264 3631 sutl'ocata
1312 3576 1485 3630 verba
1509 3592 1786 3647 promun-
1818 3640 1827 3645 Α

149 3667 254 3720 tur.
289 3665 454 3722 Certe
494 3667 560 3721 in
592 3669 755 3720 tanta
787 3664 1122 3720 diversitate
1170 3665 1357 3720 victus
1386 3669 1475 3719 est
1520 3664 1787 3730 vestitus,

152 3767 370 3812 necesse
401 3759 518 3821 est,
553 3759 657 3810 aut
684 3753 799 3822 hic,
832 3758 934 3810 aut
981 3752 1063 3810 ibi
1110 3769 1240 3809 esse
1290 3758 1615 3825 peccatum.
1666 3754 1790 3809 Non

159 3844 297 3913 quod
328 3849 645 3917 peccatum
679 3843 738 3898 in
768 3843 896 3899 cibo
944 3843 1125 3899 autin
1156 3842 1424 3898 vestibus
1480 3860 1741 3899 asseram
1778 3861 1792 3899 :

157 3932 246 3987 sed
270 3935 424 4006 quod
476 3932 739 3989 varietas
770 3938 828 3989 et
864 3932 1245 3989 commutatio
1282 3932 1340 3987 in
1390 3932 1649 3989 deterius
1708 3950 1795 3988 re-

159 4021 518 4093 prehensioni
556 4022 821 4096 proxima
851 4022 945 4079 sit.
980 4022 1140 4088 Quod
1174 4025 1371 4078 autem
1421 4021 1795 4094 reprehendi-

160 4113 578 4181 tur,,avirtute
610 4111 810 4184 procul
840 4116 929 4168 est
972 4130 983 4167 :
1041 4112 1196 4184 quod
1252 4128 1286 4167 a
1342 4111 1554 4167 virtute
1595 4112 1798 4184 procul

161 4204 257 4265 est,
277 4202 416 4258 vitio
445 4201 825 4275 mancipatur
858 4201 1044 4275 :quod
1066 4201 1341 4257 vitiosum
1375 4200 1658 4272 arguitur,
1675 4218 1801 4274 pec-

160 4294 273 4346 cato
293 4291 600 4364 jungitur.
634 4291 797 4357 Quod
826 4296 1129 4363 peccatum
1161 4294 1251 4346 est
1263 4290 1431 4361 juxta
1453 4295 1615 4346 tuam
1669 4307 1800 4347 sen-

159 4380 386 4437 tentiam
411 4382 473 4437 in
506 4381 759 4438 sinistra
800 4384 985 4454 parte,
1036 4385 1096 4437 et
1125 4380 1419 4436 hircorum
1480 4396 1653 4453 grege
1704 4381 1803 4438 de-

220 4543 336 4600 ‘Ex
355 4541 508 4601 Citio
540 4543 702 4600 enim
728 4542 869 4616 urbe
900 4543 958 4597 in
984 4541 1153 4616 Cypri
1186 4540 1408 4616 insultu
1435 4542 1623 4616 zenon
1647 4542 1805 4616 Stoi—

160 4630 343 4689 corum
375 4615 864 4689 princeps‘fuit;
924 4611 1486 4689 unde__Kc~ne'5;___vel
1528 4611 1800 4689 AKtTTts‘f);

157 4670 876 4770 GraecexliatineCittieu's
925 4686 1273 4770 appellatur.
1326 4670 1464 4740 'Vid.
1518 4670 1879 4750 Quaestio-'1)

160 4775 248 4815 nes
276 4761 334 4815 in
367 4758 656 4817 Genesim
680 4775 807 4830 cap.
837 4776 872 4814 χ
899 4757 1044 4814 etin
1074 4757 1288 4814 Jerem.
1323 4773 1449 4830 cap.
1486 4774 1548 4812 ιι.

219 4831 239 4866 ³
268 4832 663 4887 Levissimum
694 4829 927 4903 culpam
960 4830 1304 4903 gravissimo
1325 4829 1542 4903 delicto
1573 4846 1805 4903 compa-

165 4907 260 4960 rat.
280 4905 502 4961 Contra
524 4900 816 4959 hactenus
838 4900 1092 4958 obtinuit
1111 4901 1168 4956 in
1197 4901 1372 4973 editis
1407 4900 1572 4956 libris
1595 4906 1652 4957 et
1684 4900 1802 4973 ple-

166 4975 350 5048 risque
369 4977 560 5033 etiam
582 4991 739 5048 mss.
750 4974 1098 5046 gravissima
1118 4972 1282 5030 alteri
1323 4989 1485 5048 83un
1527 4972 1804 5048 gravissi-

167 5046 674 5105 me‘conferretur.
702 5047 839 5102 Erat
859 5063 1067 5117 nempe
1090 5062 1292 5118 panem
1311 5046 1577 5118 esurienti
1623 5047 1805 5100 surri-

164 5123 333 5244 ﬁuerit
357 5138 370 5178 :
393 5127 453 5177 et
474 5134 694 5195 panem
713 5116 1311 5189 esurienti’surripere
1334 5116 1485 5171 idem
1510 5116 1588 5171 sit
1634 5122 1807 5189 atque

203 5193 458 5244 nminem
491 5190 960 5244 occidereznam
1007 5192 1183 5244 etiam
1228 5187 1328 5244 oui
1375 5188 1654 5243 esurienti
1689 5207 1805 5244 non

203 5187 960 5257 emicem-occideremam
1007 5187 1191 5245 etiam
1228 5187 1328 5260 qui
1375 5188 1654 5243 esurienti
1689 5187 1805 5245 non

168 5261 399 5336 dederit,
423 5262 1037 5336 occiditinotumque
1085 5260 1227 5336 illud
1278 5276 1344 5336 ex
1394 5260 1810 5336 Ambrosio.Si

170 5351 265 5390 non
280 5330 520 5409 punisti,
553 5335 886 5409 occidistil‘}
932 5330 1224 5409 contrario
1274 5330 1637 5409 si_esuriens
1685 5332 1810 5405 ipse

170 5402 459 5483 surripiat,
506 5405 809 5463 levissime
854 5405 1121 5483 omnium
1161 5403 1463 5483 peccabit;
1510 5402 1813 5483 idque'cst

171 5475 744 5550 Quod'Hieronymus
767 5477 1025 5534 conferre
1047 5475 1316 5536 intendit.
1339 5479 1395 5529 et
1417 5476 1637 5550 confert.
1659 5492 1811 5531 reve—

174 5547 224 5605 ra
244 5554 295 5607 in
324 5547 656 5608 Veronensi
683 5567 791 5605 ms.
813 5566 880 5604 ex
903 5566 1015 5620 quo
1040 5550 1226 5603 locum
1256 5547 1735 5602 emaculavimus.

206 5622 248 5659 "
275 5625 348 5682 Ex
382 5623 637 5681 Horatio
657 5622 871 5689 hausit,
897 5622 957 5676 Si
987 5625 1132 5692 [orte
1150 5621 1418 5674 subucula
1461 5635 1615 5689 pexae
1666 5621 1810 5673 Trita

170 5697 566 5754 subuttunicw
586 5698 707 5766 ,°_tlt,
735 5699 893 5766 puto,
924 5694 1175 5748 multum
1208 5691 1435 5766 diverso
1459 5707 1658 5766 sensu,
1696 5691 1810 5748 nisi

174 5766 213 5823 si
232 5767 318 5827 hic
355 5769 523 5846 apud
554 5761 977 5840 Hieronymum
997 5767 1214 5838 impexa
1238 5763 1316 5821 sit
1349 5761 1665 5836 legendum
1707 5780 1810 5839 pro

486 5898 764 5963 Paeon.
837 5892 1056 5959 XXIII.

1897 3399 2069 3453 tatis?
2118 3397 2373 3452 maxime
2402 3411 2535 3450 cum
2571 3394 2831 3449 Ezechiel
2875 3410 3008 3450 oves
3052 3394 3453 3462 rationabiles,
3486 3401 3545 3454 et

1899 3485 2472 3543 diversitatemiuter
2502 3501 2681 3556 pecus
2734 3488 2792 3539 et
2843 3500 3041 3556 pecus,
3073 3502 3192 3541 sua:
3248 3485 3546 3559 propheta

1900 3578 2244 3632 auctoritate
2275 3575 2655 3639 demonstret,
2705 3573 2908 3631 dicens
2941 3591 2953 3629 :
3008 3576 3138 3631 Ecce
3166 3592 3260 3647 ego
3307 3575 3500 3648 judico
3525 3576 3547 3611 ⁸
3586 3644 3590 3648 Α

1901 3668 2046 3722 inter
2069 3681 2233 3737 pecus
2265 3668 2314 3719 et
2340 3680 2526 3736 pecus,
2563 3665 2613 3718 et
2644 3665 2791 3719 inter
2817 3665 3013 3719 arietes
3043 3673 3092 3719 et
3128 3664 3330 3732 hircos,
3363 3672 3416 3721 et
3460 3667 3549 3720 in-

1899 3760 1983 3812 ter
1999 3771 2162 3827 pecus
2184 3757 2392 3827 pingue
2421 3758 2471 3809 et
2499 3753 2881 3808 macilentam.
2918 3754 3021 3809 Pro
3051 3769 3111 3809 eo
3167 3753 3310 3824 quod
3367 3753 3552 3810 lateri-

1906 3847 2003 3901 hus
2035 3849 2085 3901 et
2107 3845 2351 3901 humeris
2379 3843 2769 3915 impingebalis
2799 3846 2851 3897 et
2897 3842 3156 3898 cornibus
3185 3844 3377 3898 vestris
3421 3858 3551 3900 ven~

1906 3937 2155 3991 tilabatis
2187 3935 2373 3990 omnia
2403 3933 2630 4002 inﬁrma
2650 3946 2869 4004 pecora,
2902 3932 3071 3987 donec
3112 3931 3556 4003 dispergerentur

1907 4023 2119 4092 (Esech.
2179 4039 2370 4089 xxxrv,
2431 4022 2518 4089 17,
2549 4024 2637 4083 20,
2687 4020 2799 4089 21).
2861 4021 2927 4074 Et
2960 4024 3023 4075 ut
3063 4020 3370 4098 _sciremus
3425 4038 3555 4094 quas

1910 4114 2023 4168 ista
2052 4113 2169 4168 sint
2204 4113 2285 4179 [Al
2317 4110 2477 4180 sunt]
2513 4125 2742 4182 pecora,
2776 4109 2975 4164 statim
3024 4107 3223 4164 intulit
3256 4127 3268 4166 :
3310 4111 3403 4166 Vos
3458 4126 3557 4167 au-

1911 4212 2037 4266 tem,
2076 4218 2261 4273 greges
2288 4202 2395 4256 mei
2441 4201 2481 4267 ⁷,
2514 4216 2637 4256 oves
2686 4214 2908 4271 pascam
2968 4214 3125 4270 meae,
3181 4200 3424 4257 homines
3469 4217 3560 4257 es-

1912 4295 1982 4348 tis
2010 4292 2168 4360 (Ibid.
2219 4292 2330 4363 3i).
2385 4289 2649 4362 Idipsum
2680 4305 2818 4362 ergo
2878 4288 2989 4345 erit
3046 4288 3289 4358 Paulus,
3348 4294 3409 4346 et
3463 4288 3564 4349 ille

1913 4381 2224 4455 prenitens,
2253 4380 2356 4452 qui
2387 4396 2520 4435 cum
2556 4378 2740 4452 patris
2771 4395 2949 4435 uxore
2964 4379 3305 4449 dormierat,
3336 4379 3477 4453 quia
3501 4379 3565 4437 in

1912 4561 2057 4617 pexa
2084 4561 2097 4609 ',
2122 4560 2257 4598 nam
2283 4559 2427 4617 pexa
2468 4540 2671 4617 tunica
2698 4558 2801 4617 pro
2823 4611 2835 4617 _
2856 4558 3004 4597 nova
3024 4612 3036 4617 _
3061 4545 3117 4597 et
3173 4540 3452 4617 eleganti,
3508 4544 3567 4596 et

1919 4611 2170 4689 pretiosa
2219 4611 2505 4689 accipitur
2560 4631 2606 4689 a_
2655 4611 2871 4689 [.a_tinis
2926 4611 3353 4689 scriptoribus,
3391 4616 3566 4683 atque

1912 4682 2039 4759 ipso
2072 4687 2130 4741 in
2155 4682 2364 4759 primis
2412 4685 2667 4759 Horatio.
2705 4685 2973 4759 Fortasse
3033 4682 3263 4759 autem‘_
3288 4682 3567 4759 Hierony-

1916 4754 2362 4832 musaceeperit
2395 4774 2496 4832 pro
2523 4756 2750 4816 villosa.
2784 4757 2903 4811 sive
2935 4772 3087 4832 quis
3116 4754 3265 4832 pecti
3320 4754 3566 4832 deberet

1914 4833 1986 4888 ob
2018 4822 2431 4903 pilostrtec'i
2490 4845 2616 4883 eam
2674 4822 3271 4903 vestemupzlldrczov
3322 4829 3562 4903 vocant.

1916 4898 2270 4959 Prudentius
2302 4904 2358 4956 in
2392 4902 2572 4973 Hym.
2590 4904 2823 4973 Impera
2848 4898 3563 4973 z'illisvirgobestialibus.

1916 4980 1982 5030 Et
2011 4979 2210 5031 noster
2239 4969 2528 5045 superiori
2561 4969 2694 5039 lib.,’
2739 4988 2903 5026 num.
2962 4972 3048 5039 40,
3081 4969 3358 5026 sordidam
3412 4970 3567 5025 luni-

1913 5065 2033 5102 mm
2066 5046 2233 5101 dixit.

1993 5122 2013 5153 ‘
2040 5118 2287 5173 Gravius
2318 5115 2519 5171 mallet
2548 5130 2847 5188 propensus
2876 5131 2943 5169 ex
2974 5112 3073 5169 illo
3095 5112 3276 5169 Persii
3313 5130 3326 5167 :

1990 5217 2207 5281 Pinguis
2237 5214 2574 5279 aqualiculus
2603 5226 2875 5277 propenso
2905 5211 3229 5276 sexquipede
3255 5214 3448 5261 exstat.

1997 5316 2018 5349 δ
2054 5317 2265 5370 lterum
2298 5330 2366 5369 ex
2396 5311 2593 5368 Persio
2624 5311 2816 5367 Satira
2846 5327 2863 5365 ι
2901 5327 2913 5366 :

1992 5468 2017 5480 ..
2183 5431 2246 5479 Et
2273 5430 2423 5479 lusco
2453 5429 2542 5492 qui
2574 5429 2745 5490 possit
2776 5428 2951 5477 dicere
2978 5427 3207 5477 luscum.

1989 5550 2011 5581 δ
2043 5548 2223 5602 Iidem
2278 5562 2595 5611 mss.,crcc
2625 5562 2719 5613 ego
2768 5545 3028 5615 judiraho
3081 5545 3251 5615 juxta
3306 5544 3574 5601 Grmcum

1922 5616 2077 5687 διακρ
2089 5640 2129 5670 ιν
2138 5615 2182 5669 ὦ
2192 5660 2202 5670 .

1992 5694 2010 5726 τ
2048 5688 2397 5747 Veronensis
2417 5690 2759 5761 gregesmei,
2791 5705 2975 5758 greges
3001 5705 3224 5761 pascuae
3277 5704 3423 5746 mea:
3452 5706 3471 5749 .'
3521 5691 3581 5753 et

1926 5761 2099 5839 paulo
2129 5766 2263 5838 post
2287 5762 2418 5835 quia
2455 5760 2620 5818 semel
2649 5776 2683 5818 a
2710 5760 2920 5819 dextris
2949 5760 3048 5819 est.

3192 5888 3265 5955 11
