3944 6396
407 357 518 420 331
547 385 550 388 ·

1653 363 1714 422 S.
1763 357 2074 424 EUSEBII
2119 359 2559 422 HIEBONYMI

3679 365 3786 428 332
3805 383 3812 388 '

412 491 730 548 Ecclesiam
763 495 896 563 post
921 493 1322 565 paenitentiam
1355 499 1622 566 receptus
1653 499 1740 550 est
1775 512 1786 550 :
1820 497 1876 550 et
1907 494 2044 565 quia
2075 495 2126 561 Α
2159 493 2247 548 Sic
2275 511 2392 558 nos,
2417 494 2628 566 inquit,
2653 497 2924 551 existi-met
2959 497 3063 566 {AL
3118 497 3378 569 (estinth
3429 493 3586 554 homo
3639 502 3790 570 quasi

405 579 636 637 simula
665 581 884 638 dextris
905 587 1016 650 est,
1049 583 1106 638 in
1129 585 1330 638 eadem
1374 601 1508 640 cum
1561 583 1834 656 Apostulo
1876 583 2044 638 clari-

405 675 525 726 tate
547 671 835 743 fulgebit?
869 673 934 726 Et
963 675 1256 740 quomodo
1289 674 1346 728 in
1379 691 1492 729 uno
1524 673 1709 744 agello
1759 690 1942 744 usque
1973 674 2042 728 ad

411 777 664 816 messem
697 762 802 832 [Αἰ.
830 763 906 832 et]
958 765 1524 818 consummationem
1585 763 1788 817 mundi
1827 763 2048 817 zizania

405 849 624 922 pariter
689 849 1100 923 frumentaque
1153 853 1584 908 succrescunt‘?
1643 852 1786 916 Quia
1843 868 2046 906 conse-

411 939 650 1010 quentia
679 939 869 1012 pisces
919 941 1052 995 boni
1107 947 1164 996 et
1213 941 1348 996 mali
1406 959 1620 1012 segena
1680 942 1784 1010 [ΑΙ.
1819 941 2044 1012 sagina;

407 1027 618 1084 Christi
652 1033 710 1084 et
739 1029 844 1085 reti
875 1030 1205 1102 evangelico
1238 1032 1612 1086 continentur
1639 1031 1666 1086 ‘t
1703 1031 1818 1086 Cur
1847 1030 1904 1083 in
1957 1035 2048 1100 ty—

410 1133 482 1187 po
517 1117 799 1184 Ecclesiaa,
833 1119 891 1173 in
924 1136 1058 1175 arca
1087 1121 1224 1184 Noe,
1259 1121 1486 1175 diversa
1511 1119 1805 1186 animalia,
1857 1124 1912 1173 et
1943 1135 2045 1189 pro

411 1203 693 1276 qualitate
717 1207 1079 1274 meritorum,
1105 1210 1342 1265 diversa:
1371 1209 1863 1264 suntmansiones
1887 1209 1913 1261 ‘t
1936 1207 2050 1260 Cur

411 1293 598 1349 astitit
627 1296 830 1366 regina
852 1314 886 1352 a
905 1297 1123 1353 dextris
1145 1299 1374 1353 Domini
1411 1299 1514 1364 [Αἰ.
1549 1300 1688 1366 tuisj
1719 1297 1778 1350 in
1837 1295 2046 1350 vestitu

406 1381 703 1452 deaurato,
738 1385 1096 1442 circumdata
1125 1387 1442 1442 varietate?
1475 1387 1590 1442 Cur
1619 1385 1836 1457 Joseph
1855 1383 1910 1438 in
1932 1385 2038 1438 for-

405 1487 502 1527 ma
529 1472 742 1529 Christi
785 1474 1004 1530 variam
1037 1475 1242 1530 habuit
1279 1477 1534 1532 tunicam
1579 1475 1604 1528 ‘t
1664 1475 1777 1528 Cur
1807 1477 2044 1545 Aposto-

405 1559 501 1615 lus
535 1560 796 1633 loquitur
825 1563 895 1618 ad
933 1563 1228 1619 Romanos
1264 1582 1276 1618 :
1327 1567 1626 1636 Unicuique
1662 1567 1800 1617 sicut
1859 1563 1996 1616 Deus
2025 1562 2035 1594 ¹

403 1651 590 1706 divisit
615 1668 932 1707 mensuram
962 1653 1091 1724 ﬁdei
1118 1659 1142 1706 Υ
1187 1655 1336 1709 Sicut
1367 1656 1516 1708 enim
1553 1657 1608 1708 in
1657 1671 1764 1708 uno
1820 1669 2048 1723 corpore

403 1741 578 1796 multa
607 1742 852 1796 membra
879 1743 1160 1812 habemus,
1193 1747 1378 1798 omnia
1405 1752 1584 1798 autem
1641 1743 1880 1796 membra
1940 1759 2044 1796 non

2159 586 2440 638 ministros
2461 583 2684 651 Christi,
2709 590 2760 640 et
2819 587 3224 657 dispensatores
3255 589 3638 658 mysteriorum
3691 589 3788 644 Dei

2159 672 2260 738 fdl.
2287 673 2442 740 rjusL
2477 675 2573 726 Itic
2583 675 2698 743 jam
2733 677 3006 744 quzrritur
3029 678 3173 729 inter
3200 676 3610 746 dispensatores,
3635 683 3694 731 ut
3727 677 3790 746 ﬁ-

2157 759 2292 812 delis
2321 763 2448 830 quis
2475 763 2794 816 inueniatur
2817 765 2860 832 (I
2893 765 3015 816 Cor.
3051 781 3124 826 iv,
3161 765 3210 826 1,
3233 769 3307 830 2).
3337 763 3434 818 Vis
3467 764 3630 830 scire,
3654 781 3788 835 quo-

2162 848 2316 900 niam
2359 849 2510 902 inter
2566 851 3028 921 dispensatorem
3089 859 3144 906 et
3199 854 3662 924 dispensatorem
3719 853 3790 908 sit

2161 936 2342 991 multa
2377 938 2656 993 distantia
2679 959 2814 1010 {non
2838 941 2964 995 dico
2997 942 3066 996 de
3099 942 3269 996 malis
3301 947 3359 997 et
3389 941 3578 1010 bonis,
3605 943 3702 997 sed
3726 941 3792 998 de

2159 1027 2302 1097 ipsis
2335 1027 2504 1082 bonis
2535 1029 2630 1098 qui
2665 1031 2734 1082 ad
2765 1030 3060 1085 dexteram
3105 1032 3341 1100 stant)?
3399 1031 3534 1086 audi
3591 1047 3788 1086 conse-

2160 1134 2308 1186 quen
2323 1118 2400 1170 tia
2425 1136 2436 1170 :
2461 1119 2705 1176 .‘Vescitis.
2727 1123 2984 1188 ({IlUiIlllIII
3007 1123 3102 1190 qui
3125 1123 3182 1174 in.
3231 1121 3524 1188 sacriﬁciis
3553 1136 3790 1191 operan-

2159 1210 2268 1268 tur,
2293 1206 2355 1258 dc
2385 1209 2670 1274 Stlt‘I'ifItltS
2701 1208 2984 1260 comedunt
3011 1227 3021 1262 :
3082 1211 3178 1279 qui
3235 1211 3436 1263 altario
3465 1209 3786 1274 deserviunt,

2160 1294 2222 1346 de
2249 1296 2448 1348 altario
2461 1298 2902 1366 participmztm-t’
2933 1300 3020 1352 Sic
3051 1303 3099 1352 et
3131 1299 3388 1352 Dominus
3417 1297 3676 1369 disposuit
3689 1298 3786 1364 his,

2161 1385 2258 1452 qui
2287 1385 2636 1454 Erangelium
2695 1389 3056 1452 minantiant,
3107 1387 3174 1440 de
3219 1388 3516 1457 Evangelia
3575 1389 3786 1442 rivers:

2159 1488 2254 1538 ego
2283 1483 2462 1526 autem
2485 1490 2588 1526 nou
2621 1475 2820 1528 abutar
2848 1476 3040 1528 horum
3065 1477 3268 1544 aliquo.
3301 1477 3413 1530 Non
3449 1477 3642 1546 scripsi
3693 1493 3784 1532 au-

2160 1569 2264 1614 tem
2297 1561 2425 1628 haec,
2459 1569 2520 1616 ut
2551 1565 2628 1616 sic
2657 1565 2792 1632 ﬁant
2824 1566 2877 1616 in
2913 1581 3014 1618 me.
3051 1567 3252 1620 Melius
3319 1569 3394 1618 est
3451 1582 3600 1620 enim
3655 1567 3788 1620 mihi

2161 1653 2298 1703 mori
2328 1669 2490 1720 quam
2523 1657 2578 1705 ut
2611 1653 2846 1718 gloriam.
2877 1670 3052 1708 meam
3081 1657 3204 1724 quis
3233 1663 3477 1708 cracuct.
3533 1656 3596 1708 Si
3650 1657 3788 1709 enim

2156 1741 2628 1804 ei'(mgclizarcro.
2658 1759 2764 1796 non
2797 1750 2874 1796 est
2903 1745 3040 1796 mihi
3069 1744 3247 1810 gloria
3285 1761 3296 1798 :
3331 1745 3616 1798 necessitas
3633 1745 3780 1815 quip-

407 1829 658 1884 eumdem
686 1834 868 1885 actum
893 1832 1089 1886 habent
1123 1850 1134 1886 :
1172 1835 1250 1886 ita
1281 1835 1444 1886 multi
1491 1849 1660 1886 unum
1709 1847 1899 1902 corpus
1953 1849 2043 1884 su-
2079 1865 2125 1929 Β
2151 1847 2220 1899 pe
2248 1830 2386 1883 mihi
2404 1831 2682 1886 incumbit.
2719 1833 2805 1886 Vw
2825 1834 2973 1886 enim
3003 1834 3142 1886 mihi
3169 1841 3266 1898 est,
3301 1835 3348 1886 si
3379 1848 3486 1888 non
3523 1833 3624 1902 [AL
3656 1831 3781 1904 nisi]

405 1934 528 1972 mus
561 1921 620 1974 in
653 1920 883 1986 Christo,
914 1923 1124 1992 singuli
1166 1931 1349 1976 autem
1404 1921 1551 1975 alter
1603 1923 1830 1975 alterius
1879 1937 2047 1974 mcm-

407 2005 526 2062 bra.
562 2009 824 2064 Habentes
853 2013 1036 2064 autem
1063 2011 1380 2066 donationes
1432 2011 1728 2064 secundum
1787 2011 2046 2080 gratiam.

408 2111 530 2168 quae
600 2098 730 2152 data
783 2102 858 2154 est
915 2101 1092 2169 nobis,
1144 2101 1476 2170 diﬂ'crentes,
1533 2103 1644 2154 sive
1705 2099 2048 2170 prophetiam

403 2187 710 2243 secundum
741 2205 1060 2244 mensuram
1090 2190 1240 2260 ﬁdei,
1271 2193 1386 2244 sive
1409 2191 1780 2244 ministerium
1832 2191 1885 2242 in
1941 2191 2046 2242 mi-

416 2278 721 2346 nistrando,
753 2281 867 2334 sive
893 2281 990 2349 qui
1017 2279 1160 2334 docet
1191 2281 1248 2334 in.
1279 2279 1543 2344 doctrina,
1575 2279 1669 2348 qui
1724 2277 2049 2332 exhortatur

403 2369 464 2422 in
495 2368 852 2434 exhortando,
885 2371 982 2438 qui
1008 2369 1205 2424 tribuit
1237 2371 1292 2424 in
1325 2370 1698 2440 simplicitate,
1732 2370 1827 2438 qui
1855 2371 2046 2438 praeest

407 2459 481 2512 in
509 2457 899 2524 sollicitudine,
925 2463 982 2513 et
1009 2457 1232 2530 reliqua
1263 2461 1432 2526 (Item.
1459 2475 1556 2528 xu,
1587 2459 1620 2512 3
1642 2459 1829 2528 seqq.).
1891 2457 1954 2510 Et
1989 2455 2044 2510 in

415 2547 530 2602 alio
561 2547 685 2602 loco
711 2566 724 2602 :
751 2547 924 2602 Alius
945 2547 1158 2618 judicat
1186 2549 1330 2602 diem
1358 2547 1486 2618 plus
1517 2565 1680 2618 quam
1711 2549 1876 2613 diem,
1901 2547 2046 2598 ali-us

399 2635 614 2706 judicat
679 2651 894 2691 omnem
951 2637 1113 2692 diem.
1189 2637 1562 2707 Unusquisque
1619 2640 1674 2690 in
1733 2654 1828 2688 suo
1887 2651 2046 2688 sensu

399 2724 635 2780 abundet
657 2729 834 2792 (Rom.
865 2742 978 2794 xxv,
1008 2727 1088 2796 5).
1121 2727 1189 2780 Et
1220 2727 1290 2780 ad
1325 2726 1654 2780 Corinthios
1687 2743 1698 2780 :
1733 2728 1838 2794 Ego
1883 2725 2044 2794 plan-

399 2819 535 2884 tavi,
591 2817 746 2872 360
791 2815 978 2886 Apollo
1045 2817 1268 2884 rigavit,
1329 2815 1418 2870 sed
1467 2817 1604 2869 Deus
1651 2816 2048 2870 incrementum

400 2907 565 2964 dedit.
597 2907 785 2976 Itaque
831 2921 1003 2974 neque
1047 2906 1142 2974 qui
1186 2903 1406 2974 plantat
1461 2913 1536 2958 est
1593 2903 1826 2972 aliquid,
1877 2919 2048 2974 neque

403 2999 526 3069 qui,
576 2998 749 3064 rigat,
809 2994 900 3049 sed
956 2995 1050 3065 qui
1107 2995 1500 3047 incrementum
1557 2992 1650 3046 dat
1721 2994 1878 3048 Deus.
1941 2993 2048 3059 Qui

403 3091 616 3163 plantat
644 3095 694 3142 et
745 3087 838 3158 qui
865 3085 1030 3154 rigat,
1089 3099 1264 3136 unum
1319 3085 1462 3136 sunt.
1525 3083 1896 3154 Unusquisque
1950 3099 2047 3136 au-

405 3199 510 3246 tem
561 3179 842 3254 propriam
889 3172 1190 3228 mercedem
1251 3173 1474 3243 accipiet
1529 3173 1828 3226 secundum
1883 3189 2044 3227 suum

397 3277 660 3334 laborem.
693 3273 790 3328 Dei
809 3271 958 3324 enim
987 3281 1175 3320 sumus
1205 3263 1497 3334 adjutores.
1529 3263 1634 3316 Dei
1691 3263 2040 3330 agricultura

393 3369 558 3432 estis,
589 3365 686 3419 Dei
711 3359 1006 3430 aediﬁcatio
1047 3357 1172 3411 estis
1201 3355 1222 3387 ²
1280 3355 1326 3424 (I
1354 3353 1474 3408 Cor.
1511 3370 1594 3417 ιιι,
1626 3353 1660 3404 6
1715 3353 1906 3422 scqq.).
1967 3355 2042 3407 Et

395 3469 637 3511 rursum
668 3449 806 3506 alibi
844 3465 856 3503 :
887 3445 1194 3503 Secundum
1220 3443 1464 3512 gratiam
1497 3443 1607 3506 Dei,
1641 3457 1766 3512 quae
1795 3441 1920 3494 data
1961 3451 2040 3496 est

395 3544 558 3608 mihi,
613 3543 674 3596 ut
729 3539 943 3610 sapiens
995 3534 1318 3588 architectus
1375 3531 1804 3602 fundamentum
1859 3531 2037 3600 posui,

395 3636 541 3690 alius
571 3636 758 3688 autem
801 3623 1220 3698 supersedi/ient.
1245 3621 1686 3676 Fundamentum
1715 3621 1862 3672 enim
1883 3621 2038 3674 aliud

394 3739 552 3780 nemo
584 3725 758 3794 potest
784 3731 1006 3790 ponere,
1037 3721 1408 3784 praeterquam
1435 3709 1488 3762 id
1518 3709 1656 3779 quod
1685 3709 1920 3780 positum
1942 3717 2033 3774 est,

395 3813 532 3884 quod
557 3819 634 3867 est
663 3809 912 3866 Christus
942 3807 1111 3862 Jesus.
1147 3801 1206 3856 Si
1233 3801 1356 3872 quis
1403 3808 1584 3854 autem
1635 3798 2038 3866 superiedi/icat

393 3919 558 3974 super
585 3899 1008 3972 funda-mentum
1037 3895 1152 3959 hoc,
1214 3906 1434 3954 aurum,
1467 3893 1780 3958 argentum,
1831 3887 2038 3957 lapides

391 3993 672 4062 pretiosos,
737 3988 915 4054 ligna,
972 3983 1188 4056 fenum,
1241 3979 1502 4050 stipulam
1535 3993 1554 4030 :
1613 3977 2038 4046 uniuscujusque

395 4095 528 4150 opus
545 4076 862 4149 apparebit.
891 4075 1013 4130 Dies
1043 4073 1192 4126 enim
1247 4069 1466 4124 Domini
1521 4067 1660 4120 illud
1715 4068 2034 4137 mani/“csta—

398 4167 478 4222 bit
505 4169 548 4236 3,
579 4167 840 4236 quoniam
871 4165 924 4216 in
987 4163 1116 4229 igne
1167 4158 1518 4220 revelabitur,
1581 4160 1628 4209 et
1694 4156 2037 4224 singulorum

395 4271 528 4327 Opus
556 4255 716 4325 quale
743 4255 836 4319 sit,
883 4252 1025 4321 ignis
1069 4249 1339 4318 probabit.
1397 4245 1456 4298 Si
1479 4247 1631 4314 cujus
1689 4261 1818 4315 Opus
1873 4261 2034 4299 man-

395 4346 546 4413 serit,
607 4343 746 4416 quod
801 4339 1276 4412 super-aediﬁcavit,
1329 4335 1630 4389 mercedem
1671 4337 1916 4404 accipiet.
1980 4335 2040 4388 Si

396 4435 548 4506 cujus
575 4449 707 4504 opus
739 4433 958 4498 arserit,
1019 4427 1404 4482 detrimentum
1451 4426 1708 4494 patietur.
1767 4425 1881 4494 Ipse
1936 4441 2036 4478 au-

395 4533 504 4580 tem
541 4521 726 4578 salvus
765 4523 892 4584 erit,
940 4520 1019 4572 sic
1051 4525 1230 4571 tamen
1292 4516 1448 4584 quasi
1503 4529 1600 4584 per
1653 4515 1837 4582 ignem
1877 4512 2034 4582 (Ibid.

2158 1919 2611 1987 euangelizarcro.
2639 1920 2774 1973 Nam
2803 1923 2850 1972 si
2879 1921 3154 1976 voluntate
3173 1921 3272 1976 hoc
3301 1939 3406 1990 ago
3441 1921 3545 1990 [AL
3575 1921 3781 1992 fecere}.

2156 2007 2452 2060 mercedcm
2539 2008 2722 2062 habeo.
2809 2011 2874 2062 Si
2957 2014 3141 2064 autem
3201 2011 3410 2074 nolens,
3467 2009 3786 2081 dispensatio

2159 2097 2296 2149 mihi
2325 2097 2534 2150 credita
2591 2106 2683 2152 est.
2749 2105 2882 2164 Qum
2932 2103 3006 2153 est
3062 2115 3192 2168 ergo
3247 2115 3452 2154 merces
3509 2103 3677 2153 mea?
3729 2099 3788 2154 Ut

2157 2187 2540 2254 crangcluans
2571 2187 2716 2242 36l
2745 2190 2867 2240 sine
2897 2191 3135 2258 sumptu,
3193 2205 3400 2258 ponam
3431 2188 3784 2258 Evangelium

2161 2275 2370 2330 (.‘hristi
2397 2293 2416 2336 ,°
2450 2285 2504 2330 ut
2536 2293 2638 2330 non
2671 2279 2874 2332 abutar
2897 2281 3174 2345 potestate,
3205 2295 3326 2348 quae
3359 2277 3494 2332 data
3523 2285 3602 2332 est
3651 2275 3784 2332 mihi

2159 2365 2216 2418 in
2273 2367 2581 2434 Iirangclio.
2619 2367 2752 2420 Cum.
2809 2369 2956 2420 enim
3007 2383 3176 2420 essem
3235 2368 3378 2422 liber
3431 2383 3502 2421 ex
3544 2366 3784 2422 omnibus

2156 2455 2398 2508 onmium
2455 2457 2560 2524 λιιι.
2621 2457 2890 2524 omnibus]
2945 2471 3030 2508 me
3083 2473 3300 2509 serram
3357 2457 3488 2526 feci,
3521 2463 3578 2510 ut
3613 2455 3784 2526 plures

2155 2545 2540 2614 lucri/arcum
2583 2546 2628 2608 ξι
2677 2547 2793 2598 Cor.
2833 2562 2906 2612 IX,
2943 2545 3030 2598 t3.
3061 2545 3251 2616 seqq).
3287 2544 3566 2616 Nunquid
3623 2547 3776 2616 potes

2155 2633 2346 2686 dicere
2379 2650 2614 2704 peccare
2672 2651 2790 2698 eos,
2851 2633 2950 2705 qui
3035 2635 3236 2688 vivunt
3314 2635 3385 2688 de
3458 2631 3772 2704 Evangelia,

2155 2726 2212 2776 et
2243 2723 2340 2791 qui
2375 2723 2444 2776 de
2477 2723 2780 2777 sacrificiis
2830 2722 3304 2793 participantur?
3365 2723 3570 2794 Utique
3627 2737 3732 2776 non
3766 2735 3778 2772 :

2159 2811 2440 2864 Dominus
2471 2810 2624 2865 enim
2659 2810 2968 2881 disposuit,
3003 2815 3066 2864 ut
3099 2809 3202 2880 qui
3261 2809 3578 2880 przedicant
3611 2809 3778 2862 Evan-

2156 2899 2392 2968 gelium,
2428 2900 2496 2953 de
2529 2899 2837 2970 Evangelio
2867 2899 3098 2964 vivant;
3133 2898 3448 2970 Apostolus
3471 2902 3660 2953 autem
3683 2895 3774 2966 qui

2159 3005 2269 3042 non
2294 2989 2553 3042 abutitur
2583 2989 2954 3056 hacliccntia,
2973 2989 3072 3043 sed
3099 2987 3326 3042 laborat
3349 2987 3618 3042 manibus
3639 2985 3776 3052 suis,

2157 3095 2226 3132 ne
2245 3095 2418 3148 quem
2443 3083 2659 3148 gravet,
2685 3085 2738 3132 et
2762 3078 2852 3133 die
2875 3095 2940 3132 ac
2963 3083 3127 3132 nocte
3151 3083 3444 3148 operatur,
3489 3081 3546 3132 et
3587 3073 3778 3130 minis-

2157 3167 2376 3222 trathis
2399 3167 2496 3238 qui
2521 3185 2718 3222 secum
2757 3171 2913 3234 sunt,
2941 3167 3142 3238 utique
3191 3167 3319 3223 ideo
3373 3165 3479 3221 hoc
3529 3163 3678 3230 facit,
3719 3165 3778 3216 ut

2159 3257 2292 3330 plus
2311 3257 2602 3322 laborans,
2629 3256 2760 3328 plus
2778 3256 2996 3328 aliquid
3021 3255 3304 3311 mercedis
3336 3255 3598 3327 accipiat.

2218 3349 2642 3402 23.Curramus
2682 3347 2752 3400 ad
2815 3345 3058 3417 reliqua.
3123 3345 3426 3400 Divisiones
3481 3343 3776 3413 gratiarum

2147 3442 2292 3504 sunt,
2320 3437 2456 3490 idem
2488 3440 2670 3490 autem
2701 3437 2960 3506 Spiritus.
2997 3437 3058 3488 Et
3086 3435 3428 3489 dicer-siones
3453 3431 3776 3488 ministerio-

2148 3543 2272 3596 rum
2293 3534 2436 3590 sunt,
2465 3525 2603 3580 idem
2635 3529 2818 3580 autem
2845 3526 3128 3578 Dominus.
3165 3523 3226 3578 Et
3255 3522 3549 3578 divisiones
3600 3533 3776 3592 opera-

2150 3617 2362 3668 timum
2413 3615 2520 3684 [ΑΙ.
2577 3615 2932 3684 operationis}
2985 3621 3129 3679 sunt,
3192 3611 3334 3666 idem
3387 3616 3568 3667 autem
3621 3610 3770 3672 Deus,

2148 3707 2244 3774 qui
2275 3709 2533 3776 operatur
2563 3705 2746 3758 omnia
2789 3721 2845 3756 in
2904 3703 3175 3756 omnibus.
3241 3703 3542 3773 Unicuique
3595 3701 3766 3754 autem

2147 3794 2272 3849 data
2303 3803 2380 3849 est
2407 3794 2683 3864 adapertio
2713 3795 2732 3826 ³
2761 3793 3001 3864 Spiritus
3031 3793 3198 3864 juxta
3255 3791 3309 3845 id
3371 3791 3519 3864 quod
3573 3784 3776 3859 expedit

2147 3885 2196 3952 (I
2255 3888 2378 3939 Cor.
2439 3901 2536 3937 xu.
2599 3884 2626 3936 4
2685 3883 2875 3954 scqq.).
2933 3883 2998 3936 Et
3061 3883 3318 3936 iterum:
3385 3881 3534 3936 Sicut
3587 3889 3768 3948 corpus

2147 3991 2318 4028 unum
2365 3983 2460 4038 est,
2508 3977 2558 4028 et
2615 3973 2860 4026 membra
2935 3973 3094 4042 plura
3181 3971 3380 4026 habet:
3444 3969 3627 4024 omnia
3683 3981 3774 4020 au-

2149 4071 2252 4117 tem
2282 4063 2522 4116 membra
2547 4064 2789 4132 corporis
2821 4077 2940 4114 cum
2965 4062 3076 4114 sint
3123 4061 3318 4126 multa,
3381 4077 3551 4115 unum
3595 4067 3774 4126 corpus

2148 4163 2222 4207 est
2253 4170 2266 4220 ;
2300 4155 2378 4207 sic
2405 4161 2458 4206 et
2491 4151 2740 4206 Christus
2767 4149 2928 4220 (Ibid.
2983 4151 3090 4220 t2).
3127 4153 3342 4204 Verum
3377 4166 3450 4204 ne
3505 4147 3664 4204 dicas
3715 4141 3770 4196 in

2152 4259 2264 4296 uno
2297 4257 2534 4312 corpore
2565 4241 2794 4296 diversa
2823 4239 3088 4294 membra
3115 4255 3298 4294 unum
3353 4239 3568 4294 habere
3611 4230 3772 4290 meri-

2150 4339 2293 4400 tum,
2343 4331 2540 4384 statim
2599 4329 2818 4400 gratius
2876 4327 3152 4384 describit
3203 4327 3490 4394 Ecclesiae,
3552 4329 3608 4381 et
3659 4321 3774 4378 ait:

2151 4419 2422 4488 Quosdam.
2465 4419 2682 4488 quidem
2731 4419 2914 4489 posuit
2949 4419 3080 4472 Deus
3113 4419 3170 4472 in
3229 4419 3495 4482 Ecclesia,
3550 4416 3776 4488 primum

2147 4511 2429 4582 apostolos,
2462 4508 2694 4562 secundo
2722 4507 3027 4578 prephetas,
3083 4507 3242 4562 tertio
3301 4507 3566 4568 doctores,
3598 4495 3777 4557 deinde

397 4613 464 4668 10
481 4613 674 4684 seqq.).
708 4611 768 4666 Si
799 4608 850 4664 is
885 4609 1057 4678 cujus
1089 4623 1236 4678 Opus
1258 4604 1420 4670 arsit,
1455 4609 1512 4659 et
1543 4603 1730 4674 periit,
1763 4609 1820 4657 et
1869 4603 2033 4656 dam-
2071 4613 2114 4676 D
2149 4603 2370 4654 virtutes
2399 4600 2438 4662 ⁵,
2467 4606 2515 4652 et
2541 4599 2752 4666 gratias
2779 4599 3148 4662 curationum,
3211 4597 3622 4684 epitulationes,
3678 4604 3774 4658 gu-

397 4719 540 4758 num
573 4699 860 4757 sustinuit
893 4697 1112 4752 laboris
1144 4695 1255 4760 sui,
1289 4695 1490 4766 perdet
1520 4693 1752 4764 quidem
1819 4691 2036 4746 laboris

401 4793 503 4856 (At.
539 4789 752 4862 operis]
806 4787 1137 4859 praemium,
1171 4785 1272 4840 sed
1333 4783 1458 4856 ipse
1519 4781 1860 4848 salvabitur,
1921 4797 2036 4834 non

395 4885 588 4936 tamen
623 4879 846 4950 absque
878 4877 1216 4949 probatione
1245 4873 1397 4945 ignis
1431 4889 1444 4926 :
1479 4889 1613 4944 ergo
1635 4872 1682 4925 is
1705 4872 1872 4940 cujus
1891 4887 2037 4942 opus

395 4969 699 5034 manserit,
733 4967 888 5038 quod
923 4963 1428 5036 supermditicavit,
1475 4962 1600 5016 sine
1633 4960 1785 5031 ignis
1829 4962 2034 5030 proba-

391 5059 550 5114 tione
567 5058 906 5122 salvabitur,
923 5061 978 5110 et
1001 5055 1154 5109 inter
1177 5051 1556 5108 salvationem
1583 5055 1638 5104 et
1659 5049 2036 5104 salvationem

397 5147 599 5218 utique
629 5147 738 5201 erit
773 5145 1085 5200 diversitas
1117 5141 1335 5214 aliqua.
1365 5141 1598 5194 Necnon
1629 5138 1686 5192 iu
1712 5137 1823 5193 alio
1861 5136 1985 5193 loco
2021 5155 2032 5191 :

469 5343 484 5376 ¹
517 5346 638 5396 Duo
671 5359 839 5408 mss.,
871 5341 1171 5397 secundum
1203 5338 1342 5411 quod
1373 5342 1512 5411 Deus
1541 5336 1746 5411 diuisit.

468 5415 488 5447 ²
521 5413 700 5468 [idem
733 5431 900 5478 mss.,
933 5415 1030 5468 Dei
1053 5409 1416 5483 agricultura,
1459 5409 1556 5483 Dei
1610 5409 1903 5480 a'iliﬁcatio
1961 5427 2036 5464 cs-

398 5487 469 5541 tis
487 5502 504 5546 :
537 5489 594 5540 et
624 5501 776 5550 mox,
809 5487 948 5538 mihi
978 5481 1135 5554 quasi
1163 5485 1376 5554 sapiens
1401 5481 1746 5554 architectus.

467 5557 487 5590 ³
519 5556 720 5622 Iidem,
755 5556 870 5610 dies
901 5553 1040 5609 illud
1091 5553 1489 5624 mani/‘cstatnt,
1542 5553 1762 5624 absque
1795 5553 2032 5620 Domini,

397 5629 798 5700 quodinomen
823 5645 1010 5698 neque
1050 5629 1106 5680 in
1137 5627 1332 5700 Crch
1391 5625 1656 5700 habetur.
1706 5624 1944 5688 Deinde,
1975 5634 2038 5680 ut

391 5697 740 5778 singulorum
793 5697 946 5776 opus,
979 5703 1088 5756 etc.
1137 5699 1417 5772 Denique,
1451 5697 1606 5770 cujus
1659 5701 1842 5754 autem
1899 5713 2033 5770 opus

2147 4690 2511 4753 bernationes,
2587 4704 2782 4758 genera
2846 4687 3186 4754 linguarum.
3261 4683 3522 4756 Nunquid
3603 4689 3776 4736 omnes

2147 4779 2372 4848 apostoli
2401 4781 2424 4830 .9
2455 4775 2705 4845 nunquid
2727 4791 2908 4829 omnes
2937 4775 3215 4845 propheIw
3245 4775 3272 4827 ‘?
3299 4771 3550 4846 nunquid
3605 4779 3774 4825 omnes

2145 4867 2382 4922 doctores
2427 4865 2673 4937 nunquid
2720 4881 2904 4920 omnes
2961 4867 3186 4919 virtutes
3217 4868 3242 4916 .9
3295 4861 3550 4934 nunquid
3603 4865 3774 4914 omne:

2143 4957 2390 5027 gratiam
2422 4955 2622 5008 habent
2652 4955 3000 5007 curationum
3031 4952 3324 5023 ?n-unquid
3351 4967 3532 5008 omnes
3583 4943 3772 5016 linguis

2147 5047 2266 5116 loqu
2279 5049 2443 5098 untur
2464 5043 2490 5097 ?
2523 5042 2771 5114 nunquid
2801 5057 2981 5098 omnes
3029 5043 3497 5113 interln'ettmtur?
3551 5031 3776 5092 rEmula-

2145 5137 2286 5189 mini
2314 5143 2496 5189 autem
2536 5133 2680 5188 dona.
2735 5132 2968 5201 majora,
3001 5142 3050 5186 et
3105 5131 3283 5186 adhuc
3339 5127 3771 5186 excellentiorem

2145 5336 2358 5390 arserit.

2215 5409 2234 5440 ‘
2263 5409 2446 5460 Antea
2468 5407 2589 5458 erat
2619 5404 2886 5474 Operatio.
2912 5403 3128 5458 Contra
3158 5417 3304 5457 mss.
3332 5414 3564 5474 omnes,
3600 5397 3658 5474 ut
3697 5401 3774 5474 re-

2143 5479 2471 5550 posuimus,
2503 5465 2782 5550 aitapcrtio
2817 5493 2829 5542 ;
2866 5475 3061 5550 Crazco
3095 5475 3268 5529 etiam
3323 5473 3545 5528 favente
3592 5465 3772 5550 texti},

2145 5547 2464 5623 ᾢπ-ιέρωςις.
2499 5549 2790 5623 Messian
2819 5549 2968 5602 enim
2997 5563 3192 5618 corpus
3225 5562 3398 5600 unum
3425 5551 3520 5611 est,
3551 5547 3600 5596 et
3624 5548 3774 5592 mem-

2145 5611 2242 5680 bra
2275 5611 2516 5694 plurima
2547 5619 2721 5672 habet.

2213 5696 2231 5730 δ
2264 5686 2430 5750 Falso
2461 5697 2630 5748 antea
2687 5695 2829 5760 erat,
2853 5689 3084 5762 denique
3113 5707 3216 5764 pro
3247 5686 3462 5746 deinde.
