3944 6462
63 415 260 480 .333

1185 409 1606 474 ADVERSUS
1647 405 2128 472 JOVINIANUM
2174 406 2324 470 LIB.
2371 409 2449 470 Il.

3409 391 3529 474 335'

172 551 288 606 viam
334 545 473 604 vobis
525 545 833 603 demonstro
881 545 1027 618 (Ibid
1096 547 1188 601 28.
1252 548 1441 618 seqq).
1501 545 1765 616 Cumque
1797 554 1850 618 Α
1884 541 1964 596 Ne
1996 540 2226 597 stellam
2261 545 2316 596 et
2346 541 2575 598 stellam
2607 547 2794 599 totum
2827 543 3099 600 humanis
3130 543 3530 606 multitudinis

171 640 225 694 de
247 635 529 693 charitatis
557 635 872 693 virtutibus
900 635 1076 692 latius
1109 636 1490 710 disputasset,
1515 634 1724 703 adjecit
1749 649 1762 688 :

169 729 270 784 Sive
286 725 580 798 prolihetiae
603 725 1009 782 evacuabuntur
1049 727 1172 781 sive
1215 727 1422 796 lingua:
1467 723 1768 788 cessabunt,

166 820 256 872 sive
279 815 490 872 scicntia
521 813 852 870 destruetur.
885 815 968 869 Ex
1005 820 1164 882 parte
1209 817 1356 870 enim
1401 814 1773 884 cognoscimus

166 911 286 962 eteae
305 912 448 976 parte
467 903 874 976 prophetamus.
939 904 1073 958 Cum
1127 913 1310 960 autem
1365 903 1573 959 venerit
1631 899 1772 972 quod

163 996 424 1068 perfectum
440 1001 539 1061 est,
574 992 927 1050 evacuabitur
955 993 1096 1066 quod
1123 1009 1193 1049 ex
1245 1001 1400 1066 parte
1452 999 1526 1047 est
1573 991 1621 1062 (I
1648 990 1768 1046 Cor.

163 1101 265 1150 xm,
289 1084 336 1150 8,
365 1084 416 1151 9,
453 1081 561 1154 10),
595 1085 660 1137 Et
691 1082 749 1137 in
800 1083 1301 1155 consequentibus
1351 1082 1365 1115 ¹
1404 1098 1416 1136 :
1459 1081 1614 1136 Nunc
1662 1095 1769 1133 au-

160 1177 247 1228 tem
271 1175 480 1227 manent
509 1171 666 1243 ﬁdes,
697 1187 816 1243 spes
867 1177 920 1254 et
973 1171 1212 1228 charitas
1270 1173 1379 1227 tria
1425 1171 1566 1228 haec.
1599 1168 1772 1240 Major

161 1269 307 1318 autem
325 1261 513 1318 horum
541 1269 619 1317 est
637 1260 879 1316 charitas
929 1261 1085 1331 (Ibid.
1146 1261 1252 1332 l3).
1305 1260 1606 1315 Sectamini
1640 1259 1768 1312 clm-

159 1353 368 1419 ritatem,
396 1351 751 1407 aemulamini
777 1351 1116 1422 spiritantia,
1141 1352 1318 1418 magis
1349 1357 1531 1404 autem
1563 1353 1619 1402 ut
1649 1364 1772 1418 pro-

155 1441 359 1513 phetetis
392 1439 437 1512 (l
493 1439 618 1506 Cor,
668 1457 785 1508 XIV,
845 1439 921 1512 l).
981 1440 1052 1494 Et
1105 1439 1367 1494 iterum:
1405 1439 1528 1495 Volo
1585 1442 1770 1493 autem

155 1545 312 1586 omnes
339 1544 424 1585 vos
454 1529 609 1601 loqui
659 1529 886 1600 linguis.
947 1530 1130 1599 magis
1187 1533 1371 1584 autem
1421 1527 1766 1600 prophetare,

152 1619 460 1690 Nam-major
501 1623 579 1674 est
633 1619 732 1690 qui
781 1618 1090 1690 prophetat,
1151 1634 1316 1690 quam
1373 1619 1470 1688 qui
1523 1618 1770 1688 loquitur

149 1709 330 1776 linguis
373 1707 536 1779 (Ibid.
587 1707 665 1777 5).
717 1707 787 1762 Et
843 1724 1080 1764 rursum
1119 1725 1132 1763 :
1167 1707 1323 1764 362
1393 1705 1612 1762 Gratias
1669 1720 1768 1776 ago

150 1797 254 1864 Deo,
283 1795 416 1868 quod
457 1797 710 1853 omnium
757 1800 998 1852 vestrum
1052 1799 1232 1867 magis
1262 1798 1282 1831 ²
1313 1797 1520 1865 linguis
1580 1797 1770 1867 loquor

310 1885 414 1986 ἐξ).
445 1884 553 1940 Ubi
585 1884 817 1941 diversa
846 1889 988 1940 sunt
1017 1885 1192 1984 dona,
1244 1889 1307 1996 1et
1351 1884 1505 1941 alius
1528 1885 1764 1996 "major,
1797 1931 1845 1996 Β

144 1973 272 2029 alius
294 1973 485 2030 minor
509 1977 623 2040 est,
653 1977 712 2029 et
740 1989 946 2030 omnes
991 1973 1328 2044 spirituales
1375 1972 1766 2046 appellantur,

144 2067 274 2119 certe
299 2079 430 2120 oves
461 2066 626 2131 sunt,
657 2067 716 2118 et
737 2066 894 2118 stant
944 2079 979 2117 a
1018 2063 1260 2127 dextris,
1309 2065 1366 2118 et
1409 2063 1560 2118 inter
1601 2077 1766 2118 ovem

145 2156 194 2206 et
219 2167 373 2208 ovem
402 2156 497 2208 est
527 2150 726 2224 aliqua
757 2150 1086 2208 diversitas.
1122 2151 1404 2224 Loquitur
1435 2151 1672 2224 quidem
1695 2153 1768 2206 de

145 2239 449 2298 humilitate
479 2239 700 2296 Paulus
739 2239 1045 2313 apostolus
1077 2259 1090 2296 :
1119 2241 1226 2312 Ego
1273 2258 1394 2296 sum
1440 2241 1768 2297 novissimus

137 2331 482 2401 apostolorum
533 2331 628 2402 qui
667 2345 778 2385 non
835 2346 956 2406 sum
1012 2330 1212 2399 dignus
1260 2333 1446 2386 vocari
1495 2331 1766 2402 apostolus

137 2420 250 2491 quia
285 2428 605 2492 persecutus
661 2435 784 2475 sum
823 2420 1122 2475 Ecclesium
1167 2422 1286 2476 Dei.
1339 2421 1532 2476 Gratia
1585 2427 1766 2475 autem

135 2508 217 2563 Dei
238 2525 356 2564 sum
387 2509 446 2565 id
463 2507 610 2582 quod
637 2525 780 2574 sum,
811 2511 864 2564 et
890 2509 1077 2580 gratia
1103 2509 1220 2581 sjus
1250 2511 1310 2564 in
1337 2527 1426 2566 me
1449 2526 1626 2564 vacua
1654 2525 1766 2564 non

132 2598 243 2666 fuit,
286 2599 374 2654 sed
430 2599 677 2670 amplius
722 2599 978 2655 omnibus
1006 2599 1122 2654 illis
1177 2600 1441 2656 laboravi.
1495 2601 1612 2655 Non
1669 2615 1765 2668 ego

131 2696 332 2742 autem:
361 2687 456 2745 sed
485 2689 674 2760 gratia
711 2689 808 2743 Dei
829 2703 956 2760 quae
1004 2689 1063 2744 in
1093 2705 1178 2744 me
1209 2692 1284 2744 est
1331 2691 1352 2723 ³
1403 2691 1447 2757 (I
1501 2688 1621 2745 Cor.
1670 2707 1763 2756 xv,

129 2775 176 2844 9,
205 2775 306 2847 ιθ).
336 2775 760 2833 Verumtamen
796 2776 855 2832 in
887 2793 954 2832 eo
977 2777 1131 2848 quod
1165 2795 1226 2833 se
1249 2777 1544 2846 humiliat,
1579 2783 1765 2834 osten-

129 2864 202 2918 dit
226 2881 393 2938 posse
423 2865 730 2940 apostolos
757 2865 904 2922 alios
937 2867 1214 2936 minores,
1250 2867 1396 2923 alios
1426 2884 1556 2924 esse
1588 2868 1768 2938 majo-

129 2969 226 3020 res,
254 2959 309 3010 et
337 2955 438 3028 qui
475 2955 682 3028 utique
711 2972 815 3011 vas
845 2955 1146 3011 electionis
1179 2955 1416 3022 dicitur,
1449 2961 1508 3012 et
1535 2957 1764 3012 cunctis

128 3043 364 3117 amplius
393 3043 708 3112 laboravit,
743 3061 857 3100 non
891 3049 981 3100 est
1009 3045 1271 3116 injustus
1301 3046 1478 3113 Deus,
1519 3051 1584 3101 ut
1611 3045 1764 3102 obli-

128 3131 368 3188 viscatur
395 3133 600 3206 operis
647 3133 796 3204 ejus,
857 3137 915 3188 et
971 3134 1176 3206 dispar
1228 3134 1502 3190 meritum
1552 3135 1761 3207 aequali

128 3223 374 3280 mercede
396 3225 764 3294 compensat.
784 3221 998 3279 Dehinc
1032 3223 1473 3297 legimus:Sicut
1503 3227 1563 3280 in
1591 3224 1765 3281 Adam

1881 646 2174 686 assereres
2203 647 2410 703 genus,
2444 631 2624 688 solem
2661 633 2860 705 posuit
2883 638 2941 690 et
2967 633 3348 708 lunam,quos
3377 642 3531 695 certe

1880 719 2036 774 inter
2065 719 2260 775 hircos
2292 737 2406 776 non
2439 722 2657 794 poteris
2677 724 2785 794 (Al.
2811 725 3024 796 potest)
3054 741 3386 784 numerare.
3418 727 3528 800 Sic,

1884 808 2099 880 inquit,
2135 812 2260 864 erit
2293 813 2340 864 ct
2369 814 2704 867 resurrectio
2728 818 3162 882 mortuorum,ut
3181 815 3333 886 justi
3365 815 3532 873 clari.

1882 903 1999 952 tate
2036 897 2176 953 solis
2211 898 2443 954 luceant
2471 902 2591 970 (ΑΙ.
2625 900 2927 974 fulgeant),
2961 909 3020 958 et
3043 903 3140 976 qui
3173 904 3230 960 in
3260 905 3530 977 sequenti

1881 987 2065 1057 gradu
2104 992 2262 1054 sunt,
2296 987 2448 1043 luna:
2479 989 2790 1062 splendore
2815 991 3148 1059 rutilent,ut
3179 993 3329 1050 alius
3361 994 3530 1050 Luci-

1882 1077 1966 1130 fer
1996 1076 2094 1144 sit,
2128 1076 2280 1132 alius
2314 1081 2618 1146 Arcturus,
2669 1079 2822 1136 alius
2878 1081 3074 1150 Orion,
3129 1081 3282 1139 alius
3335 1083 3530 1139 Mazu-

1880 1164 2008 1220 roth
2041 1165 2080 1234 ⁵,
2115 1171 2171 1222 et
2201 1171 2408 1224 caetera
2437 1167 2742 1225 stellarum
2774 1171 3058 1228 vocabula
3105 1189 3234 1244 qua:
3291 1177 3531 1230 sacratae

1879 1253 1941 1308 in
1973 1255 2086 1310 Job
2117 1255 2412 1312 volumine
2441 1259 2593 1314 363
2653 1260 3048 1316 continentur.
3109 1263 3306 1318 Omnes
3359 1264 3532 1330 enim,

1881 1343 1985 1410 ait,
2019 1347 2368 1408 manifestari
2396 1363 2494 1401 nos
2552 1351 2758 1418 Oportet
2814 1359 2944 1405 ante
2997 1350 3244 1406 tribunal
3303 1351 3530 1423 Christi,

1883 1442 1945 1488 ut
1973 1435 2202 1506 recipiat
2227 1438 2600 1508 unusquisque
2629 1454 2750 1509 quae
2786 1441 2948 1510 gessit
2992 1455 3096 1510 per
3147 1431 3361 1513 corpus,
3417 1443 3534 1498 sive

1881 1524 2104 1594 bonum,
2135 1525 2250 1579 sive
2287 1525 2500 1580 malum
2531 1527 2604 1592 (II
2628 1525 2746 1582 Cor.
2780 1545 2836 1598 ν,
2869 1529 2980 1598 10).
3021 1531 3100 1584 Ac
3159 1546 3230 1586 ne
3284 1529 3532 1588 forsitan

1879 1611 2205 1676 dicas,ante
2241 1613 2500 1669 tribunal
2527 1613 2740 1670 Christi
2771 1634 2876 1672 nos
2904 1617 3362 1686 manifestari,ut
3393 1619 3530 1676 boni

1879 1701 2034 1756 bona
2053 1701 2192 1757 mali
2217 1703 2501 1774 recipiant
2530 1703 2706 1770 mala,
2729 1704 2788 1760 in
2812 1706 3016 1762 eadem
3039 1707 3302 1778 Epistola
3322 1709 3528 1767 docet:

1880 1791 1989 1860 Qui
2013 1807 2182 1863 parce
2226 1794 2481 1856 seminat,
2536 1809 2701 1864 parce
2757 1802 2808 1850 et
2863 1799 3046 1863 rxetel,
3105 1805 3159 1852 et
3214 1800 3314 1868 qui
3367 1800 3534 1855 semi-

1878 1887 1977 1936 nat
2009 1883 2070 1936 in
2122 1881 2610 1950 benedictionibus,
2669 1883 2734 1939 de
2774 1883 3236 1942 benedictionibus
3281 1890 3332 1943 et
3372 1892 3536 1946 metet

1879 1969 1954 2041 (II
1981 1969 2191 2037 Cor.1x,
2223 1971 2300 2042 6).
2361 1969 2524 2027 Certe
2581 1976 2639 2026 et
2696 1973 2795 2044 qui
2849 1972 3006 2046 plus,
3066 1979 3124 2030 et
3181 1975 3280 2048 qui
3331 1978 3533 2036 minus

1878 2057 2136 2114 seminat
2194 2059 2264 2114 de
2319 2063 2487 2131 parte
2544 2065 2686 2116 sunt
2733 2061 2959 2120 dextra.
3026 2065 3096 2120 Et
3152 2081 3284 2121 cum
3343 2084 3531 2124 unum

1878 2149 2168 2204 sementis
2199 2165 2387 2218 genus
2417 2149 2514 2218 sit,
2575 2153 2773 2206 tamen
2836 2168 3114 2208 mensura
3171 2157 3228 2210 et
3277 2172 3530 2214 numero

1878 2237 2178 2294 differunt.
2220 2237 2439 2294 Scribit
2485 2239 2556 2294 ad
2617 2239 2898 2310 Ephesios
2953 2240 3108 2298 idem
3165 2243 3432 2302 Paulus:
3469 2247 3534 2304 Ut

1875 2335 2003 2383 nota
2055 2327 2208 2398 ﬁeret
2261 2341 2411 2383 nunc
2459 2329 2864 2400 principatibus
2937 2335 2990 2386 et
3062 2335 3421 2402 potestatibus
3470 2337 3532 2392 in

1873 2417 2022 2471 cretis
2049 2433 2154 2487 per
2178 2417 2470 2472 Ecclesium
2498 2416 2798 2489 multiplex
2823 2421 2874 2474 et
2904 2421 3061 2475 varia
3105 2423 3376 2492 sapientia
3430 2423 3532 2480 Dei

1875 2505 2090 2578 (Ephes.
2127 2522 2213 2574 ιιι,
2252 2507 2362 2577 10).
2395 2505 2593 2562 Cernis
2624 2507 2778 2579 quod
2809 2506 2866 2562 in
2902 2506 3146 2565 diversis
3190 2510 3532 2584 agminibus

1875 2593 2144 2650 Ecclesiae
2177 2593 2335 2650 varia
2365 2599 2423 2650 et
2451 2593 2759 2666 multiplex
2815 2595 3104 2668 sapientia
3158 2597 3256 2655 Dei
3319 2601 3527 2665 praedi-

1875 2689 2041 2739 cetur
2071 2685 2098 2738 ‘l
2125 2683 2360 2740 Necnon
2391 2683 2451 2738 in
2483 2684 2688 2740 eadem
2740 2684 2999 2757 Epistula
3032 2703 3045 2741 :
3083 2689 3385 2760 Unicuique
3422 2707 3524 2746 au-

1874 2782 1983 2830 tem
2010 2777 2260 2829 nostrum
2291 2773 2418 2829 data
2447 2776 2522 2829 est
2576 2776 2776 2846 gratia
2812 2775 2980 2846 juxta
3031 2793 3350 2834 mensuram
3394 2797 3524 2852 gra-

1873 2865 1968 2919 tiae
1991 2863 2197 2918 Christi
2227 2865 2440 2936 (Ephes.
2475 2880 2550 2927 IV,
2583 2865 2636 2931 7)
2673 2882 2685 2920 :
2720 2881 2833 2920 non
2866 2865 3021 2936 quod
3054 2885 3330 2924 mensura
3357 2871 3522 2927 Chri-

1875 2954 1950 3008 sti
1984 2954 2213 3008 divcrsa
2243 2953 2341 3020 sit,
2377 2953 2479 3008 sed
2507 2957 2736 3008 tantum
2769 2955 2966 3025 gratiae
3006 2957 3139 3028 'ejus
3187 2957 3525 3017 infunditur

1876 3027 2163 3115 quantum
2199 3040 2464 3098 valemus
2490 3041 2726 3097 haurire
2755 3045 2802 3100 ⁸⁵.

1943 3133 2033 3186 25.
2070 3132 2307 3187 Frustra
2335 3131 2518 3204 igitur
2573 3148 2708 3187 oves
2765 3137 2821 3188 et
2874 3132 3089 3199 hircos,
3140 3135 3404 3207 quinque
3463 3141 3524 3194 et

1875 3221 2136 3294 quinque
2167 3222 2443 3292 virgines,
2477 3220 2775 3293 zEgyptios
2805 3226 2862 3277 et
2893 3221 3208 3289 lsraelitas,
3239 3229 3297 3280 et
3316 3230 3524 3283 caetera

125 3325 288 3368 omnes
314 3315 663 3376 moriuntur,
698 3313 774 3367 ita
799 3321 851 3368 et
893 3315 953 3368 in
1007 3313 1222 3370 Christo
1276 3330 1462 3370 omnes
1521 3315 1761 3384 vivi/iea-
1794 3300 1836 3365 C
1875 3309 2284 3382 hujuscemodi
2315 3309 2585 3382 replicas,
2630 3309 2770 3382 quia
2817 3327 2931 3366 non
2989 3317 3078 3367 est
3131 3311 3189 3368 in
3248 3315 3523 3386 prmsenti

123 3399 308 3456 buntur
333 3402 767 3474 ;unusquisque
796 3406 978 3458 autem
1012 3405 1072 3458 in
1099 3420 1198 3460 suo
1227 3405 1420 3460 ordine
1450 3405 1609 3476 (Ibid.
1648 3404 1762 3475 22).

123 3488 341 3552 Quando
373 3493 492 3563 (Al.
530 3490 842 3564 Quoniam)
875 3492 1283 3566 unusquisque
1316 3493 1374 3548 in
1421 3510 1528 3548 suo
1563 3510 1762 3550 resur-

121 3583 204 3650 get
230 3581 462 3648 ordine,
500 3580 712 3652 utique
739 3579 972 3636 diversa
1021 3586 1164 3637 sunt
1209 3582 1416 3638 merita
1454 3599 1762 3655 resurgen-

118 3667 251 3724 tium
279 3671 322 3737 ‘,
353 3672 478 3726 Non
505 3671 690 3727 omnis
716 3685 864 3738 caro,
907 3669 1096 3726 eadem
1149 3687 1276 3727 caro
1304 3687 1326 3734 ;
1357 3670 1450 3727 sed
1505 3663 1620 3727 alia
1676 3671 1768 3728 ho-

1875 3399 2205 3465 retributio,
2237 3399 2337 3454 sed
2371 3398 2428 3452 in
2465 3400 2678 3454 tuturo.
2715 3398 2879 3455 Unde
2937 3406 2994 3456 et
3049 3401 3176 3458 dies
3220 3403 3430 3474 judicii
3461 3405 3523 3462 in

1875 3489 2387 3544 consummatione
2419 3488 2950 3560 promittitur,quia
2979 3509 3137 3548 nunc
3167 3509 3281 3549 non
3312 3501 3404 3550 est
3423 3495 3523 3568 ju-

1875 3578 2115 3634 dicium.
2149 3577 2280 3634 Sine
2309 3595 2487 3634 causa
2519 3579 2674 3634 enim
2707 3579 3034 3652 appellatur
3083 3581 3209 3638 dies
3265 3587 3526 3641 extrema

1870 3666 2103 3740 judicii,
2146 3667 2192 3723 si
2229 3667 2402 3724 modo
2433 3667 2657 3737 iudicat
2687 3667 3402 3742 Di2us.lmpraesentiarum
3426 3689 3528 3730 na-

115 3759 334 3829 minum,
363 3759 492 3816 alia
539 3774 819 3832 pecorum,
881 3759 994 3816 alia
1054 3761 1356 3828 volucrum,
1406 3761 1523 3817 alia
1583 3766 1767 3818 autem
1876 3757 2168 3830 νὶεᾶωυεν
2204 3756 2520 3824 metamur,
2553 3763 2730 3830 atque
2783 3774 3138 3831 Pugnamusi
3189 3764 3256 3816 ιιι
3297 3759 3358 3816 in
3408 3761 3525 3818 “ne

113 3848 356 3916 piscium.
391 3850 462 3905 Et
495 3863 730 3920 corpora
767 3849 1032 3918 cwlestia,
1078 3858 1130 3906 et
1165 3865 1392 3923 corpora
1439 3853 1714 3907 terrestria
1751 3869 1765 3920 ;
1878 3847 2290 3919 perveniamus
2320 3847 2390 3902 ad
2426 3847 3524 3921 portum,coronemur,triumpbemus.

113 3934 195 3990 sed
218 3937 332 3994 alia
363 3937 610 4011 quidem
640 3937 935 3994 cwlestium
963 3939 1166 4010 gloria,
1209 3940 1325 3996 alia
1369 3949 1552 3997 autem
1601 3948 1768 3998 terre-
1878 3937 1966 3992 Tu
1995 3939 2189 3992 autem
2221 3951 2488 4008 perverse
2513 3939 2569 3991 et
2596 3935 2820 3991 lubrice
2849 3936 3152 4008 prmsentis
3181 3936 3530 3994 saeculicun-

111 4027 320 4083 striam.
349 4028 486 4083 Alia
517 4027 754 4083 claritas
793 4028 949 4096 solis,
977 4029 1092 4084 alia
1147 4029 1372 4085 claritas
1431 4031 1596 4100 lunae,
1655 4032 1771 4086 alia
1877 4025 2267 4082 versationem
2298 4023 2357 4079 in
2393 4024 2726 4079 futurorum
2758 4025 3023 4096 exempla
3056 4025 3358 4099 pr0ponis,
3390 4043 3525 4084 cum

113 4111 327 4173 claritas
373 4117 701 4174 stellarum.
761 4117 934 4173 Stella
983 4120 1135 4174 enim
1183 4136 1217 4174 a
1271 4120 1429 4176 stella
1477 4120 1662 4192 diﬂert
1709 4121 1771 4176 in
1879 4115 2084 4188 utique
2115 4115 2208 4170 hic
2240 4113 2530 4186 injustitia
2559 4114 2740 4184 sit,ibi
2769 4115 3210 4186 justitia:douec
3240 4117 3530 4177 intremus

115 4203 374 4262 claritate.
418 4207 518 4263 Sic
545 4208 658 4262 erit
704 4215 756 4262 et
793 4209 1116 4264 resurrectio
1196 4212 1539 4264 mortuorum
1603 4208 1766 4280 (Ibid.
1878 4205 1938 4260 in
1955 4204 2356 4261 sanctuarium
2378 4203 3058 4278 Dei,etintelligamusin
3082 4208 3419 4266 novissimis
3440 4225 3533 4267 eo-

113 4291 392 4370 39seqq.).
431 4295 611 4363 Quod
643 4299 707 4352 tu
739 4295 962 4352 scilicet
991 4297 1198 4354 doctus
1225 4297 1512 4371 interpres
1561 4297 1644 4354 sic
1674 4315 1769 4355 ex-
1881 4295 2173 4351 rum.Non
2209 4293 2377 4349 aliter
2407 4299 2668 4361 sanctus,
2703 4287 2872 4352 aliter
2899 4302 3170 4369 peccator
3190 4299 3532 4357 moriturJn

105 4385 370 4453 posuisti,
403 4391 476 4442 ut
499 4384 737 4442 diceres
759 4384 1098 4458 spirituales
1121 4387 1352 4444 differre
1373 4406 1405 4444 a
1437 4386 1772 4444 carnalibus
1880 4385 2085 4441 eodem
2118 4382 2268 4439 mari
2317 4382 2731 4456 navigantibus
2778 4385 2981 4441 eadem
3028 4387 3428 4460 tranquillitas
3473 4393 3535 4446 et

105 4468 238 4545 Ergo
267 4477 326 4531 et
357 4473 722 4549 spirituales
753 4491 810 4530 et
838 4475 1104 4532 carnales
1147 4477 1206 4532 in
1267 4477 1606 4534 ccelestihus
1661 4477 1768 4549 (Al.
1885 4477 2204 4545 tempestas
2234 4477 2344 4528 est.
2377 4472 2500 4528 Non
2536 4471 2705 4529 aliter
2734 4474 2900 4543 latro,
2942 4474 3111 4531 aliter
3165 4481 3386 4550 martyr
3435 4493 3532 4533 oc-

105 4561 258 4618 ccelis
288 4568 504 4629 erunt,
542 4562 750 4634 etiam
785 4581 898 4620 non
960 4565 1150 4621 solum
1207 4583 1361 4635 oves,
1431 4568 1531 4622 sed
1594 4567 1770 4623 etiam
1881 4563 2116 4619 ciditur.
2149 4563 2264 4618 Nec
2298 4561 2412 4616 alio
2444 4563 2618 4618 modo
2650 4563 2721 4619 de
2753 4563 3038 4620 adulterio
3077 4569 3134 4620 et
3164 4563 3530 4637 prostibulis,

99 4643 231 4706 hirci
255 4653 344 4708 tui
379 4651 798 4709 conscendant
841 4670 1020 4727 regna
1067 4653 1370 4723 caelorum,
1429 4655 1620 4712 Stella.
1683 4656 1772 4711 in-
1806 4675 1850 4740 Ι)
1882 4650 1997 4708 alio
2031 4651 2102 4740 de
2133 4652 2279 4707 casti
2312 4651 2708 4707 matrimoniis
2746 4657 3084 4740 nascuntur
3129 4653 3318 4709 liberi.
3369 4658 3532 4710 Certe

96 4740 228 4809 quit,
258 4759 295 4798 α
323 4743 507 4798 stella
539 4741 729 4814 diﬂ‘ert
771 4744 830 4798 in
858 4744 1110 4800 claritate
1143 4761 1156 4800 :
1188 4761 1302 4801 non
1337 4763 1470 4802 oves
1517 4750 1574 4801 et
1599 4745 1764 4818 hirci,
1807 4739 1829 4740 ί
1881 4739 2170 4796 Dominus
2200 4747 2256 4796 et
2287 4739 2541 4796 latrones
2573 4739 2780 4811 aequali
2803 4741 3030 4812 judicio
3060 4741 3318 4796 cruciﬁxi
3365 4745 3527 4799 sunt.

104 4828 191 4884 sed
217 4847 381 4900 oves,
416 4837 484 4888 et
518 4847 682 4900 oves,
715 4831 771 4888 id
803 4837 912 4900 est,
948 4833 1116 4890 stella
1147 4837 1204 4890 et
1249 4834 1438 4890 stella.
1487 4835 1765 4908 Denique,
1880 4831 1938 4886 Si
1974 4829 2130 4886 idem
2161 4834 2251 4886 est
2279 4829 2463 4901 hujus
2495 4828 2692 4884 saeculi
2726 4829 3029 4902 futurique
3051 4830 3531 4904 judicium,ergo

103 4918 234 4988 Alia,
267 4922 506 4996 inquit,
557 4921 794 4978 claritas
849 4923 981 4979 solis
1034 4927 1084 4979 et
1138 4923 1259 4980 alia
1311 4925 1537 4982 claritas
1597 4926 1768 4986 lanx.
1881 4919 1983 4994 qui
2017 4920 2112 4976 hic
2142 4919 2361 4994 pariter
2391 4919 2651 4976 cruciﬁxi
2681 4923 2841 4990 sunt,
2865 4924 2924 4976 et
2954 4920 3012 4976 in
3044 4919 3240 4977 futuro
3260 4919 3534 4978 similiter

1881 5191 2103 5259 codice,
2138 5191 2637 5264 quemadmodum
2667 5195 2727 5248 et
2783 5190 2841 5246 in
2901 5189 3031 5248 aliis
3057 5191 3289 5248 duobus
3351 5204 3533 5264 penes

1883 5263 2314 5327 Martianeeum,
2345 5263 2436 5319 sed
2460 5267 2646 5336 gratia
2670 5265 2768 5336 Dei
2795 5279 3028 5336 mecum.

1954 5338 1975 5370 ⁴
2007 5335 2130 5391 Vox
2159 5332 2562 5407 resurgentium
2613 5335 2672 5392 in
2708 5335 3026 5391 Veronensi
3059 5351 3124 5390 ac
3164 5332 3531 5392 Cistcrciensi

1884 5423 2028 5463 mss.
2063 5424 2176 5462 non
2213 5407 2480 5463 habetur.

1954 5479 2244 5552 “Numina
2276 5483 2578 5533 stellarum
2614 5477 2669 5531 in
2703 5477 2835 5544 Job,
2871 5479 3281 5552 qumﬂexplicat
3315 5480 3370 5533 in
3402 5479 3534 5552 epi-

1883 5551 2582 5614 stolam,(ullv‘abzolam,
2618 5565 2781 5604 num.
2849 5552 2929 5605 lt).
2991 5551 3134 5606 Vide
3193 5552 3268 5606 itii
3333 5551 3532 5608 notam

1884 5625 2175 5696 pag.ﬂ367.

159 5193 174 5230 ³
207 5193 354 5251 Erat
384 5196 608 5258 antea,
637 5195 689 5248 et
733 5194 791 5250 in
848 5194 1255 5252 continentibus
1275 5213 1296 5257 ,ο
1335 5194 1544 5253 deinde
1601 5213 1770 5266 mss.,

159 5267 261 5322 iior
279 5271 486 5322 autem
513 5265 603 5321 est
631 5264 720 5320 his
745 5264 1012 5322 charitas.

99 5279 261 5322 maior
279 5279 486 5322 autem
513 5279 603 5321 εει
631 5279 720 5320 Ius
745 5279 1012 5322 Charitas.

158 5271 261 5371 ροι-
279 5271 486 5324 autem
513 5271 603 5321 est
631 5271 720 5349 his
745 5271 1012 5323 eharitas.
1381 5339 1392 5351 .

203 5338 734 5419 Voculampiagzs
765 5339 1111 5419 supplemus
1143 5345 1510 5419 mss.q_u1bus
1537 5339 1772 5398 Graecus

102 5421 321 5484 quoque
349 5406 906 5484 concinittextus,‘_
923 5406 1160 5482 μᾶλλον,
1189 5406 1385 5484 magis.

154 5426 202 5466 ιο
243 5427 321 5469 ue
349 5426 644 5468 concinit
673 5426 886 5479 remus,
923 5426 1160 5482 μαΛΛον,
1189 5428 1385 5484 magis.

154 5482 178 5514 ³
205 5426 308 5539 geli
338 5483 552 5555 gratia
595 5478 694 5555 Dei
718 5495 844 5552 qua:
887 5482 943 5536 in
975 5499 1062 5537 me
1094 5491 1189 5538 est.
1238 5484 1308 5555 In
1371 5501 1514 5539 mss.
1575 5484 1772 5541 codice

101 5549 653 5627 Sangerrnanensis
716 5549 914 5627 nostro
967 5560 1024 5627 et
1076 5555 1138 5627 in
1196 5554 1377 5610 altero
1432 5557 1770 5612 monasterii

99 5625 260 5684 sancti
293 5625 462 5683 Petri
523 5625 917 5698 Qarnu'tensis
977 5625 1246 5695 legimus,
1303 5627 1394 5682 sed
1448 5630 1628 5698 gratia
1679 5629 1774 5684 Dei

97 5713 308 5757 mecum.
340 5694 571 5756 Crateri
602 5695 968 5770 _tl_ntiquiores
998 5692 1272 5770 retinent,
1303 5698 1395 5770 sed
1423 5692 1604 5770 gratia
1655 5700 1771 5770 Dei,
1884 5692 1914 5770 ί
1955 5698 1977 5730 ⁸
2009 5694 2174 5751 Haud
2206 5694 2350 5750 bene
2384 5695 2440 5750 in
2475 5692 2605 5751 aliis
2639 5709 2806 5761 mss.,
2840 5703 3104 5767 quantum
3145 5696 3393 5752 valemus
3419 5711 3529 5753 au-

103 5773 284 5844 quin
311 5787 409 5832 me
439 5770 559 5828 est.
602 5763 888 5825 Manius.
917 5799 984 5810 —-
1017 5769 1079 5828 1n
1121 5763 1455 5829 Corbeiensi
1515 5763 1772 5851 quodam
1882 5768 2020 5828 dire.
