3944 6446
1672 432 1738 492 S.
1784 428 2092 493 EUSEBII
2138 429 2578 494 HIERONYMI

3688 420 3796 490 3%

429 549 825 617 habebuntur.
859 559 1076 617 Paulus
1106 563 1161 617 et
1192 561 1291 633 qui
1338 578 1473 618 eum
1521 562 1849 633 vinxerant,
1902 552 2069 619 simél
2101 567 2154 632 Α
2186 582 2279 633 na,
2314 570 2371 621 et
2397 564 2589 620 omnis
2610 567 2902 619 astrorum
2927 562 3223 630 chorus,et
3250 558 3538 633 pluvias,et
3558 561 3799 617 mundus

431 649 728 723 navigant,
795 648 973 706 simul
1033 649 1327 706 sustinent
1413 655 1838 723 tempestatem,
1899 652 2073 708 simul

431 739 563 794 navi
596 739 873 795 ﬂuctibus
904 738 1189 811 dissipata
1238 740 1295 795 in
1354 742 1507 797 364
1564 741 1734 796 littus
1792 743 2069 809 evadunt,

429 826 651 901 Negare
701 844 817 884 non
875 831 1061 900 potes,
1123 827 1264 900 quin
1319 829 1471 884 inter
1517 830 1776 885 vinctum
1834 837 1890 885 et
1947 830 2073 886 vin-

431 916 649 973 cientes
680 916 909 973 diversa
926 916 1046 972 sint
1066 917 1370 973 merita.Et
1400 920 1691 989 quomodo
1714 936 1897 974 unum
1929 925 2076 990 Apo-

434 1005 568 1062 stoli
598 1004 973 1077 militumque
1002 1005 1451 1077 naufragium“?
1484 1007 1678 1063 Refert
1705 1013 1906 1079 postea
1926 1008 2073 1063 Pau-

432 1094 528 1150 lus
556 1092 857 1167 apostolus
888 1092 1320 1161 revelationein,
1353 1101 1408 1150 et
1438 1111 1535 1151 eos
1567 1096 1667 1167 qui
1702 1097 1758 1150 in
1791 1096 1920 1151 navi
1948 1096 2074 1151 fue-

435 1188 568 1240 rant
595 1183 735 1238 dicit
764 1182 937 1238 sibia
984 1182 1229 1239 Domino
1287 1200 1415 1240 esse
1475 1185 1738 1241 donatos.
1800 1185 2075 1257 Nunquid

435 1272 625 1343 is,cui
652 1272 965 1338 donantur,
1018 1276 1074 1327 et
1128 1273 1227 1344 qui
1286 1273 1603 1341 donantur,
1654 1275 1831 1331 unius
1883 1275 2077 1332 meriti

436 1365 578 1418 sunt
604 1360 633 1414 ?
665 1361 869 1417 Decem
899 1360 1086 1417 sancti
1133 1362 1514 1433 peccatricem
1572 1367 1823 1435 possunt
1877 1380 2077 1421 eruere

437 1449 875 1507 civitatem.Lot
893 1465 1027 1504 cum
1052 1448 1285 1505 ﬁliabus
1312 1455 1545 1524 ereptus
1570 1456 1657 1508 est
1686 1453 1756 1509 de
1779 1453 2073 1511 incendio:

436 1538 665 1596 liberati
697 1542 894 1595 essent
922 1542 979 1596 et
1009 1538 1227 1613 generi,
1286 1541 1334 1595 si
1394 1540 1549 1596 exire
1608 1541 1952 1598 voluissent.
2014 1546 2079 1599 Et

436 1633 590 1686 certe
610 1627 799 1684 multa
818 1627 1145 1683 differentia
1166 1632 1252 1683 est
1275 1629 1425 1683 inter
1445 1630 1547 1685 Lot
1576 1634 1631 1685 et
1652 1646 1895 1702 generos
1927 1634 2074 1704 ejus.

438 1719 741 1775 Liberatur
769 1717 949 1789 Segor
978 1733 1098 1773 una
1145 1718 1287 1773 urbs
1344 1719 1414 1774 de
1464 1719 1784 1791 Pentapoli,
1842 1726 1899 1776 et
1952 1739 2078 1792 quae

436 1807 702 1879 ejusdem
732 1806 924 1861 meriti
954 1810 1097 1873 erat,
1130 1810 1304 1878 atque
1334 1808 1436 1862 uni
1468 1809 1767 1864 sententiae
1812 1812 2075 1881 subiace-

437 1897 558 1962 bat,
590 1895 683 1994 cui
704 1895 959 1999 Sodoma
988 1899 1044 1950 et
1073 1895 1417 1994 Gomorrha,
1449 1898 1695 1966 Adama,
1735 1903 1789 1953 et
1822 1900 2075 1969 Seboim,
2111 1934 2158 1999 Β

439 1983 627 2040 sancti
660 1982 929 2055 precibus
959 1984 1459 2040 custoditur.Ecce
1481 1986 1775 2042 diversum
1804 1989 2079 2043 meritum

438 2072 498 2129 in
534 2073 640 2129 Lot
667 2077 724 2127 et
752 2072 947 2143 Segor,
977 2076 1175 2127 tamen
1224 2074 1294 2128 de
1352 2072 1623 2130 incendio
1682 2076 1899 2147 pariter
1953 2095 2081 2133 eva-

439 2163 607 2218 dunt.
641 2160 982 2217 Latrunculi
1012 2162 1113 2233 qui
1170 2163 1410 2218 absente
1468 2164 1648 2219 David
1707 2171 2081 2222 vestaverant

436 2250 675 2324 Siccleg,
704 2254 761 2306 et
791 2266 999 2306 uxores
1029 2267 1229 2306 eorum
1262 2257 1319 2307 et
1348 2251 1563 2309 liberos
1594 2252 1652 2308 in
1688 2256 1947 2327 praedam
1979 2258 2081 2312 du-

436 2344 660 2408 xerant,
693 2340 788 2395 die
816 2339 991 2395 tertia
1020 2341 1323 2396 czeduntur
1354 2341 1411 2396 in
1444 2359 1669 2413 campo,
1714 2353 1763 2399 et
1797 2347 2080 2415 quadrin—

437 2428 594 2503 genti
624 2429 893 2485 homines
925 2430 1185 2485 ascensis
1216 2430 1455 2487 camelis
1520 2433 1771 2505 t'ugiunt.
1810 2435 1910 2490 Die
1972 2435 2080 2491 ali-

438 2535 616 2591 quam
649 2518 802 2574 inter
830 2533 931 2574 eos
961 2518 1061 2590 qui
1091 2520 1221 2574 caesi
1251 2524 1408 2587 sunt,
1438 2525 1493 2576 et
1523 2521 1623 2593 qui
1654 2522 1852 2595 fugere
1886 2528 2083 2595 potue-

440 2611 598 2678 runt,
630 2622 760 2663 esse
788 2606 1148 2665 distantiam.
1187 2609 1461 2680 Legimus
1490 2610 1549 2665 in
1611 2611 1917 2683 Evangelio
1958 2617 2083 2668 tur-

439 2711 562 2751 rem
593 2695 747 2751 Siloe
777 2692 1060 2751 cecidisse
1092 2712 1268 2767 super
1312 2697 1510 2754 decem
1542 2702 1599 2753 et
1645 2706 1769 2753 octo
1819 2701 1994 2769 viros,
2030 2707 2086 2757 et

441 2784 685 2840 obrutos
714 2783 1014 2840 occidisse.
1046 2786 1228 2852 Certe,
1255 2786 1423 2856 juxta
1452 2789 1800 2843 sententiam
1827 2790 2085 2845 Salvato-

443 2874 547 2945 ris,
581 2891 696 2930 non
728 2872 838 2930 soli
863 2874 1095 2929 fuerant
1122 2879 1455 2947 peccatores
1490 2894 1503 2945 ;
1538 2877 1635 2931 sed
1698 2877 1758 2932 in
1818 2878 2084 2935 formidi-

444 2979 578 3020 nem
609 2962 969 3037 reliquorum
997 2963 1186 3036 puniti
1216 2969 1374 3031 sunt,
1411 2969 1473 3019 ut
1522 2965 1825 3037 pestilente
1886 2968 2085 3040 ﬂagel-

441 3052 581 3121 lato,
616 3050 834 3108 stultus
865 3051 1185 3125 sapientior
1216 3053 1393 3109 ﬁeret.
1428 3054 1486 3109 Si
1519 3055 1783 3111 omnium
1824 3062 2084 3129 peccato-

442 3158 575 3198 rum
607 3158 790 3197 unum
822 3146 910 3198 est
940 3141 1318 3214 supplicium,
1352 3143 1571 3214 injuste
1602 3144 1753 3200 alius
1780 3146 2084 3215 occiditur,

444 3235 502 3287 et
531 3246 634 3304 per
663 3236 911 3288 mortem
943 3230 1182 3287 alterius
1215 3230 1364 3287 alius
1395 3239 1817 3289 commonetur.

2183 654 2487 725 aequaliter
2517 653 2687 708 nobis
2736 656 2997 717 currunt,
3048 655 3103 705 et
3150 650 3355 705 iisdem
3405 665 3602 706 omnes
3642 650 3801 720 juxta

2181 742 2559 812 Evangelium
2591 740 2879 795 imbribus
2908 739 3244 810 irrigamur,
3270 737 3405 793 boni
3434 742 3489 794 et
3514 737 3804 809 mali,justi

2183 836 2240 886 et
2271 832 2497 902 injusti.
2531 831 2585 884 Si
2619 828 2928 902 praesentia
2975 827 3240 899 exempla
3287 832 3426 882 sunt
3472 827 3805 891 futurorum,

2184 937 2321 989 ergo
2352 924 2407 974 et
2425 920 2509 973 sol
2526 919 2769 989 justitia:
2790 917 3088 989 aequaliter
3108 918 3290 988 justis
3324 920 3380 971 et
3401 914 3810 988 peccatoribus,

2184 1011 2381 1081 impiis
2411 1015 2467 1063 et
2497 1008 2737 1075 sanctis,
2770 1007 3119 1063 Christianis
3149 1011 3207 1061 et
3234 1007 3451 1062 .ludaeis
3483 1012 3653 1078 atque
3680 1021 3812 1079 gen-

2184 1098 2387 1154 tilibus
2430 1098 2668 1165 orietur,
2719 1112 2853 1150 cum
2907 1095 3211 1167 Scriptura
3260 1095 3461 1151 dicat:
3496 1095 3812 1151 Timentibus

2184 1197 2369 1242 autem
2398 1189 2685 1242 Dominum
2719 1187 2931 1240 orietur
2958 1186 3036 1239 sol
3056 1185 3293 1255 justiti}?
3348 1184 3682 1256 (Malach.1v,
3742 1183 3812 1252 2).

2186 1278 2240 1330 Si
2258 1275 2599 1331 timentibus
2624 1276 2864 1340 orietur,
2884 1291 3020 1345 ergo
3043 1273 3564 1344 comtemptoribus
3586 1277 3641 1328 et
3654 1288 3815 1345 pseu-

2187 1365 2564 1437 doprophetis
2592 1364 2834 1419 occidet.
2870 1364 3016 1418 Oves
3046 1364 3067 1396 ³
3098 1379 3225 1434 qua:
3278 1367 3438 1418 stant
3496 1380 3530 1417 τι
3587 1361 3815 1429 dextris,

2188 1454 2259 1509 ad
2290 1469 2467 1526 regna
2496 1453 2770 1507 cmlorum
2802 1451 3274 1519 introducuntur,
3298 1450 3442 1507 hirci
3468 1450 3819 1506 intartarum

2188 1543 2601 1597 detruduntur.
2635 1540 2918 1596 Parabola
2950 1541 3060 1595 ista
3095 1557 3206 1596 non
3240 1540 3433 1595 ovium
3465 1539 3617 1595 inter
3636 1556 3696 1596 se
3716 1555 3824 1595 me-

2187 1632 2318 1698 rita,
2352 1636 2407 1686 et
2435 1648 2464 1686 e
2493 1631 2783 1686 contrario
2830 1630 3110 1685 describit
3162 1629 3461 1685 hircorum
3494 1630 3633 1697 ;sed
3681 1629 3825 1684 inter

2188 1725 2391 1777 oveset
2420 1720 2614 1775 hircos
2648 1724 2877 1775 tantum
2910 1719 3251 1774 distantiam
3289 1719 3655 1790 facit.Neque
3676 1717 3824 1773 enim

2188 1811 2246 1864 in
2280 1809 2555 1864 omnibus
2606 1808 2747 1863 locis
2808 1809 3095 1863 docentur
3140 1809 3360 1875 omnia,
3411 1809 3513 1863 sed
3561 1822 3830 1879 unaqua-

2191 1915 2301 1970 que
2327 1897 2656 1953 similitudo
2688 1896 2843 1952 adid
2877 1898 3124 1951 refertur
3152 1898 3324 1967 cujus
3366 1895 3697 1952 similitudo
3725 1900 3828 1952 est.

2189 1988 2352 2042 Sicut
2377 1992 2433 2042 et
2461 1987 2661 2042 decem
2695 1986 2949 2057 virgines
2979 1986 3085 2056 (Al.
3117 1984 3438 2057 virginum)
3489 2001 3608 2040 non
3656 1983 3829 2041 totius

2191 2076 2421 2149 generis
2452 2075 2830 2140 humani,sed
2854 2073 3238 2129 sollicitorum
3261 2079 3319 2130 et
3346 2074 3654 2146 pigrorum
3676 2088 3830 2129 exem

2191 2166 2288 2238 pla
2317 2169 2455 2220 sunt
2487 2181 2499 2219 :
2539 2181 2787 2236 quorum
2823 2162 2988 2219 alteri
3023 2179 3255 2235 semper
3309 2163 3545 2218 Domini
3606 2167 3835 2236 praesto-

2190 2256 2387 2310 lantur
2417 2254 2729 2309 adventum
2763 2253 2928 2308 alteri
2959 2269 3163 2308 somno
3186 2253 3483 2308 etinertiie
3504 2270 3568 2309 sc
3614 2254 3835 2322 dantes,

2193 2345 2458 2399 futurum
2481 2342 2773 2414 judicium
2808 2359 2921 2397 non
2956 2342 3350 2412 putant.Unde
3368 2346 3427 2398 et
3451 2342 3510 2397 in
3535 2343 3651 2398 fine
3677 2357 3835 2414 para-

2192 2431 2334 2488 bolze
2365 2432 2997 2502 dicitur:Vigilatc,quia
3022 2433 3243 2486 nescitis
3261 2431 3411 2486 diem
3440 2448 3621 2505 neque
3653 2432 3839 2487 horam

2192 2520 2401 2592 (Matth.
2436 2537 2566 2583 xxv,
2601 2521 2708 2588 43).
2743 2520 2795 2573 Si
2827 2518 2885 2573 in
2918 2519 3137 2575 diluvio
3168 2522 3188 2554 ‘
3219 2519 3511 2577 liberatus
3560 2525 3652 2577 est
3702 2522 3837 2588 Noe,

2191 2615 2247 2665 et
2276 2610 2469 2664 omnis
2493 2610 2652 2665 orbis
2684 2608 2903 2664 interiit
2935 2626 2948 2663 :
2982 2625 3188 2665 omnes
3218 2626 3352 2665 caro
3385 2614 3581 2677 erant,
3618 2613 3677 2666 et
3717 2625 3840 2681 pro-

2194 2704 2390 2771 pterea
2411 2698 2849 2769 perierunt.Aut
2871 2715 2984 2752 non
3006 2698 3270 2769 ejusdem
3290 2699 3493 2755 meriti
3518 2700 3680 2755 dices
3702 2698 3845 2754 filios

2192 2788 2333 2852 Noe,
2366 2792 2423 2841 et
2453 2787 2571 2842 Noe
2602 2793 2837 2859 propter
2867 2803 3041 2858 quem
3090 2786 3193 2841 filii
3240 2786 3473 2844 liberati
3532 2793 3677 2845 sunt
3708 2806 3723 2856 ;
3754 2790 3846 2842 aut

2196 2875 2572 2931 maledictum
2608 2876 2787 2931 Cham
2834 2876 2893 2929 in
2952 2875 3155 2931 eodem
3214 2892 3397 2948 pones
3458 2875 3591 2933 loco
3649 2877 3710 2932 in
3740 2892 3847 2949 quo

2193 2970 2248 3020 et
2279 2970 2524 3037 patrem,
2558 2965 2695 3036 quia
2726 2965 2795 3019 de
2818 2964 3036 3020 diluvio
3069 2963 3246 3019 simul
3279 2963 3575 3022 liberatus
3616 2970 3725 3022 est.
3788 2966 3846 3020 In

2196 3055 2467 3127 passione
2507 3054 2753 3109 Christis
2768 3070 2970 3108 omnes
2991 3053 3655 3123 declinaverunt,simul
3677 3055 3850 3112 inuti-

2195 3140 2278 3197 les
2307 3142 2440 3196 facti
2474 3149 2613 3197 sunt
2646 3161 2659 3211 ;
2693 3147 2750 3198 et
2781 3157 2892 3196 non
2929 3142 3035 3196 fuit
3061 3142 3160 3214 qui
3193 3143 3413 3199 faceret
3447 3144 3700 3213 bonum,
3737 3161 3849 3201 non

2197 3230 2306 3285 fuit
2338 3247 2520 3303 usque
2552 3232 2620 3285 ad
2678 3247 2883 3285 unum.
2925 3230 3256 3286 Audebisne
3303 3232 3498 3303 igitur
3542 3234 3739 3290 dicere
3777 3234 3856 3290 sic

518 3321 607 3376 25.
671 3321 878 3376 Christi
932 3336 1124 3392 corpus
1182 3321 1475 3391 aequaliter
1531 3324 1849 3394 accipimus.
1901 3326 2087 3381 Decem
2119 3306 2161 3372 (ἶ
2202 3336 2444 3393 negasse
2474 3319 2703 3375 Petrum
2731 3323 2786 3374 et
2817 3325 3055 3375 caeteros
3088 3320 3389 3392 apostolos
3421 3324 3531 3395 qui
3557 3324 3853 3397 fugerunt,

455 3410 694 3480 virgines
723 3409 854 3481 quid
880 3411 1201 3483 signiﬁcant
1232 3413 1256 3462 .9
1282 3410 1496 3465 Pilatus
1550 3412 1737 3467 nolens
1789 3414 1917 3468 tulit
1973 3431 2093 3469 sen-

457 3500 702 3555 tentiam.
736 3498 845 3553 Sex
872 3498 988 3553 dies
1046 3499 1231 3552 saeculi
1278 3499 1459 3570 hujus.
1514 3532 1580 3541 -—
1636 3503 1895 3573 Opponis
1948 3504 2091 3558 mihi

454 3588 667 3645 Gomor
695 3604 944 3658 manna,
980 3602 1275 3659 unamque
1296 3594 1720 3656 mensuram,et
1748 3592 2020 3646 vestitum
2037 3597 2093 3648 et

453 3676 716 3752 capillos,
749 3681 806 3733 et
835 3677 1099 3741 barbam,
1133 3680 1188 3731 et
1209 3675 1693 3748 caleeamenta,ex
1715 3696 1879 3751 aequo
1912 3680 2090 3737 fuisse

452 3766 855 3825 Israelitarum
915 3784 927 3833 ;
990 3764 1157 3838 quasi
1208 3781 1324 3820 non
1355 3770 1410 3819 et
1459 3783 1565 3821 nos
1622 3767 1831 3823 Chrirti
1880 3786 2089 3839 corpus

452 3856 753 3932 aequaliter
808 3854 1187 3927 accipiamus.
1222 3854 1348 3911 Una
1391 3856 1569 3912 estin
1630 3858 1922 3930 mysteriis
1955 3876 2087 3914 san-

449 3946 744 4019 ctiﬁcatio,
768 3945 991 4003 domini
1023 3949 1079 4000 et
1108 3944 1584 4016 servi,nobiliset
1614 3947 1907 4020 ignobilis,
1935 3948 2087 4021 regis

450 4042 508 4094 et
561 4035 814 4092 militis:
851 4050 1186 4108 quanquam
1245 4052 1348 4107 pro
1402 4035 1812 4107 accipientium
1864 4039 2087 4095 meritis

456 4130 751 4185 diversum
782 4126 885 4182 ﬁat
914 4126 1070 4197 quod
1121 4141 1303 4181 unum
1336 4129 1442 4182 est.
1503 4126 1608 4193 Qui
1661 4129 1809 4182 enim
1867 4128 2088 4200 indigne

449 4218 862 4275 manducauerit
911 4223 962 4271 et
1032 4215 1249 4279 biberit,
1288 4232 1411 4271 reus
1442 4218 1545 4271 erit
1600 4218 1794 4272 violati
1848 4220 2087 4290 corporis

449 4307 820 4376 etsangumis
845 4304 1116 4375 Christi(I
1143 4306 1271 4361 Cor.
1311 4322 1390 4373 x1,
1447 4305 1560 4377 27).
1619 4307 1895 4379 Nunquid
1951 4308 2088 4379 quia

449 4403 505 4456 et
532 4397 717 4454 Judas
747 4396 817 4452 de
847 4395 1049 4452 eodem
1081 4393 1259 4449 calice
1289 4393 1457 4463 bibit,
1512 4396 1581 4449 de
1629 4411 1742 4467 quo
1791 4401 1849 4451 et
1897 4397 2084 4452 caeteri

447 4486 767 4563 apostoli’,
796 4485 975 4540 unius
1022 4500 1155 4539 cum
1205 4482 1447 4555 reliquis
1494 4484 1603 4540 erit
1650 4485 1840 4541 meriti
1871 4489 1897 4539 .9
1925 4487 2084 4552 Quod

445 4579 642 4637 sinon
690 4576 778 4632 vis
834 4573 1089 4646 recipere
1146 4572 1609 4642 Sacramentum,
1676 4577 1827 4629 certe
1882 4591 2086 4632 omnes

2204 3409 2495 3482 quomodo
2527 3408 2807 3480 Caipham
2840 3413 2896 3464 et
2927 3409 3333 3475 Phariszeos,et
3358 3411 3731 3469 clamantem
3764 3429 3860 3485 po-

2203 3499 2429 3571 pulum,
2490 3499 2754 3568 Cruriﬁge
2805 3500 3060 3569 cruci/iac
3114 3501 3278 3555 talem
3351 3502 3547 3571 (Joan.
3609 3502 3861 3574 x1x,6)?

2202 3590 2265 3643 Et
2291 3593 2354 3643 ut
2384 3588 2454 3643 de
2487 3587 2769 3660 apostolis
2801 3592 3042 3653 taceam,
3069 3589 3421 3660 ejusdemne
3456 3592 3572 3648 tibi
3625 3590 3861 3649 sceleris

2197 3677 2489 3732 videbitur
2518 3694 2651 3731 reus
2681 3679 2867 3743 Anna,
2902 3684 2959 3732 et
2984 3678 3252 3750 Caiphas,
3277 3684 3333 3734 et
3363 3683 3568 3739 Judas
3604 3683 3867 3755 proditor

2198 3767 2367 3836 cujus
2401 3771 2458 3821 et
2488 3766 2709 3821 Pilatus
2739 3766 2885 3837 ‘,qui
2922 3766 3122 3823 nolens
3149 3768 3507 3839 compulsus
3539 3776 3637 3828 est
3666 3776 3869 3829 contra

2199 3854 2510 3911 Dominum
2541 3857 2687 3911 ferre
2719 3856 3070 3911 sententiam
3100 3857 3128 3911 ?
3156 3856 3310 3913 808
3342 3860 3594 3923 Quanto
3629 3861 3871 3933 majoris

2198 3944 2389 3999 meriti
2421 3945 2531 3999 fuit
2559 3945 2763 4011 Judas,
2813 3948 2973 4000 tanto
3020 3946 3261 4015 majoris
3304 3948 3597 4007 criminis
3644 3956 3787 4008 est:
3820 3952 3874 4007 et

2198 4038 2417 4106 quanto
2449 4033 2689 4105 majoris
2722 4034 3009 4102 criminis,
3035 4039 3194 4090 tanto
3242 4037 3506 4107 majoris
3557 4045 3620 4096 et
3668 4057 3870 4114 pmnaa.

2194 4125 2457 4191 Potentes,
2491 4126 2640 4180 enim
2666 4128 2913 4195 potenter
2941 4127 3207 4179 tormenta
3236 4128 3547 4196 patientur
3580 4131 3745 4204 [Sap.
3787 4146 3867 4198 V1,

2194 4214 2270 4284 7).
2304 4214 2491 4269 Arbor
2523 4212 2675 4268 mala
2706 4212 2929 4269 fructus
2956 4213 3140 4269 bonos
3166 4231 3282 4270 non
3326 4216 3504 4286 facit,
3560 4236 3677 4276 nec
3721 4222 3876 4277 bona

2197 4300 2403 4357 malos.
2439 4301 2497 4358 Si
2530 4301 2637 4357 hoc
2677 4302 2758 4358 ita
2812 4306 2919 4368 est,
2980 4304 3267 4376 responde
3322 4306 3512 4380 mihi,
3569 4309 3875 4383 quomodo

2196 4390 2411 4446 Paulus
2443 4407 2573 4446 cum
2607 4396 2760 4447 esset
2789 4392 2963 4448 arbor
3010 4391 3187 4459 mala,
3241 4410 3632 4469 persequens
3680 4396 3877 4456 Eccle—

2195 4479 2341 4535 siam
2372 4478 2601 4544 Christi,
2635 4480 2767 4535 fecit
2798 4481 2903 4552 (Al.
2937 4481 3155 4552 fecerit)
3203 4488 3415 4554 postea
3477 4488 3728 4546 fructus
3776 4489 3877 4544 bo-

2196 4569 2341 4624 nos?
2361 4571 2425 4623 Et
2453 4569 2658 4634 Judas,
2692 4585 2823 4625 cum
2854 4574 3008 4626 esset
3037 4574 3212 4627 arbor
3241 4571 3630 4650 bona,signa
3653 4579 3882 4635 faciens

446 4664 747 4740 aequaliter
774 4663 1048 4731 vivimus,
1077 4678 1262 4717 unum
1294 4660 1586 4717 trahimus
1635 4678 1850 4730 aerem,
1882 4664 2083 4720 eodem
2116 4678 2162 4741 Ι)
2195 4676 2325 4715 cum
2362 4657 2870 4730 apostolis,postea
2893 4676 3097 4715 versus
3129 4660 3186 4715 in
3213 4662 3627 4738 proditorem,
3675 4665 3882 4724 fecerit

442 4756 690 4812 humore
721 4752 1058 4826 irrigamur,
1094 4750 1301 4806 iisdem
1348 4749 1494 4805 cibis
1543 4750 1860 4822 poscimur.
1910 4752 2084 4808 Porro

443 4846 593 4903 865
628 4843 677 4902 si
708 4843 989 4900 alimenta
1017 4857 1287 4897 cocorum
1307 4844 1430 4895 arte
1452 4844 1756 4897 mutantur
1781 4840 1840 4896 in
1871 4841 2083 4898 melius

440 4939 498 4990 et
526 4935 592 4990 fit
629 4932 852 5006 aliquid
884 4931 1125 4988 suavius
1154 4929 1495 4998 condituris,
1529 4930 1939 5001 hujuscemodi
1970 4931 2081 4986 cibi

442 5041 557 5081 non
578 5028 800 5080 natura:
832 5020 1221 5089 satisfaciunt,
1252 5020 1349 5075 sed
1383 5018 1873 5092 voluptati./Eque
1903 5019 2083 5075 esuri-

442 5128 598 5179 mus,
630 5129 793 5185 aaque
818 5113 1086 5184 algemus
1120 5127 1133 5165 :
1168 5108 1346 5165 simul
1397 5108 1801 5165 contrahimur
1850 5110 2079 5181 frigore,

443 5201 681 5258 aestibus
707 5200 969 5257 etcalore
991 5196 1493 5256 dissolvimur.Sol
1517 5213 1749 5270 quoque
1770 5198 1892 5270 ipse
1915 5202 1972 5253 et
1990 5197 2079 5253 lu-

513 5479 541 5553 ‘_
564 5477 727 5545 Mss.,
759 5480 1119 5553 naufragium
1152 5487 1247 5545 est,
1280 5478 1381 5550 qui
1431 5477 1639 5534 deinde
1680 5495 1879 5535 vocem
1939 5481 2077 5553 Apo-

436 5551 608 5624 stolus
638 5550 850 5606 rectius
880 5568 994 5624 non
1025 5554 1369 5624 agnoscunt.

509 5624 531 5655 ²
557 5621 681 5677 Duo
712 5637 880 5689 mss.,
913 5622 977 5676 de
1033 5621 1135 5692 quo
1186 5623 1437 5677 Christus
1482 5630 1533 5677 et
1589 5625 1781 5678 caeteri
1810 5625 2091 5695 apostoli

509 5692 613 5749 .ulo
648 5699 798 5749 post.
830 5694 1018 5748 iisdem
1046 5695 1184 5749 cibis
1216 5695 1498 5748 vescimur.

436 5710 613 5774 anlO
646 5710 798 5767 post.
830 5710 1018 5748 ηδιιϐηι
1046 5710 1184 5749 (‘1028
1216 5710 1498 5748 vcsczmm'.

502 5766 527 5851 ,³
555 5765 849 5826 Victorius
879 5766 1010 5829 Oves
1039 5779 1162 5841 quw
1205 5769 1356 5821 stant
1402 5781 1437 5820 α
1482 5764 1713 5835 dextris,
1760 5767 1967 5825 vadunt
2006 5767 2077 5824 ad

2196 4748 2419 4803 fructus
2444 4747 2628 4802 malos
2659 4751 2684 4800 .9
2712 4748 2938 4803 Tandiu
2969 4765 3104 4821 ergo
3137 4765 3240 4806 nec
3269 4752 3459 4808 arbor
3487 4756 3661 4814 bona
3688 4756 3882 4814 malos

2194 4838 2419 4893 fructus
2451 4837 2606 4904 facit,
2641 4854 2747 4892 nec
2778 4837 2933 4893 mala
2964 4839 3454 4911 bonos,quandiu
3477 4845 3578 4902 vel
3612 4847 3678 4903 in
3711 4845 3884 4903 boni-

2191 4930 2308 4983 tate
2337 4943 2464 4996 sua,
2515 4926 2601 4981 vel
2662 4927 2720 4981 in
2772 4926 2999 4983 malitia
3053 4934 3413 4999 perseverat.
3474 4938 3677 4995 Porro
3724 4935 3883 5011 quod

2191 5016 2381 5072 omnis
2409 5016 2683 5071 Hebraeus
2714 5016 3014 5087 aequaliter
3030 5016 3168 5073 facit
3195 5018 3454 5084 Pascha,
3490 5032 3555 5080 et
3611 5028 3878 5099 septimo

2191 5122 2344 5160 anno
2377 5104 2524 5160 liber
2553 5105 2823 5171 efficitur,
2856 5110 2912 5161 et
2938 5106 2996 5161 in
3018 5106 3285 5174 Jubilaao,
3319 5109 3380 5164 id
3418 5118 3544 5184 est,
3583 5118 3888 5191 quinqua-

2190 5194 2436 5267 gesimo,
2462 5195 2734 5250 universa
2764 5195 3057 5266 possessio
3090 5196 3239 5252 redit
3268 5198 3340 5253 ad
3388 5200 3722 5278 dominos,
3776 5208 3885 5263 hoc

2188 5493 2359 5546 regna
2387 5475 2667 5541 omlorum,
2700 5476 3199 5536 consentientibus
3232 5481 3531 5543 mss.fere
3568 5488 3892 5547 omnibus.

2258 5548 2449 5603 ‘Olim
2474 5548 2574 5632 Sed
2614 5552 2715 5632 lin.
2742 5549 2988 5632 diluvio,
3033 5553 3184 5632 male
3218 5554 3457 5626 :paulo
3516 5567 3692 5632 post,
3764 5578 3895 5619 ver-

2189 5620 2325 5695 bum
2359 5619 2793 5695 esse_Victorius
2820 5623 3073 5695 supplet.

2258 5692 2853 5767 5VideLactantium
2886 5692 2984 5749 lib.
3048 5712 3122 5765 Iv,
3181 5712 3229 5752 c.
3298 5694 3385 5753 18.
3459 5698 3708 5764 Deinde
3775 5724 3894 5767 ms.

2186 5768 2338 5821 tanta
2366 5764 2593 5835 maioris
2621 5772 2672 5822 et
2702 5767 2953 5822 criminis
2983 5776 3079 5825 est.
