3944 6404
150 366 266 451 831

1236 376 1647 444 ADVERSUS
1690 374 2176 443 JOVlNlANUM
2218 376 2369 442 LIB.
2414 368 2495 443 ῙῙ.

3429 372 3568 450 ’338

161 527 272 570 non
302 509 378 569 de
406 511 679 587 presenti
709 511 943 583 dicitur,
974 513 1077 572 sed
1134 513 1206 572 de
1260 516 1456 571 futura
1485 530 1502 570 :
1552 513 1692 588 quia
1740 513 1799 568 in
1829 513 1885 580 Α
1914 528 1948 568 a
1976 511 2206 568 saeculis
2250 513 2519 586 ignorata
2575 513 2892 574 disseruit:
2926 515 3094 575 aliter
3121 513 3183 575 in
3209 514 3340 576 Tito
3361 520 3420 576 et
3467 517 3565 577 Ti-

158 619 257 661 sex
285 602 499 660 diebus
520 602 698 677 hujus
720 603 918 661 saeculi
947 604 1287 675 servientes,
1320 604 1378 659 in
1411 605 1662 676 septimo
1687 602 1801 671 die,

161 708 289 749 vero
314 697 381 747 et
410 696 625 750 aeterna
656 694 933 761 Sabbato,
954 693 1120 749 liberi
1150 695 1373 751 erimus
1432 696 1537 765 [AL
1596 693 1803 749 libere-

159 782 308 854 mur]
334 798 348 836 :
385 781 434 837 si
466 787 664 838 tamen
686 782 1045 840 voluerimus
1075 799 1204 839 esse
1236 782 1426 851 liberi,
1448 784 1588 838 dum
1612 782 1805 839 adhuc

156 871 444 930 servimus
475 872 534 927 in
583 873 815 929 szrculo.
882 873 938 927 Si
998 878 1193 929 autem
1240 872 1624 938 uoluerimus,
1674 889 1803 943 per-

158 960 442 1017 forabitur
486 960 656 1017 nobis
710 961 992 1031 auricula,
1042 962 1102 1017 in
1152 963 1553 1018 testimonium
1602 961 1802 1016 inobe-

160 1050 418 1118 dientiae;
452 1055 508 1105 et
541 1068 674 1107 cum
709 1068 886 1107 uxore
914 1055 971 1107 et
1000 1051 1201 1108 liberis
1234 1051 1628 1123 nostris,quos
1656 1067 1802 1122 prai-

156 1139 404 1197 tulimus
433 1139 775 1209 libertati,id
807 1145 898 1197 est
918 1157 1049 1196 cum
1084 1156 1263 1197 carne
1290 1145 1348 1197 et
1378 1140 1652 1212 operibus
1675 1141 1803 1211 ejus

153 1230 370 1303 jugiter
399 1230 742 1287 serviemus.
1556 1224 1561 1231 ’

219 1410 309 1467 26.
333 1408 605 1465 Parabola
635 1412 893 1466 sementis
953 1409 1126 1482 quid?
1199 1412 1390 1467 Falsus
1435 1413 1797 1468 Joviniamus.

155 1500 267 1556 Hos
295 1499 621 1571 Scriptura.
646 1531 713 1540 -α
746 1499 1025 1556 Parabola
1054 1506 1252 1556 autem
1285 1501 1622 1569 sementis‘,
1676 1517 1803 1572 quae

161 1605 227 1646 ex
269 1592 518 1661 utraque
570 1593 733 1661 parte
789 1594 985 1645 ternas
1036 1590 1261 1647 fructus
1312 1591 1479 1659 facit;
1528 1595 1584 1645 et
1631 1591 1805 1662 juxta

157 1677 523 1752 Apastolum,
545 1695 723 1750 super
749 1678 1205 1735 fundamentum
1238 1680 1452 1736 Christi
1482 1679 1633 1736 alius
1665 1679 1801 1733 tedi-

158 1768 292 1825 iicat
318 1783 550 1834 aurum,
602 1773 932 1839 argentum,
990 1767 1215 1841 lapides
1274 1769 1594 1841 pretiosas:
1652 1768 1803 1824 alius

159 1856 337 1931 ligna,
368 1857 592 1925 fenum,
626 1855 1101 1928 stipulam;cum
1159 1863 1217 1914 et
1247 1859 1307 1913 in
1360 1859 1532 1914 domo
1589 1875 1805 1931 magna

159 1947 385 2004 diversa
413 1963 555 2003 vasa
583 1946 720 2013 sint,
752 1947 1057 2019 perspicue
1106 1952 1302 2019 patet:
1361 1953 1420 2003 et
1473 1948 1609 2003 huic
1652 1947 1802 2003 velle

156 2034 549 2093 contradicere
575 2035 956 2106 apertissima:
988 2037 1369 2109 impudentiae
1428 2042 1536 2094 est.
1579 2038 1798 2092 Tamen

155 2142 230 2185 ne
257 2125 509 2183 exsultet
539 2126 597 2181 in
621 2126 924 2182 mendacio
950 2130 1007 2183 et
1027 2127 1358 2200 exemplum
1401 2128 1800 2201 apostolorum

155 2218 217 2274 in
229 2215 631 2289 praajudicium
651 2215 963 2272 centenarii
979 2221 1035 2272 et
1047 2218 1406 2290 sexagenarii
1425 2222 1481 2275 et
1506 2218 1801 2274 tricenarii

152 2306 358 2364 aﬂ‘erat
387 2305 637 2369 numeri,
671 2305 817 2361 sciat
846 2305 904 2361 in
936 2306 1204 2363 Mattbao
1236 2313 1294 2363 et
1321 2308 1381 2363 in
1412 2309 1606 2364 Marco
1663 2326 1800 2381 apo-

154 2395 343 2463 stolis,
376 2395 478 2467 qui
532 2395 806 2451 universa
860 2413 970 2452 sua
1027 2397 1396 2467 dimiserant,
1457 2399 1799 2470 centuplum

152 2484 670 2558 repromissum.ln
686 2484 991 2558 Evangelia
1005 2491 1204 2542 autem
1220 2488 1386 2542 Lucae
1410 2486 1594 2543 multo
1610 2487 1800 2560 plura,

150 2575 211 2631 in
240 2577 331 2631 est
357 2569 500 2626 πολὺ
529 2569 758 2626 πλείονα
779 2576 821 2642 ³,
845 2579 901 2630 et
933 2574 1165 2647 penitus
1196 2576 1255 2631 in
1284 2576 1444 2633 nullo
1490 2576 1801 2650 Evangelia

152 2680 258 2736 pro
285 2666 505 2719 centum
525 2661 812 2735 scriptum
830 2679 958 2720 esse
998 2673 1239 2736 septem;
1270 2683 1449 2738 seque
1481 2671 1582 2723 aut
1620 2667 1800 2724 falsa-

152 2752 439 2821 rium,aut
469 2751 775 2823 imperitiae
807 2768 972 2808 reum
993 2754 1178 2810 teneri
1204 2771 1217 2809 :
1251 2772 1359 2812 nec
1384 2772 1591 2812 nocere
1608 2757 1800 2824 nobis,

152 2841 296 2915 quia
325 2841 385 2897 in
418 2840 531 2897 alio
562 2841 873 2914 Evangelia
895 2859 929 2898 a
959 2848 1216 2913 centum,
1251 2844 1311 2900 in
1343 2844 1457 2901 alio
1484 2862 1517 2901 a
1564 2845 1804 2919 triginta

151 2931 364 3005 incipit
384 2931 875 2988 numerari:cum
935 2933 1129 2989 omnis
1176 2934 1498 3006 Scriptura,
1549 2935 1802 2992 maxime

153 3020 640 3086 vetus,minorem
656 3025 955 3094 praeponat
980 3038 1294 3078 numerum
1314 3028 1371 3079 et
1402 3023 1485 3079 sic
1516 3025 1587 3080 ad
1622 3026 1801 3096 majo-

152 3126 278 3168 rem
307 3109 598 3183 gradatim
629 3111 1000 3167 conscendat.
1028 3112 1199 3167 Verbi
1229 3114 1436 3184 gratia,
1457 3115 1607 3170 367
1636 3119 1699 3169 ut
1721 3115 1803 3169 di-

144 3204 246 3257 cat
263 3198 519 3272 aliquem
550 3199 732 3256 fuisse
760 3216 1048 3256 annorum
1070 3200 1327 3273 quinque
1349 3208 1405 3258 et
1430 3204 1802 3275 septuaginta

148 3293 207 3346 et
236 3292 607 3357 centum,nec
636 3293 831 3344 tamen
862 3289 1123 3361 quinque
1153 3294 1210 3345 et
1240 3292 1614 3363 septuaginta
1632 3291 1802 3365 plura

146 3382 428 3451 poterunt
455 3393 585 3434 esse
614 3394 793 3450 quam
824 3383 1083 3446 centum,
1106 3395 1233 3451 qua:
1272 3380 1378 3452 (Al.
1407 3379 1567 3452 quia)
1601 3382 1800 3452 priora

146 3472 292 3539 sunt
319 3467 642 3524 nominata.
676 3466 885 3524 Sinon
929 3467 1145 3535 accipis
1206 3468 1265 3525 in
1310 3470 1527 3526 bonam
1572 3474 1796 3542 partem

140 3556 547 3615 diversitatem
563 3557 791 3613 numeri
814 3561 1050 3614 centum
1065 3562 1123 3613 et
1141 3558 1442 3631 sexaginta
1462 3564 1518 3614 et
1536 3559 1797 3632 triginta,

147 3663 258 3704 nec
277 3646 337 3702 in
361 3643 577 3703 malam
602 3650 827 3719 partem
858 3646 1145 3719 accipies:
1178 3651 1235 3703 et
1264 3648 1419 3704 idem
1451 3647 1655 3705 vitium
1691 3649 1802 3705 erit

144 3734 578 3807 seminis,quod
613 3751 782 3792 secus
812 3736 966 3791 viam
997 3736 1289 3801 cecidit,et
1347 3754 1525 3809 super
1583 3742 1798 3810 petras,

146 3830 209 3883 et
237 3841 416 3898 super
434 3824 657 3897 spinas.
692 3825 794 3881 Sin
826 3829 883 3881 et
911 3824 1011 3881 illa
1039 3826 1174 3894 tria,
1205 3831 1262 3881 et
1290 3825 1410 3882 haec
1444 3826 1529 3883 vel
1578 3828 1638 3883 in
1698 3828 1801 3884 bo-

146 3933 313 3987 nam,
333 3915 422 3974 vel
444 3916 504 3972 in
529 3915 747 3972 malam
777 3920 1001 3989 partem
1062 3916 1294 3990 singula
1339 3922 1499 3985 sunt,
1551 3917 1800 3974 stultum

146 4006 267 4062 fuit
295 4021 398 4078 pro
424 4004 656 4061 duabus
686 4005 861 4061 rebus
882 4020 982 4060 sex
1012 4006 1235 4076 species
1267 4022 1594 4073 numerare,
1656 4024 1799 4079 prae-

148 4094 360 4154 sertim
389 4110 523 4150 cum
555 4095 616 4151 in
649 4094 916 4151 Matthan
939 4098 995 4151 et
1015 4094 1073 4149 in
1100 4094 1291 4150 Marco
1321 4099 1379 4151 et
1400 4095 1458 4149 in
1484 4096 1636 4151 Luca
1669 4113 1801 4151 nar-

146 4189 283 4244 rata
310 4183 605 4257 parabola,
638 4183 900 4241 Salvator
930 4200 1161 4256 semper
1190 4183 1452 4239 intulerit
1481 4202 1493 4240 :
1539 4186 1655 4257 Qui
1703 4185 1801 4241 ha-

157 4276 248 4333 bet
276 4289 440 4330 aures
460 4274 755 4341 audiendi,
787 4275 982 4329 audiat
1015 4273 1227 4346 (Matth.
1262 4291 1342 4343 x1,
1372 4276 1457 4340 15,
1491 4278 1540 4328 et
1564 4291 1688 4341 xm,
1723 4276 1796 4335 9;

142 4364 315 4421 Herc.
350 4380 428 4431 1v,
458 4364 524 4427 9;
554 4364 683 4432 Luc,
707 4380 817 4431 xxv,
847 4362 1093 4434 35).Ubi
1151 4361 1296 4417 nihil
1345 4367 1435 4418 est
1490 4364 1645 4435 quod
1706 4363 1795 4418 in-

141 4452 440 4509 trinsecus
461 4451 657 4522 lateat,
692 4452 911 4509 frustra
951 4452 1024 4507 ad
1086 4450 1533 4524 intelligentiam
1594 4453 1795 4525 mysti-

140 4558 283 4600 cam
313 4556 719 4614 provocamur.

213 4722 313 4778 27.
343 4720 632 4794 Multiplea:
681 4721 885 4777 Christi
915 4720 1185 4778 habitatio
1222 4722 1282 4777 in
1335 4721 1700 4779 credentibus.
1733 4755 1801 4764 ~—

140 4811 208 4869 Si
238 4816 440 4867 autem
471 4814 644 4867 Pater
671 4819 727 4867 et
760 4810 938 4867 Filius
969 4811 1334 4868 mansionem
1373 4810 1598 4868 faciunt
1646 4814 1800 4884 apud

138 4900 474 4968 credentes,
507 4900 675 4957 etubi
706 4900 974 4957 Christus
1004 4900 1219 4972 hospes
1250 4905 1357 4969 est,
1392 4901 1473 4955 ibi
1504 4901 1651 4957 nihil
1699 4903 1799 4958 de-

136 5007 281 5051 esse
311 4989 632 5061 existimas,
665 4994 803 5064 puto
824 4990 980 5062 quod
1011 4989 1178 5047 aliter
1208 4990 1473 5047 Christus
1504 4990 1798 5048 habitave-

138 5079 223 5137 rit
250 5079 317 5135 in
348 5078 685 5143 Corinthiis,
711 5078 955 5136 aliterin
987 5078 1252 5151 Ephesiis
1278 5096 1291 5147 ;
1316 5080 1426 5134 hoc
1466 5084 1555 5134 est
1610 5080 1798 5137 aliter.

136 5171 205 5225 in
238 5167 337 5225 his
368 5168 523 5241 apud
556 5184 705 5241 quos
734 5167 952 5225 Paulus
1001 5169 1301 5239 apostolus
1349 5171 1584 5240 peccata
1615 5168 1803 5224 multa

138 5257 533 5333 deprehendit
552 5259 593 5327 ³,
630 5262 687 5315 et
715 5257 884 5315 aliter
910 5258 972 5314 in
1030 5257 1123 5313 his
1180 5257 1394 5329 quibus
1434 5263 1803 5314 sacramenta

215 5456 234 5491 ¹
302 5454 399 5511 Sic
437 5470 610 5529 mss.
657 5454 1036 5529 castigatores
1093 5457 1151 5509 et
1214 5453 1548 5510 Victorius:
1629 5459 1803 5512 antea

135 5531 272 5586 erat
292 5528 659 5583 seminantis.

213 5598 568 5656 ’Victorius
624 5593 809 5671 πολλᾶ
856 5595 1146 5671 ﬂlaciam,
1196 5600 1268 5671 Aut
1320 5596 1573 5653 habetur
1645 5601 1798 5671 apud

138 5672 371 5733 Lucam
400 5687 562 5728 XVIII.
594 5669 748 5727 Alibi
780 5676 869 5728 est
890 5666 1326 5725 πολυπλασίονα.

210 5747 234 5782 ³
264 5744 397 5803 Duo
428 5759 575 5803 mss.
607 5759 743 5803 eum
767 5743 945 5802 veteri
967 5743 1221 5802 editione
1251 5738 1617 5814 reprehendit.

1915 601 2172 672 motheo,
2206 601 2377 659 aliter
2403 603 2463 660 in
2494 604 3043 663 Paula.Certeinter
3057 614 3225 664 natos
3247 606 3563 665 mulierum

1914 708 2029 747 non
2064 692 2316 748 surrexit
2355 695 2545 765 major
2598 693 2822 752 Joanne
2862 696 3146 769 Baptista.
3202 697 3310 755 Ubi
3365 702 3563 755 autem

1915 781 2103 852 major
2133 781 2364 852 dicitur,
2399 800 2640 840 necesse
2661 792 2750 841 est
2780 789 2844 841 ut
2874 790 3113 843 caeteros
3142 786 3419 845 habuerit
3454 788 3563 844 mi-

1914 887 2104 926 nores.
2142 872 2228 938 Et,
2262 873 2371 940 Qui
2399 875 2666 930 minimus
2688 876 2710 910 ⁴
2738 880 2819 931 est
2835 876 2896 930 in
2924 892 3090 948 regno
3118 878 3407 946 caelorum,
3441 894 3562 934 ma-

1903 962 1998 1032 jor
2025 964 2102 1016 est
2125 962 2221 1017 illo
2272 962 2482 1032 (Matth.
2530 982 2608 1020 xx.
2672 965 2782 1037 ll).
2843 965 3016 1023 Vides
3070 983 3228 1040 ergo,
3287 968 3443 1039 quod
3499 967 3561 1023 in

1913 1050 2075 1106 caelis
2106 1051 2183 1107 sit
2211 1051 2506 1108 maximus
2538 1057 2595 1109 et
2626 1054 2929 1122 minimus,
2991 1060 3048 1112 et
3104 1056 3257 1113 inter
3320 1056 3561 1131 angelos

1914 1157 2169 1212 quoque,
2188 1146 2244 1196 et
2272 1142 2426 1197 inter
2456 1142 2787 1201 invisibiles
2818 1150 3119 1202 creaturas
3148 1147 3227 1204 sit
3256 1145 3562 1221 multiplex

1912 1236 1969 1286 et
1999 1231 2229 1287 inﬁnita
2257 1231 2590 1289 diversitas.
2644 1234 2837 1298 Quare
2866 1236 3071 1292 dicunt
3109 1236 3359 1310 apostoli
3386 1254 3398 1294 :
3456 1238 3560 1293 Do-

1910 1322 2079 1388 mine,
2115 1338 2254 1389 auge
2284 1322 2436 1377 uobzs
2465 1321 2628 1393 ﬁdem
2672 1324 2824 1395 (Luc.
2877 1342 3015 1392 xxu,
3055 1325 3134 1397 5),
3187 1325 3239 1383 si
3294 1326 3563 1385 omnium

1915 1426 2033 1464 una
2064 1426 2342 1466 mensura
2375 1415 2465 1466 est
2492 1411 2520 1466 ἱ)
2568 1412 2638 1467 Et
2691 1412 2977 1472 Dominus
3034 1415 3106 1470 ad
3160 1414 3559 1487 discipulum:

1913 1498 2128 1555 Modica:
2157 1499 2306 1570 ﬁdei,
2340 1501 2471 1571 quid
2518 1500 2791 1557 dubitasti
2844 1502 3053 1573 (Matth.
3113 1521 3227 1560 xw.
3288 1504 3379 1576 3i)
3417 1504 3446 1559 ?
3497 1505 3561 1560 In

1911 1588 2167 1644 Jeremia
2189 1604 2424 1661 quoque
2453 1589 2523 1644 de
2550 1590 2745 1645 futuro
2777 1608 2953 1664 regno
2975 1592 3267 1665 legimus:
3299 1597 3433 1650 Ecce
3449 1592 3563 1651 dies

1916 1679 2160 1745 veniunt,
2194 1678 2327 1734 dicit
2347 1679 2632 1745 Dominus,
2677 1683 2729 1736 et
2784 1683 2986 1752 feriam
3046 1683 3233 1739 domui
3281 1684 3458 1741 Israel
3513 1685 3564 1741 et

1913 1768 2102 1824 domui
2128 1770 2290 1826 Jacob
2314 1769 2493 1841 fwdus
2542 1785 2765 1840 norum,
2823 1787 2934 1828 non
2988 1772 3286 1828 secundum
3340 1782 3565 1843 pactum

1834 1890 1882 1955 B
1914 1857 2269 1955 quodpepigi
2287 1875 2412 1914 cum
2433 1948 2446 1955 _
2466 1859 2721 1955 patribus
2757 1862 2948 1916 vestris
2980 1861 3196 1933 (Jerem.
3256 1880 3411 1931 xxx1,
3471 1864 3562 1935 31,

1912 1948 2026 2020 32).
2062 1948 2126 2003 Et
2151 1951 2283 2020 post
2313 1947 2660 2021 paululum:
2693 1951 2840 2007 Dabo
2879 1951 3048 2023 legem
3102 1968 3283 2009 meam
3341 1954 3407 2009 in
3451 1955 3563 2011 vis-

1910 2038 2122 2093 ceribus
2150 2054 2359 2104 eorum,
2393 2047 2445 2094 et
2476 2040 2537 2093 in
2560 2038 2717 2095 corde
2749 2055 2935 2095 eorum
2978 2041 3214 2097 scribam
3272 2042 3451 2112 illam,
3512 2046 3564 2100 et

1910 2143 2001 2182 cro
2029 2129 2105 2182 eis
2135 2129 2194 2182 in
2231 2132 2431 2196 Deum,
2463 2134 2514 2182 et
2546 2129 2654 2199 ipsi
2677 2136 2840 2185 erunt
2865 2130 3010 2185 mihi
3038 2132 3097 2185 in
3145 2131 3412 2204 populum
3440 2149 3463 2195 ;
3511 2139 3563 2189 et

1909 2232 2024 2272 non
2053 2216 2259 2273 docebit
2286 2219 2376 2272 vir
2403 2217 2551 2272 ultra
2585 2220 2905 2289 proximum
2928 2234 3110 2288 suum,
3132 2224 3184 2276 et
3212 2222 3300 2276 vir
3325 2223 3563 2293 fratrem

1909 2322 2093 2370 suum,
2151 2305 2335 2361 dicens
2359 2323 2377 2360 :
2440 2305 2745 2375 Cognosce‘
2796 2308 3134 2364 Dominum.‘
3160 2310 3355 2366 Omnes
3408 2313 3562 2369 enim

1910 2403 2231 2464 cognoscent
2255 2412 2343 2451 me
2370 2413 2403 2450 a
2434 2396 2663 2451 minimo
2697 2412 2866 2468 usque
2905 2396 2976 2452 ad
3032 2400 3343 2454 maximum
3397 2399 3560 2472 (Ibid.

1910 2484 2002 2551 33,
2034 2483 2146 2555 34).
2178 2484 2489 2556 Perspicue
2549 2501 2619 2539 ex
2675 2489 2946 2541 contextu
3002 2484 3163 2543 illius
3222 2488 3377 2546 868
3425 2487 3559 2557 loci,

1915 2572 2175 2629 futurum
2205 2572 2417 2629 Christi
2444 2590 2692 2646 regnum
2727 2575 3009 2647 propheta
3030 2575 3330 2647 describit,
3365 2581 3422 2635 et
3446 2595 3564 2651 qua

1912 2661 2333 2735 consequentia
2364 2661 2443 2718 ibi
2474 2662 2586 2718 erit
2612 2662 2897 2720 minimus
2919 2668 2976 2721 et
3005 2664 3321 2736 maximus,
3353 2667 3403 2724 si
3434 2684 3589 2731 am-,

1911 2769 2016 2808 nes
2073 2751 2327 2824 aequales
2379 2752 2557 2807 futuri
2610 2752 2793 2808 sunt?
2846 2753 3056 2827 Utique
3102 2771 3170 2811 ea
3218 2772 3337 2828 qua
3389 2759 3449 2814 et
3502 2757 3562 2815 in

1912 2841 2221 2915 Evangelia
2273 2841 2535 2897 dicitur:
2592 2842 2699 2911 Qui
2747 2842 2997 2900 docuerit
3046 2848 3099 2901 et
3170 2847 3387 2917 fecerit,
3472 2847 3565 2904 hic

1909 2932 2197 2987 vocabitur
2217 2933 2497 2986 maximus
2554 2932 2615 2986 in
2671 2948 2836 3003 regno
2891 2933 3170 2991 cwlorum.
3233 2935 3338 3003 Qui
3380 2944 3565 2994 autem

1909 3020 2177 3087 dotucrit,
2210 3029 2265 3076 et
2294 3036 2407 3076 non
2435 3022 2649 3091 fecerit,
2682 3023 2789 3077 erit
2816 3023 3084 3078 minimus
3116 3023 3326 3095 (Matth.
3358 3042 3414 3091 ν,
3447 3026 3558 3097 49).

1910 3111 1976 3165 In
2008 3109 2265 3165 convivio
2299 3108 2563 3165 Salvator
2586 3109 2879 3181 praecepit,
2912 3115 2977 3165 ut
3007 3109 3343 3168 inferiorem
3387 3129 3560 3171 occu-

1911 3215 2120 3272 pemus
2142 3198 2363 3254 locum:
2399 3215 2471 3253 ne
2511 3214 2645 3253 cum
2678 3200 2868 3269 major
2893 3198 3137 3265 venerit,
3172 3200 3243 3256 de
3273 3201 3559 3274 superiori

1830 3268 1873 3334 (ἶ
1910 3268 2161 3360 turpiter
2192 3268 2904 3359 detrudamur(Luc.ix1v,
2945 3287 3022 3359 9).
3068 3287 3127 3345 Si
3181 3268 3386 3347 cadere
3442 3308 3557 3348 non

1907 3393 2249 3449 possumus,
2279 3376 2380 3433 sed
2413 3380 2643 3431 tantum
2676 3392 2778 3448 per
2827 3377 3229 3450 paenitentiam
3293 3379 3560 3440 subleva—

1911 3484 2044 3522 mur
2067 3484 2079 3523 :
2106 3467 2247 3538 quid
2275 3466 2388 3521 sibi
2418 3466 2542 3521 vult
2573 3466 2731 3523 scala
2758 3465 2860 3524 illa
2879 3466 2940 3522 in
2966 3467 3187 3536 Bethel,
3218 3486 3323 3542 per
3379 3487 3559 3543 quam

1911 3556 2484 3630 angolidcscendunt
2505 3560 2681 3628 atque
2711 3557 3163 3630 ascendunt,qui
3196 3559 3269 3615 de
3298 3558 3459 3617 caelis
3490 3561 3563 3618 ad

1909 3651 2129 3702 terram
2158 3645 2629 3703 veniunt?Certe
2658 3645 2810 3702 inter
2853 3662 2988 3703 aves
3036 3650 3095 3704 et
3149 3648 3222 3703 ad
3265 3648 3564 3706 dexteram

1911 3737 2146 3793 stabant
2178 3737 2320 3791 dum
2353 3735 2431 3792 ibi
2459 3740 2675 3793 essent.
2720 3736 2929 3808 Angeli
2985 3737 3057 3792 de
3103 3737 3265 3793 caelis
3322 3738 3565 3796 descen-

1911 3825 2081 3891 dunt,
2115 3828 2171 3880 et
2200 3824 2548 3881 Jovinianus
2580 3825 2651 3881 de
2681 3841 2883 3881 eorum
2925 3824 3297 3897 possessione
3318 3842 3564 3885 securus

1913 3919 2020 3971 est.

1982 4005 2407 4059 28.Mansiones
2438 4005 2496 4058 in
2525 4002 2673 4059 cwlis
2719 4003 2928 4058 multis.
2991 4002 3220 4060 Ordines
3280 4007 3563 4078 Ecclesiae,

1918 4094 2221 4149 Cwlestium
2251 4094 2516 4148 virtutum
2536 4091 2773 4147 ordines.
2806 4124 2871 4131 —
2929 4092 3070 4158 Quis
3127 4097 3323 4151 autem
3374 4096 3563 4154 risum

1910 4189 2105 4239 tenere
2136 4187 2312 4255 queat
2351 4181 2411 4237 in
2446 4197 2534 4249 eo,
2571 4181 2725 4253 quod
2762 4181 2980 4239 multas
3011 4183 3350 4242 mansiones
3406 4188 3565 4261 apud

1915 4274 2162 4340 Patrem,
2196 4270 2488 4327 Ecclesias
2520 4270 2847 4327 arbitretur
2877 4271 2935 4326 in
2970 4276 3090 4329 tota
3121 4274 3261 4330 orbe
3318 4274 3565 4335 diffusas

1912 4378 2043 4417 cum
2079 4359 2565 4417 manifestissime
2595 4358 2902 4433 Scriptura
2958 4362 3181 4430 doceat,
3232 4366 3560 4423 secundum

1911 4450 2289 4525 Evangelium
2319 4449 2584 4516 Joannis,
2618 4466 2734 4505 non
2767 4450 2835 4506 de
2865 4449 3257 4508 Ecclesiarum
3317 4470 3562 4511 numera

1912 4543 2011 4599 sed
2045 4541 2115 4596 de
2145 4539 2425 4595 cmlorum
2458 4538 2887 4605 mansionibus,
2915 4543 2972 4596 et
3012 4541 3245 4597 cateruis
3291 4542 3563 4599 taberna-

1834 4648 1879 4712 υ
1910 4631 2080 4699 culis,
2114 4647 2240 4703 qua:
2273 4628 2561 4702 propheta
2589 4628 2903 4697 desiderat,
2930 4629 3176 4686 Domina
3201 4629 3385 4688 fuisse
3440 4647 3563 4689 ser-

1911 4719 2188 4780 monem?
2218 4722 2281 4776 In
2334 4718 2510 4787 domo,
2546 4717 2759 4790 inquit,
2817 4720 2999 4775 Patris
3056 4720 3165 4775 mei
3255 4723 3564 4780 mansiones

1907 4811 2097 4866 multze
2128 4812 2273 4864 sunt.
2304 4808 2363 4863 Si
2394 4824 2498 4880 quo
2529 4809 2735 4875 minus,
2766 4808 3033 4863 dixissem
3060 4808 3229 4875 vobis,
3262 4810 3394 4881 quia
3422 4811 3556 4881 vado

1909 4902 2059 4956 vobis
2086 4914 2289 4971 parare
2316 4899 2536 4959 locum;
2567 4904 2620 4951 et
2649 4898 2700 4952 si
2727 4897 2914 4952 abiero
2941 4904 2992 4953 et
3026 4914 3406 4971 prseparavero
3464 4916 3561 4956 vo-

1911 4991 1992 5046 bis
2023 4990 2220 5057 locum,
2257 4990 2455 5043 iterum
2488 4988 2726 5052 veniam,
2759 4990 2812 5041 et
2866 4988 3138 5058 accipiam
3189 5004 3277 5045 vos
3317 4988 3390 5043 ad
3446 5005 3562 5047 me-

1910 5082 2113 5152 ipsum,
2144 5086 2204 5134 ut
2236 5079 2333 5133 ubi
2363 5093 2458 5148 ego
2488 5093 2629 5144 sum,
2665 5080 2715 5130 et
2741 5092 2830 5132 vos
2871 5077 2994 5131 sitis
3024 5076 3202 5148 (Joan.
3234 5095 3355 5135 xxv.
3394 5080 3451 5146 2,
3482 5079 3559 5149 3).

1913 5169 2100 5225 Locus
2132 5171 2188 5223 et
2219 5166 2718 5237 mansionesquas
2752 5181 3078 5239 prmparare
3109 5183 3172 5222 se
3201 5165 3343 5223 dicit
3396 5167 3561 5225 Chri-

1910 5262 2038 5315 stus
2066 5254 2370 5329 apostolis,
2404 5255 2464 5310 in
2500 5255 2673 5310 domo
2705 5254 2911 5326 utique
2942 5259 3083 5311 sunt
3113 5256 3323 5325 Patris,
3345 5255 3404 5315 id
3451 5262 3563 5328 est,

1983 5456 2005 5489 ‘
2034 5454 2104 5509 Al
2129 5462 2181 5510 et
2209 5455 2305 5528 qui
2329 5453 2538 5507 minor.
2574 5450 2940 5528 Cistereiens.
2971 5451 3120 5511 liber
3146 5456 3245 5528 qui
3296 5455 3565 5513 minimus

1911 5530 2010 5592 est,
2046 5527 2259 5598 inquit,
2283 5525 2350 5598 in
2376 5539 2563 5592 regno,
2593 5527 2703 5578 etc.

1981 5601 2002 5633 δ
2035 5595 2173 5673 Mss.
2207 5595 2477 5673 plerique,
2530 5597 2962 5673 cognoscite:_et
3014 5597 3190 5673 paulo
3241 5603 3393 5673 post,
3454 5600 3563 5670 Qui

1911 5674 2097 5727 autem
2126 5667 2394 5739 docuerit,
2427 5671 2479 5724 et
2506 5667 2697 5738 aliqua
2734 5683 2846 5724 non
2871 5667 3088 5742 fecer—il,
3114 5674 3223 5727 etc.
