3944 6418
388 402 538 476 '389

1671 416 1735 481 S.
1782 416 2088 483 EUSEBII
2137 412 2576 481 HIERONYMI

3668 406 3789 487 “ato

416 546 478 605 in
509 563 686 622 regno
718 547 1019 615 cmlorum,
1053 565 1167 606 non
1192 549 1250 606 in
1283 550 1522 618 terra,in
1555 568 1671 624 qua
1701 552 1772 607 ad
1798 568 2053 625 praesens
2086 553 2142 620 Α
2171 555 2345 624 atque
2376 550 2724 619 subsannes,
2759 551 2807 607 si
2838 551 3219 625 imperatores
3249 552 3352 627 (Al.
3380 551 3790 626 imperatorem)

421 637 806 709 [ALpreesens]
831 638 1126 710 apostolos
1144 639 1833 713 relinquebat.Simnlque
1851 659 2061 697 sensus

422 725 737 797 Scripturae
766 728 1120 784 intuendus:
1160 729 1433 798 Dicerem,
1460 731 1670 802 inquit,
1704 731 1888 797 vobis,
1924 730 2063 801 quia

421 815 567 870 vado
590 821 646 870 et
675 818 1009 888 przeparabo
1042 818 1206 873 vobis
1235 818 1425 873 locum
1452 838 1464 874 :
1499 819 1548 874 si
1584 837 1695 874 non
1731 820 2062 875 mansiones

422 904 619 960 multte
652 910 848 960 essent
877 907 1030 977 apud
1065 906 1311 971 Patrem,
1343 908 1451 963 hoc
1482 915 1591 975 est,
1627 909 1671 963 si
1709 925 1823 963 non
1886 926 2061 963 unus-

422 995 673 1067 quisque
705 995 1066 1050 mansionem
1103 997 1210 1051 sibi
1246 1014 1359 1051 non
1392 1015 1459 1051 ex
1490 997 1757 1069 largitate
1789 997 1909 1062 Dei,
1960 998 2058 1052 sed

421 1100 489 1139 ex
520 1084 769 1155 propriis
798 1085 1073 1155 operibus
1108 1092 1486 1157 praepararet:
1513 1092 1569 1142 et
1616 1087 1743 1143 ideo
1802 1105 1914 1142 non
1975 1091 2063 1141 cst

426 1190 620 1228 meum
657 1191 878 1245 parare,
913 1176 1014 1229 sed
1072 1179 1349 1246 vestrum,
1404 1176 1543 1247 quia
1590 1182 1647 1231 et
1699 1178 1862 1232 Judze
1916 1176 2060 1231 nihil

423 1261 640 1332 profuit
666 1266 903 1333 paratus
935 1262 1121 1328 locus,
1153 1282 1326 1336 quem
1358 1282 1464 1320 suo
1489 1266 1625 1320 vitio
1648 1266 2062 1337 perdidit.Jux-

421 1352 482 1404 ta
505 1367 682 1421 quem
712 1368 951 1407 sensum
984 1357 1040 1407 et
1072 1352 1214 1408 illud
1244 1354 1713 1425 intelligendum,
1774 1355 1928 1426 quod
1989 1353 2059 1408 ad

425 1437 575 1495 filios
604 1440 820 1495 dicitur
847 1442 1125 1510 Zebedtci,
1160 1460 1407 1515 quorum
1443 1444 1586 1499 alter
1616 1462 1649 1499 τι
1669 1444 1946 1510 sinistris,
1980 1443 2061 1498 al-

424 1532 512 1586 ter
540 1530 810 1601 cupiebat
868 1532 1069 1586 sedere
1128 1549 1159 1586 a
1232 1532 1486 1587 dextris:
1552 1533 1785 1588 Calicem
1844 1533 2063 1603 quidem

420 1634 605 1674 meum
635 1620 830 1675 bibetis
848 1637 868 1681 ;
899 1620 1082 1675 sedere
1109 1630 1297 1675 autem
1327 1639 1359 1675 ιι
1395 1622 1601 1676 dextris
1655 1624 1811 1686 meis,
1869 1624 1982 1676 sive
2031 1639 2064 1675 a

422 1708 687 1776 sinistris,
717 1724 828 1764 non
855 1718 934 1764 est
958 1725 1136 1765 meum
1165 1710 1297 1765 dare
1341 1711 1510 1775 vobis,
1542 1710 1633 1766 sed
1657 1712 1853 1781 quibus
1891 1727 2062 1781 para-

424 1803 541 1852 tum
568 1805 645 1853 est
673 1814 707 1853 a
737 1799 902 1853 Patre
920 1814 1035 1854 meo
1058 1800 1279 1869 (Matth.
1302 1817 1395 1863 xx,
1439 1801 1552 1868 23).
1613 1801 1737 1854 Non
1797 1803 1885 1855 est
1934 1799 2059 1854 Filii

427 1885 604 1942 dare:
650 1891 708 1942 et
763 1887 1054 1958 quomodo
1105 1887 1294 1985 -Patris
1342 1896 1431 1943 est
1481 1890 1636 1945 369
1684 1906 2007 1985 praeparare
2036 1888 2064 1943 ‘l
2095 1921 2141 1985 Β

422 1978 666 2044 Paratae,
691 1976 904 2048 inquit,
934 1982 1072 2032 sunt
1103 1976 1162 2032 in
1198 1977 1338 2032 crelo
1378 1978 1616 2033 diversae
1676 1983 1733 2033 et
1791 1978 2061 2050 plurimm

423 2065 779 2132 mansiones,
815 2065 1081 2137 plurimis
1112 2065 1474 2138 diversisque
1531 2067 1865 2132 virtutibus,
1915 2084 2063 2139 quas

424 2171 539 2211 non
571 2171 829 2227 personae
861 2154 1173 2226 accipiunt,
1200 2156 1298 2212 sed
1334 2174 1526 2227 opera.
1559 2158 1797 2212 Frustra
1846 2175 1981 2229 ergo
2031 2175 2064 2213 a

424 2261 518 2301 me
548 2244 742 2317 petitis
775 2245 927 2330 qyod
969 2244 1026 2299 in
1083 2244 1245 2299 vobis
1300 2245 1478 2300 situm
1528 2251 1633 2312 est,
1688 2247 1842 2318 quod
1895 2252 2064 2302 Pater

422 2350 591 2389 meus
623 2333 738 2389 illis
768 2334 1009 2406 paravit,
1042 2333 1138 2405 qui
1172 2334 1369 2406 dignis
1398 2335 1714 2391 virtutibus
1744 2338 1813 2390 ad
1840 2340 2063 2391 tantam

424 2422 719 2478 escensuri
755 2426 893 2477 sunt
924 2422 1291 2495 dignitatem.
1328 2423 1501 2479 Porro
1534 2425 1688 2496 quod
1716 2425 1827 2479 ait:
1862 2427 2064 2480 Iterum

421 2514 656 2580 veniam,
692 2516 744 2567 et
771 2514 1037 2583 accipiam
1088 2529 1178 2567 vos
1229 2512 1298 2567 ad
1347 2515 1636 2583 meipsum,
1700 2517 1761 2568 ut
1816 2515 1912 2569 ubi
1969 2531 2064 2583 ego

423 2616 566 2666 sum,
601 2605 653 2655 et
683 2617 773 2656 vos
797 2603 924 2655 sitis
948 2603 1126 2669 (Joan.
1169 2619 1284 2667 xw,
1307 2603 1384 2669 3),
1419 2603 1649 2674 proprie
1701 2603 1769 2657 ad
1833 2609 2061 2673 aposto-

426 2686 515 2743 los
546 2687 826 2758 loquitur,
858 2689 928 2742 de
959 2688 1173 2758 quibus
1206 2694 1261 2743 et
1311 2690 1367 2743 in
1427 2689 1540 2744 alio
1602 2691 1726 2746 loco
1780 2692 2061 2762 scriptum

424 2780 545 2832 est:
585 2780 657 2832 Ut
685 2776 943 2847 quomodo
967 2794 1067 2846 ego
1098 2781 1149 2831 et
1177 2784 1236 2831 tu
1290 2779 1453 2832 Pater
1493 2796 1665 2833 unum
1718 2796 1925 2845 sumus,
1986 2780 2066 2834 sic

422 2872 475 2921 et
502 2865 594 2920 illi
621 2866 681 2919 in
709 2865 865 2919 nobis
885 2880 1059 2919 unum
1090 2866 1203 2919 sint
1234 2866 1410 2934 (Joan.
1442 2884 1582 2931 xvu,
1613 2868 1725 2938 21).
1782 2867 1879 2939 qui
1938 2885 2066 2924 cre-

425 2953 720 3021 diderunt,
754 2953 852 3025 qui
895 2954 1128 3025 perfecti
1183 2960 1341 3021 sunt,
1402 2955 1499 3026 qui
1554 2962 1799 3027 possunt
1854 2958 2065 3027 dicere,

420 3059 551 3116 pars
578 3059 699 3098 mea
718 3044 980 3097 Dominus
1009 3044 1177 3113 (Psal.
1215 3061 1384 3109 LXXII,
1416 3044 1528 3111 ‘26).
1576 3045 1632 3098 Si
1691 3050 1885 3100 autem
1950 3064 2062 3102 non

425 3138 565 3190 sunt
594 3132 861 3205 plurimae
906 3133 1258 3197 mansiones,
1315 3134 1607 3205 quomodo
1664 3139 1719 3189 et
1776 3136 1832 3190 in
1890 3137 2064 3191 veteri

425 3223 801 3279 Testamento
832 3226 887 3277 et
918 3222 976 3277 in
1026 3239 1190 3285 novo,
1241 3222 1420 3278 alium
1488 3224 1749 3279 ordinem
1811 3225 2067 3297 pontil'ex

2171 641 2871 713 posuerimus,prazlectos
2894 648 2948 697 et
2970 643 3297 711 comites,et
3326 642 3585 698 tribunos
3604 649 3660 699 et
3674 660 3791 700 cen-

2170 730 2515 795 turiones,et
2535 730 2951 801 manipulos,et
2985 731 3277 803 reliquum
3296 731 3512 787 militiis
3526 732 3790 788 ordinem.

2239 818 2328 871 29.
2362 817 2468 873 Mos
2509 820 2804 889 Scripturze
2834 836 3031 875 δαέντι).
3062 821 3268 889 ,Elisazi
3318 821 3519 893 duplex
3561 823 3790 893 spiritus.

2173 905 2318 960 Illud
2351 911 2543 961 autem
2578 909 2731 978 quod
2766 908 2881 963 ait:
2913 910 3141 965 Nescitis
3192 912 3320 982 quia
3356 926 3577 981 corpora
3626 920 3791 967 vestra

2169 997 2433 1066 templum
2462 1001 2538 1050 est
2580 996 2815 1067 Spiritus
2845 1000 3025 1053 sancti
3073 1000 3117 1069 (Ι
3167 999 3287 1054 Cor.
3339 1017 3416 1062 vr,
3474 999 3580 1069 49),
3638 1000 3795 1055 frivo-

2171 1083 2291 1139 lum
2324 1090 2414 1139 est
2441 1086 2481 1150 ³,
2530 1102 2663 1140 cum
2711 1087 3011 1157 Scriptura
3071 1089 3224 1144 810
3270 1088 3464 1143 divina
3521 1086 3697 1144 soleat
3747 1095 3797 1143 et

2172 1190 2355 1228 unum
2382 1173 2703 1245 pluraliter,
2735 1179 2790 1230 et
2821 1176 2991 1246 plura
3022 1177 3400 1249 singulariter
3428 1178 3797 1248 appellarewt

2170 1267 2365 1317 tamen
2402 1262 2548 1318 sciat
2576 1264 2633 1318 in
2669 1265 2886 1335 templo
2945 1283 3178 1338 quoque
3233 1266 3361 1338 ipso
3421 1266 3633 1322 multas
3678 1284 3795 1322 esse

2173 1352 2613 1406 mansiunculas
2647 1370 2659 1407 :
2686 1369 2812 1408 esse
2838 1354 3089 1409 exterius
3121 1356 3360 1420 atrium,
3389 1372 3515 1410 esse
3544 1356 3795 1422 interius,

2172 1456 2299 1495 esse
2318 1440 2625 1509 vestibula,
2653 1458 2781 1496 esse
2813 1443 3115 1511 Sanctum,
3151 1460 3279 1500 esse
3326 1446 3536 1500 Sancta
3590 1452 3797 1500 sancto-

2173 1546 2324 1583 rum.
2359 1530 2508 1584 Sunt
2535 1535 2591 1584 et
2622 1530 2828 1585 culina:
2852 1532 2909 1586 in
2941 1532 3177 1604 templo,
3204 1538 3343 1588 sunt
3389 1538 3447 1588 et
3499 1532 3797 1599 cellariola,

2174 1622 2313 1673 sunt
2342 1622 2398 1673 et
2427 1617 2822 1685 torcularia,et
2846 1638 3118 1677 vasorum
3153 1621 3541 1694 receptacula.
3575 1621 3656 1678 Ita
3676 1623 3798 1678 etin

2172 1706 2389 1778 templo
2421 1708 2679 1779 corporis
2710 1710 2889 1764 nostri
2924 1710 3151 1766 diversa
3213 1716 3353 1766 sunt
3404 1711 3627 1769 merits.
3688 1711 3801 1767 Non

2174 1812 2337 1868 teque
2381 1796 2533 1851 Deus
2564 1813 2768 1853 omnes
2816 1797 3201 1855 inhabitat“:
3255 1816 3360 1856 nec
3407 1801 3480 1855 ad
3551 1800 3801 1856 eamdem

2174 1900 2509 1941 mensuram
2539 1886 2814 1942 omnibus
2846 1887 3195 1944 infunditur.
3231 1888 3311 1945 De
3369 1889 3581 1961 spiritu
3635 1890 3804 1960 Moysi

2172 1974 2452 2038 aufertur,
2477 1978 2534 2028 et
2586 1974 2954 2046 septuaginta
3003 1976 3355 2048 presbyteris
3407 1977 3599 2032 datur.
3649 1977 3801 2044 Puto,

2171 2061 2345 2117 aliam
2376 2080 2505 2118 esse
2526 2064 2947 2118 abundantiam
2982 2064 3442 2133 ﬂuminis,aliam
3476 2064 3801 2122 rivulorum.

2172 2151 2302 2206 Elite
2334 2151 2579 2223 spiritus
2613 2152 2809 2207 Elismo
2846 2153 3058 2225 duplex
3087 2154 3300 2210 datur:
3335 2155 3491 2210 unde
3521 2159 3577 2211 et
3604 2153 3805 2227 duplex

2171 2242 2359 2311 gratia
2390 2241 2525 2296 fecit
2545 2241 2714 2313 signa
2745 2242 2986 2311 majora.
3024 2244 3123 2298 Ille
3154 2244 3317 2299 vivus
3345 2249 3665 2311 mortuum,
3707 2244 3807 2299 iste

2174 2334 2440 2385 mortuus
2467 2336 2763 2385 mortuum
2787 2330 3107 2387 suscitavit.
3142 2332 3245 2388 Ille
3275 2333 3492 2389 famem
3538 2334 3807 2406 impreca-

2170 2423 2265 2473 tus
2296 2419 2637 2490 estpopulo,
2673 2419 2783 2473 iste
2829 2420 3081 2475 obsessae
3129 2421 3347 2476 civitati
3395 2422 3506 2477 sub
3567 2439 3682 2477 una
3722 2422 3809 2477 die

2171 2507 2412 2563 hostiles
2444 2508 2640 2579 copias
2667 2508 2932 2579 praebuit.
2968 2509 3119 2565 Licet
3144 2509 3253 2565 hoc
3283 2512 3441 2582 quod
3472 2511 3573 2579 ait,
3596 2512 3809 2567 Nescitis

2172 2599 2301 2667 quia
2356 2613 2583 2667 corpora
2638 2600 2815 2651 vestra
2872 2599 3134 2669 templum
3191 2608 3269 2655 est
3312 2600 3557 2672 Spiritus
3633 2602 3804 2655 sancti

2171 2687 2215 2756 (Ι
2260 2690 2384 2741 Cor.
2420 2702 2497 2751 vx,
2531 2688 2639 2753 19),
2674 2686 2743 2741 de
2775 2693 2987 2741 cuncta
3009 2688 3373 2744 credentium
3398 2689 3581 2745 ’dicat
3628 2689 3809 2745 Eccle-

2173 2774 2278 2839 sia,
2312 2774 2413 2846 qui
2437 2774 2651 2845 pariter
2683 2775 3039 2847 congregati,
3089 2794 3272 2831 unum
3328 2777 3549 2834 Christi
3608 2795 3809 2851 corpus

2172 2862 2451 2916 efficiunt.
2486 2862 2587 2917 Hic
2611 2864 2735 2932 jam
2769 2864 3125 2934 quaeriturin
3158 2881 3421 2937 corpore,
3447 2868 3547 2939 qui
3576 2867 3811 2939 pedibus

2173 2950 2383 3005 Christi
2410 2950 2622 3022 dignus
2655 2951 2750 3018 sit,
2777 2953 2875 3024 qui
2908 2954 3097 3024 capite
3129 2971 3143 3021 ;
3195 2954 3296 3025 qui
3319 2955 3532 3012 oculus
3564 2958 3691 3027 ejus
3721 2956 3811 3019 sit,

2175 3038 2275 3112 qui
2308 3057 2537 3095 manus.
2571 3041 2731 3104 Quod
2764 3048 2821 3096 et
2863 3042 2988 3096 duze
3048 3042 3324 3098 mulieres
3382 3044 3445 3100 in
3490 3045 3811 3117 Evangelia,

2176 3130 2463 3200 paenitens
2484 3135 2540 3185 et
2570 3136 2793 3197 sancta,
2825 3130 3194 3203 signiﬁcant:
3229 3149 3486 3205 quarum
3519 3134 3698 3191 altera
3728 3150 3813 3207 pe.

2176 3218 2487 3286 des,altera
2511 3225 2685 3290 caput
2709 3221 3153 3277 tenet.Tametsi
3181 3222 3452 3278 nonnulli
3483 3225 3816 3279 existimant

424 3313 603 3377 tenet,
637 3310 816 3365 alium
848 3311 1196 3379 sacerdotes,
1237 3311 1417 3367 alium
1455 3313 1674 3377 Levitis,
1734 3288 1913 3369 alium
1961 3315 2061 3371 Ja-
2095 3288 2137 3354 C
2176 3324 2354 3363 unam
2386 3288 2617 3371 6886.81
2646 3325 2771 3380 quae
2806 3309 3064 3380 primum
3097 3311 3271 3383 coepit
3295 3329 3327 3367 ει
3360 3314 3636 3384 pedibus,
3693 3327 3814 3369 eam

412 3399 652 3464 nitores,
686 3398 1217 3455 aliumeEdituLEt
1248 3406 1307 3455 in
1338 3400 1633 3457 volumine
1672 3403 1983 3459 Ezechielis
2017 3409 2055 3471 ³,

413 3487 512 3543 ubi
556 3487 763 3542 futuras
815 3487 1080 3543 Ecclesia:
1136 3496 1193 3544 et
1240 3490 1491 3545 cmlestis
1520 3491 1850 3547 Jerusalem
1916 3493 2057 3547 ordo

409 3575 782 3642 describitur,
816 3577 1145 3632 sacerdotes
1177 3578 1277 3649 qui
1312 3585 1708 3649 peccaverant,
1743 3582 2055 3653 regradan-

408 3670 508 3721 tur
533 3666 593 3721 in
626 3666 890 3734 aedituos,
944 3669 1001 3723 et
1059 3667 1117 3722 in
1167 3668 1475 3724 ostiarios:
1528 3673 1583 3723 et
1630 3685 1763 3724 cum
1821 3671 1940 3725 sint
1996 3672 2054 3726 in

407 3755 625 3828 templo
668 3756 784 3824 Dei,
845 3756 953 3812 hoc
1003 3762 1091 3812 est
1146 3774 1180 3811 a
1228 3757 1465 3825 dextris,
1528 3775 1641 3813 non
1700 3764 1837 3813 sunt
1905 3760 2057 3817 inter

408 3843 639 3909 arietes,
674 3846 773 3900 sed
807 3844 959 3900 inter
985 3846 1260 3902 minimas
1292 3863 1445 3901 oves.
1486 3847 1542 3901 In
1593 3846 1765 3901 fluvio
1824 3865 2055 3920 quoque

408 3933 510 4005 qui
592 3934 665 3989 de
747 3933 966 4006 templo
1044 3936 1361 4007 egreditur,
1421 3940 1477 3991 et
1546 3936 1751 4009 irrigat
1829 3938 2050 3995 salsum

409 4038 590 4089 mare,
625 4028 681 4077 et
713 4023 984 4079 universa
1012 4024 1285 4089 vivificat,
1311 4025 1503 4080 multae
1536 4026 1759 4098 species
1801 4028 2049 4100 piscium

410 4110 841 4166 describuntur.
877 4113 1064 4175 Quare
1095 4113 1151 4167 in
1180 4130 1358 4186 regno
1390 4113 1672 4171 caelorum
1703 4117 2051 4189 Archangcli

410 4201 570 4266 sunt,
607 4198 830 4270 Angeli,
888 4200 1126 4267 Throni,
1192 4203 1644 4271 Dominationes,
1704 4206 2047 4276 Potestates,

408 4285 744 4355 Cberubim,
779 4293 835 4344 et
883 4290 1229 4361 Seraphim:
1263 4296 1317 4346 et
1373 4308 1543 4348 omne
1620 4311 1831 4351 nomen
1893 4298 2048 4368 quod

404 4375 764 4444 nominatur,
813 4392 926 4431 non
974 4377 1172 4433 solum
1222 4379 1280 4433 in
1339 4382 1611 4451 praesenti
1655 4383 1885 4448 saeculo,
1942 4385 2045 4440 sed

398 4465 577 4521 etiam
604 4464 663 4519 in
688 4466 883 4521 futuro
901 4468 922 4520 ?
941 4465 1076 4522 Sine
1098 4483 1274 4523 causa
1291 4469 1597 4526 diversitas
1614 4470 1919 4527 nominum
1937 4479 2043 4541 est,

393 4554 494 4610 ubi
546 4571 660 4610 non
720 4560 808 4610 est
864 4555 1170 4611 diversitas
1220 4558 1582 4614 meritorum.
1644 4561 2045 4634 Archangelus

2164 3397 2452 3469 gradatim
2485 3397 2556 3451 ad
2591 3398 2863 3452 verticem
2896 3398 3244 3469 pervenisse.
3270 3400 3383 3456 Sed
3407 3406 3468 3456 et
3498 3400 3643 3458 illud
3667 3400 3814 3475 quod

2164 3484 2366 3555 objicit
2396 3486 2499 3556 [Αι.
2534 3486 2791 3555 objecit].
2825 3488 2941 3542 Non
2968 3503 3070 3558 pro
3089 3489 3172 3541 his
3202 3505 3331 3558 rogo
3381 3493 3621 3559 tantum,
3653 3490 3743 3547 sed
3768 3493 3818 3544 et

2159 3588 2260 3643 pro
2288 3574 2402 3628 illis
2433 3575 2528 3643 qui
2562 3574 2831 3629 credituri
2860 3578 2988 3629 sunt
3012 3591 3114 3647 per
3135 3576 3362 3632 verbum
3393 3595 3595 3635 eorum
3625 3581 3685 3635 in
3709 3593 3816 3633 me:

2162 3668 2222 3715 ut
2250 3663 2396 3716 sicut
2426 3678 2546 3731 ego,
2566 3664 2752 3730 Pater,
2782 3665 2841 3718 in
2871 3670 2928 3718 te
2956 3665 2999 3730 ⁵,
3033 3671 3083 3720 et
3116 3673 3174 3719 tu
3204 3667 3265 3719 in
3292 3682 3382 3722 me
3413 3684 3596 3723 unum
3634 3682 3817 3723 sumus

2162 3751 2240 3803 ita
2273 3766 2459 3805 omnes
2488 3767 2662 3806 unum
2689 3754 2802 3806 sint
2830 3754 2887 3806 in
2914 3753 3071 3807 nobis
3090 3754 3269 3822 (Joan.
3302 3771 3440 3824 xvn,
3474 3760 3570 3824 20,
3600 3758 3696 3827 21)
3718 3774 3735 3809 :
3766 3758 3819 3811 et

2160 3839 2317 3910 quod
2349 3840 2541 3895 omnis
2574 3840 2827 3912 populus
2850 3841 3216 3898 Christianus
3245 3860 3437 3901 unum
3469 3847 3552 3903 sit
3594 3849 3653 3901 in
3684 3846 3817 3908 Deo,

2160 3929 2329 3999 quasi
2357 3928 2456 3983 ﬁlii
2489 3929 2843 3995 charissimi,
2900 3930 3106 3986 divina:
3163 3942 3445 3989 consortes
3505 3939 3726 3991 natura;
3753 3934 3818 4006 (11

2159 4021 2312 4072 Petr.
2349 4034 2387 4083 1,
2423 4018 2496 4087 4).
2527 4018 2660 4073 Jam
2694 4035 2875 4090 supra
2903 4018 3251 4085 diximus,et
3281 4038 3441 4078 nunc
3476 4023 3713 4097 plenius
3737 4024 3820 4078 in-

2158 4105 2510 4161 culcandum
2543 4111 2774 4174 est,non
2797 4124 2905 4163 nos
2930 4110 3255 4165 secundum
3284 4114 3701 4183 naturam,sed
3731 4128 3815 4168 se-

2157 4196 2415 4250 cundum
2438 4195 2684 4267 gratiam
2720 4212 2902 4251 unum
2934 4214 3062 4253 esse
3085 4199 3140 4253 in
3175 4203 3346 4256 Patre
3368 4205 3428 4257 et
3466 4203 3618 4259 Filio
3646 4205 3689 4257 θ.
3714 4203 3817 4258 Ne-

2155 4300 2269 4356 que
2300 4284 2455 4339 enim
2474 4285 2740 4355 ejusdem
2774 4286 3118 4342 substantiae
3150 4292 3238 4344 est
3273 4291 3458 4361 (quod
3507 4290 3811 4348 Manicbaai

2156 4374 2343 4428 solent
2372 4372 2582 4444 dicere)
2615 4375 2813 4430 anima
2844 4375 3102 4431 humana
3121 4381 3178 4433 et
3209 4377 3382 4435 Deus.
3419 4380 3818 4449 Sed,dile.risti

2153 4461 2366 4534 inquit,
2421 4478 2534 4529 eos,
2565 4465 2705 4517 sicut
2735 4468 2901 4520 etme
2944 4465 3199 4521 dilexisti
3254 4468 3435 4539 (Joan.
3497 4488 3646 4537 xvn,
3698 4469 3813 4541 23).

2153 4550 2329 4606 Vides
2343 4568 2479 4623 ergo
2502 4553 2655 4622 quod
2682 4552 2739 4607 in
2762 4554 3119 4610 consortium
3137 4557 3487 4614 substantiae
3507 4562 3642 4631 ejus
3657 4575 3818 4616 assu-

398 4642 602 4715 utique
633 4643 879 4698 aliorum
913 4644 1207 4700 minorum
1232 4651 1321 4701 est
1368 4647 1728 4719 angelorum.
1791 4652 2048 4707 Arcban-
2077 4658 2122 4723 Ι)
2155 4640 2394 4706 mimum
2431 4657 2545 4695 Ποῐὶ
2578 4646 2798 4696 natura?
2822 4659 2971 4709 esse»
3007 4644 3107 4699 θεά
3141 4645 3344 4716 ενλιίω
3372 4665 3384 4702 ε
3420 4654 3481 4703 el-
3538 4649 3670 4704 ideO
3713 4663 3817 4703 1103

395 4732 582 4806 gelus,
616 4737 673 4788 et
702 4732 1043 4799 Potestates,
1070 4739 1125 4789 et
1156 4735 1591 4792 Dominationes
1626 4739 1841 4796 habent
1861 4742 1974 4797 alia
2005 4744 2045 4808 ³,

401 4837 505 4895 per
534 4839 660 4894 quae
690 4826 991 4878 exerceant
1022 4829 1387 4895 potestatem,
1422 4831 1476 4880 et
1506 4826 1563 4881 in
1599 4845 1725 4899 qua:
1781 4832 2047 4902 subjecta

399 4909 793 4966 dominentur.
829 4912 945 4967 Hoc
976 4913 1033 4966 in
1086 4913 1245 4969 cmlis
1288 4920 1394 4983 est,
1448 4916 1557 4971 hoc
1603 4917 1660 4971 in
1713 4920 2045 4976 ministerio

400 5000 508 5072 (Al.
540 5001 838 5073 mysterio)
884 5001 1020 5067 Deo,
1056 5019 1126 5058 ne
1175 5020 1278 5057 nos
1336 5004 1507 5060 solito
1566 5023 1725 5062 more
1776 5008 2044 5077 irridens,

478 5105 613 5184 [ΑΙΓ
648 5109 706 5161 in
737 5107 953 5184 limine.
990 5114 1171 5166 Locus
1201 5116 1290 5165 est
1322 5129 1447 5184 cap.
1483 5130 1629 5179 κων,
1662 5131 1712 5169 ν.
1749 5115 1818 5169 10
1871 5133 1886 5171 :
1937 5117 2040 5172 Sed

399 5178 452 5255 et
479 5177 699 5255 Leuitze,
735 5182 831 5249 qui
860 5181 1015 5251 longe
1047 5186 1377 5238 recesserunt
1393 5177 1440 5237 ἠ
1468 5200 1555 5239 me
1581 5177 1771 5241 errore
1801 5188 2047 5255 ﬁliorum

399 5247 597 5329 Israel,
629 5247 1037 5329 eterrauerunt
1064 5271 1098 5307 α
1129 5271 1213 5309 me
1239 5259 1357 5326 post
1390 5256 1535 5310 idola
1582 5273 1707 5324 sua,
1766 5247 1818 5313 et
1860 5264 2046 5329 porta-

400 5323 593 5392 verant
617 5320 965 5389 iniquitatem
1002 5341 1180 5392 suam,
1239 5320 1400 5381 erunt
1452 5329 1509 5381 in
1558 5320 1872 5385 sanctuarii}
1931 5348 2046 5387 meo

410 5388 593 5466 aditui
635 5394 685 5466 et
717 5393 975 5455 ianitores
1000 5388 1283 5465 portarum
1316 5398 1526 5466 domus,
1565 5407 1616 5454 et
1654 5401 1897 5457 ministri
1951 5403 2047 5457 do-

401 5477 528 5515 mus
561 5462 668 5530 ipsi
686 5462 1019 5527 mactabunt’,
1053 5473 1185 5534 etc.,
1218 5476 1326 5523 etc.

476 5534 649 5613 fDuo
694 5549 836 5613 mss.
873 5534 1073 5613 habent
1117 5540 1325 5613 aliqua,
1376 5558 1538 5611 super
1593 5557 1716 5613 quze
1761 5553 2050 5600 exerceant

400 5607 732 5684 potestatein.
766 5606 916 5684 Tum
949 5629 976 5654 ‹‹
1012 5607 1123 5663 Hoc
1152 5606 1217 5665 in'
1240 5606 1467 5667 smcnlis
1498 5606 1612 5681 est,
1642 5614 1745 5669 hoc
1780 5614 1836 5669 in
1872 5616 2043 5671 mini-

409 5676 594 5753 sterio
625 5676 742 5730 Dei.
779 5698 806 5724 ››
830 5676 1153 5753 Utrumque
1186 5684 1425 5739 fortasse
1450 5676 1660 5741 verius.

474 5747 496 5780 ³
516 5745 696 5803 Iidem
732 5764 871 5819 mss,
903 5745 1347 5823 valde'frivolum
1376 5763 1471 5823 est,
1495 5760 1629 5827 etc.,
1682 5773 1816 5813 cum
1867 5760 2045 5816 veteri

2157 4726 2348 4800 diligit
2376 4730 2416 4795 ⁷,
2450 4728 2589 4801 quia
2620 4731 2767 4785 871
2809 4731 3017 4787 Filium
3066 4732 3267 4789 dilexit
3297 4735 3469 4793 Pater
3490 4756 3511 4794 :
3545 4743 3604 4794 et
3636 4754 3818 4794 mem-

2156 4817 2260 4873 bra
2306 4818 2653 4889 diliguntur,
2680 4818 2902 4875 scilicet
2929 4821 2987 4876 in
3030 4839 3289 4894 corpore.
3354 4826 3618 4900 Quoquo:
3670 4829 3820 4883 enim

2155 4911 2477 4977 receperunt
2507 4907 2806 4974 Christum,
2828 4910 2976 4965 dedit
3004 4914 3085 4966 eis
3126 4916 3465 4983 potestatem
3524 4918 3682 4988 ﬁlios
3724 4915 3822 4972 Dei

2155 4996 2301 5064 ﬁeri,
2334 4997 2421 5050 his
2452 4999 2548 5067 qui
2576 4998 2807 5052 credunt
2840 5000 2901 5053 in
2934 5003 3159 5056 nomine
3219 5004 3334 5073 ejus
3357 5021 3376 5062 :
3435 5008 3542 5076 qui
3595 5023 3707 5063 non
3752 5019 3820 5059 ea:

2156 5190 2437 5247 editione.

2226 5263 2247 5295 ‘
2280 5267 2341 5317 In
2374 5262 2505 5319 aliis
2536 5281 2677 5320 mss.
2711 5267 2770 5319 In
2804 5267 3056 5321 omnibus
3088 5269 3318 5324 habitat.

2226 5334 2247 5366 ⁵
2277 5334 2581 5423 Itanetferri
2611 5336 2805 5423 locum
2840 5337 2995 5423 hunc
3021 5340 3253 5423 in‘mss:
3276 5357 3465 5423 supra
3497 5343 3817 5398 docuimus

2155 5406 2421 5481 num.49,
2456 5412 2591 5481 nota
2615 5426 2628 5474 ;
2650 5413 2828 5479 atque
2860 5410 2940 5464 ita
2969 5410 3207 5481 quidem
3240 5406 3529 5470 habuisse
3559 5421 3817 5471 veterem

2160 5477 2423 5551 Latinam
2456 5477 2768 5551 editionem
2807 5477 3056 5551 pronu'm
3088 5488 3178 5537 est
3206 5483 3464 5540 credere.

2226 5549 2688 5627 6‘Cistercicnsis,
2737 5549 2842 5606 Sed
2897 5554 3199 5609 secundum
3253 5557 3501 5627 gratiam
3562 5574 3686 5614 esse
3763 5558 3824 5611 in

2156 5623 2328 5695 Patre
2354 5625 2407 5674 et
2439 5624 2597 5690 Filio,
2633 5624 2877 5695 absque,
2912 5642 3101 5680 unum.

2227 5692 2253 5771 7_
2271 5692 2427 5771 Idem
2460 5695 2696 5771 ms._,__Et_
2734 5692 2871 5751 ideo
2906 5713 3004 5771 nos
3067 5697 3295 5766 diligit;
3333 5699 3496 5771 quia,
3561 5705 3705 5770 etc.,
3768 5700 3827 5755 in

2157 5761 2290 5819 aliis
2323 5764 2532 5822 deinde
2570 5766 2735 5823 libris
2757 5771 2847 5824 est
2866 5769 3077 5826 scilicet
3102 5786 3137 5825 a
3165 5761 3407 5843 corpore.
