3944 6410
176 377 297 471 su

1262 384 1685 456 ADVERSUS
1733 385 2212 456 JOVlNIANUM
2257 390 2404 456 LIB.
2447 381 2533 457 ΪῙ.

185 521 572 596 sanguinibus,
629 539 803 599 neque
858 540 933 583 ex
963 525 1240 583 voluntate
1292 528 1499 593 carnis,
1557 542 1731 598 neque
1769 541 1838 581 ea:
1866 527 1921 593 Α
1951 525 2137 582 millia
2192 527 2412 584 talenta
2466 529 2696 599 debere,
2731 527 2888 586 aliud
2948 527 3358 603 quadrantem.
3400 529 3471 587 Et
3526 521 3600 588 de

181 615 458 672 voluntate
502 617 632 684 viri,
708 615 801 672 sed
847 633 919 673 ea:
964 617 1071 673 Deo
1122 618 1242 673 nati
1286 619 1413 672 sunt
1463 617 1640 689 (Joan.
1675 634 1712 680 ι,
1748 616 1835 681 12,

187 704 274 776 13)
331 704 587 761 Verbum
635 722 768 761 caro
818 706 1039 762 factum
1087 709 1195 773 est,
1242 710 1305 761 ut
1350 723 1457 762 nos
1528 706 1599 761 de
1664 721 1839 760 carne

186 793 575 850 transiremus
603 796 664 850 in
696 795 969 850 Verbum.
1018 796 1135 851 Nec
1181 795 1438 851 Verbum
1488 794 1663 850 desiit
1708 810 1838 849 esse

189 884 344 955 quod
374 883 565 940 fuerat
587 900 721 940 :nec
734 884 908 939 homo
932 884 1187 956 perdidit
1207 884 1518 956 esse,quod
1544 887 1835 939 natusest.

190 971 386 1029 Gloria
412 977 584 1029 aucta
613 979 722 1038 est,
755 990 869 1028 non
902 977 1126 1029 mutata
1148 979 1374 1029 natura.
1399 973 1501 1028 Vis
1524 973 1671 1029 scire
1697 989 1839 1043 quo-

191 1062 365 1118 modo
394 1078 531 1118 cum
564 1062 789 1118 Christo
822 1079 1005 1117 unum
1053 1079 1266 1135 corpus
1297 1063 1668 1118 efﬁciamur?
1725 1062 1837 1117 Do-

192 1156 320 1207 ceat
366 1155 421 1206 te
472 1151 615 1224 ipse,
659 1151 756 1223 qui
809 1151 1108 1207 condidit:
1183 1153 1298 1223 Qui
1340 1153 1570 1207 comedit
1617 1167 1840 1206 comem

190 1255 387 1306 meam,
438 1245 492 1297 et
537 1242 672 1297 bibit
714 1242 1039 1313 sanguinem
1082 1258 1283 1307 meum,
1312 1241 1401 1296 hic
1426 1244 1481 1295 in
1514 1258 1602 1296 me
1634 1244 1837 1305 manet,

191 1339 243 1387 et
294 1347 390 1402 ego
446 1332 507 1385 in
562 1330 677 1386 illo.
732 1329 881 1385 Sicut
921 1332 1074 1385 misit
1123 1347 1205 1386 me
1236 1332 1420 1386 vivens
1453 1336 1635 1397 Pater,
1667 1338 1717 1386 et
1744 1346 1841 1398 ego

191 1422 310 1476 vivo
330 1428 556 1493 propter
584 1423 807 1475 Patrem
822 1435 842 1479 ;
873 1428 929 1474 et
959 1420 1053 1491 qui
1081 1419 1311 1475 comedit
1338 1436 1442 1484 me,
1467 1421 1601 1475 vivit
1616 1428 1843 1492 propter

193 1526 299 1566 me.
358 1511 463 1571 Iste
517 1519 593 1564 est
645 1511 810 1581 panis
853 1511 949 1580 qui
992 1509 1056 1563 de
1085 1510 1217 1565 cwlo
1246 1509 1518 1564 descendit
1550 1509 1727 1581 (Joan.
1761 1526 1839 1575 vr,

191 1600 261 1655 57
290 1599 483 1672 δείλῃ.)
516 1598 629 1654 Sed
660 1601 716 1653 et
751 1598 1008 1654 Joannes
1039 1598 1413 1671 evangelista,
1449 1598 1549 1671 qui
1595 1600 1664 1655 de
1708 1615 1843 1671 pec-

192 1693 318 1745 tore
350 1687 566 1744 Christi
600 1687 876 1743 hauserat
901 1687 1275 1760 sapientiam,
1317 1688 1374 1743 in
1407 1689 1611 1744 eadem
1668 1688 1846 1743 verba

193 1777 527 1844 concordat,
563 1776 797 1833 dicens:
830 1779 894 1833 In
944 1777 1043 1832 hoc
1094 1779 1463 1847 intelligimus
1510 1778 1651 1849 quod
1698 1780 1758 1833 in
1786 1793 1845 1833 eo

193 1883 498 1934 manemus,
539 1876 591 1922 et
619 1867 734 1939 ipse
763 1868 824 1920 in
849 1867 1038 1922 nobis:
1085 1868 1349 1938 quoniam
1377 1866 1442 1922 de
1489 1867 1701 1938 Spiritu
1748 1882 1847 1922 suo
1880 1904 1927 1969 Β

192 1957 344 2015 dedit
388 1956 563 2013 nobis.
595 1956 656 2010 Si
696 1956 819 2027 quis
865 1960 1140 2027 con/essus
1181 1956 1374 2026 fuerit,
1407 1958 1670 2028 quoniam
1697 1958 1849 2011 .lesus

193 2056 274 2105 est
303 2048 477 2102 Filius
523 2046 622 2101 Dei
666 2045 809 2100 Deus
841 2047 910 2099 in
959 2061 1020 2101 eo
1067 2053 1273 2112 manet,
1323 2050 1374 2100 et
1403 2047 1520 2118 ipse
1551 2047 1611 2101 in
1643 2047 1744 2102 Deo
1771 2050 1849 2101 est

195 2138 243 2209 (ι
268 2139 427 2195 Joan.
462 2152 538 2202 ιν,
571 2136 660 2202 13,
695 2136 803 2203 15).
839 2134 898 2190 Si
937 2134 1128 2190 credis
1159 2134 1220 2190 in
1252 2135 1570 2202 Christum,
1603 2152 1847 2207 quomo-

198 2227 272 2283 do
321 2230 378 2281 et
431 2223 682 2297 apostoli
759 2223 1151 2292 crediderunt,
1215 2241 1400 2280 unum
1449 2242 1584 2281 cum
1647 2226 1733 2280 eis
1791 2225 1847 2279 in

196 2314 430 2372 Christo
461 2330 672 2385 corpus
694 2313 983 2369 efﬁcieris.
1016 2312 1073 2367 Si
1107 2319 1307 2368 autem
1348 2313 1727 2369 temerarium
1762 2316 1852 2368 est

196 2406 377 2461 fidem
408 2420 611 2461 eorum
638 2402 744 2458 tibi
766 2408 823 2458 et
852 2403 1465 2476 operavindicare,qui
1498 2404 1675 2459 ﬁdem
1697 2420 1851 2459 eam-

196 2496 332 2551 dem
380 2497 437 2551 et
484 2509 659 2565 opera
709 2509 822 2548 non
868 2491 1069 2559 habes,
1105 2493 1380 2548 eumdem
1413 2491 1606 2548 locum
1638 2493 1851 2548 habere

198 2601 316 2641 non
346 2582 580 2654 poteris.

268 2674 361 2730 30.
414 2671 553 2729 Ordo
600 2672 869 2726 Ecclesiae.
931 2676 1163 2727 Peccata
1219 2674 1413 2742 gravia
1473 2676 1524 2727 et
1573 2673 1735 2728 levia.
1782 2704 1850 2712 —

194 2769 378 2820 Porro
410 2761 565 2835 quod
590 2760 830 2831 jactitas
858 2777 1159 2832 sponsam,
1186 2778 1472 2829 sororem,
1505 2766 1772 2830 matrem,
1797 2766 1854 2817 et

196 2853 404 2911 omnia
431 2852 549 2907 haec
580 2849 859 2905 Vocabula
893 2850 1069 2905 unius
1107 2866 1237 2905 esse
1268 2850 1555 2918 Ecclesiae,
1589 2856 1853 2906 cunctos-

197 2958 316 3016 que
347 2941 647 2999 credentes
676 2939 769 2995 his
801 2939 1142 2996 nominibus
1174 2940 1512 3013 signiﬁcari,
1563 2945 1767 2996 contra
1796 2945 1853 2996 te

198 3034 363 3091 facit.
418 3031 478 3088 Si
522 3030 680 3086 enim
722 3046 877 3085 unus
907 3031 1048 3086 ordo
1079 3029 1345 3085 Ecclesim
1377 3034 1485 3098 est,
1517 3035 1574 3085 et
1599 3047 1714 3085 non
1746 3030 1851 3084 ha-

198 3125 301 3180 bet
330 3121 587 3195 plurima
618 3121 884 3175 membra
914 3119 974 3174 in
1006 3136 1123 3175 uno
1145 3136 1385 3192 corpore
1411 3138 1423 3175 :
1449 3120 1590 3191 quid
1614 3136 1852 3175 necesse

196 3216 293 3272 est
322 3216 389 3267 ut
425 3226 662 3282 sponsa,
709 3225 875 3264 soror
918 3212 1154 3264 vocetur
1200 3214 1259 3264 et
1310 3215 1530 3265 mater:
1562 3210 1675 3265 nisi
1707 3209 1849 3265 alio—

1947 617 2130 672 otioso
2159 618 2397 689 quidem
2447 620 2640 686 verbo,
2675 623 2731 676 et
2770 619 3056 676 adulterio
3106 620 3188 677 rei
3228 619 3597 689 tenebimur;

1947 707 2046 762 sed
2107 724 2223 762 non
2280 712 2369 763 est
2424 709 2580 764 idem
2638 709 2921 777 sull‘undi,
2952 714 3010 766 et
3049 711 3342 783 torqueri;
3389 710 3595 767 erube-

1947 812 2127 864 scere,
2160 801 2217 851 et
2246 796 2419 870 longo
2475 802 2735 871 tempore
2793 800 3060 856 cruciari.
3094 801 3273 857 Putas
3323 804 3592 857 nostrum

1947 902 2075 940 esse
2129 886 2287 958 quod
2332 886 2678 960 loquimur?
2703 890 2850 945 Audi
2892 889 3223 963 apostolum
3253 891 3540 947 Joannem
3575 907 3590 947 :

1947 977 2059 1046 Qui
2105 977 2203 1031 scit
2243 979 2475 1048 fratrem
2514 994 2673 1033 suum
2724 995 2949 1051 peccare
3003 988 3287 1052 peccatum
3349 997 3461 1037 non
3523 979 3596 1035 ad

1946 1069 2193 1131 mortem,
2243 1074 2409 1137 petat,
2459 1074 2511 1122 et
2555 1068 2706 1124 dabit
2752 1071 2804 1124 ei
2848 1069 3042 1135 vitam,
3092 1071 3343 1142 peccanti
3387 1086 3497 1126 non
3525 1069 3600 1125 ad

1947 1157 2196 1209 mortem.
2224 1157 2335 1224 Qui
2364 1172 2489 1212 vero
2531 1160 2841 1228 peccaverit
2886 1159 2955 1214 ad
2986 1168 3239 1228 mortem,
3270 1161 3393 1232 quis
3419 1160 3599 1215 orabit

1948 1258 2045 1313 pro
2075 1258 2135 1296 co
2169 1243 2209 1311 (Ι
2229 1247 2390 1299 Joun.
2426 1261 2479 1311 ν,
2514 1244 2648 1316 l6)?
2679 1245 2880 1302 Cernis
2919 1247 3074 1319 quod
3124 1247 3172 1305 si
3211 1265 3316 1321 pro
3346 1249 3600 1320 peccatis

1950 1330 2281 1387 minoribus
2311 1333 2708 1404 deprecemur,
2734 1336 3119 1408 impetremus
3146 1337 3471 1393 veniam.Si
3494 1353 3599 1409 pro

1950 1419 2293 1491 majoribus,
2319 1421 2573 1479 difﬁcilis
2602 1424 2935 1496 impetratio
2965 1424 3068 1481 sit:
3103 1430 3160 1482 et
3188 1426 3339 1482 inter
3366 1429 3603 1498 peccata

1953 1514 2009 1564 et
2052 1514 2292 1582 peccata
2339 1528 2617 1583 magnam
2667 1530 2796 1569 esse
2851 1515 3216 1571 distantiam.
3252 1515 3412 1572 Unde
3441 1519 3501 1572 et
3529 1514 3601 1570 de
3637 1580 3649 1589 .

1954 1599 2169 1672 populo
2223 1599 2420 1667 Israel,
2454 1602 2556 1673 qui
2604 1594 2945 1675 peccaverat
2975 1608 3282 1676 peccatum
3331 1605 3404 1661 ad
3439 1621 3601 1661 mor-

1954 1693 2093 1757 tem,
2130 1688 2343 1745 dicitur
2373 1691 2444 1745 ad
2493 1691 2810 1748 Jeremiam
2845 1711 2858 1749 :
2893 1693 3018 1749 Noli
3061 1710 3220 1750 orare
3264 1711 3361 1768 pro
3400 1694 3604 1767 populo

1954 1778 2070 1845 hoc,
2102 1795 2201 1834 nec
2221 1795 2469 1835 assumas
2497 1796 2599 1850 pro
2643 1783 2721 1837 eis
2752 1782 3204 1854 deprecationem,
3227 1791 3280 1839 et
3305 1799 3415 1840 non
3459 1783 3604 1839 obsi-

1955 1876 2064 1923 stas
2109 1867 2269 1935 mihi,
2303 1870 2431 1939 quia
2480 1886 2591 1927 non
2651 1871 2953 1927 exaudiam
3006 1880 3058 1928 te
3104 1873 3324 1944 (Jerem.
3356 1890 3460 1938 vn,
3492 1873 3605 1941 16).

1958 1958 2019 2013 Si
2050 1961 2247 2013 autem
2278 1976 2485 2015 omnes
2512 1959 2815 2032 aequaliter
2841 1964 2899 2017 et
2940 1961 3255 2019 introimus
3304 1960 3609 2030 saeculum,

1958 2051 2016 2104 et
2045 2046 2273 2103 eximus
2305 2049 2376 2104 de
2418 2048 2653 2113 saeculo,
2683 2054 2741 2105 et
2786 2050 2895 2107 hoc
2944 2051 3348 2123 przejudicium
3381 2052 3608 2108 futuro-

1959 2153 2090 2192 rum
2124 2137 2229 2209 [Al.
2263 2138 2551 2209 futurum]
2581 2143 2671 2195 est
2703 2156 2716 2194 :
2751 2156 2887 2212 ergo
2931 2139 3232 2212 aequaliter
3263 2146 3321 2198 et
3351 2141 3521 2214 justi,
3553 2145 3612 2198 et

1960 2232 2290 2299 peccatores
2321 2228 2667 2284 habebimur
2695 2229 2851 2301 apud
2883 2228 3091 2295 Deum,
3122 2229 3261 2301 quia
3291 2247 3448 2286 nunc
3484 2229 3610 2303 pari

1959 2317 2131 2372 modo
2178 2320 2236 2371 et
2281 2332 2653 2389 generamur,
2689 2321 2746 2372 et
2794 2317 3101 2373 morimur.
3149 2319 3311 2384 Quod
3361 2317 3412 2375 si
3460 2317 3611 2374 duos

1958 2421 2087 2460 esse
2136 2406 2438 2462 contendis
2466 2406 2673 2474 Adam,
2708 2406 2959 2462 alterum
3006 2410 3327 2475 terrenum,
3360 2405 3610 2463 alterum

1960 2494 2523 2566 cmlestem;et.qui
2574 2494 2632 2550 in
2682 2497 2911 2551 terreno
2961 2495 3200 2564 fuerint,
3233 2512 3334 2552 eos
3376 2511 3506 2552 esse
3537 2495 3610 2552 ad

1960 2584 2261 2640 sinistram
2292 2585 2313 2618 ²
2345 2600 2358 2638 :
2393 2584 2494 2657 qui
2544 2600 2676 2640 vero
2725 2586 2783 2640 in
2837 2585 3083 2652 caelesti,
3116 2602 3215 2642 eos
3258 2602 3387 2642 esse
3417 2602 3451 2641 a
3474 2585 3611 2641 dex-

1958 2673 2103 2741 tris;
2138 2674 2427 2745 responde
2459 2673 2606 2729 mihi
2638 2674 2899 2741 interim,
2923 2678 2989 2730 ut
3042 2676 3114 2732 de
3144 2675 3376 2731 duobus
3396 2668 3463 2730 te
3491 2675 3607 2731 fra-

1959 2762 2152 2818 tribus
2203 2762 2557 2835 interrogem
2592 2780 2604 2817 :
2635 2766 2787 2819 Esau
2847 2763 2907 2819 in
2965 2768 3194 2821 terreno
3248 2764 3381 2831 fuit,
3413 2781 3487 2820 an
3550 2763 3613 2821 in

1961 2851 2225 2908 caelesti?
2251 2851 2406 2908 Nulli
2438 2851 2685 2908 dubium
2737 2856 2847 2919 est,
2879 2853 3021 2926 quin
3079 2854 3140 2910 in
3188 2857 3419 2911 terreno
3478 2869 3615 2910 eum

1963 2941 2146 2997 fuisse
2194 2941 2569 3012 respondeas.
2603 2941 2784 2997 Jacob
2833 2942 2892 2997 in
2943 2959 3060 3014 quo
3106 2942 3262 2999 fuit?
3290 2943 3460 2999 Dices
3489 2958 3618 3015 pro-

1959 3029 2141 3096 tinus,
2176 3030 2235 3084 in
2267 3027 2507 3085 ccelesti.
2542 3031 2608 3085 Et
2638 3031 2930 3101 quomodo
2960 3030 3021 3086 in
3065 3030 3283 3088 cmlesti
3312 3031 3442 3096 fuit,
3476 3047 3613 3087 cum

1963 3119 2154 3173 adhuc
2184 3118 2453 3175 Christus
2487 3135 2603 3174 non
2633 3118 2887 3174 venisset
2913 3119 2974 3173 in
3024 3135 3216 3187 carne,
3250 3118 3350 3192 qui
3401 3135 3612 3175 secun-

1962 3209 2072 3264 dus
2102 3212 2158 3264 et
2187 3206 2440 3263 cmlestis
2495 3207 2681 3262 Adam
2730 3207 2946 3263 dicitur
2970 3211 2993 3263 Ρ
3019 3212 3135 3263 Aut
3189 3208 3369 3281 igitur
3404 3224 3611 3265 omnes

199 3318 337 3358 rum
387 3316 623 3373 sponsa,
670 3296 919 3354 aliorum
969 3314 1152 3365 soror,
1203 3297 1452 3353 aliorum
1506 3304 1690 3353 mater
1729 3297 1852 3353 sit?
1880 3279 1924 3347 (ἶ
1964 3299 2117 3354 373
2149 3301 2283 3353 ante
2314 3295 2777 3352 incarnationem
2810 3296 3024 3353 Christi
3056 3297 3114 3353 in
3152 3297 3331 3354 veteri
3380 3302 3611 3371 reputa-

198 3393 372 3448 Stant
422 3388 661 3460 quidem
707 3403 912 3443 omnes
959 3387 1031 3442 ad
1081 3388 1384 3442 dextram:
1419 3388 1521 3443 sed
1554 3386 1705 3443 alius
1737 3392 1853 3442 stat

200 3486 271 3538 ut
300 3495 574 3553 sponsus,
608 3475 758 3531 alius
788 3480 855 3531 ut
887 3476 1083 3545 frater,
1112 3475 1264 3531 alius
1304 3481 1368 3531 ut
1421 3475 1598 3532 ﬁlius.
1669 3477 1855 3530 Filioli

196 3569 419 3644 inquit,
475 3568 605 3635 mei,
667 3582 799 3638 quos
853 3567 1056 3621 iterum
1097 3568 1370 3638 parturio,
1412 3566 1580 3622 donec
1608 3566 1855 3621 Christus

198 3665 473 3734 formetur
501 3659 563 3713 in
594 3657 742 3712 vobis
773 3654 972 3727 (Galat.
1008 3672 1083 3720 ιν,
1133 3657 1241 3727 19).
1293 3655 1547 3711 Putasne
1589 3656 1856 3727 ejusdem

204 3764 339 3807 esse
383 3746 576 3804 meriti
620 3762 720 3802 eos
750 3745 850 3818 qui
884 3744 1316 3818 parturiuntur,
1348 3749 1405 3799 et
1433 3743 1533 3816 qui
1567 3744 1861 3817 parturit?

206 3838 378 3897 Unde
421 3841 477 3893 et
529 3835 705 3892 stulte
761 3850 1021 3891 asserere
1076 3833 1307 3890 voluisti
1366 3834 1566 3889 omnia
1598 3835 1864 3891 membra

211 3926 517 4001 mqualiter
546 3941 655 3982 nos
684 3923 947 3997 diligere,
980 3939 1086 3979 nec
1119 3922 1356 3979 oculum
1390 3940 1725 3995 prmponere
1773 3922 1861 3978 di-

214 4017 361 4092 gito,
405 4031 509 4071 nec
554 4030 799 4070 manum
849 4011 1164 4079 auriculae;
1231 4012 1332 4067 sed
1372 4011 1431 4066 in
1496 4010 1861 4084 singulorum

215 4105 537 4163 amissione
560 4103 983 4170 membrorum,
1016 4101 1277 4157 dolorem
1309 4117 1438 4157 esse
1467 4118 1864 4169 communem,

217 4210 356 4251 cum
387 4191 698 4265 Apostolus
728 4191 933 4247 doceat
957 4190 1029 4246 ad
1068 4189 1418 4257 Corinthios,
1468 4190 1594 4244 Alia
1622 4190 1871 4245 membra

218 4284 377 4343 872
396 4298 514 4339 esse
539 4281 871 4344 honestiora,
894 4281 1013 4335 alia
1044 4279 1471 4342 verecundiam;
1503 4282 1553 4334 et
1579 4296 1699 4351 quw
1730 4295 1873 4334 vere-

217 4373 490 4432 cundiam
532 4378 683 4437 sunt,
730 4371 941 4442 majore
987 4370 1261 4425 honestate
1315 4368 1652 4424 circumdari
1666 4370 1677 4402 ¹
1705 4387 1725 4422 :
1754 4385 1872 4439 qua:

220 4479 348 4521 vero
375 4479 472 4535 per
498 4478 554 4517 se
578 4462 828 4527 honesta,
860 4460 1034 4515 nostri
1070 4459 1176 4531 [AL
1231 4459 1451 4527 nostra)
1502 4474 1613 4513 non
1664 4458 1874 4529 indige-

218 4571 291 4611 re
312 4550 686 4611 sottzcitudine
712 4551 761 4619 (Ι
780 4549 883 4605 Cor
908 4566 991 4604 xu
1035 4548 1258 4618 22-2/1).
1322 4549 1676 4618 Ejusdemne
1722 4547 1875 4603 ordi-

1962 3387 2053 3442 bis
2081 3386 2289 3455 Adam,
2322 3389 2377 3442 et
2394 3384 2544 3455 justi
2577 3401 2808 3457 quoque
2834 3385 2892 3441 in
2925 3390 3154 3442 terreno
3180 3386 3437 3454 homine,
3460 3390 3520 3442 et
3541 3386 3615 3442 ad

1964 3475 2267 3531 sinistram
2307 3478 2479 3531 erunt
2523 3474 2677 3531 inter
2707 3475 2904 3532 hircos
2941 3479 3077 3532 tuos
3111 3492 3124 3530 :
3158 3480 3260 3532 aut
3284 3476 3333 3532 si
3365 3476 3615 3548 impium

1966 3570 2054 3622 est
2100 3565 2180 3619 ibi
2232 3565 2393 3620 Isaac
2438 3580 2675 3636 ponere,
2707 3563 2810 3620 ubi
2857 3565 3107 3622 Ismael:
3152 3564 3233 3621 ibi
3279 3565 3483 3635 Jacob,
3517 3564 3620 3622 ubi

1969 3656 2119 3711 Esau
2164 3672 2177 3721 ;
2221 3654 2302 3709 ibi
2353 3657 2611 3722 sanctos,
2669 3654 2770 3709 ubi
2822 3658 3155 3727 peccatores
3202 3672 3215 3722 ;
3265 3654 3625 3711 novissimus

1971 3746 2151 3801 Adam
2187 3761 2256 3801 ex
2299 3760 2364 3799 eo
2417 3748 2681 3815 tempore
2728 3744 3153 3811 numerabitur,
3185 3760 3302 3815 quo
3353 3743 3624 3800 Christus

1972 3839 2061 3893 est
2136 3838 2309 3889 natus
2367 3850 2435 3889 ex
2480 3833 2744 3906 Virgine,
2794 3837 2852 3888 et
2899 3837 3310 3906 argumentum
3370 3832 3626 3888 duorum

1973 3925 2157 3980 Adam
2206 3940 2322 3978 non
2369 3922 2632 3995 proﬁciet
2670 3922 2876 3979 ovibus
2911 3925 2967 3978 et
3004 3920 3188 3976 haedis
3229 3920 3372 3990 tuis,
3404 3921 3545 3994 quia
3567 3922 3629 3978 in

1979 4013 2166 4086 primo
2197 4013 2381 4067 Adam
2427 4015 2483 4067 et
2514 4027 2648 4067 oves
2678 4015 2737 4067 et
2779 4011 2978 4066 haedos
3026 4009 3387 4067 convicimus
3426 4010 3628 4079 fuisse,

1978 4107 2037 4158 et
2064 4101 2125 4157 in
2155 4117 2271 4156 uno
2304 4104 2481 4170 atque
2513 4099 2718 4153 eodem
2749 4098 3008 4169 homine,
3041 4097 3187 4155 alios
3217 4114 3253 4154 a
3279 4096 3495 4154 dextris
3529 4097 3632 4155 Dei

1980 4191 2233 4258 stetisse,
2262 4188 2409 4246 alios
2439 4206 2473 4243 a
2497 4188 2754 4244 sinistris
2784 4205 2797 4243 :
2831 4188 2906 4243 Ab
2953 4186 3129 4243 Adam
3180 4189 3333 4244 enim
3368 4203 3535 4261 usque
3562 4186 3633 4242 ad

1981 4285 2232 4353 Moysen,
2267 4294 2411 4334 mors
2450 4294 2614 4349 super
2651 4294 2833 4333 omnes
2881 4278 3163 4333 dominata
3191 4285 3292 4344 est,
3331 4278 3500 4333 etiam
3533 4292 3633 4332 su-

1980 4388 2079 4444 per
2105 4386 2192 4425 eos
2220 4371 2317 4440 qui
2346 4384 2455 4423 non
2483 4375 2842 4439 peccaverunt
2870 4385 2888 4422 :
2922 4368 2983 4422 in
3038 4367 3465 4423 similitudinem
3491 4381 3633 4441 prx-

1986 4461 2342 4517 varicationis
2371 4457 2544 4513 Adam
2567 4461 2743 4527 (Rom.
2776 4475 2831 4525 v,
2864 4456 2975 4526 44).

2060 4552 2147 4604 31.
2184 4548 2247 4602 In
2275 4550 2523 4619 martyre
2569 4548 2822 4602 voluntas
2858 4549 3171 4603 coronatur.
3205 4577 3273 4587 ——
3306 4548 3383 4602 De
3432 4560 3501 4601 eo
3531 4561 3634 4601 au-

223 4644 323 4700 nis
380 4638 683 4698 arbitraris
741 4644 800 4694 et
847 4638 1059 4706 meriti,
1130 4654 1195 4693 os
1243 4641 1301 4692 et
1340 4637 1555 4705 alvum,
1590 4636 1788 4693 oculos
1821 4641 1879 4692 et
1910 4656 1956 4720 Ι)
1986 4644 2103 4695 tem
2138 4637 2292 4709 quod
2328 4634 2535 4691 niteris
2566 4636 2911 4708 approbare,
2945 4634 3274 4690 convicium
3304 4637 3362 4689 et
3391 4632 3637 4689 homici-

225 4735 461 4789 meatus
508 4746 611 4801 per
642 4745 791 4801 quos
823 4728 999 4783 ﬁmus
1026 4727 1284 4800 egeritur
1312 4731 1368 4782 et
1398 4727 1611 4783 urina?
1636 4728 1881 4782 Lucerna

223 4819 442 4893 inquit,
482 4819 725 4889 corporis
768 4819 857 4873 lui
901 4823 980 4873 est
1009 4816 1198 4873 oculus
1227 4821 1369 4871 tuus.
1401 4816 1461 4871 Si
1489 4818 1679 4873 oculus
1708 4831 1881 4873 caecus

221 4911 423 4984 fuerit,
456 4916 632 4965 totum
684 4922 878 4979 corpus
927 4907 988 4961 in
1053 4907 1291 4961 tenebris
1345 4913 1425 4962 cst
1470 4906 1621 4973 (Luc.
1654 4923 1733 4972 x1,
1765 4906 1878 4977 34).

224 4999 291 5057 Si
321 4998 574 5073 digitum
600 5001 892 5068 amputes,
933 4996 982 5051 si
1032 4996 1433 5050 summitatem
1466 4993 1763 5059 auriculas,
1795 5000 1885 5050 est

227 5088 476 5163 quidem
507 5086 689 5153 dolor,
716 5086 819 5141 sed
849 5102 965 5141 non
996 5090 1228 5140 tantum
1260 5083 1566 5149 damnum,
1598 5101 1703 5140 nec
1725 5088 1885 5140 tanta

227 5195 371 5237 cum
420 5176 618 5233 dolore
664 5175 1027 5241 deformitas,
1077 5177 1298 5245 quanta
1346 5173 1391 5229 si
1439 5173 1639 5228 oculos
1688 5190 1882 5241 eruas,

226 5274 475 5325 trunces
505 5281 698 5333 nares,
729 5281 794 5322 os
827 5264 1102 5320 disseces.
1137 5263 1269 5319 Sine
1299 5262 1430 5318 aliis
1479 5263 1761 5318 membris
1808 5262 1889 5318 vi-

224 5373 367 5415 vere
396 5371 738 5429 possumus,
777 5354 906 5411 sine
936 5352 1064 5410 a'liis
1093 5352 1333 5409 omnino
1378 5368 1494 5407 non
1544 5368 1883 5424 possumus.

227 5449 389 5506 Sunt
417 5448 658 5519 peccata
709 5443 879 5515 levia,
937 5446 1075 5499 sunt
1113 5440 1330 5515 gravia.
1362 5440 1537 5497 Aliud
1570 5446 1659 5497 est
1686 5442 1887 5497 decem

311 5685 325 5717 ¹
360 5678 718 5738 Veronensis
742 5696 875 5736 cum
906 5676 1299 5747 Cisterciensi,
1332 5678 1598 5747 majorem
1640 5676 1890 5733 honesta-

233 5761 351 5815 tem
378 5752 752 5811 circumdare.

1990 4729 2176 4797 dium,
2209 4742 2342 4781 raca
2372 4730 2431 4781 et
2452 4723 2900 4792 adulterium,et
2929 4724 3184 4781 otiosum
3216 4725 3641 4792 sermonem,et

1990 4817 2352 4889 impietatem
2385 4831 2500 4869 uno
2533 4812 2821 4886 supplicio
2858 4813 3177 4886 repensari,
3199 4814 3327 4885 jam
3374 4816 3432 4867 et
3460 4828 3642 4884 supra

1988 4906 2096 4963 tibi
2129 4919 2477 4977 responsum
2516 4906 2624 4969 est,
2657 4906 2716 4957 et
2766 4919 2922 4958 nunc
2962 4901 3208 4958 breviter
3254 4900 3641 4975 respondebo.

1990 4997 2104 5051 Aut
2136 4998 2501 5067 peccatorem
2534 4997 2589 5047 te
2622 4991 2887 5063 negabis,
2911 4996 2976 5046 ut
3006 5008 3120 5047 non
3153 4990 3236 5048 sis
3268 5006 3405 5047 reus
3432 4990 3647 5063 gehen-

1994 5103 2080 5140 nae
2115 5101 2127 5138 :
2165 5088 2266 5139 aut
2299 5082 2347 5139 si
2381 5085 2648 5154 peccator
2694 5082 2895 5149 fueris,
2927 5080 3103 5137 etiam
3154 5080 3225 5136 de
3263 5078 3373 5137 levi
3401 5079 3648 5137 crimine

1995 5173 2224 5229 duceris
2255 5173 2326 5228 ad
2360 5176 2665 5227 tartarum.
2700 5172 2786 5237 0s,
2822 5170 3032 5242 inquit,
3068 5172 3206 5243 quod
3242 5171 3528 5238 mentitur,
3558 5186 3647 5226 oc-

1995 5265 2127 5321 cidit
2170 5264 2417 5317 animam
2465 5260 2689 5332 (Sap.1,
2722 5261 2832 5327 11).
2881 5260 3159 5332 Suspicor
3206 5264 3263 5315 te
3305 5259 3645 5333 aliquando,

1996 5358 2063 5409 ut
2090 5350 2411 5413 hominem,
2446 5349 2626 5404 fuisse
2650 5349 2961 5404 mentitum
2992 5367 3004 5405 :
3039 5349 3232 5405 omnis
3275 5349 3432 5406 enim
3472 5349 3649 5406 homo

2001 5442 2253 5498 mendax
2320 5439 2492 5510 (Psat.
2535 5439 2684 5510 cxv),
2718 5442 2783 5493 ut
2830 5439 2908 5494 sit
2957 5438 3120 5495 solus
3171 5438 3328 5496 Deus
3368 5454 3564 5511 verax,
3594 5442 3652 5495 et

2072 5675 2093 5707 ²
2123 5671 2274 5727 Olim
2307 5686 2419 5725 esse
2474 5669 2543 5723 ad
2592 5670 2903 5736 sinistrum,
2937 5670 3305 5729 Cisterciens.
3338 5686 3373 5725 a
3401 5668 3649 5738 siaistra,

2006 5742 2509 5819 quemadmodum
2537 5744 2593 5798 et
2613 5740 2766 5798 infra
2796 5742 2994 5800 habet.
