3944 6394
348 364 483 443 κθ

1605 374 1672 439 Si
1716 370 2027 441 EUSEBII
2056 375 2541 443 manorum:
2638 392 2647 405 ‘

3633 366 3765 436 mf

344 504 711 577 iustificetur
752 504 812 564 in
840 507 1215 566 sermonibus
1246 509 1461 578 suis,et
1502 510 1698 566 vincat
1734 527 1868 567 cum
1900 511 1999 582 ju-
2027 513 2082 581 Α
2112 515 2226 569 rita
2254 514 2433 569 totius
2480 514 2709 585 generis
2749 512 3016 580 humani,
3046 511 3151 568 sed
3179 508 3271 567 vel
3300 508 3372 567 ad
3403 505 3595 566 διιὰωί
3624 521 3756 579 μοι’-
3776 527 3793 539 ε-

360 594 638 652 dicaverit
662 596 831 668 (Ps-al.
860 601 968 667 LV).
1001 599 1116 654 Aut
1164 599 1344 671 igitur
1399 600 1571 656 homo
1615 618 1729 656 non
1763 602 1897 669 eris,
1933 618 2004 658 ne

363 686 617 742 mendax
645 686 727 741 sis
761 704 774 742 :
808 692 910 742 aut
938 679 986 742 si
1022 688 1160 759 quia
1191 688 1364 744 homo
1405 707 1487 757 es,
1522 691 1770 745 mendax
1802 690 2001 757 fueris,

359 791 497 832 cum
527 775 833 847 parricidis
865 782 921 833 ct
940 777 1223 833 adulteris
1252 779 1719 850 punieris.Nulla
1742 785 1829 834 est
1847 780 2003 834 enim

362 863 516 920 inter
546 869 781 936 peccata
809 866 1114 922 diversitas
1140 885 1153 933 ;
1185 872 1241 922 et
1272 884 1385 922 non
1420 868 1521 922 tibi
1554 868 1852 923 habebunt
1872 874 2004 923 tan-

358 956 452 1011 tas
481 954 703 1025 gratias
734 971 882 1027 quos
912 956 983 1010 de
1004 956 1212 1011 humili
1244 957 1301 1011 in
1320 957 1567 1012 sublime
1587 956 1797 1023 elevas,
1821 975 2005 1029 quan-

357 1046 486 1098 tum
519 1043 862 1105 irascentur,
888 1062 1034 1116 quos
1067 1051 1302 1117 propter
1329 1046 1448 1101 leve
1482 1047 2004 1117 quotidianumque

360 1135 688 1202 peccatum,
722 1130 780 1186 in
811 1133 1121 1188 exteriores
1152 1134 1419 1188 tenebras
1450 1134 1759 1189 retrusisti.
1795 1135 1852 1189 Si
1900 1151 2000 1188 au-

358 1221 479 1274 tem
510 1218 566 1274 in
592 1222 1010 1291 persecutione,
1044 1221 1143 1293 qui
1173 1223 1510 1288 suffocatur,
1544 1228 1600 1277 et
1653 1222 1753 1295 qui
1809 1224 2001 1277 decol-

357 1306 534 1379 letur,
566 1314 621 1363 et
669 1310 771 1381 qui
819 1310 1051 1383 fugerit,
1083 1317 1140 1367 et
1172 1313 1271 1383 qui
1316 1312 1374 1367 in
1418 1329 1707 1367 carcerem
1739 1317 2003 1366 retrusus

356 1396 662 1464 obierit,in
690 1399 866 1456 variis
897 1400 1062 1458 luctas
1094 1403 1405 1474 generibus
1436 1418 1554 1457 una
1583 1418 1795 1457 corona
1821 1401 2001 1456 victo-

355 1488 457 1544 rias
484 1493 665 1555 est,et
696 1488 803 1545 hoc
837 1508 940 1562 pro
966 1491 1135 1547 nobis
1164 1492 1317 1546 facit.
1353 1492 1416 1546 ln
1449 1494 1700 1562 martyre
1730 1490 1887 1545 enim
1911 1507 2005 1545 vo-

354 1576 575 1644 luntas,
626 1595 696 1635 ex
753 1596 871 1651 qua
925 1580 1055 1651 ipsa
1112 1597 1273 1635 mors
1326 1580 1606 1644 nascitur,
1666 1583 1998 1633 coronatur.

354 1667 550 1725 Meum
598 1672 688 1724 est
733 1686 1025 1740 opponere
1075 1685 1165 1724 me
1216 1668 1521 1740 gentilium
1555 1668 1839 1733 furori,et
1886 1667 2002 1722 Do-

356 1756 589 1813 minum
620 1773 737 1812 non
770 1774 1000 1829 negare.
1031 1758 1161 1813 Jam
1199 1759 1310 1829 [Αι.
1346 1758 1513 1828 Nam]
1549 1758 1607 1812 in
1643 1756 1876 1811 illorum
1909 1773 1999 1811 ar-

356 1843 533 1902 bitrio
563 1850 671 1913 est,
702 1851 807 1901 aut
859 1845 1166 1913 decollare,
1198 1851 1299 1901 aut
1338 1864 1523 1917 urere,
1557 1851 1658 1902 aut
1703 1845 1999 1901 recludere

356 1932 419 1990 in
448 1950 761 2001 carcerem,
790 1940 892 1990 aut
919 1935 1077 1991 varia
1122 1936 1398 1991 adhibere
1428 1953 1639 2008 genera
1671 1950 1994 2008 pmnarum.

357 2023 523 2089 Quod
554 2022 604 2079 si
639 2023 859 2096 fugere,
902 2029 960 2079 et
1004 2024 1059 2078 in
1115 2024 1429 2080 solitudine
1469 2026 1727 2087 obiero,‘
1765 2040 1865 2079 nec
1904 2040 1997 2079 ea-

357 2113 491 2170 dem
522 2112 631 2168 erit
668 2129 880 2169 corona
905 2114 1235 2181 morientis,
1261 2115 1401 2185 quia
1432 2131 1545 2169 non
1580 2115 1781 2169 eadem
1825 2129 2002 2168 causa

342 2200 564 2258 martis
588 2205 677 2258 est
704 2201 987 2259 Christus.
1020 2203 1278 2258 314Ad
1312 2202 1457 2258 illud
1488 2220 1620 2258 vero
1668 2204 1823 2275 quod
1855 2201 2000 2257 dicis

354 2289 508 2348 inter
534 2308 668 2347 eum
700 2290 936 2347 fratrem
971 2292 1073 2364 qui
1103 2309 1335 2365 semper
1364 2309 1496 2347 cum
1531 2297 1694 2364 patre
1726 2292 1919 2358 fuerit,
1945 2296 2001 2347 et

352 2379 457 2453 qui
512 2384 714 2453 postea
770 2381 1059 2452 paenitens
1105 2386 1193 2436 est
1237 2387 1527 2454 receptus,
1567 2380 1711 2435 nihil
1764 2381 1998 2452 penitus

352 2468 723 2543 discrepare;
758 2470 989 2542 adjicio,
1014 2469 1063 2526 si
1096 2470 1199 2538 vis,
1217 2476 1271 2525 et
1303 2471 1642 2527 drachmam
1676 2488 1850 2524 unam
1874 2487 1998 2540 quae

354 2559 582 2630 perdita
641 2558 826 2615 fuerat
856 2564 913 2615 et
942 2559 1196 2626 inventa,
1223 2560 1492 2630 junctam
1552 2576 1680 2614 esse
1711 2576 1845 2614 cum
1874 2558 2001 2612 reli-

355 2646 527 2718 quis;
559 2650 618 2703 et
646 2662 811 2702 ovem
846 2665 1022 2703 unam
1053 2664 1230 2719 quam
1284 2650 1604 2719 nonaginta
1644 2665 1847 2703 novem
1878 2648 1998 2703 ovi-

354 2734 473 2803 bus
511 2734 808 2790 derelictis
854 2735 1047 2792 bonus
1096 2743 1293 2807 pastor
1342 2738 1646 2809 inquisivit
1690 2744 1747 2791 et
1780 2737 1997 2802 retulit,

349 2822 619 2896 explesse
670 2841 982 2879 numerum
1041 2826 1461 2882 centenarium.
1525 2827 1634 2882 Sed
1694 2825 1850 2880 aliud
1910 2829 2001 2881 est

354 2910 732 2985 pcenitentem
788 2929 938 2981 esse,
969 2920 1027 2969 et
1079 2913 1355 2987 lacrymis
1398 2916 1636 2971 veniam
1678 2916 1996 2987 deprecari,

354 3000 514 3057 aliud
542 3017 773 3073 semper
802 3018 931 3057 esse
956 3020 1086 3058 cum
1123 3008 1302 3075 patre.
1330 3004 1489 3060 Unde
1514 3021 1614 3076 per
1644 3004 1997 3059 Ezechielem

356 3092 428 3149 ad
477 3094 826 3161 reportatum
856 3092 973 3161 [Αἰ.
1009 3094 1440 3167 reportandam}
1486 3110 1672 3161 ovem,
1704 3098 1761 3149 et
1809 3093 1998 3166 perdi-

354 3183 483 3237 tum
513 3181 812 3252 quondam
842 3180 1051 3249 filium,
1085 3181 1342 3254 loquitur
1372 3188 1569 3255 pastor
1606 3187 1662 3239 et
1691 3188 1854 3255 pater
1886 3201 1898 3238 :
1935 3186 2001 3239 Et

356 3268 623 3325 suscitabo
666 3277 885 3340 pactum
913 3287 1097 3327 meum
1123 3277 1296 3327 tecum
1324 3292 1345 3328 .·
1369 3254 1418 3330 et
1449 3276 1584 3328 scies
1614 3254 1745 3344 quia
1773 3288 1867 3344 ego
1901 3274 2001 3327 Do-
2033 3254 2075 3321 Ο

355 3364 564 3430 minus,
590 3366 644 3417 et
668 3361 1054 3427 recordaberis,
1089 3370 1140 3418 et
1166 3364 1554 3432 con/“umlcris;
1586 3372 1645 3418 ut
1674 3379 1781 3418 non
1810 3364 1881 3417 sit
1902 3364 2006 3418 tibi

356 3453 509 3509 ultra
564 3454 783 3522 aperire
821 3467 878 3511 os
921 3468 1035 3521 pra:
1072 3454 1389 3521 confusione
1435 3457 1550 3520 tua,
1582 3470 1703 3508 cum
1752 3454 2002 3523 placatus

354 3544 513 3612 fuero
542 3542 644 3597 tibi
671 3544 727 3596 in
759 3542 1008 3597 omnibus
1038 3557 1155 3612 quae
1183 3536 1376 3609 fecisti
1397 3542 1605 3611 (Euasit.
1642 3543 1865 3605 xv1,(32,
1885 3542 1995 3609 63).

358 3630 431 3688 Ut
482 3630 628 3686 nihil
683 3630 880 3686 minus
902 3631 1065 3701 justo
1097 3629 1350 3684 habeant
1384 3629 1747 3700 pmnitentes,
1781 3629 2000 3685 sufficit

351 3720 439 3778 eis
468 3736 571 3793 pro
601 3721 759 3778 omni
792 3738 960 3793 pmna
988 3721 1111 3776 sola
1141 3718 1425 3774 confusio.
1461 3718 1621 3773 Unde
1671 3723 1728 3774 et
1768 3719 1825 3773 in
1884 3718 1996 3775 alio

349 3809 478 3867 loco
519 3811 734 3866 dicitur
774 3811 846 3865 ad
895 3826 1033 3865 eos:
1063 3812 1126 3864 Et
1178 3808 1605 3863 recordabimini
1646 3811 1859 3862 viarum
1906 3824 1994 3862 ve-

347 3907 589 3957 strarum
667 3902 1051 3972 pessimarum,
1082 3908 1133 3954 et
1180 3900 1427 3952 omnium
1480 3898 1745 3953 scelerum
1798 3898 1994 3968 quibus

344 3990 546 4061 polluti
599 3992 791 4056 eratis,
847 3992 896 4044 et
950 3989 1305 4059 displicebitis
1382 3989 1527 4042 vobis
1584 3989 1643 4042 in
1708 3997 1993 4059 conspectu

346 4086 544 4146 vestro,
576 4080 635 4133 in
680 4080 934 4133 omnibus
978 4078 1210 4133 matiliis
1254 4078 1441 4131 vestris
1484 4092 1618 4147 quas
1663 4078 1906 4147 fecistis;
1937 4083 1990 4132 et

344 4167 531 4222 scietis
576 4168 703 4237 quia
775 4182 867 4237 ego
910 4168 1195 4229 Dominus,
1233 4182 1360 4221 cum
1437 4166 1743 4236 bene/eccm
1816 4168 1985 4233 vobis,

340 4263 563 4328 propter
602 4272 803 4312 nomen
843 4271 1043 4322 meum,
1073 4264 1125 4310 et
1172 4272 1283 4309 non
1323 4254 1616 4311 secundum
1642 4257 1756 4311 vias
1786 4260 1989 4311 vestras

344 4344 543 4407 malas.
575 4361 749 4415 neque
770 4343 1065 4399 secundum
1092 4343 1296 4398 scelera
1324 4352 1497 4397 vestra
1517 4346 1984 4415 pessimaUa‘we/a.

344 4450 496 4499 xxvr,
528 4434 617 4498 3t,
649 4434 761 4503 32).
789 4433 1067 4504 Arguitur
1095 4448 1327 4503 quoque
1358 4448 1390 4487 a
1421 4437 1581 4502 patre
1621 4432 1796 4503 ﬁlius,
1827 4435 1984 4505 quod

344 4521 518 4578 sedati
578 4522 775 4578 fratris
831 4520 1103 4585 invideat,
1137 4524 1357 4575 etcum
1414 4520 1601 4593 angeli
1635 4522 1981 4577 laetenturin

2113 604 2299 658 tinent
2333 604 2452 674 [-ll.
2488 603 2832 675 pertineant]
2866 601 3298 673 Christianique
3330 614 3634 673 personas,
3663 595 3756 651 vel

2113 693 2185 748 ad
2218 698 2548 748 sanctorum
2584 698 2641 748 et
2671 692 3098 765 pmnitentium.
3126 691 3451 761 Superque.
3481 685 3762 758 parabole

2112 780 2371 837 libellum
2405 782 2720 853 quemdam
2755 781 3005 836 Damaso
3030 780 3326 852 episcOpo,
3376 777 3517 832 dum
3566 774 3763 830 adhuc

2111 871 2345 937 viveret,
2374 871 2655 926 dcdicavi.

2181 1007 2270 1063 32.
2306 1006 2526 1076 Tempus
2556 1005 2897 1059 diversarum
2946 1007 3305 1059 vorationum.
3340 1000 3528 1058 Nostri
3558 1000 3764 1054 laboris

2110 1098 2183 1149 est
2214 1097 2511 1166 prmmium
2542 1095 2696 1149 nobis
2724 1109 3057 1164 [ii-reparare.
3091 1124 3158 1131 ——
3191 1091 3364 1147 Porro
3397 1090 3443 1145 si
3476 1088 3764 1161 operariis

2111 1184 2311 1255 prima:
2347 1184 2496 1239 horm
2528 1189 2583 1239 et
2616 1184 2791 1238 tertia:
2826 1188 2879 1237 et
2928 1187 3099 1236 sextio
3148 1185 3204 1235 et
3247 1197 3411 1235 nonae
3461 1182 3517 1233 et
3574 1177 3761 1232 unde-

2112 1273 2298 1338 cimus,
2358 1290 2511 1327 unus
2562 1272 2837 1327 denarius
2884 1269 3165 1335 redditur,
3213 1269 3365 1324 etab
3414 1267 3499 1323 eis
3550 1266 3763 1339 incipit

2111 1361 2438 1433 praemium,
2502 1360 2601 1433 qui
2648 1359 2952 1416 novissimi
3010 1358 3069 1413 in
3116 1357 3285 1412 vinea
3343 1356 3763 1411 laboraverunt

2113 1450 2216 1521 [Αι.
2280 1449 2685 1519 laborabant]:
2739 1454 2795 1505 et
2836 1448 2928 1503 hic
2989 1464 3103 1503 non
3154 1446 3331 1502 unius
3371 1444 3673 1518 temporis,
3703 1450 3766 1500 et

2110 1539 2285 1595 unius
2316 1540 2503 1595 aetatis
2533 1539 2801 1595 homines
2833 1537 3246 1592 describuntur
3268 1554 3281 1604 ;
3301 1536 3401 1592 sed
3426 1535 3498 1590 ab
3521 1534 3761 1590 exordio

2111 1628 2317 1683 mundi
2379 1645 2565 1700 usque
2632 1629 2701 1683 ad
2750 1628 2923 1682 tinem
2978 1625 3347 1681 vocationum
3394 1624 3766 1679 sacramenta

2110 1722 2248 1772 sunt
2277 1717 2657 1773 diversarum.
2694 1716 2888 1771 Prima
2916 1715 3060 1771 hora
3090 1718 3327 1770 vocatus
3376 1717 3466 1769 est
3515 1710 3649 1768 Abel
3703 1716 3766 1767 et

2110 1805 2245 1861 Seth
2274 1823 2286 1860 :
2321 1807 2490 1862 tertia
2522 1805 2717 1863 Enoch
2751 1810 2807 1861 et
2839 1805 2994 1860 Noe:
3030 1807 3190 1859 sexta
3220 1802 3537 1867 Abraham,
3597 1802 3763 1857 Isaac

2028 1888 2075 1952 B
2106 1898 2160 1949 et
2197 1895 2408 1951 Jacob:
2469 1912 2622 1950 nona
2669 1897 2891 1963 Moyses
2957 1897 3013 1947 et
3066 1890 3396 1965 prophetae:
3445 1890 3764 1948 undecima

2109 1984 2377 2039 Gentium
2407 1984 2694 2057 populus:
2730 1983 2822 2037 cui
2857 1982 3044 2055 primo
3077 1978 3338 2036 redditur
3368 1979 3763 2052 merces,quia

2110 2072 2168 2128 in
2201 2073 2542 2128 crucifixum
2576 2072 2816 2127 credens
2848 2070 3184 2134 Dominum,
3234 2068 3575 2125 difficultate
3619 2068 3759 2125 ﬁdei

2109 2162 2576 2234 magnitudinem
2608 2161 2757 2218 375
2789 2160 3001 2217 meruit
3025 2158 3395 2231 praemiorum
3420 2176 3438 2214 :
3461 2155 3761 2230 multique

2109 2267 2272 2324 reges
2303 2258 2359 2307 et
2390 2251 2684 2323 propheta:
2712 2251 3071 2322 quaesierunt
3091 2247 3282 2303 videre
3305 2264 3431 2319 quae
3461 2246 3756 2317 videmus,

2107 2346 2164 2397 et
2193 2359 2306 2397 non
2340 2341 2627 2397 viderunt.
2656 2340 2818 2395 Unus
2852 2343 3046 2394 autem
3080 2336 3357 2393 denarius
3378 2338 3399 2371 ²
3430 2353 3542 2392 non
3568 2352 3758 2392 unum

2106 2435 2193 2485 est
2248 2430 2573 2502 prremium,
2618 2429 2717 2485 sed
2758 2445 2875 2483 una
2931 2427 3068 2497 vita,
3113 2430 3171 2483 et
3218 2443 3336 2481 una
3372 2424 3442 2482 de
3489 2424 3761 2499 gehenna

2107 2519 2390 2574 liberatio.
2426 2518 2707 2574 Caeterum
2740 2516 3031 2589 quomodo
3046 2516 3117 2571 ad
3150 2513 3577 2588 indulgentiam
3596 2515 3760 2587 prin-

2108 2608 2376 2680 cipalem,
2410 2609 2773 2663 diversorum
2806 2606 3119 2661 criminum
3153 2605 3233 2660 rei
3278 2602 3661 2661 dimittuntur
3688 2604 3764 2660 de

2109 2714 2357 2759 carcere,
2389 2701 2446 2752 et
2492 2696 2922 2768 unusquisque,
2974 2712 3077 2768 pro
3127 2693 3325 2749 labore
3355 2692 3442 2750 vel
3483 2692 3765 2764 operibus

2108 2784 2252 2849 suis,
2287 2785 2342 2839 in
2375 2783 2484 2839 hoc
2535 2784 2619 2839 vel
2656 2784 2711 2838 in
2746 2783 2841 2839 illo
2882 2788 3039 2838 statu
3070 2780 3195 2837 vitae
3228 2786 3352 2838 est:
3385 2781 3468 2837 ita
3497 2787 3553 2836 et
3583 2781 3763 2837 dena-

2109 2872 2231 2927 rius
2291 2873 2459 2945 quasi
2504 2871 2867 2943 indulgentia
2914 2870 3032 2928 veri
3079 2871 3387 2944 Principis,
3419 2886 3623 2926 omnes
3658 2887 3765 2943 per

2109 2962 2470 3035 baptismum
2502 2962 2717 3016 emittit
2745 2961 2814 3015 de
2841 2976 3088 3016 carcere.
3121 2959 3251 3015 Jam
3297 2959 3479 3015 nostri
3536 2958 3762 3015 laboris

2109 3055 2218 3118 est,
2258 3068 2361 3123 pro
2421 3050 2755 3106 diversitate
2804 3050 3108 3120 virtutum,
3159 3047 3388 3105 diversa
3420 3048 3585 3105 nobis
3616 3066 3761 3123 pra:-

2110 3156 2333 3213 parare.

2182 3276 2270 3330 33.
2303 3275 2505 3331 Medius
2527 3276 2791 3333 Jonathas
2821 3277 2965 3329 inter
2990 3274 3161 3329 David
3200 3282 3253 3329 et
3294 3273 3446 3329 Saut.
3493 3304 3562 3315 —
3607 3278 3761 3331 Huc.

2113 3380 2299 3435 usque
2353 3381 2454 3435 per
2498 3370 2692 3434 partes
2737 3363 2809 3419 ad
2843 3364 3141 3434 proposita
3169 3362 3581 3433 respondimus
3609 3379 3624 3418 :
3658 3380 3763 3419 se-

2110 3469 2297 3525 quens
2329 3470 2521 3509 sermo
2551 3453 2609 3507 in
2643 3468 2952 3508 commune
2995 3452 3066 3507 ad
3112 3451 3311 3508 omnia
3359 3452 3760 3524 respondebit.

2106 3542 2393 3597 Dominus
2414 3542 2485 3597 ad
2509 3540 2827 3613 discipulos
2849 3558 3016 3597 suos:
3069 3542 3176 3609 Qui
3210 3541 3348 3606 vult,
3372 3539 3583 3614 inquit,
3607 3543 3761 3599 inter

2106 3647 2196 3686 vos
2224 3633 2401 3702 major
2428 3648 2561 3697 esse,
2590 3633 2662 3686 sit
2684 3632 2928 3686 omnium
2966 3630 3233 3685 minimus
3264 3630 3479 3701 (Matth.
3511 3647 3603 3696 xx,
3634 3632 3758 3701 26).

2105 3720 2164 3775 Si
2194 3736 2397 3775 omnes
2448 3720 2505 3775 in
2554 3719 2696 3776 Ocelo
2748 3721 2998 3791 aequales
3040 3720 3220 3775 futuri
3267 3736 3497 3786 sumus,
3530 3720 3758 3776 frustra

2105 3826 2209 3864 nos
2240 3808 2333 3863 hic
2365 3808 2767 3875 humiliamus,
2791 3814 2856 3863 ut
2878 3809 2955 3863 ibi
2988 3808 3286 3880 possimus
3316 3824 3443 3864 esse
3472 3809 3750 3879 majores.

2104 3903 2180 3954 De
2211 3898 2439 3953 duobus
2467 3898 2826 3953 debitoribus
2859 3898 3316 3970 quingentorum
3344 3897 3752 3968 denariorum,

2100 3991 2156 4042 et
2184 3986 2631 4059 quinquaginta,
2663 3986 2757 4042 cui
2807 3986 2940 4058 plus
2987 3986 3328 4052 dimittitur,
3378 3985 3511 4059 plus
3560 3992 3747 4044 amat.

2101 4075 2261 4132 Unde
2288 4081 2344 4131 et
2373 4076 2635 4131 Salvator
2662 4093 2675 4130 :
2710 4077 2858 4140 Dico,
2890 4074 3100 4147 inquit,
3134 4076 3253 4142 tibi,
3307 4078 3667 4131 remittuntur
3695 4081 3755 4133 ei

2094 4166 2350 4236 peccata’
2377 4166 2573 4235 multa,
2600 4166 2857 4236 quoniam
2885 4163 3083 4219 dilexit
3111 4165 3368 4219 multum.
3413 4164 3514 4220 Cui
3559 4172 3754 4222 autem

2095 4256 2279 4309 minus
2308 4254 2625 4321 dimittitur,
2657 4256 2843 4307 minus
2871 4253 3059 4321 diligit
3090 4254 3240 4323 (Luc.
3302 4270 3403 4320 vu,
3463 4254 3573 4324 47).
3632 4255 3750 4320 Qui

2096 4343 2293 4398 minus
2314 4342 2585 4415 diligit,et
2605 4343 2801 4397 minus
2814 4342 2863 4397 ei
2879 4341 3426 4413 dimittitur,utique
3450 4342 3508 4397 in
3527 4342 3754 4399 minori

2093 4432 2277 4503 gradu
2307 4430 2866 4486 erit.Paterfamilias
2899 4429 3270 4500 proficiscens
3298 4430 3541 4487 tradidit
3560 4432 3750 4488 servis

2095 4521 2220 4576 suis
2252 4520 2669 4586 substantiam,
2705 4518 2803 4575 alii
2834 4519 3094 4591 quinque
3124 4518 3627 4586 talenta,aliiduo,
3642 4518 3747 4576 alii

342 4611 508 4679 creto,
569 4611 665 4667 ille
720 4610 901 4666 livore
967 4610 1275 4665 crucietur.
1331 4611 1673 4682 Quanquam
1730 4612 1980 4668 duorum
2014 4627 2058 4692 D
2089 4625 2273 4665 unum
2305 4609 2516 4679 (Matth.
2563 4625 2692 4674 xxv,
2731 4610 2797 4663 15
2823 4608 3016 4678 seqq.),
3048 4607 3368 4679 unicuique
3413 4607 3746 4665 secundum

339 4702 588 4759 fratrum
618 4699 963 4769 similitudo,
999 4700 1150 4772 frugi
1182 4702 1239 4754 et
1268 4698 1575 4769 luxuriosi,
1612 4718 1728 4756 non
1760 4701 1831 4757 ad
1860 4718 1977 4759 me-

406 4936 422 4970 ¹
456 4934 759 4991 Contraria
808 4949 1008 4998 sensu,
1041 4930 1234 4986 verius
1292 4936 1486 4986 tamen
1549 4933 1613 4984 ut
1653 4929 1793 4984 mihi
1826 4931 1979 4986 vide-

331 5010 451 5074 tur,
485 5005 704 5062 habent
732 5004 848 5060 duo
881 5020 1022 5059 mss.
1058 5008 1114 5057 et
1159 5008 1325 5057 vetus
1354 5002 1549 5057 editio.
1584 5003 1641 5057 In
1686 5002 1979 5058 solitudine

332 5080 545 5146 abiero,
582 5077 772 5133 eadem
818 5078 922 5131 erit
984 5091 1187 5130 corona
1248 5076 1553 5137 morientis,
1601 5076 1732 5143 quia
1794 5074 1980 5128 eadem

332 5165 504 5204 causa
555 5151 751 5205 mortis
798 5156 873 5204 est
922 5147 1213 5206 Christus;
1246 5162 1548 5216 pmuarum
1590 5160 1819 5216 nempe,
1852 5162 1976 5215 qua:

331 5220 403 5275 ad
461 5219 865 5274 declinandam
927 5215 1389 5285 persecutionem
1449 5218 1521 5272 ob
1566 5215 1973 5285 Christum,in

331 5236 403 5275 aa
461 5236 865 5274 declinandam
967 5236 1389 5274 ersecuuoncm
1449 5236 1521 5272 oo
1566 5236 1973 5285 hnrlstum,ln

330 5236 993 5367 solitudine_subeun(i)zc
1030 5294 1187 5345 sunt.
1231 5288 1508 5360 Superior
1563 5304 1793 5358 quoque
1845 5305 1976 5341 con-

329 5362 519 5418 textus
561 5378 625 5415 su
637 5362 930 5433 (fragatur.

398 5434 425 5468 ³
451 5435 538 5487 lta
569 5433 626 5487 S.
660 5430 891 5502 quoque
942 5430 1305 5502 Augustinus
1331 5430 1430 5485 lib.
1463 5430 1530 5485 de
1564 5439 1752 5485 sancta
1796 5432 1974 5497 Vinii-

327 5506 529 5569 nitate,
563 5501 690 5573 cap.
723 5501 811 5566 26,
846 5501 1131 5572 reponens
1189 5503 1324 5557 huic
1352 5501 1644 5556 Joviniani
1702 5503 1975 5570 objectio-

327 5575 389 5631 ni
424 5593 437 5630 :
476 5598 496 5625 α
533 5575 702 5641 Quid,
739 5574 949 5644 inquit,
977 5574 1254 5628 denarius
1312 5573 1408 5627 ille
1468 5573 1625 5628 aliud
1659 5575 1972 5643 signiﬁcat,

314 5646 443 5718 ,nisi
481 5647 636 5718 quod
662 5661 867 5701 omnes
911 5646 1302 5718 communiter
1332 5645 1649 5718 habebunt,
1683 5645 1853 5718 sicuti
1887 5650 1976 5718 est

321 5717 456 5792 ipsa
484 5714 602 5776 vita
646 5721 883 5787 eterna,
915 5714 1114 5789 ipsum
1166 5732 1414 5788 regnum
1468 5716 1748 5775 caelorum
1768 5717 1795 5772 ‘P
1827 5716 1974 5782 Quia

2092 4697 2359 4770 proprias
2416 4698 2587 4753 vires.
2650 4696 2854 4753 Simile
2909 4696 3052 4767 quid
3103 4696 3248 4751 etin
3288 4694 3402 4752 alio
3430 4695 3745 4769 Evangelio

2087 4947 2224 5003 ergo
2257 4930 2386 5012 psa
2410 4930 2551 5012 _vita
2577 4934 2812 5012 .acterna
2848 4928 3204 5012 pariter‘erjt
3232 4928 3510 5012 omnibus
3536 4926 3741 5010 electis

2086 4999 2667 5074 azq'ualis,rdenarius
2716 4999 2990 5057 omnibus
3038 5000 3364 5074 attributus
3421 5004 3539 5074 est;
3592 4999 3739 5074 quia

2086 5071 2220 5129 vero
2254 5074 2310 5128 in
2359 5073 2489 5145 ipsa
2544 5074 2659 5129 vita
2700 5078 2915 5145 aeterna
2962 5072 3236 5129 distincte
3287 5071 3735 5145 fulgebunt'lug

2089 5147 2244 5201 mine
2305 5146 2669 5213 meritorum,
2740 5144 2934 5199 multa:
2994 5148 3132 5215 sunt
3197 5144 3535 5201 mansiones
3575 5144 3737 5215 apud

2086 5222 2355 5283 Patrem;
2411 5233 2476 5272 ac
2528 5234 2628 5288 per
2678 5216 2783 5288 hoc
2824 5216 2883 5270 in
2929 5214 3438 5288 denariorquidem
3480 5231 3597 5271 non
3622 5214 3738 5272 im-

2088 5289 2209 5361 pari
2264 5305 2389 5361 non
2424 5286 2577 5361 vivet
2622 5287 2772 5344 alius
2820 5286 3234 5361 prolixius,__in
3282 5286 3487 5361 multis
3534 5290 3733 5361 autem

2086 5358 2491 5415 mansionibus
2545 5358 2864 5414 honoratur
2910 5358 3059 5414 alius
3102 5358 3215 5414 alio
3262 5358 3498 5414 clarius.
3530 5380 3557 5407 »
3586 5359 3733 5415 Vide

2084 5448 2217 5487 eum
2270 5430 2510 5498 librum,
2559 5430 2618 5486 in
2677 5447 2792 5503 quo
2848 5430 3033 5485 multa
3093 5435 3295 5486 contra
3352 5430 3731 5487 Jovinianum

2086 5507 2499 5569 congeruntur.

2153 5576 2174 5609 ³
2201 5575 2323 5629 Duo
2357 5591 2497 5630 mss.
2534 5575 2683 5642 Dico,
2716 5572 2924 5645 inquit,
2962 5573 3126 5642 voltis,
3150 5575 3497 5630 remittentur
3524 5574 3578 5628 ei
3602 5589 3730 5645 pec-

2082 5649 2222 5716 cata,
2254 5650 2363 5701 etc.
