3944 6406
1237 375 1652 445 ADVERSUS
1699 372 2188 442 JOV-INIANUM
2233 377 2384 442 LIB.
2429 371 2508 442 ῙῙ.

156 512 450 583 scribitur,
482 513 638 587 quod
664 511 840 572 homo
867 511 1080 570 nobilis
1109 513 1485 585 proﬁciscens
1530 516 1589 570 in
1623 512 1812 586 regio-
1840 517 1893 582 Α
1922 512 2106 569 tentia
2137 511 2368 570 Domini
2399 511 2774 570 vindicantur
2817 512 2929 585 (ΑΙ.
2983 511 3348 585 judicantur)
3370 514 3397 570 ‘?
3429 515 3583 572 Inter

159 619 291 662 nem
313 603 727 677 longinquam,
772 608 835 660 ut
865 603 1145 674 acciperet
1178 602 1288 658 sibi
1331 619 1600 676 regnum,
1631 607 1689 659 et
1720 619 1812 658 re-

161 698 502 759 verteretur,
562 694 847 749 vocaverit
879 694 1079 748 decem
1112 708 1328 761 servos,
1370 699 1426 747 et
1455 693 1680 749 dederit
1731 691 1816 748 eis

161 782 426 855 singulas
449 800 640 849 muas,
666 783 737 838 de
767 782 984 853 quibus
1009 798 1160 838 unus
1187 781 1449 838 lucratus
1469 786 1558 838 est
1587 783 1693 851 (Al.
1718 780 1815 851 sit)

163 872 361 929 decem
395 889 584 939 muas,
617 871 766 926 alius
807 871 1067 942 quinque
1102 887 1112 926 :
1141 875 1199 926 ct
1228 870 1445 943 singuli
1470 872 1642 942 juxta
1668 871 1819 926 vires

157 978 324 1028 suas,
379 965 434 1016 et
491 959 979 1028 emolumentum,
1039 959 1126 1014 vel
1183 960 1381 1015 decem
1439 959 1526 1016 vel
1559 961 1819 1032 quinque

160 1050 489 1122 acceperint
539 1049 818 1106 civitates.
855 1049 1030 1104 Porro
1061 1048 1237 1114 alius,
1271 1049 1370 1121 qui
1414 1066 1597 1104 unum
1630 1049 1818 1105 talen-

163 1145 316 1208 tum,
344 1139 464 1195 sive
495 1155 673 1194 unam
709 1155 908 1194 mnam
944 1139 1428 1210 acceperat,quod
1453 1140 1696 1211 accepit,
1732 1138 1821 1192 in-

170 1229 335 1295 fodit,
369 1229 490 1283 sive
521 1228 581 1284 in
612 1227 849 1283 sudario
882 1226 1196 1300 colligavit,
1227 1231 1284 1282 et
1314 1227 1535 1282 domini
1565 1244 1822 1283 reserva-

159 1317 240 1373 vit
269 1317 562 1373 adventui.
598 1316 791 1372 Primo
823 1315 1336 1384 considerandum,
1381 1317 1535 1388 quod
1570 1316 1616 1371 si
1644 1317 1819 1387 justi-

163 1423 274 1463 non
307 1400 411 1479 spe
441 1407 737 1478 profectus
769 1405 1057 1472 laborant,
1093 1410 1155 1460 ut
1184 1405 1310 1461 vult
1345 1412 1542 1462 noster
1571 1407 1722 1461 Zeno
1755 1407 1770 1440 ί
1810 1421 1821 1459 :

155 1497 318 1554 876
348 1497 448 1551 sed
483 1512 554 1550 ne
613 1495 861 1567 perdant
918 1493 1074 1566 quod
1135 1501 1500 1567 acceperant,
1557 1496 1665 1551 iste
1724 1506 1829 1567 qui

161 1600 359 1641 mnam
390 1588 447 1639 et
477 1585 762 1640 talentum
794 1584 1024 1650 infodit,
1064 1601 1139 1640 ne
1171 1586 1443 1656 perderet
1476 1585 1630 1657 quod
1663 1601 1827 1640 acce-

161 1677 342 1746 perat,
374 1690 489 1729 non
525 1673 781 1746 peccavit
809 1691 821 1742 ;
856 1675 1166 1745 magisque
1199 1673 1494 1730 laudanda
1514 1679 1604 1730 est
1632 1674 1827 1730 cautio

163 1763 537 1830 reservantis,
573 1780 750 1836 quam
785 1779 994 1825 cassus
1053 1762 1220 1818 labor
1268 1779 1491 1830 eorum,
1547 1764 1650 1835 qui
1704 1764 1829 1820 sine

1925 603 2106 658 oves?
2138 603 2248 658 Sed
2297 601 2439 658 dicit
2492 603 2798 674 Scriptura
2853 602 3049 659 divina
3111 604 3263 675 quod
3319 621 3433 662 non
3466 606 3590 662 sint

1927 692 2193 763 ejusdem
2225 693 2419 748 meriti
2447 692 2618 762 cujus
2647 696 2704 747 et
2734 692 3027 749 Israelitae.
3061 693 3235 749 Vides
3265 710 3402 766 ergo
3426 696 3582 768 quod

1928 785 2085 837 stent
2115 781 2354 853 quidem
2386 799 2419 837 a
2449 781 2708 848 dextris;
2743 782 2843 838 sed
2877 783 3063 838 multo
3087 783 3345 840 inferiori
3373 785 3582 856 gradu.

1931 871 2089 926 Inter
2117 870 2296 926 David
2328 869 2517 925 virum
2551 876 2844 938 sanctum,
2877 875 2934 927 et
2980 871 3119 928 Saul
3171 889 3368 946 regem
3401 875 3584 946 pessi-

1932 977 2118 1026 mum,
2154 959 2386 1015 medius
2407 959 2693 1016 Jonathas
2716 961 2843 1017 fuit.
2879 964 3060 1028 Quem
3086 979 3189 1018 nec
3218 963 3368 1018 inter
3389 963 3586 1020 haedos

1932 1065 2252 1121 possumus
2273 1065 2506 1120 ponere,
2530 1049 2670 1120 quia
2692 1049 2983 1122 prophetae
3006 1067 3202 1107 amore
3226 1052 3441 1124 dignus
3463 1058 3581 1121 est;

1933 1154 2037 1192 nec
2070 1138 2221 1192 inter
2247 1138 2484 1202 arietes,
2515 1154 2587 1193 ne
2627 1155 2825 1209 parem
2856 1155 2988 1195 eum
3043 1140 3328 1196 faciamus
3384 1141 3586 1207 David,

1934 1228 2186 1283 maxime
2217 1222 2348 1282 cum
2382 1230 2438 1282 et
2471 1227 2596 1298 ipse
2627 1226 2970 1284 interfectus
3001 1228 3097 1286 sit.
3131 1229 3251 1285 Erit
3281 1230 3461 1300 igitur
3503 1231 3592 1286 in-

1937 1321 2023 1371 ter
2053 1333 2226 1383 oves;
2257 1316 2356 1371 sed
2389 1317 2446 1370 in
2481 1316 2738 1373 inferiori
2773 1316 2996 1372 ordine.
3045 1318 3115 1374 Et
3173 1320 3467 1389 quomoda
3497 1319 3585 1375 in-

1934 1409 2024 1460 ter
2053 1405 2232 1461 David
2265 1409 2323 1460 et
2369 1405 2706 1471 Jonatham,
2765 1406 2847 1461 ita
2906 1407 3057 1462 inter
3113 1423 3275 1462 ovem
3336 1413 3394 1464 et
3424 1421 3590 1464 ovem

1936 1494 2162 1566 cogeris
2191 1495 2488 1565 suscipere
2547 1494 2922 1550 differentias.
2975 1495 3172 1551 Servus
3210 1512 3314 1567 quo
3342 1499 3593 1568 cognovit

1936 1584 2273 1639 voluntatem
2303 1582 2514 1637 domini
2540 1583 2648 1647 sui,
2679 1586 2729 1638 et
2764 1598 2884 1638 ‘non
2913 1587 3268 1655 prmparavit,
3327 1603 3428 1642 nec
3461 1587 3596 1657 facii

1935 1671 2234 1729 secundum
2289 1672 2619 1728 voluntatem
2669 1672 2806 1743 ejus,
2884 1675 3166 1745 vapulabit
3220 1675 3428 1730 multis.
3489 1677 3598 1744 Qui

1936 1770 2120 1818 autem
2147 1778 2260 1817 non
2287 1763 2551 1832 cognovit,
2583 1777 2682 1817 nec
2709 1764 2840 1832 [ccit
2868 1762 3064 1834 digna,
3106 1764 3289 1834 plagis
3317 1765 3596 1837 vapulabit

162 1852 382 1910 laboris
403 1852 641 1925 praemio
663 1852 1048 1908 desudarunt.
1083 1853 1304 1908 Deinde
1327 1853 1483 1925 quod
1506 1853 1609 1908 hoc
1631 1853 1828 1926 ipsum
1861 1889 1908 1955 Β
1938 1853 2147 1924 paucis.
2183 1851 2345 1906 Omni
2373 1852 2524 1906 enim
2551 1853 2644 1905 cui
2671 1853 2907 1906 multum
2959 1851 3150 1908 datum
3204 1857 3303 1921 est,
3361 1854 3598 1909 multum

162 1941 450 1998 talentum
483 1941 638 2014 quod
672 1941 940 1997 aufertur
991 1958 1025 1996 a
1069 1940 1296 2008 timido,
1351 1941 1438 1996 vel
1498 1941 1830 2015 negligente

164 2044 350 2097 servo,
385 2047 501 2086 non
535 2031 715 2086 datUr
743 2031 794 2086 ei
819 2029 918 2102 qui
977 2029 1176 2086 minus
1233 2030 1381 2086 lucri
1439 2031 1692 2100 fecerat;
1727 2031 1829 2087 sed

165 2121 263 2192 qui
293 2120 452 2194 plus,
486 2121 541 2174 id
574 2124 684 2188 est,
717 2120 817 2192 qui
875 2136 1052 2192 super
1099 2121 1298 2175 decem
1354 2121 1583 2193 positus
1640 2121 1834 2176 fuerat

168 2210 454 2266 civitates.
481 2209 539 2265 Si
565 2225 846 2264 numerus
869 2226 983 2264 non
1011 2210 1149 2264 facit
1170 2209 1645 2281 ordinem,quare
1667 2210 1830 2284 dixit,

165 2298 321 2355 Dedit
349 2299 648 2369 unicuique
669 2297 969 2354 secundum
1000 2300 1143 2354 vires
1173 2299 1195 2332 ²
1222 2315 1349 2354 suas
1382 2299 1592 2370 (Ibid).
1647 2299 1706 2354 Si
1737 2316 1831 2356 ea-

168 2388 300 2443 dem
333 2387 497 2442 lucra
555 2393 696 2442 sunt
747 2387 1012 2460 quinque
1071 2387 1423 2444 talentorum
1465 2393 1525 2444 et
1581 2389 1830 2444 decem:

171 2493 277 2532 cur
309 2478 360 2531 ei
392 2477 490 2548 qui
517 2476 715 2533 minus
745 2476 890 2532 lucri
927 2477 1158 2544 fecerat,
1209 2494 1325 2532 non
1385 2477 1610 2544 decem,
1669 2482 1727 2534 et
1782 2477 1834 2533 ei

173 2567 272 2640 qui
303 2565 459 2638 plus,
495 2582 610 2621 non
645 2565 904 2637 quinque
934 2566 1248 2621 traduntur
1279 2566 1500 2622 urbes?
1531 2567 1695 2632 Quod
1729 2583 1833 2623 au-

165 2662 282 2712 tem
314 2655 603 2711 Dominus
635 2671 750 2710 non
786 2653 875 2710 his
906 2659 1218 2711 contentus
1251 2655 1329 2710 sit
1359 2672 1486 2727 quae
1525 2655 1831 2724 habemus,

167 2744 271 2800 sed
299 2760 533 2816 semper
553 2745 780 2814 majora
811 2743 1254 2816 desideret,ipse
1281 2748 1570 2800 monstrat
1594 2745 1792 2800 dicens
1817 2769 1833 2804 :

171 2835 351 2904 Quare
378 2850 485 2889 non
517 2833 723 2889 dedisti
747 2835 1043 2906 pecuniam
1085 2851 1260 2888 meum
1308 2834 1382 2890 ad
1411 2836 1726 2907 trapezitos,
1785 2851 1836 2901 et

167 2940 266 2992 ego
296 2925 518 2979 ven-iens
548 2941 672 2978 cum
701 2940 870 2978 usura
922 2926 1224 2992 exegissem
1281 2924 1442 2995 (Ibid.
1473 2924 1530 2996 2)
1584 2923 1612 2979 ?
1670 2925 1831 2989 Quod

167 3013 409 3085 quidem
441 3017 497 3068 et
526 3012 742 3069 Paulus
775 3012 1075 3085 apostolus
1131 3013 1343 3080 sciens,
1405 3013 1830 3086 praeteritorum

167 3101 553 3168 obliviscitur,
582 3107 638 3158 et
667 3103 738 3157 ad
769 3119 838 3158 ea
870 3118 996 3175 quae
1037 3102 1096 3158 in
1128 3107 1262 3158 ante
1295 3108 1454 3167 sunt,
1484 3120 1544 3159 se
1575 3103 1835 3160 extendit

169 3192 436 3264 (Philipp.
473 3209 558 3261 IlI,
598 3193 704 3262 13),
738 3191 795 3247 id
829 3195 937 3257 est,
972 3192 1234 3263 quotidie
1293 3193 1539 3265 proficit,
1575 3209 1679 3250 nec
1710 3209 1830 3249 ser-

1939 1950 2220 2011 queeretur
2246 1942 2314 1996 ab
2344 1955 2424 2007 eo,
2457 1944 2504 1995 et
2548 1941 2643 1995 cui
2697 1941 3109 1996 commendatur
3162 1943 3416 2010 multum,
3475 1942 3600 2014 plus

1939 2031 2190 2100 exigetur
2217 2029 2288 2084 ab
2343 2029 2440 2085 illo
2472 2030 2623 2101 (Luc.
2675 2047 2779 2098 xu,
2839 2032 2927 2085 47.
2960 2031 3068 2098 48).
3131 2031 3269 2086 Ecce
3325 2047 3491 2089 servo
3543 2035 3601 2088 et

1940 2135 2104 2175 servo
2132 2119 2268 2191 plus
2296 2118 2566 2174 minusve
2596 2118 3005 2186 committitur,
3062 2123 3119 2174 ct
3176 2137 3278 2192 pro
3321 2120 3600 2192 qualitate

1941 2208 2240 2264 commissi
2265 2213 2440 2280 atque
2461 2206 3019 2281 peccati,plagarum
3044 2225 3276 2282 quoque
3315 2227 3599 2266 numerus

1938 2297 2252 2370 irrogatur.

2011 2498 2100 2554 34.
2139 2500 2323 2568 Typus
2351 2499 2561 2568 futurae
2607 2496 2862 2552 Ecclesiae
2889 2496 2951 2550 in
2980 2497 3159 2560 terris,
3193 2503 3300 2552 etc.
3360 2529 3428 2538 —-
3457 2497 3602 2553 Tota

1939 2588 2150 2644 Judaeaa
2180 2591 2335 2642 terra
2363 2586 2744 2658 tribuumque
2789 2585 3109 2659 descriptio
3141 2585 3348 2641 futurae
3405 2587 3599 2643 Eccle-

1943 2676 2041 2732 siae
2073 2677 2132 2730 in
2165 2675 2326 2731 ccelis
2357 2681 2530 2748 typus
2561 2681 2669 2731 est.
2707 2676 2997 2747 Legamus
3051 2675 3253 2731 Jesum
3309 2677 3483 2744 Nave,
3514 2676 3600 2733 le-

1943 2782 2153 2839 gamus
2185 2763 2502 2821 Ezechielis
2534 2769 2825 2821 extremas
2866 2770 3082 2837 partes,
3134 2770 3191 2820 et
3248 2765 3599 2834 videbimus,

1945 2855 2230 2928 quidquid
2264 2855 2324 2909 in
2372 2853 2554 2910 altero
2587 2855 2756 2927 quasi
2816 2871 2920 2926 per
2973 2853 3276 2910 historiam
3335 2855 3393 2910 in
3452 2858 3604 2911 terra

1941 2943 2336 3012 distribuitur,
2373 2943 2432 2998 in
2465 2943 2645 2999 altero
2677 2943 2841 3000 caelis
2862 2943 3249 3015 spiritualiter
3270 2945 3596 3015 repromitti

1944 3035 2126 3104 (Iosue
2171 3032 2572 3100 xm;Echech.
2633 3034 2846 3104 vam)°
2909 3032 3056 3098 Quid
3117 3032 3226 3088 sibi
3282 3033 3489 3089 volunt
3541 3034 3600 3089 in

1943 3121 2332 3194 descriptione
2360 3121 2564 3193 templi
2597 3126 2822 3194 septem
2873 3126 2930 3177 et
2968 3125 3094 3177 octo
3127 3120 3402 3192 gradus?
3459 3122 3600 3194 quid

1949 3211 2372 3284 rursum,quod
2407 3211 2465 3265 in
2491 3209 2772 3266 Psalterio
2804 3214 2935 3282 post
2964 3209 3250 3266 elementa
3279 3210 3602 3268 cautissimi

168 3287 261 3336 νεῖ
285 3281 343 3336 ίη
377 3280 614 3371 “dari?
645 3281 890 3337 delicate
921 3281 1172 3353 gratiam
1205 3298 1382 3353 quam
1415 3283 1637 3354 accepit
1670 3301 1682 3350 ἓ
1726 3283 1827 3338 sed
1861 3262 1904 3329 Ο
1944 3301 2130 3358 octavi
2160 3262 2371 3355 deliimi
2407 3299 2637 3370 psalmi.
2671 3262 2886 3371 quibrus
2944 3299 3257 3368 mysticum
3298 3299 3605 3356 erudimur

170 3387 382 3427 avarus
411 3370 742 3443 negotiator
770 3374 1082 3426 renovatur
1111 3371 1181 3426 de
1212 3371 1307 3426 dic
1339 3371 1394 3426 in
1427 3371 1605 3438 diem,
1637 3375 1696 3426 et
1727 3371 1825 3426 de-

170 3475 432 3516 crescere
463 3476 524 3515 se
546 3464 743 3532 putat,
776 3459 888 3515 nisi
921 3475 1156 3532 semper
1202 3461 1462 3516 creverit.
1495 3461 1601 3516 Sex
1656 3460 1832 3517 urbes

171 3548 556 3620 fugitivorum
587 3549 1006 3605 describuntur
1033 3549 1091 3604 in
1129 3550 1277 3622 Lege
1307 3551 1491 3619 (Num.
1550 3567 1721 3619 xxxv,
1752 3551 1829 3620 ὓ),

171 3637 272 3709 qui
302 3638 324 3672 ³
354 3638 623 3695 homines
654 3638 995 3695 interfecere
1048 3639 1311 3696 nolentes
1348 3656 1359 3694 :
1397 3644 1452 3695 et
1485 3639 1623 3712 ipsae
1657 3640 1831 3696 urbes

169 3726 560 3784 sacerdotales
590 3732 751 3784 sunt.
787 3727 1009 3801 Rogare
1040 3727 1181 3784 libet
1211 3728 1484 3802 fugitivos
1545 3729 1689 3786 istos
1738 3730 1832 3784 in-

168 3821 259 3873 ter
289 3816 482 3872 hircos
506 3821 664 3885 tuos,
697 3834 771 3873 an
796 3817 947 3873 inter
976 3835 1112 3874 oves
1143 3823 1372 3875 nostras
1432 3818 1676 3875 colloces
1708 3819 1735 3874 ‘I
1771 3818 1830 3875 Si

167 3904 320 3962 hirci
351 3911 569 3971 essent,
602 3907 1006 3962 occiderentur
1061 3908 1451 3964 uthomicidae
1483 3909 1693 3974 caeteri,
1727 3925 1832 3964 nec

170 3994 574 4052 ministrorum
599 3993 698 4052 Dei
722 3997 1010 4053 intrarent
1030 3997 1314 4053 civitates.
1341 3997 1398 4053 Si
1424 4014 1559 4054 oves
1593 3998 1830 4067 dixeris,

172 4085 378 4157 utique
408 4102 520 4141 non
553 4090 726 4141 erunt
757 4086 904 4144 tales
933 4103 1088 4154 oves,
1144 4104 1270 4158 qu
1302 4087 1525 4158 absque
1559 4086 1833 4159 luporum

171 4178 335 4230 metu
365 4177 487 4230 tota
514 4173 783 4231 libertate
813 4181 1151 4247 pascantur.
1204 4176 1273 4230 Et
1303 4176 1646 4247 probabitur
1700 4175 1830 4242 tibi,

171 4278 309 4319 oves
340 4263 582 4334 quidem
605 4279 711 4322 eas
741 4265 1000 4332 esse,sed
1031 4281 1305 4320 erroneas
1336 4281 1350 4319 :
1387 4282 1420 4319 a
1447 4263 1663 4320 dextris
1686 4281 1830 4333 esse,

170 4368 376 4412 verum
410 4368 523 4410 non
557 4360 730 4420 stare,
765 4353 866 4409 sed
898 4353 1118 4426 fugere,
1178 4354 1362 4410 donec
1414 4353 1698 4410 moriatur
1731 4354 1832 4408 Sa-

170 4443 377 4499 cerdos
408 4459 682 4515 magnus,
715 4447 772 4499 et
823 4442 897 4499 ad
931 4443 1158 4498 inferna
1215 4443 1596 4511 descendens,
1630 4443 1836 4500 liberet

169 4533 402 4588 animas
475 4532 881 4604 fugitivorum.
929 4532 1266 4588 Gabaonite
1323 4536 1638 4588 occurrunt
1696 4531 1835 4587 {iliis

1941 3390 2095 3446 378
2126 3388 2528 3462 alphabetum,
2591 3405 2693 3460 per
2751 3387 3087 3461 quindecim
3143 3388 3362 3461 gradus
3415 3405 3604 3461 usque

1941 3478 2080 3534 illuc
2111 3479 2506 3550 pervenimus,
2531 3482 2595 3533 ut
2626 3476 2926 3550 possimus
2958 3494 3165 3535 canere
3223 3495 3236 3533 :
3298 3481 3430 3535 Ecce
3457 3496 3606 3535 nunc

1944 3569 2236 3624 benedicite
2263 3569 2578 3635 Dominum,
2614 3584 2798 3624 omnes
2828 3571 2974 3624 servi
3020 3569 3258 3625 Domini.
3316 3569 3422 3638 Qui
3451 3571 3606 3626 statis

1941 3661 2002 3714 in
2031 3658 2185 3714 domo
2215 3659 2457 3722 Domini,
2490 3659 2551 3714 in
2580 3658 2744 3714 atriis
2794 3659 2991 3714 domus
3049 3659 3147 3714 Dei
3194 3660 3373 3715 nostri
3428 3659 3600 3726 (Psal.

1941 3765 2174 3814 cxxxm,
2210 3749 2263 3818 1)
2294 3748 2322 3802 ‘I
2351 3747 2539 3811 Quare
2573 3747 2700 3801 dum
2739 3751 2796 3802 et
2824 3747 3006 3803 semis
3035 3746 3227 3802 tribus
3257 3751 3420 3802 trans
3469 3747 3602 3804 Jor-

1943 3837 2153 3893 danem
2182 3835 2468 3900 habitant,
2504 3835 2601 3891 ubi
2632 3834 2890 3907 plurima
2921 3839 3059 3889 sunt
3081 3836 3374 3906 jumenta,
3407 3841 3466 3890 et
3494 3852 3600 3892 no-

1940 3942 2068 3982 vem
2101 3931 2158 3981 et
2186 3925 2364 3981 semis
2396 3924 2634 3996 reliquae
2664 3923 2752 3979 vel
2812 3923 3108 3996 expellunt
3164 3923 3444 3996 pristinos
3499 3925 3601 3981 ba-

1943 4015 2220 4070 bitatores
2247 4015 2318 4070 de
2349 4014 2590 4070 sedibus
2624 4013 2769 4083 suis,
2803 4011 2887 4068 vel
2942 4029 3076 4068 cum
3108 4011 3254 4086 ipsis
3282 4012 3549 4071 habitant
3576 4015 3604 4068 ?

1942 4106 2058 4161 Cur
2088 4103 2338 4159 Levitica
2380 4103 2572 4158 tribus
2604 4102 2664 4158 in
2724 4107 2880 4158 terra
2935 4107 3162 4174 partem
3218 4119 3333 4158 non
3394 4103 3607 4177 accipit

1943 4193 2126 4262 (Num.
2158 4196 2359 4265 xvm);
2401 4193 2502 4248 sed
2539 4191 2824 4248 Dominus
2853 4208 2991 4265 pars
3022 4193 3151 4265 ejus
3182 4197 3307 4260 est;
3341 4198 3398 4250 et
3453 4193 3607 4250 inter

1944 4284 2104 4356 ipsos
2129 4281 2331 4339 levitas
2376 4287 2432 4338 et
2491 4282 2822 4339 sacerdotes
2879 4283 2951 4338 ad
3003 4283 3219 4340 Sancta
3265 4288 3603 4341 sanctorum

1946 4373 2045 4428 ubi
2077 4372 2392 4428 Cherubim
2423 4376 2479 4428 et
2511 4371 2988 4445 propitiatorium
3019 4378 3127 4440 est,
3153 4373 3413 4446 pontifex
3441 4373 3606 4432 solus

1943 4461 2313 4532 ingreditur?
2352 4462 2542 4526 Quare
2573 4461 2780 4533 reliqui
2814 4463 3143 4519 sacerdotes
3173 4462 3344 4518 lineis
3375 4466 3604 4519 tantum

1947 4553 2194 4606 utuntur
2225 4549 2486 4604 vestibus
2516 4553 2573 4604 et
2605 4565 2720 4604 non
2753 4547 2971 4605 habent
2999 4548 3413 4604 indumentum
3441 4565 3603 4618 auro,

171 4621 370 4712 Ῑὲταθιν
398 4625 457 4677 α
485 4621 651 4678 male
681 4621 813 4678 aliis
837 4623 1133 4696 εθτιιίδυεδ»
1164 4622 1226 4712 (in
1253 4621 1534 4712 lignarios
1562 4625 1620 4712 ei,
1648 4637 1829 4712 βψω·
1860 4639 1908 4705 D
1933 4638 2274 4712 hyacintho,
2308 4655 2498 4703 cocco,
2572 4655 2856 4710 purpura,
2891 4638 3186 4710 byssoque
3217 4641 3550 4693 contextum
3579 4639 3608 4692 ?

169 4710 290 4767 rios
313 4715 686 4770 reservantur
704 4712 884 4782 (Iosue
909 4712 1117 4779 1x,-*2l).
1143 4710 1433 4784 Tantique
1463 4711 1617 4784 apud
1645 4710 1832 4767 Deum

169 4800 367 4857 meriti
399 4805 632 4869 sunt,ut
655 4801 834 4873 stirps
863 4799 1001 4857 Saul
1026 4800 1098 4856 ob
1129 4817 1328 4856 eorum
1362 4799 1609 4872 injurias
1632 4800 1710 4856 sit
1738 4801 1834 4856 de-

166 4888 285 4946 leta
310 4891 358 4959 (ι
386 4891 510 4961 Reg.
541 4907 697 4959 XXXI,
716 4891 750 4945 3
778 4890 972 4963 seqq.).
998 4891 1152 4945 Inter
1179 4905 1330 4961 quos
1349 4906 1447 4945 eos
1471 4888 1830 4946 collocabis?

168 4978 322 5034 8⁸17
362 4978 515 5034 later
541 4977 707 5035 hicos
730 4978 760 5033 ‘l
789 4979 901 5036 Sed
934 4993 1050 5034 non
1082 4982 1222 5034 sunt
1273 4977 1578 5047 interfecti,
1611 4983 1668 5034 et
1697 4994 1830 5034 sen-

237 5303 253 5336 ¹
288 5300 643 5358 Joviniauus
673 5298 820 5358 alter
845 5301 1016 5357 Zeno.
1080 5299 1223 5356 Mss.
1274 5315 1341 5356 ne
1394 5300 1635 5371 perdant
1691 5301 1832 5374 quod

236 5381 594 5501 militamus.
643 5443 1016 5516 exemplaria,
1073 5447 1221 5500 teste
1276 5441 1550 5512 Victurio,
1612 5443 1833 5516 habent

163 5521 394 5575 vi'rtuies
417 5533 520 5590 pro
548 5517 690 5572 vires
711 5534 730 5572 :
751 5511 983 5590 et’apud
1005 5516 1343 5590 Matthieum
1369 5515 1607 5590 quidem
1630 5511 1826 5590 estad-

163 5607 363 5663 ναμιν;
403 5587 504 5646 sed
537 5591 595 5644 et
653 5587 944 5660 superius,
1006 5589 1325 5659 unicuique,
1371 5587 1472 5656 ait,
1527 5589 1828 5644 secundum

153 5665 423 5736 proprias
452 5663 616 5736 vires.

1947 4727 2246 4784 Inferioris
2275 4727 2493 4801 gradus
2524 4725 2706 4783 levita:
2758 4731 2816 4782 et
2871 4727 3200 4783 sacerdotes
3230 4725 3495 4797 plaustra
3551 4730 3608 4782 et

1947 4816 2122 4872 boves
2153 4816 2495 4889 accipiunt:
2548 4817 2789 4886 majoris
2848 4815 3072 4871 ordinis
3119 4819 3353 4887 gestant
3407 4830 3604 4870 arcam

1945 4905 2177 4962 Domini
2209 4905 2472 4962 humeris
2501 4905 2648 4961 suis.
2686 4905 2740 4960 Si
2789 4903 2946 4960 tollis
2977 4903 3238 4960 ordinem
3278 4905 3300 4938 ‘
3331 4904 3607 4959 taberna-

1945 4993 2084 5064 culi,
2132 4993 2359 5068 templi,
2415 4993 2709 5063 Ecclesias,
2769 4993 2818 5051 si
2877 5009 3082 5049 omnes
3140 4991 3240 5066 qui
3307 5011 3341 5049 a
3385 4991 3607 5049 dextris

1944 5299 2095 5358 Olim
2127 5316 2300 5372 porro
2332 5299 2638 5370 interﬁcere
2685 5316 2787 5372 pro
2846 5300 3168 5370 interfecere
3196 5316 3216 5361 ;
3247 5302 3372 5354 tum
3432 5301 3606 5355 Inter-

1944 5389 2136 5427 roaare
2165 5373 2321 5427 libet.
2343 5376 2450 5427 etc.

2246 5389 2321 5426 ει.
2343 5389 2450 5426 ϐῐο.

1941 5389 2136 5444 ragare
2165 5389 2321 5438 ιιοει,
2343 5389 2450 5428 etc.

2011 5447 2034 5479 ‘
2063 5444 2122 5499 Si
2147 5445 2298 5499 tollis
2327 5443 2596 5499 ordinem.
2651 5442 2765 5498 Nec
2805 5441 2974 5513 plura
3033 5439 3400 5515 legimusgin
3457 5459 3604 5499 mss.

1940 5515 2238 5573 codicibus
2270 5531 2374 5570 nec
2396 5515 2672 5587 pauciora
2696 5531 2708 5570 :
2735 5529 2922 5587 neque
2943 5514 3320 5570 satismirari
3361 5531 3606 5587 possum

1943 5593 2251 5644 Erasmum
2300 5591 2356 5642 et
2398 5585 2764 5658 Marianum,
2823 5585 3298 5658 qui_conﬁctum
3357 5585 3610 5643 retinent

1941 5664 2300 5725 contextum,
2331 5656 2859 5731 annotationesque
2879 5656 3070 5731 falsas
3119 5675 3364 5731 prorsus
3393 5676 3460 5716 ac
3515 5660 3606 5716 fu-

230 5729 274 5771 ³’
307 5733 606 5792 Victorius
662 5733 759 5804 qui
814 5731 1108 5800 hominem,
1165 5735 1230 5788 ut
1283 5734 1374 5788 est
1424 5746 1604 5804 penes
1663 5731 1869 5805 LXX._
1939 5732 2092 5803 tiles,
2129 5732 2361 5805 Legunt
2389 5729 2588 5803 itaque
2620 5729 2730 5788 hoc
2760 5729 2933 5788 modo
2977 5747 2992 5788 :
3034 5754 3062 5782 ‹‹
3120 5729 3182 5788 Si
3214 5745 3440 5798 omnes,
3501 5731 3602 5804 qui

1663 5801 1876 5920 β.
