3944 6398
206 384 329 453 349

1290 392 1708 462 ADVERSUS
1750 388 2243 459 JOVINIANUM
2281 387 2430 455 LIB.
2478 387 2557 455 ll.

3508 391 3631 461 330

203 528 263 582 et
290 525 677 600 argumentis,
717 530 774 585 et
801 527 1083 602 exemplis
1138 530 1551 603 respondimus
1596 530 1856 603 Scriptu-
1886 536 1941 600 Α
1969 525 2195 583 cundia:
2237 526 2501 584 vestibus
2555 526 2642 600 [At
2698 526 2951 600 tegebat]
3009 527 3349 602 protegebat
3404 530 3627 589 nudata

204 631 426 683 rarum,
462 621 833 690 veteremque
862 618 1109 674 Zenonis
1138 620 1509 688 sententiam,
1542 624 1663 677 tam
1705 636 1862 675 com-

205 704 374 761 muni
404 722 602 776 seosu,
636 724 813 779 quam
845 707 1042 763 divina
1071 708 1317 765 lectione
1347 709 1754 765 contrivimus.

276 795 365 850 36.
418 795 605 852 Multos
653 797 948 869 discipulos
1002 798 1194 853 habuit
1237 801 1583 856 Iovinianus.
1642 802 1861 857 Doctri-

203 901 279 939 na
310 886 602 958 voluptatis
627 886 759 958 quid
786 888 1019 958 proﬁcit.
1054 918 1121 928 —-
1163 888 1330 944 Nunc
1359 894 1534 945 restat
1568 894 1632 945 ut
1661 888 1866 962 Epicu-

206 990 341 1029 rum
373 979 640 1031 nostrum
698 976 805 1049 [AL
862 977 1194 1045 sudantem]
1259 979 1570 1034 subantem
1627 980 1691 1034 in
1722 979 1862 1034 hor-

205 1062 349 1118 tulis
379 1062 505 1119 suis
537 1063 687 1121 inter
714 1065 1180 1122 adolescentulos
1221 1071 1277 1122 et
1308 1067 1686 1123 mulierculas
1719 1067 1861 1123 allo-

204 1168 480 1224 quamur.
518 1154 729 1209 Favent
753 1153 855 1209 tibi
888 1155 1094 1221 crassi,
1127 1155 1321 1223 nitidi,
1370 1156 1649 1217 dealbali.
1680 1157 1864 1225 Adde,

207 1242 255 1297 si
289 1242 378 1298 vis
413 1242 583 1314 juxta
635 1244 986 1299 Socraticam
1048 1245 1401 1313 irrisionem,
1463 1263 1670 1303 omnes
1727 1262 1866 1303 sues

206 1336 265 1387 et
292 1347 488 1398 canes,
519 1336 578 1388 et
608 1333 747 1405 quia
776 1349 1009 1389 carnem
1061 1351 1247 1405 amas,
1301 1334 1563 1391 vultures
1609 1352 1865 1409 quoque,

210 1421 318 1493 [AL
352 1420 604 1493 aquilas]
633 1421 863 1494 aquilae,
896 1424 1223 1496 accipitres,
1276 1430 1332 1480 et
1360 1424 1644 1482 bubones.
1704 1426 1866 1481 Nun-

206 1526 385 1582 quam
435 1526 541 1567 nos
598 1511 723 1582 (Vid
770 1515 830 1568 in
888 1529 1009 1585 cap.
1070 1530 1124 1569 Ix
1180 1515 1379 1570 Eccles.
1437 1516 1676 1587 Comm.)
1733 1513 1866 1570 Ari-

205 1597 389 1671 stippi
431 1598 1020 1657 multitudoterrebit.
1078 1604 1470 1675 Quoscumque
1555 1604 1869 1670 formosos,

207 1704 595 1761 quoscunque
623 1688 1073 1758 calamistratos,
1108 1707 1256 1763 quos
1315 1692 1473 1749 crine
1518 1693 1867 1766 composito,

204 1793 355 1851 quos
384 1778 732 1835 rubentibus
754 1779 952 1835 buccis
974 1780 1270 1846 videro,de
1291 1784 1392 1837 tuo
1417 1787 1681 1838 armento
1707 1786 1869 1851 sunt,

1972 618 2061 672 est
2089 619 2147 672 et
2172 615 2437 688 exposita
2468 635 2480 673 :
2515 634 2643 689 quae
2674 622 2810 673 anta
2841 617 2899 673 in
2939 618 3165 674 occulto
3221 624 3410 684 erant.
3471 637 3629 679 nunc

1974 704 2033 760 in
2060 704 2366 777 propatulo
2398 711 2559 761 sunt.
2610 706 2931 763 Ostendisti
2960 705 3107 764 tales
3136 707 3481 781 discipulos,
3514 727 3629 767 non

1973 793 2182 861 fecisti,
2212 794 2328 851 Hoc
2358 796 2603 866 profecit
2632 796 2899 852 doctrina
2943 801 3065 861 tua,
3126 800 3193 852 ut
3255 804 3493 869 peccata
3519 817 3625 857 nec
3649 842 3661 865 .

1973 882 2375 956 penitentiam
2403 884 2642 956 quidem
2668 884 2925 942 habeant
2954 887 2992 940 ‘.
3022 886 3291 959 Virgines
3342 892 3455 944 tuae
3485 905 3633 961 quas

1974 972 2435 1044 prudentissimo
2464 973 2887 1046 consilio,quod
2922 991 3092 1032 nemo
3120 992 3381 1048 unquam
3413 977 3634 1050 legerat

1974 1077 2079 1117 nec
2107 1062 2391 1128 audierat,
2425 1064 2497 1119 de
2519 1063 2797 1136 Apostolo
2827 1064 3295 1132 docuisti,ll!elius
3322 1072 3401 1122 est
3429 1069 3634 1125 nubere

1975 1166 2140 1223 quam
2170 1153 2263 1206 uri
2282 1154 2330 1221 (l
2349 1152 2470 1208 Cor.
2497 1169 2592 1217 v11,
2615 1153 2693 1221 9),
2709 1152 2970 1210 occultos
2990 1154 3287 1211 adulteros
3319 1156 3379 1211 in
3403 1161 3634 1230 apertos

1973 1244 2271 1296 verterunt
2296 1242 2558 1297 maritos.
2590 1242 2717 1297 Non
2749 1243 2939 1299 suasit
2968 1243 3075 1298 hoc
3130 1244 3466 1316 Apostolus,
3516 1263 3633 1302 non

1975 1328 2275 1386 electionis
2304 1346 2425 1386 vas.
2459 1329 2847 1403 Virgilianum
2880 1330 3192 1387 consilium
3223 1338 3313 1389 est
3339 1351 3352 1389 :

2067 1462 2385 1528 Conjugium
2417 1469 2587 1525 vocat,
2618 1463 2721 1516 hoc
2777 1466 3020 1529 praetexit
3050 1467 3270 1516 nomine
3298 1468 3531 1532 culpam.

2947 1546 3179 1617 (xEneid.
3208 1546 3248 1603 l.
3282 1548 3381 1619 1v).

2050 1689 2139 1743 37.
2175 1688 2445 1745 Basilides
2500 1691 2763 1759 magister
2809 1690 3073 1748 luxuria.
3124 1692 3346 1761 Semper
3396 1693 3630 1765 pseudo-

1976 1784 2254 1852 proohetw
2307 1778 2495 1835 dulcia
2544 1780 2897 1851 promittunt.
2964 1779 3132 1836 Verba
3185 1782 3490 1837 Joviniani.
3568 1813 3637 1824 --

204 1865 327 1968 imo
355 1866 509 1923 inter
709 1868 1239 1972 suesngrupniunt.
1300 1871 1379 1926 De
1438 1876 1653 1972 nostro.
1696 1887 1870 1945 grege
1897 1906 1946 1972 Β
1979 1868 2400 1972 Quadringenti
2432 1867 2783 1972 ferme‘ann‘i
2811 1873 2970 1934 sunt,
3006 1869 3158 1970 quod
3191 1868 3402 1972 Christi
3435 1870 3640 1972 prndi-

203 1954 426 2022 tristes,
458 1954 686 2029 pallidi,
740 1956 1043 2028 sordidati,
1077 1963 1131 2013 et
1163 1960 1331 2030 quasi
1366 1960 1657 2033 peregrini
1688 1961 1868 2033 hujus

204 2043 428 2111 seculi,
458 2043 591 2101 licet
620 2061 887 2103 sermone
917 2051 1168 2119 taceant,
1194 2048 1396 2104 habitu
1428 2050 1585 2107 880
1614 2049 1865 2123 loquun-

204 2139 305 2191 tur
333 2138 390 2191 et
417 2139 583 2208 gestu
617 2152 631 2190 :
666 2138 772 2193 Hei
798 2138 943 2192 mihi
969 2138 1097 2210 quia
1124 2141 1506 2210 peregrinatio
1561 2157 1684 2196 mea
1730 2156 1868 2213 pro-

206 2225 433 2295 longata
477 2230 597 2281 est!
653 2227 896 2282 habitavi
949 2243 1073 2282 cum
1125 2227 1561 2284 habitationibus
1614 2230 1626 2263 ¹
1691 2229 1866 2285 Cedar

208 2314 385 2385 (Psal.
417 2330 589 2381 cmx,
622 2316 698 2386 5),
731 2314 999 2371 videlicet
1028 2316 1085 2369 in
1118 2316 1377 2373 tenebris
1408 2318 1587 2389 hujus
1636 2320 1863 2375 mundi,

206 2403 348 2475 quia
377 2402 475 2459 lux
503 2402 660 2459 lucet
691 2405 748 2459 in
797 2405 1076 2473 tenebris,
1137 2408 1193 2461 et
1252 2408 1503 2462 tenebrae
1560 2424 1689 2463 eam
1748 2425 1864 2464 non

205 2492 794 2564 comprehenderunt.
829 2493 910 2549 Ne
939 2493 1227 2566 glorieris,
1262 2496 1417 2567 quod
1451 2495 1667 2552 multos
1698 2496 1872 2552 disci-

208 2580 384 2654 pulos
432 2580 671 2637 habeas.
705 2582 886 2639 Filius
916 2582 1017 2639 Dei
1050 2583 1251 2639 docuit
1281 2584 1337 2640 in
1373 2584 1597 2653 Judaea,
1629 2590 1686 2641 et
1729 2586 1867 2642 duo-

206 2670 400 2727 decim
422 2675 647 2727 tantum
679 2670 848 2727 illum
871 2672 1120 2745 apostoli
1143 2674 1561 2746 sequebantur.
1588 2676 1863 2745 Torcular,

214 2759 429 2832 inquit,
463 2760 674 2816 calcari
699 2762 925 2827 solus,et
953 2761 1020 2817 de
1070 2763 1324 2835 gentibus
1382 2765 1467 2819 vir
1494 2781 1601 2820 non
1632 2772 1709 2820 est
1752 2781 1865 2820 me-

206 2865 334 2903 cum
364 2848 490 2921 (Isa.
523 2866 676 2917 LXIII,
706 2850 786 2921 3).
819 2849 918 2906 Ille
977 2850 1035 2906 in
1092 2852 1363 2924 passione
1420 2852 1581 2908 solus
1640 2869 1867 2909 reman-

208 2937 308 3006 sit,
339 2942 398 2993 et
427 2937 575 2993 Petri
608 2955 840 3012 quoque
892 2955 1030 3012 erga
1059 2956 1193 2996 eum
1225 2941 1536 3013 trepidavit
1591 2946 1867 2999 constan-

207 3026 294 3082 tia
326 3044 340 3082 :
372 3025 797 3084 Pharisaeorum
828 3032 1022 3084 autem
1056 3028 1331 3085 doctrinae
1363 3030 1559 3087 omnis
1614 3032 1867 3105 populus

206 3114 618 3188 applaudebat,
647 3117 848 3174 dicens
881 3133 895 3173 :
924 3119 1214 3189 Cruci/iga,
1241 3122 1502 3192 cruci/iga
1530 3121 1717 3177 talem.
1750 3123 1867 3179 Non

207 3204 473 3261 habemus
501 3220 683 3276 regem
730 3208 848 3263 nisi
906 3207 1177 3264 Caésarem
1227 3211 1406 3279 (Joan.
1466 3226 1582 3278 xxx,
1637 3211 1692 3276 6,
1752 3211 1864 3282 45),

1976 1957 2124 2015 catio
2156 1958 2340 2032 fulget
2366 1957 2427 2013 in
2459 1958 2700 2013 mundo.
2734 1959 2813 2014 Ex
2841 1974 2957 2031 quo
3003 1957 3465 2016 innumerabiles
3521 1960 3637 2016 hm-

1977 2063 2135 2103 reses
2164 2047 2427 2103 tunicam
2458 2045 2617 2102 illius
2648 2045 3082 2113 consciderunt,
3143 2045 3455 2103 universus
3486 2062 3635 2120 pene

1977 2154 2139 2193 error
2166 2136 2313 2194 381
2351 2136 2422 2191 de
2453 2135 2724 2205 Chaldaeo
2761 2140 2819 2191 et
2863 2139 3007 2207 Syro
3061 2136 3083 2170 ⁸
3149 2140 3207 2191 et
3263 2134 3462 2192 Greco
3520 2151 3637 2193 ser-

1978 2243 2150 2283 mone
2180 2229 2560 2299 processerat.
2611 2223 2894 2281 Basilides
2944 2223 3225 2297 magister
3280 2223 3523 2281 luxuriae
3580 2230 3641 2282 et

1975 2315 2456 2388 turpissimarum
2488 2313 2918 2387 complexuum,
2949 2318 3084 2386 post
3140 2317 3226 2369 tot
3249 2330 3436 2371 annos
3464 2313 3546 2369 ita
3575 2314 3634 2371 in
3722 2368 3747 2396 ,

1973 2404 2371 2474 Jovinianum,
2404 2403 2575 2475 quasi
2606 2403 2666 2458 in
2697 2402 3079 2475 Euphorbum
3120 2403 3142 2437 ⁸
3179 2402 3637 2459 transformatus

1976 2498 2155 2561 est,ut
2178 2493 2383 2549 Latina
2402 2509 2635 2565 quoque
2659 2491 2859 2564 lingua
2879 2491 3123 2547 haberet
3145 2491 3411 2547 haeresim
3435 2508 3629 2548 suam.

1974 2582 2222 2639 Nullane
2252 2583 2364 2638 fuit
2398 2581 2513 2637 alia
2544 2581 2601 2635 in
2630 2585 2748 2637 toto
2779 2580 2919 2637 orbe
2974 2579 3291 2653 provincia,
3352 2597 3482 2653 quae
3539 2598 3635 2638 re-

1975 2672 2194 2745 ciperet
2243 2670 2588 2743 proconium
2644 2669 2982 2743 voluptatis,
3042 2670 3102 2725 in
3160 2686 3337 2742 quam
3396 2668 3636 2727 coluber

1973 2764 2275 2817 tortuosus
2305 2760 2605 2833 irreperet,
2633 2760 2747 2815 nisi
2771 2776 2950 2832 quam
2983 2758 3135 2814 Petri
3156 2759 3424 2816 doctrina
3453 2775 3632 2833 super

1975 2854 2199 2923 petram
2235 2850 2580 2906 fundaverat
2608 2848 2906 2905 Christum
2937 2849 2958 2884 ⁷
2980 2853 3005 2903 .9
3035 2848 3325 2904 Vexillum
3357 2848 3549 2905 crucis
3578 2853 3636 2905 et

1974 2939 2407 3012 praedicationis
2437 2938 2749 2994 austeritas
2781 2936 3068 2994 idolorum
3126 2937 3349 3010 templa
3404 2938 3633 2994 destru-

1974 3034 2138 3085 xerat
2168 3045 2182 3083 :
2216 3045 2247 3085 e
2270 3028 2504 3101 regione
2535 3027 2764 3083 luxuria
2793 3027 2981 3100 penis,
3014 3026 3235 3083 ventris
3288 3032 3348 3082 et
3376 3027 3636 3099 gutturis

1975 3118 2311 3175 subvertere
2340 3118 2549 3173 nititur
2587 3116 2993 3172 fortitudinem
3047 3116 3259 3171 crucis.
3320 3115 3484 3172 Unde
3532 3132 3637 3189 per

1978 3207 2153 3264 Isiam
2185 3206 2446 3278 loquitur
2474 3206 2629 3262 Deus
2661 3222 2674 3261 :
2707 3206 2950 3277 Populus
2977 3220 3152 3273 meus,
3208 3205 3304 3276 qui
3356 3220 3445 3260 vos
3505 3204 3633 3261 bea-

208 3294 268 3350 id
295 3299 405 3363 est,
436 3294 577 3350 vitia
632 3294 957 3367 sequimur,
1013 3313 1129 3353 nou
1185 3298 1433 3355 virtutes
1476 3280 1867 3377 ;Epicurum,
1900 3280 1943 3349 C
1979 3298 2211 3368 tiﬁcant,
2243 3295 2507 3352 seducunt
2533 3311 2644 3362 vos,
2692 3303 2744 3351 et
2798 3296 3019 3351 semitas
3070 3293 3273 3367 pedum
3330 3298 3634 3351 vestrorum

207 3400 325 3439 non
356 3382 655 3440 Christum
688 3403 701 3454 ;
731 3384 1128 3454 Jovinianum,
1187 3404 1301 3442 non
1352 3387 1686 3460 apostolum
1718 3389 1866 3445 Pau-

203 3472 350 3528 lum.
382 3472 546 3538 Quod
579 3472 749 3529 multi
779 3474 1162 3547 acquiescunt
1186 3478 1486 3533 sententias
1547 3481 1682 3546 tuae,
1715 3478 1867 3534 indi-

204 3561 365 3618 cium
393 3561 709 3635 voluptatis
738 3566 827 3618 est
861 3579 873 3620 :
910 3580 1024 3619 non
1074 3564 1231 3619 enim
1261 3570 1383 3621 tam
1443 3570 1500 3622 te
1530 3566 1866 3640 loquentem

203 3652 476 3724 probant,
508 3667 684 3724 quam
716 3651 841 3709 suis
871 3652 1064 3708 favent
1093 3654 1269 3711 vitiis.
1331 3655 1393 3712 In
1453 3655 1692 3713 circulis
1748 3656 1868 3729 pla-

199 3744 431 3798 tearum
463 3740 724 3812 quotidie
754 3742 928 3798 fictus
982 3742 1206 3800 ariolus
1256 3744 1573 3801 stultorum
1634 3753 1798 3803 nates
1848 3765 1871 3799 ι

200 3829 491 3896 verberat,
524 3833 581 3885 et
601 3829 830 3886 obtorto
861 3831 1015 3888 fuste
1044 3832 1248 3890 dentes
1283 3834 1691 3891 mondentium
1722 3853 1866 3909 qua-

202 3918 299 3987 tit,
332 3935 438 3975 nec
470 3923 666 3977 tamen
697 3920 860 3977 deest
889 3921 989 3993 qui
1020 3939 1253 3995 semper
1282 3925 1471 3997 possit
1502 3924 1700 3981 induci
1728 3926 1757 3981 ?
1811 3932 1869 3983 et

170 4008 311 4082 'pro
370 4025 587 4083 magna
636 4009 924 4083 sapientia
1009 4013 1113 4083 [AL
1186 4014 1428 4087 deputa]
1485 4016 1757 4087 deputas,
1816 4017 1867 4073 si

199 4098 403 4172 plures
432 4098 593 4171 porci
625 4103 758 4172 post
786 4104 843 4156 te
886 4106 1147 4167 currant,
1181 4119 1332 4174 quos
1391 4103 1672 4176 gehennae
1733 4121 1867 4161 suc-

194 4187 364 4245 cidia
398 4186 671 4244 nutrias?
700 4188 835 4245 Post
864 4191 1219 4262 praeconium
1250 4195 1443 4263 tuum,
1465 4198 1523 4248 et
1556 4192 1795 4249 balneas
1820 4195 1866 4261 ³,

194 4293 327 4350 quas
357 4275 514 4333 viros
544 4276 762 4349 pariter
789 4281 846 4334 et
873 4278 1123 4335 feminas
1180 4278 1399 4348 lavant,
1434 4282 1627 4338 omnis
1678 4283 1864 4355 impa-

192 4364 408 4425 tientia
436 4383 564 4439 qua:
594 4365 899 4424 ardentem
928 4368 1096 4441 prius
1128 4368 1462 4442 libidinem,
1505 4372 1676 4445 quasi
1704 4389 1867 4430 vere-

190 4605 216 4656 t
268 4528 285 4562 ¹
317 4526 613 4584 Victorius
642 4544 768 4585 cum
821 4529 1207 4587 habitantibus
1234 4547 1369 4587 cum
1399 4531 1681 4606 Vulgatu,
1737 4550 1872 4591 con-

219 4616 287 4656 ra
317 4615 463 4655 mss.

219 4616 287 4657 ra
317 4615 463 4655 mss.

264 4671 465 4749 #Item
490 4669 783 4749 Victorius
805 4689 992 4749 nares,
1028 4691 1207 4749 quam
1256 4674 1563 4732 lectionem
1615 4680 1680 4732 ut
1733 4693 1863 4749 pro-
1894 4661 1941 4727 D

190 4744 297 4819 bet
321 4742 519 4819 multa
540 4744 1027 4819 comminiscitur.
1048 4742 1205 4802 'Vide
1235 4763 1363 4819 quea
1395 4742 1751 4805 annotamus
1801 4748 1859 4803 in

191 4814 383 4890 Epist.
418 4815 542 4890 127,
575 4815 647 4871 ad
699 4816 1081 4890 Principiam,
1115 4814 1281 4875 num‘.
1340 4821 1376 4874 9
1429 4824 1487 4875 et
1540 4819 1735 4876 locum
1793 4836 1862 4875 ex

1978 3386 2306 3442 conturbant
2338 3386 2463 3457 (Isa.
2506 3401 2585 3451 1x,
2644 3384 2756 3455 16).
2818 3388 3053 3440 Necnon
3111 3400 3214 3456 per
3266 3383 3629 3441 Jeremiam:

1976 3478 2164 3548 Fugite
2191 3475 2256 3531 de
2290 3474 2467 3531 medio
2525 3475 2847 3546 Babylonis,
2905 3477 2956 3529 et
3010 3481 3215 3530 servate
3266 3476 3636 3548 unusquisque

1977 3567 2226 3627 animum
2253 3581 2412 3621 suam
2441 3565 2657 3637 (larem.
2719 3580 2791 3634 ιι,
2822 3564 2899 3632 9),
2933 3566 2984 3619 et
3029 3564 3200 3621 nolite
3227 3563 3442 3621 credere
3466 3580 3632 3637 pseu-

1977 3654 2337 3727 doprophetis,
2369 3655 2464 3725 qui
2490 3653 2697 3723 dicunt,
2749 3668 2883 3725 pax,
2921 3669 3057 3725 pax,
3130 3656 3183 3708 et
3236 3668 3349 3709 non
3401 3656 3479 3707 est
3523 3669 3636 3724 pax

1977 3745 2193 3817 (Jerem.
2227 3762 2305 3811 VI,
2340 3743 2429 3815 14)
2463 3760 2475 3799 :
2511 3742 2611 3815 qui
2642 3758 2875 3815 semper
2930 3742 3317 3815 ingeminant,
3356 3742 3633 3814 Templum

1982 3835 2232 3902 Domini,
2265 3834 2529 3905 templum
2557 3833 2778 3888 Domini
2826 3832 3045 3904 (Jerem.
3104 3847 3206 3897 vn,
3240 3832 3315 3901 4).
3384 3829 3635 3903 Prophe-

1976 3928 2046 3979 tas
2078 3923 2162 3979 tui
2185 3923 2457 3979 viderunt
2511 3922 2618 3977 tibi
2651 3920 2798 3976 lalsa
2827 3924 2886 3977 et
2932 3918 3292 3992 insipientia,
3350 3935 3464 3975 non
3497 3936 3632 3993 ape-

1978 4017 2223 4069 ruerunt
2250 4011 2625 4083 iniquitatem
2653 4014 2840 4077 tuam,
2876 4013 2941 4065 ut
2968 4013 3025 4064 te
3097 4008 3171 4064 ad
3228 4008 3633 4081 pmnitentiam

1976 4106 2394 4176 provocarent:
2430 4099 2529 4172 qui
2562 4100 2843 4156 devorant
2871 4097 3099 4172 plebem
3130 4099 3238 4171 [AL
3271 4097 3474 4173 Deum]
3508 4098 3632 4167 Dei,

1976 4196 2042 4249 ut
2071 4192 2268 4247 cibum
2296 4188 2484 4263 panis,
2521 4190 2699 4245 Deum
2731 4205 2848 4245 non
2879 4188 3313 4246 invocaverunt.
3346 4187 3634 4245 Jeremias

1975 4280 2371 4353 captivitatem
2399 4278 2704 4346 nuntians,
2736 4277 3035 4351 lapidatus
3055 4293 3090 4333 a
3118 4275 3356 4351 populo.
3378 4278 3635 4335 Ananiae

1976 4370 2136 4429 filius
2180 4376 2336 4425 Azur
2392 4368 2696 4442 frangebat
2752 4368 2823 4424 ad
2882 4384 3140 4441 praesens
3222 4366 3449 4441 ligneas
3512 4371 3633 4425 tor-

1976 4536 2085 4609 _e_st,
2118 4535 2177 4609 at
2205 4530 2402 4609 nescio
2435 4545 2613 4609 quam
2673 4545 2829 4609 vere,
2860 4528 2910 4585 si
2960 4532 3303 4609 Montanum
3364 4532 3626 4601 reputes,

1977 4600 2287 4669 Novatum,
2321 4600 2700 4674 utqueralios,
2732 4601 2941 4674 utique
2956 4600 3309 4674 _ex__Lati_nis.

2043 4678 2064 4712 ⁶
2097 4677 2158 4731 In
2192 4670 2457 4747 sequenti
2486 4672 2635 4747 libro
2665 4670 2867 4747 contra
2897 4670 3302 4747 _Vigilantium
3355 4685 3519 4725 num.
3562 4686 3581 4723 1
3614 4685 3626 4725 :

1973 4747 2249 4825 Quomodo
2279 4742 2610 4825 Euphorbus
2668 4742 3050 4825 innt’y‘thora‘
3075 4749 3298 4825 renatus
3352 4756 3462 4824 esse
3500 4756 3627 4813 per-

1970 4814 2208 4886 hibetur,
2250 4820 2331 4874 sic
2372 4814 2460 4873 'in
2518 4818 2620 4872 isto
2694 4814 3056 4887 (Vigilantio)
3109 4814 3395 4887 Joviniani
3475 4827 3627 4887 mgis

192 4884 455 4968 Enniano
485 4886 557 4942 de
594 4892 782 4968 morte
835 4884 1148 4968 Peregrini.
1201 4890 1359 4947 Infra
1414 4890 1513 4947 lib.
1581 4910 1598 4947 ι
1659 4896 1864 4947 contra
1968 4909 2145 4968 prava
2169 4884 2433 4968 surrepit.
2464 4884 3049 4968 Nempe-somniavit
3089 4884 3463 4968 Pythagoras
3515 4884 3627 4939 Eu-

194 4958 482 5015 Ruﬂnum
512 4959 717 5015 eadem
748 4958 1054 5017 occurunt.

264 5030 289 5064 ³
319 5030 643 5107 Bromiscui
676 5030 891 5101 balnei,
925 5032 1082 5104 quod
1141 5031 1488 5107 Jovinianus
1553 5035 1862 5107 probabat,

193 5101 629 5178 turpitudinem
657 5101 1077 5178 exsecreanjur
1095 5108 1299 5161 Patres
1328 5101 1591 5178 plerique
1635 5101 1860 5175 omnes,

193 5173 469 5261 gemens
497 5173 895 5261 Alegandinus
925 5175 1255 5261 .Paadagpg.
1300 5173 1364 5261 n'i
1393 5178 1465 5246 5;
1492 5173 1863 5261 Epiphanius

196 5246 406 5321 haeres.
440 5262 574 5321 xgx,
601 5248 675 5314 7;
707 5246 1227 5321 Crysostomus'de
1270 5246 1862 5319 educandis'liberis,

194 5317 435 5393 aliique.
467 5318 731 5393 pauones
761 5317 1015 5393 quoque,
1051 5319 1415 5378 Laodiceuus
1445 5322 1498 5389 3,
1552 5327 1611 5377 et
1636 5317 1863 5378 Trulla;

195 5387 435 5467 nus'_77,
469 5387 588 5467 imo
617 5387 797 5467 etiam
831 5387 1253 5465 imperatorum
1310 5387 1540 5451 decreta
1596 5398 1652 5452 et
1707 5393 1865 5467 leges

194 5461 690 5519 condemnabant.

264 5533 499 5609 {Vetus
528 5534 667 5591 edit.
724 5551 796 5591 ne
845 5538 1128 5607 peccatum
1195 5535 1418 5609 quidem
1482 5539 1867 5609 penitentiam

196 5605 417 5662 habeat.

264 5679 289 5713 ‘
320 5676 560 5752 Sentit_,_
585 5677 906 5752 primumie
935 5677 1159 5752 Latinis
1216 5679 1555 5738 haareticum
1597 5681 1865 5738 Jovinia-

198 5765 343 5809 num
366 5748 682 5820 exstitisse,
709 5751 866 5826 quod
899 5749 1137 5823 quidem
1174 5755 1233 5810 et
1280 5752 1537 5811 Victorio
1593 5758 1865 5812 notatum

1972 4956 2182 5037 phorbi
2200 4963 2353 5037 npud
2371 4956 2797 5037 Trojambccisi
2812 4956 3223 5037 animaminse
3237 4956 3626 5037 demigrasse;

1973 5027 2153 5108 seque
2183 5027 2379 5108 aiebat
2405 5027 2661 5108 primum
2692 5030 2873 5108 fuisse
2930 5028 3279 5108 Ethalideni,
3330 5027 3625 5108 τηθὶς-,Ευ-

1974 5097 2501 5180 phorbum,deiride
2525 5102 3041 5180 Hermotimum,et
3071 5098 3380 5180 l’yrrhum,
3397 5097 3626 5180 Delinm

1972 5171 2346 5252 piscatorem,
2375 5180 2668 5251 postremo
2699 5190 2767 5230 ex
2798 5174 3016 5247 Pyrrho
3075 5171 3293 5229 factum
3352 5187 3483 5228 esse
3522 5171 3627 5246 Py-

1970 5252 2463 5384 ώξῗιξὲωοῐηδεη
2524 5319 2959 5391 διιρθνίρειναηι
3006 5314 3337 5391 fundaverat
3396 5313 3624 5372 Christi.

1974 5395 2156 5451 Vetus
2182 5394 2320 5451 edit.
2352 5394 2466 5449 nisi
2496 5393 2555 5447 in
2582 5388 2680 5445 tua
2712 5388 2861 5445 Petri
2888 5388 3144 5444 doctrina
3198 5403 3364 5459 super
3413 5403 3470 5443 se
3525 5402 3629 5458 pe—

1975 5475 2120 5523 tram
2164 5465 2494 5541 fundayerat
2551 5463 2806 5519 Christus
2845 5464 2975 5541 ,χει
3023 5476 3168 5541 mox.
3216 5459 3630 5541 pragdiqationis

1973 5529 2291 5595 auctoritas.
2327 5537 2669 5591 Romamam
2705 5532 2957 5605 proprie,
2990 5529 3262 5605 utivides,
3305 5529 3625 5605 Ecclesium

1976 5615 2158 5678 notat,
2193 5609 2253 5664 in
2284 5624 2402 5682 qua
2433 5602 2984 5682 primumhnaiesim
3042 5603 3387 5682 Jovinianus
3441 5602 3627 5660 saevit.

1974 5682 2105 5739 Vid.
2137 5676 2622 5756 praeditam-hisce
2654 5676 2818 5733 libris
2850 5676 3344 5735 Admonitionem.
