3944 6418
367 370 487 444 881

1620 382 1684 447 S.
1731 381 2042 450 EUSE‘BII
2090 381 2541 448 ﬁI-ERONYMI

3669 373 3790 448 θῦε

361 514 539 587 quies
569 517 608 585 ⁸,
637 515 772 572 etin
804 516 1066 575 futurum
1117 518 1333 576 ferreas
1365 520 1746 593 prmparabat.
1781 521 2024 591 Semper
2051 521 2104 587 Α
2133 519 2622 585 succenturiatos,
2656 515 2836 574 habes
2893 533 3130 574 scurras
3157 521 3216 574 et
3262 515 3464 574 velites
3495 515 3556 573 in
3588 517 3789 590 presi-

369 604 887 677 pseudoprophetaa
919 607 1104 662 dulcia
1139 608 1506 680 pollicentur,
1536 614 1592 664 et
1620 610 1690 664 ad
1726 608 2018 664 modicum

369 692 620 765 placent.
655 699 870 749 Amara
895 702 984 751 est
1012 698 1245 763 veritas,
1281 704 1337 753 et
1363 699 1460 770 qui
1495 715 1622 752 eam
1685 699 2018 769 praedicant,

361 780 668 853 replentur
697 784 1113 841 amaritudine.
1145 787 1207 841 In
1239 788 1457 858 azymis
1492 787 1644 842 enim
1679 787 1930 842 veritatis
1965 790 2021 840 et

361 870 719 926 sinceritatis
785 873 1017 928 Domini
1078 875 1297 931 Pascha
1362 875 1708 945 celebratur,
1769 881 1824 930 et
1883 893 2016 930 cum

365 959 860 1016 amaritudinibus
891 964 1216 1018 comeditur
1247 965 1434 1035 (Exod.
1483 982 1579 1030 vn,
1639 968 1711 1032 8).
1774 964 2019 1036 Egregia

361 1062 505 1102 sane
528 1063 636 1103 vox
659 1053 716 1103 et
747 1067 925 1120 quam
958 1052 1158 1107 audiat
1189 1070 1406 1124 sponsa
1459 1053 1667 1118 Chisti,
1723 1054 1875 1108 inter
1903 1054 2015 1108 vir-

367 1137 534 1207 gines
564 1139 660 1193 2et
689 1138 913 1205 viduas,
947 1146 1002 1195 et
1030 1141 1256 1196 caelibes
1285 1143 1461 1212 (unde
1492 1147 1547 1198 et
1580 1143 1768 1214 ipsum
1803 1159 2012 1197 nomen

362 1223 614 1280 inditum
648 1232 754 1293 est,
787 1229 939 1299 quod
973 1229 1112 1284 coelo
1171 1231 1331 1302 digni
1365 1231 1502 1298 sint,
1559 1232 1658 1304 qui
1714 1232 1867 1288 coitu
1921 1248 2014 1285 ca-

363 1314 570 1385 reant),
601 1337 628 1364 «
660 1316 1108 1388 ltarojejunate,
1143 1321 1404 1375 crebrius
1435 1322 1651 1376 nubite.
1676 1321 1799 1376 Non
1857 1320 2015 1375 enim

361 1402 602 1474 potestis
635 1403 875 1475 implere
906 1423 1082 1477 opera
1109 1409 1472 1480 nuptiarum,
1500 1410 1610 1464 nisi
1647 1409 1924 1471 mulsum,
1960 1413 2018 1462 et

359 1491 583 1560 carnes,
609 1496 665 1546 et
695 1493 968 1550 nucleum
1003 1497 1643 1568 sumpseritisNiribus
1665 1515 1812 1570 opus
1833 1502 1922 1552 est
1941 1498 2012 1551 ad

357 1577 681 1636 libidinem.
701 1581 825 1636 Cito
856 1599 989 1638 caro
1015 1591 1366 1658 consumpta
1388 1587 1714 1642 marcescit.
1735 1586 1887 1642 382
1911 1586 2018 1640 No-

357 1665 458 1724 lite
485 1669 691 1725 timere
749 1671 1216 1730 fornicationem.
1275 1676 1380 1740 Qui
1434 1676 1612 1731 semel
1672 1677 1730 1730 in
1789 1675 2014 1730 Christo

354 1755 686 1829 baptizatus
714 1764 823 1825 est,
859 1762 1066 1818 cadere
1094 1780 1211 1818 non
1245 1770 1433 1835 potest
1466 1783 1478 1820 :
1511 1765 1684 1820 hibet
1727 1765 1905 1831 enim,
1939 1765 2010 1819 ad

356 1845 794 1917 despumandas
846 1849 1140 1906 libidines.
1175 1851 1384 1908 solatia
1423 1856 1786 1926 nuptiarum.
1848 1853 2010 1918 Quod

353 1935 493 1991 etsi
551 1936 899 2003 cecideritis,
932 1940 1354 2013 redintegrabit
1399 1961 1501 1999 vos
1546 1943 1908 2014 pcenitentia,
1957 1945 2014 1997 et

353 2023 458 2094 qui
513 2023 572 2080 in
612 2027 966 2098 baptismate
994 2029 1186 2085 fuistis
1213 2030 1716 2103 hypocritaeritis
1741 2033 1794 2087 in
1830 2029 2010 2104 pceni-

352 2113 538 2169 tentia
569 2114 764 2170 solida:
793 2117 948 2173 ﬁdei.
982 2119 1178 2190 Neque
1217 2122 1552 2190 turbemini,
1615 2127 1892 2194 putantes
1923 2121 2011 2175 in-

353 2205 442 2258 ter
463 2203 695 2274 justum
727 2211 784 2261 et
806 2207 1181 2278 pmnitentem
1216 2210 1436 2282 aliquid
1469 2213 1768 2278 interesse,
1801 2219 1858 2269 et
1905 2215 2012 2271 hu-

365 2290 656 2349 miliorem
687 2296 936 2366 gradum
969 2297 1106 2353 dare
1154 2299 1390 2369 quidem
1440 2302 1686 2369 veniam,
1716 2303 1815 2358 sed
1848 2321 2008 2361 coro-

351 2397 493 2437 nam
524 2382 746 2439 tollcre.
782 2384 906 2440 Una
928 2391 1015 2442 est
1043 2387 1198 2442 enim
1233 2390 1554 2446 retributio.
1603 2392 1708 2455 Qui
1768 2394 1838 2447 ad
1873 2395 2006 2449 dex-

354 2474 539 2526 teram
571 2474 817 2538 steterit,
851 2474 1115 2531 introibit
1146 2477 1204 2532 in
1245 2495 1426 2550 regna
1453 2479 1750 2536 cmlorum.
1811 2504 1838 2532 »
1908 2483 2008 2539 His

347 2559 610 2616 consiliis
667 2562 897 2618 subulci
945 2565 1028 2619 tui
1087 2568 1422 2637 pastoribus
1489 2571 1705 2625 nostris
1766 2572 2006 2628 ditiores

348 2652 512 2716 sunt,
544 2653 602 2703 et
632 2648 778 2704 hirci
846 2651 1132 2722 plurimas
1190 2673 1390 2710 secum
1447 2673 1650 2727 capras
1706 2659 2001 2715 trahunt:

347 2736 491 2806 Equi
519 2738 850 2794 insanientes
892 2741 947 2793 in
1007 2743 1248 2810 feminas
1303 2746 1443 2814 facti
1496 2755 1622 2801 sunt
1674 2749 1891 2817 (Jerem.
1949 2767 2002 2816 v,

346 2825 423 2896 8),
457 2825 683 2895 statim,
735 2831 798 2880 ut
857 2828 1129 2885 mulieres
1185 2831 1455 2900 viderint,
1515 2834 1888 2905 adhinniunt,
1949 2843 2004 2893 et

344 2911 773 2985 impatientiam
799 2933 988 2985 suam,
1024 2919 1166 2990 proh
1201 2920 1398 2977 nefas!
1435 2924 1867 2996 Scripturarum
1909 2945 2000 2982 so-

346 3002 543 3059 lantur
576 3004 876 3077 exemplis.
912 3007 1022 3062 Sed
1076 3013 1132 3063 et
1186 3009 1325 3081 ipsa:
1367 3012 1720 3070 mulierculas
1779 3014 1999 3070 miserae

343 3097 401 3148 et
428 3109 542 3148 non
567 3092 930 3150 miserabiles
960 3098 982 3130 ³
1012 3100 1384 3170 praeceptoris
1414 3102 1505 3156 sui
1554 3104 1728 3159 verba
1759 3110 1999 3161 cantan-

340 3185 430 3237 tes
461 3182 624 3256 (quid
648 3183 803 3239 enim
836 3185 947 3241 nisi
966 3204 1162 3243 semen
1190 3190 1436 3261 requirit
1459 3196 1646 3248 Deus?
1668 3211 1782 3248 non
1802 3195 1993 3252 solum

2131 609 2265 676 diis,
2299 626 2550 672 crassos,
2585 613 2848 679 comptos
2879 610 2919 677 ‘,
2947 608 3186 673 nitidos,
3219 607 3588 672 clamatores,
3611 607 3713 680 qui
3735 613 3788 662 te

2131 698 2342 769 pugnis
2365 697 2743 766 calcibusque
2769 697 3104 752 defendant.
3139 697 3266 751 'l‘ibi
3326 698 3541 752 cedunt
3597 697 3668 751 de
3697 696 3792 750 via

2129 786 2374 849 nobiles,
2408 785 2512 840 tibi
2546 784 2888 839 osculantur
2911 785 3118 840 divites
3151 791 3343 856 caput.
3380 783 3502 838 Nisi
3534 783 3692 838 enim
3725 789 3786 838 tu

2127 875 2407 943 venisses,
2442 874 2585 929 ebrii
2617 880 2791 945 atque
2825 879 3120 929 ructantes
3180 874 3523 945 paradisum
3570 874 3789 928 intrare

2127 981 2240 1019 non
2274 969 2562 1035 poterant.
2599 964 2780 1018 Macte
2813 963 3047 1030 virtute,
3080 964 3198 1017 imo
3251 962 3432 1028 vitiis,
3491 963 3668 1018 habes
3729 964 3786 1017 in

2126 1053 2334 1107 castris
2393 1051 2510 1108 tuis
2569 1058 2624 1106 et
2707 1054 3027 1107 Amazones
3085 1051 3235 1122 (Vide
3296 1051 3660 1107 Commentar.
3721 1054 3781 1106 in

2124 1158 2240 1211 cap.
2275 1158 2366 1195 xvi
2396 1143 2592 1206 Jerem,
2626 1146 2821 1194 exerta
2881 1156 3158 1209 mamma,
3219 1145 3276 1194 et
3325 1140 3482 1195 nudo
3539 1140 3780 1196 brachio

2124 1234 2181 1284 et
2209 1245 2382 1301 genu,
2418 1228 2712 1284 venientes
2743 1234 2944 1282 contra
2975 1245 3034 1283 se
3066 1229 3220 1283 viros
3252 1228 3323 1283 ad
3355 1244 3612 1301 pugnam
3643 1229 3786 1285 libi-

2125 1318 2330 1372 dinum
2365 1323 2762 1390 provocantes.
2809 1317 2875 1372 Et
2897 1317 3034 1388 quia
3065 1317 3421 1389 populentus
3454 1319 3788 1389 paterfami-

2125 1407 2233 1463 lias
2261 1423 2346 1472 es,
2379 1407 2437 1462 in
2468 1406 2702 1461 aviariis
2734 1407 2851 1460 tuis
2911 1423 3024 1461 non
3081 1411 3362 1471 turtures,
3413 1407 3514 1462 sed
3575 1424 3785 1478 upupae

2124 1497 2211 1565 (Et
2243 1497 2388 1551 Com.
2418 1498 2479 1551 in
2509 1513 2630 1566 cap.
2666 1512 2716 1550 v.
2751 1495 3004 1566 Zachar.)
3057 1495 3420 1560 nutriuntur,
3477 1512 3606 1566 quas
3663 1500 3789 1552 tota

2125 1584 2333 1638 fmtidae
2364 1584 2678 1656 voluptatis
2731 1584 2918 1638 lustra
2971 1583 3410 1638 circumvolent.
3470 1584 3560 1640 Me
3589 1587 3786 1656 sarpe,

2125 1689 2217 1728 me
2248 1673 2474 1742 disiice,
2508 1673 2728 1743 objices
2760 1672 3012 1728 crimina
3039 1690 3166 1744 quae
3189 1672 3466 1742 volueris,
3489 1689 3669 1745 argue
3698 1673 3788 1729 lu-

2122 1761 2298 1816 xuriae
2331 1768 2386 1816 et
2426 1761 2789 1817 deliciarum.
2852 1761 3034 1833 Magis
3085 1777 3177 1816 me
3239 1761 3488 1829 amabis,
3547 1762 3596 1817 si
3647 1762 3786 1818 talis

2123 1851 2307 1915 fuero,
2333 1867 2430 1906 ero
2461 1851 2618 1906 enim
2650 1851 2720 1905 de
2758 1855 3022 1906 armento
3055 1855 3177 1905 tuo.

2191 1941 2279 1994 38.
2311 1945 2539 1996 Romam
2569 1924 2889 2011 alloquitur.
2913 1970 2982 1979 —
3014 1939 3122 1994 Sed
3179 1939 3249 1994 ad
3282 1944 3337 1995 te
3390 1939 3618 2012 loquar,
3652 1957 3784 2013 quae

2121 2029 2399 2100 scriptam
2431 2031 2491 2084 in
2525 2029 2709 2084 fronte
2769 2027 3220 2100 blasphemiam,
3282 2029 3495 2084 Christi
3553 2031 3787 2088 confes-

2121 2117 2284 2172 sione
2325 2119 2482 2174 388
2538 2117 2766 2173 delesti.
2823 2117 2969 2172 Urbs
3029 2124 3257 2189 potens,
3317 2119 3430 2174 ubs
3490 2120 3647 2175 orbis
3677 2121 3785 2178 do-

2122 2207 2299 2273 mina,
2335 2207 2476 2262 urbs
2507 2206 2770 2278 Apostoli
2811 2223 2946 2262 voce
2980 2205 3217 2262 laudata
3275 2208 3449 2275 (Rom.
3483 2209 3545 2277 1),
3594 2210 3784 2266 inter-

2119 2301 2344 2367 pretare
2375 2296 2726 2352 vocabulum
2763 2301 2952 2352 tuum.
3016 2297 3200 2352 Roma
3228 2298 3248 2330 ⁵
3301 2301 3402 2352 aut
3427 2298 3782 2368 fortitudinis

2119 2401 2330 2440 nomen
2388 2390 2477 2441 est
2535 2385 2691 2456 apud
2767 2386 3022 2452 Graecos,
3080 2391 3182 2440 aut
3233 2385 3574 2442 sublimitats
3609 2390 3784 2460 juxta

2116 2473 2403 2528 Hebraeos.
2439 2475 2615 2529 Serva
2646 2475 2800 2546 quod
2844 2474 3074 2542 diceris,
3133 2474 3320 2530 virtus
3378 2481 3433 2530 te
3491 2478 3782 2534 excelsam

2118 2563 2433 2629 faciat,non
2465 2562 2737 2634 voluptas
2760 2562 3065 2619 humilem.
3098 2563 3566 2621 Maledictionem
3599 2584 3780 2638 quam

2114 2650 2216 2704 tibi
2241 2650 2502 2706 Salvator
2532 2651 2589 2705 in
2624 2651 2970 2723 Apocalypsi
3001 2653 3140 2724 (cap.
3185 2669 3298 2707 xvu
3331 2656 3381 2708 et
3414 2671 3552 2708 xvm
3613 2671 3778 2711 com-

2115 2738 2374 2794 minatus
2405 2745 2512 2806 est,
2549 2744 2713 2812 potes
2743 2742 2996 2812 effugere
3024 2757 3125 2813 per
3180 2742 3607 2814 paenitentiam,
3667 2745 3777 2801 ha-

2115 2827 2258 2882 bens
2287 2827 2618 2900 exemplum
2670 2829 3039 2885 Ninivitarun
3068 2831 3222 2886 884
3281 2831 3426 2887 Cave
3477 2833 3780 2890 Joviniani

2116 2932 2357 2985 nomen,
2396 2918 2552 2989 quod
2616 2919 2687 2973 de
2717 2920 2879 2990 (Jove)
2913 2918 3067 2975 idolo
3098 2919 3421 2976 derivatum
3453 2927 3560 2978 est.
3593 2923 3780 2995 Squa-

2113 3003 2191 3060 let
2219 3005 2592 3077 Capitolium,
2627 3009 2847 3080 templa
2875 3007 3034 3064 Jovis
3063 3012 3119 3064 et
3167 3011 3523 3066 caeremonias
3573 3014 3776 3068 conci-

2109 3094 2341 3149 derunt.
2405 3096 2520 3150 Cur
2571 3097 2916 3152 vocabulum
2978 3099 3128 3168 ejus,
3187 3103 3245 3154 et
3307 3099 3447 3155 vitia
3501 3102 3656 3174 apud
3720 3107 3777 3159 te

2106 3184 2340 3256 vigeant
2369 3186 2396 3238 ?
2415 3185 2614 3240 Adhuc
2646 3186 2757 3241 sub
2788 3187 3045 3258 regibus,
3105 3192 3164 3243 et
3220 3188 3330 3243 sub
3382 3188 3571 3245 Numa
3604 3191 3776 3246 Pom-

341 3271 710 3341 pudicitiam,
782 3274 883 3330 sed
963 3277 1138 3332 etiam
1222 3282 1632 3337 verecundiam
1719 3284 1989 3355 perdide-
2024 3261 2065 3326 C
2107 3271 2244 3344 pilio
2278 3272 2503 3328 facilius
2537 3275 2794 3345 majores
2815 3275 2940 3330 tui6
2965 3275 3299 3348 Pythagoras
3321 3279 3775 3349 continentiam,

329 3365 496 3426 :runt,
531 3361 860 3434 mejorique
921 3367 1272 3436 procacitate
1321 3369 1640 3426 defendunt
1691 3373 1991 3431 libidinem

334 3464 514 3520 quam
544 3456 831 3506 exercent.
857 3453 1046 3510 Habes
1077 3461 1351 3527 praeterea
1389 3460 1447 3514 in
1480 3462 1734 3517 exercitu
1795 3464 1993 3535 plures

409 3589 544 3673 ‘HEx
568 3589 831 3673 Jeremize
863 3611 990 3673 cap.
1023 3613 1241 3673 _xxvm_:
1277 3592 1514 3657 Catenae
1535 3603 1744 3673 ligneas
1783 3609 1993 3662 contri-

333 3661 478 3741 yisti,
509 3663 680 3741 [acies
712 3682 810 3735 pro
839 3661 1164 3741 eis-catenas
1191 3669 1423 3741 ferreas.
1460 3661 1707 3741 Dictiim,
1756 3661 1992 3733 notante

323 3731 586 3818 Victor-io
618 3731 819 3818 contra
849 3737 1000 3818 i_|_los,
1036 3740 1133 3818 qui
1168 3731 1436 3818 homines
1470 3731 1724 3818 palpent,
1756 3753 1811 3801 et
1861 3731 1990 3804 feli;

331 3804 816 3946 cita/pollicentur.
852 3804 992 3866 Mss.
1047 3804 1163 3867 duo
1222 3813 1437 3870 habent
1470 3804 1721 3887 .lig‘neos'
1751 3828 1987 3893 torques,

331 3893 364 3932 e
445 3893 644 3934 erreos.

330 3893 390 3933 θι
420 3893 626 3934 [ενι-θος
634 3921 644 3932 .

400 3949 702 4030 ’.Υἰνθίηνρε
731 3953 1001 4030 ει υί‹1αια.ς
1025 3959 1075 4010 et
1096 3956 1336 4030 caelibes.
1382 3958 1777 4022 Quintilianus
1810 3961 1911 4016 lib.
1950 3982 1985 4030 ι,

331 4035 385 4097 (ξἱ
416 4021 483 4076 10
515 4037 528 4075 :
565 4043 592 4071 «
616 4023 1034 4097 Ingenioseque
1059 4028 1169 4081 sibi
1191 4029 1350 4083 visus
1373 4021 1460 4085 eet
1485 4030 1656 4086 Caius
1680 4048 1741 4087 es
1759 4021 1989 4090 caelibes

330 4089 544 4173 dicere,
577 4089 753 4173 veluti
787 4089 1025 4173 coclites,
1059 4099 1211 4169 quod
1259 4116 1437 4173 onere
1494 4103 1844 4173 gravissimo
1895 4089 1988 4161 va;

331 4165 481 4246 cent.
518 4185 547 4212 ››
579 4163 860 4246 alamus.
895 4163 1018 4223 Duo
1045 4163 1186 4225 mss.
1221 4172 1443 4246 absque
1469 4163 1527 4246 et
1565 4177 1871 4246 particula,
1904 4181 1986 4233 vi-

329 4232 747 4315 duas-caelibes.
808 4232 1581 4315 Annexam__etymologiani
1621 4232 1869 4304 Gravius,
1911 4232 1988 4304 ex

329 4303 682 4389 Quintiliano
713 4306 750 4388 l.
788 4326 850 4372 ιι,
884 4317 1058 4389 c.__l0,
1091 4303 1348 4389 illustrat
1382 4303 1471 4389 ελ
1503 4387 1508 4389 Α
1535 4303 1842 4389 Ingeniosa
1873 4303 1989 4376 sibi

327 4375 815 4458 visps‘estCaius
848 4380 1078 4458 caelibes
1104 4383 1312 4458 dicere,
1339 4385 1514 4458 veluti
1545 4375 1785 4458 milites,
1822 4414 1848 4442 »
1875 4375 1981 4447 etc.

327 4446 524 4525 Sedet
555 4448 840 4525 Isidorus,
871 4452 1178 4525 Originum
1237 4453 1273 4507 1.
1300 4446 1308 4452 ⁷
1331 4475 1384 4521 x,
1437 4457 1523 4512 lit.
1585 4460 1625 4514 C
1660 4477 1671 4515 :
1708 4485 1734 4510 ‹‹
1769 4446 1985 4519 leebs

323 4517 557 4602 dicitur,
592 4522 760 4602 quasi
794 4517 950 4602 coelo.
965 4517 1189 4602 beatus.

403 4591 482 4646 Ex
513 4589 699 4648 Oxidii
736 4610 903 4650 versu
936 4595 994 4650 in
1031 4598 1154 4652 Ibin
1191 4615 1202 4653 :

477 4697 664 4763 Sisque
693 4701 859 4750 miser
884 4715 1109 4767 semper,
1142 4718 1240 4754 nec
1271 4705 1343 4754 sis
1374 4707 1686 4758 miserabilis
1718 4711 1828 4761 ulli.

393 4806 415 4886 ξ
439 4805 810 4886 _C_iste_rciens.
845 4809 993 4866 liber
1020 4827 1236 4886 crassos,
1282 4817 1618 4886 compositos,
1646 4819 1869 4874 nitidos.

395 4877 712 4958 ‘Mendﬁose
741 4886 882 4946 erat,
943 4883 1154 4958 partim
1211 4877 1410 4942 Graece
1435 4892 1490 4942 et
1545 4877 1755 4958 partim
1783 4893 1978 4949 Latine

331 4947 554 5005 RwMH.
588 4950 780 5033 Graece
811 4947 1006 5033 autem
1037 4955 1250 5033 rem,
1281 4958 1468 5027 robur,
1525 4947 1802 5020 Hebraice
1833 4947 1973 5033 no‘t;

324 5035 430 5100 sep
447 5034 602 5100 Imp
632 5025 1371 5100 sublimitatemsigniﬁcat.

395 5090 416 5125 ⁶
446 5091 829 5167 Pythagoram
861 5115 977 5153 non
1009 5090 1176 5154 illum
1221 5100 1503 5157 celebrem
1542 5104 1743 5159 Italica:
1807 5113 1976 5164 sectae

2105 3378 2281 3433 quam
2315 3363 2424 3418 sub
2456 3364 2799 3420 consulibus
2830 3365 3062 3437 Epicuri
3111 3366 3130 3399 ⁷
3173 3366 3466 3424 luxuriam
3497 3385 3774 3441 suscepe-

2103 3456 2266 3507 runt.

2101 3593 2392 3667 Yictorius
2423 3611 2678 3667 quocum
2736 3597 2913 3653 sentit
2942 3602 2998 3653 et
3029 3598 3420 3654 Martianzeus.
3486 3599 3554 3654 Et
3615 3605 3773 3657 certe

2102 3665 2291 3741 Numa
2323 3665 2706 3739 Pythagoram
2731 3667 2897 3724 illum
2921 3670 3183 3725 Samium
3203 3670 3592 3741 antiquiorem
3627 3672 3773 3729 facit

2100 3737 2274 3813 vulgo
2307 3737 2536 3809 recepta
2566 3743 2856 3813 sententia
2875 3758 2941 3795 ex
2966 3742 3162 3796 Dionis
3183 3737 3578 3813 Chrysostomi
3600 3745 3773 3800 testi-

2104 3809 2301 3863 monio
2333 3826 2464 3887 xcix
2486 3817 2540 3865 et
2572 3811 2880 3887 Nicephori
2904 3813 3168 3887 Gregorm
3200 3809 3402 3879 xxxiii,
3425 3831 3771 3887 quanquam

2102 3885 2327 3958 veteres
2343 3881 2453 3958 alii
2479 3881 3081 3958 propter—dogmatum
3096 3885 3268 3958 inter
3289 3881 3768 3958 utrumque-con-

2102 3952 2455 4025 venientiam
2491 3952 2779 4025 Suppares
2811 3952 2995 4011 fuisse
3024 3955 3223 4011 velint.
3279 3960 3353 4010 At
3408 3952 3542 4012 mon
3575 3959 3768 4025 ipsam

2099 4022 2441 4098 Pythagorae
2475 4022 2783 4096 personam
2819 4027 2911 4081 hic
2971 4028 3075 4083 abs
3121 4028 3468 4098 Hieronymo
3518 4022 3768 4086 indicari

2099 4110 2205 4165 ego
2229 4096 2438 4170 sentio,
2473 4103 2536 4150 ut
2568 4099 2638 4152 de
2669 4099 2717 4167 ej
2732 4115 2798 4152 us
2829 4103 2995 4154 :etate
3026 4096 3346 4170 disputare
3380 4115 3620 4157 necesse
3663 4102 3766 4168 sit,

2098 4166 2436 4243 autalium
2498 4166 2901 4243 cognominem
2933 4166 3299 4226 comminisci
3350 4172 3504 4243 ;sed
3563 4166 3770 4243 utique

2104 4238 2452 4321 doctrinam,
2489 4238 2615 4326 quia
2648 4241 2884 4326 scriptis
2917 4248 3247 4326 supererat,
3281 4242 3505 4326 fuitque
3555 4238 3770 4326 Numas

2100 4309 2532 4394 acceptissima.
2570 4312 2648 4366 Re
2679 4312 2807 4394 ipsa
2838 4309 3094 4394 delibris
3125 4309 3524 4394 Pythagoricis
3555 4314 3612 4370 in
3643 4315 3766 4394 Nu-

2103 4381 2556 4455 maasepulcror
2595 4381 2834 4453 repertis
2895 4381 3218 4455 loquuntur
3277 4381 3472 4441 Livius
3517 4403 3607 4441 κε..
3666 4388 3764 4453 29,

2101 4450 2478 4530 Plinius'xm.
2507 4454 2590 4521 13,
2616 4450 3200 4530 Lactantius-1.3x”,
3262 4450 3768 4530 Augustinusqde

2093 4522 2260 4578 Civit.
2297 4524 2395 4579 Dei
2428 4540 2551 4586 VIII,
2610 4528 2664 4591 5,
2719 4528 2989 4583 Aurelius
3041 4528 3237 4583 Victor
3290 4522 3390 4584 de'
3416 4528 3569 4586 Viris
3623 4527 3765 4586 illu-

2094 4595 2261 4668 strib.
2293 4612 2341 4650 c.
2377 4597 2429 4662 3,
2474 4601 2647 4668 atque
2679 4595 2796 4651 alii.

2166 4667 2185 4699 ⁷
2225 4667 2955 4740 ιτξχιινίατηζςιιδίιερεναηι.
3017 4671 3078 4726 In
3138 4687 3249 4726 ms.
3311 4670 3509 4727 codice
3566 4674 3758 4728 sancti

2091 4736 2242 4792 Petri
2274 4738 2654 4795 Carnutensis
2708 4736 2975 4813 sequitur
3030 4742 3430 4798 damnationis
3461 4745 3758 4801 sententia

2091 4808 2148 4863 in
2180 4810 2584 4865 Jovinianum.

2089 4825 2148 4863 1n
2180 4825 2584 4865 Jovmlanum.

2323 4916 2684 4974 I‘IONORIUS
2717 4919 2805 4974 ET
2835 4921 3280 4978 THEODOSIUS
3312 4920 3528 4980 AUGG.

2399 4989 2624 5046 FELICI
2667 4990 3053 5049 PRAEFECTO
3086 4993 3466 5050 ΡΒᾸΞΤΟΡιΙΙ.

2155 5111 2552 5186 Jovinianum,
2585 5119 2693 5169 etc.
2728 5131 2855 5186 quae
2888 5117 3001 5172 Lex
3031 5122 3120 5173 est
3159 5118 3230 5173 53
3261 5119 3322 5173 in
3383 5118 3511 5174 cod.
3566 5117 3755 5174 Theo-

325 5165 750 5231 auctorem,'sed
805 5169 1155 5241 Spartiatam
1214 5171 1396 5228 alium
1451 5174 1618 5230 innui
1678 5181 1977 5236 contendit
2086 5165 2853 5243 dos.itit.758devllaareticis:

895 5408 1054 5466 885
1101 5407 1178 5465 IN
1225 5408 1396 5478 SEO.
1442 5409 1747 5472 LIBRUM
1790 5414 2104 5478 CONTRA
2148 5419 2672 5483 VlGILANTlUM
2719 5423 3183 5487 ADMONITIO.

1545 5319 1816 5329 Ἦ

403 5608 454 5664 4.
485 5612 695 5711 Ccntra
727 5611 1110 5711 Vigilantiam
1142 5619 1468 5711 epistolam,
1501 5623 1868 5684 hiennicante
1909 5629 2062 5686 hunc
2101 5631 2388 5702 libellum,
2412 5633 2609 5691 datam
2650 5635 2886 5709 Ripario
2928 5638 3262 5711 presbytero
3303 5637 3650 5696 excudimus
3677 5637 3739 5693 in

331 5699 592 5758 secunda
620 5705 782 5774 parte
795 5702 1007 5776 prioris
1030 5707 1172 5762 tomi
1197 5709 1305 5765 sub
1335 5727 1613 5782 num.c1x,
1643 5715 1699 5772 in
1722 5733 1987 5788 quacum
2028 5719 2286 5780 haeretici
2325 5699 2582 5783 hominis
2613 5699 3077 5786 Commentarios
3105 5699 3381 5788 nondum
3425 5726 3755 5800 accepisset
