3944 6394
183 360 309 432 858
1250 368 1669 434 ADVERSUS
1712 368 2244 436 VIGILANTIUM‘
2287 370 2543 435 LIBER.
3489 373 3627 445 35W-

182 500 598 576 Hieronymus,
663 501 932 575 praelusit
960 502 1395 575 quodammodo
1427 518 1657 576 pugnae,
1675 519 1963 576 suamque
1984 503 2179 576 potius
2199 505 2430 577 aperuit
2446 505 2645 574 ﬁdem,
2670 520 2848 578 quam
2870 505 3003 577 ejus
3023 505 3373 578 expugnarit
3403 506 3616 564 infide~

183 590 434 648 litatem.
468 592 634 648 Nune
663 593 899 664 quando
930 593 1001 648 ad
1036 592 1230 665 ipsum
1258 591 1475 648 librum
1507 592 1869 661 devenimus,
1904 609 2019 664 quo
2046 592 2638 649 adversusinsaniam
2660 592 2919 649 hominis
2941 610 3177 650 summo
3197 593 3378 650 animi
3402 580 3610 655 ardore

183 679 478 737 velitatur.
513 686 580 736 ut
609 698 796 739 causae
830 686 1128 738 momenta
1158 685 1462 755 perspecta
1490 682 1732 751 habeas,
1767 681 1901 754 quis
1932 682 2057 753 ipse
2084 681 2443 754 Vigilantius
2474 684 2669 751 fuerit,
2691 684 2951 757 quidque
2972 687 3177 739 contra
3195 689 3411 741 rectam
3436 685 3615 743 ﬁdem

183 775 406 826 temere
434 771 704 838 senserit,
737 772 1180 844 prmnotandum
1212 776 1317 827 est.
1351 771 1500 827 Eum
1550 774 1774 827 natione
1820 770 2039 826 Gallum
2089 770 2229 826 dicit
2275 771 2633 839 Gennadius,
2670 772 3170 841 Calagurritarum,
3203 771 3322 827 sive
3350 789 3420 827 ex
3450 771 3621 829 Gala.

180 860 381 932 gurria
410 859 601 916 viculo
631 877 811 933 prope
837 861 1239 917 Convenarum
1270 860 1499 927 urbem,
1537 860 1958 932 Hieronymus;
1990 860 2147 914 unde
2177 858 2472 933 intelligas
2500 876 2569 916 ex
2612 860 2872 917 inferiori
2920 859 3089 916 illum
3148 860 3333 916 fuisse
3363 862 3619 934 Aquitaa

183 949 283 1003 nia
310 949 382 1004 ad
415 949 643 1005 radices
671 949 949 1022 Pyrenaei.
984 950 1168 1006 Homo
1198 956 1343 1014 erat,
1373 950 1576 1005 eodem
1607 949 1908 1004 Gennadio
1929 953 2185 1018 auctore,
2215 949 2465 1005 seductus
2486 950 2731 1006 humana
2775 951 2942 1006 laude
2986 953 3037 1006 et
3072 964 3423 1022 praesumens
3446 967 3621 1024 supra.

186 1039 334 1093 vires
360 1054 506 1105 suas,
539 1039 732 1110 lingua
755 1040 985 1111 politus,
1018 1056 1130 1095 non
1157 1055 1321 1094 sensu
1351 1038 1766 1111 Scripturarum
1792 1040 2145 1105 exercitatus,
2179 1039 2281 1094 sed
2329 1038 2379 1095 si
2411 1039 2831 1113 Hieronymum
2861 1038 3055 1106 audis,
3096 1041 3383 1112 imperitus
3413 1048 3465 1096 et
3492 1058 3621 1097 ver-

190 1127 271 1182 bis
297 1135 349 1184 et
376 1129 627 1196 scientia,
657 1136 711 1186 et
734 1145 986 1185 sermone
1014 1128 1342 1185 inconditus.
1377 1128 1455 1184 Ex
1486 1128 1615 1183 vitae
1639 1127 1906 1184 instituto
1938 1144 2262 1200 cauponam
2304 1134 2662 1195 exercuerat,
2713 1129 2834 1185 sive
2877 1128 3054 1185 etiam
3102 1133 3245 1185 tunc
3292 1131 3627 1198 exercebat,

189 1233 327 1273 cum
360 1231 545 1275 novus
572 1217 964 1274 Ecclesiarum
996 1218 1279 1290 magister
1307 1217 1510 1274 audire
1539 1217 1742 1283 veluit,
1774 1221 1832 1272 et
1859 1218 2162 1290 presbyter
2183 1218 2392 1289 jussus
2420 1222 2532 1274 est.
2574 1218 2717 1273 Nam
2768 1222 2826 1274 et
2871 1217 3031 1274 hunc
3077 1218 3326 1290 gradum
3359 1223 3618 1276 estconq

191 1311 455 1378 secutus,
485 1311 541 1363 et
573 1309 885 1377 Ecclesium,
931 1311 997 1363 ut
1039 1306 1325 1363 Gennadii
1373 1306 1568 1363 verbis
1610 1306 1693 1361 uti
1748 1322 2089 1378 prosequar.
2139 1308 2422 1378 Hispaniae
2469 1308 2877 1362 Barcilonensis
2918 1307 3205 1379 parochias
3250 1310 3461 1369 tenuit;
3491 1325 3624 1381 qum

190 1410 325 1451 cum
356 1400 513 1452 esset
541 1401 879 1453 sanctorum
911 1397 1383 1469 presbyterorum
1418 1395 1636 1468 Riparii
1684 1410 1753 1450 ac
1790 1394 2073 1450 Desiderii
2163 1395 2434 1467 parceciis
2476 1396 2860 1463 contermina,
2911 1395 2970 1451 bi
3019 1395 3298 1452 continuo
3348 1395 3627 1457 dolebant

192 1484 447 1541 morbidi
477 1485 733 1558 pastoris
769 1484 981 1542 vicinia
1010 1486 1276 1558 proprias
1304 1486 1377 1541 de
1409 1485 1597 1541 salute
1641 1500 1775 1540 oves
1826 1484 2165 1556 periclitari.
2215 1485 2539 1557 Episcopus
2579 1502 2833 1558 quoque,
2878 1485 2989 1542 sub
3038 1485 3213 1555 cujus
3258 1484 3356 1543 ille
3395 1485 3627 1543 ditione

191 1575 424 1647 agebat,
456 1575 827 1647 patrocinari,
858 1580 909 1632 et
937 1577 1278 1648 acquiescere
1329 1577 1513 1647 furori
1540 1576 1656 1647 ejus
1703 1573 1865 1631 visus
1912 1581 2018 1640 est,
2070 1576 2548 1649 quandoquidem
2597 1576 2935 1631 admonitus
2983 1576 3275 1648 corripere
3322 1575 3633 1647 furentur.

192 1663 444 1731 distulit,
476 1668 578 1721 aut
612 1665 844 1739 penitus
874 1665 1272 1739 praetermisit.
3192 1712 3195 1715 -

262 1756 319 1808 2.
351 1755 489 1820 Quae
520 1760 717 1810 autem
747 1770 963 1811 vesano
999 1753 1234 1828 ingenio
1266 1758 1636 1810 commentus
1667 1757 1756 1811 est
1789 1770 1931 1810 nova
1961 1754 2258 1826 dogmata,
2288 1756 2360 1829 ad
2394 1754 2514 1810 haec
2547 1754 2665 1811 fere
2711 1754 2903 1827 capita
2946 1755 3329 1811 reducuntur.
3362 1754 3627 1828 Negabat

195 1845 251 1898 1°
285 1859 417 1899 esse
443 1848 752 1914 martyres,
787 1847 891 1900 aut
920 1860 1123 1899 eorum
1153 1843 1432 1916 reliquias
1462 1842 1851 1909 venerandae,
1886 1844 2006 1900 sive
2038 1844 2108 1899 ad
2140 1859 2341 1899 eorum
2376 1844 2644 1916 sepulcra
2685 1843 2742 1897 in
2791 1842 3054 1899 ccclesiis
3098 1842 3485 1917 vigilandum,
3519 1848 3627 1901 aut

192 1931 365 1999 alios,
398 1931 501 2004 qui
529 1931 589 1987 in
620 1931 1087 1989 Christianorum
1117 1932 1365 1988 coetibus
1396 1934 1847 2001 consueverant,
1877 1932 2132 1989 honores
2158 1931 2289 1988 illis
2306 1948 2435 1988 esse
2458 1932 2822 1988 deferendos.
2845 1938 2905 1987 2°
2927 1932 3113 2003 Pejori
3137 1931 3335 1989 adhuc
3352 1931 3627 1991 vecordia

195 2019 411 2087 aiebat,
436 2019 679 2077 minime
700 2026 1041 2078 sanctorum
1065 2021 1337 2093 precibus
1356 2037 1465 2076 nos
1486 2021 1775 2091 adjuvari,
1800 2036 1989 2093 neque
2010 2021 2263 2076 terrenis
2279 2022 2438 2093 tangi
2464 2020 2910 2078 necessitatibus
2931 2020 3182 2090 cmlites;
3207 2021 3362 2077 unde
3381 2025 3437 2078 et
3452 2020 3629 2094 signa

196 2125 326 2181 quos
355 2124 461 2180 per
486 2107 618 2164 illos
648 2108 943 2165 interdum
976 2109 1203 2175 ﬁerent,
1234 2108 1554 2165 incredulis
1583 2109 1870 2164 duntaxat
1900 2109 2198 2180 prodesse.
2231 2110 2293 2163 3°
2322 2108 2646 2165 Nonnullae
2686 2107 2956 2165 Ecclesia:
3012 2107 3411 2176 caaremonias,
3445 2113 3627 2181 atque

198 2197 365 2253 illam
395 2197 453 2253 in
486 2196 713 2270 primis,
745 2214 942 2255 cereos
970 2197 1223 2253 interdiu
1255 2196 1493 2253 accendi
1526 2197 1584 2252 in
1617 2197 1819 2263 Missa,
1852 2197 1972 2253 sive
2003 2197 2075 2253 ad
2100 2197 2473 2270 Evangelium
2508 2197 2898 2264 recitandum,
2925 2214 3159 2269 paganis
3182 2196 3629 2269 superstitionis

197 2286 380 2343 ritum
407 2287 648 2344 vocabat
672 2305 684 2355 ;
708 2303 814 2343 nec
834 2287 1071 2343 Alleluia
1092 2286 1313 2343 cantari
1335 2286 1583 2353 volebat,
1617 2287 1775 2343 886
1795 2286 1909 2342 nisi
1934 2287 1991 2341 in
2015 2287 2257 2343 Pascha.
2278 2288 2335 2341 4ο
2352 2287 2547 2343 Sensit
2565 2304 2706 2343 suas
2730 2285 2842 2342 sibi
2862 2302 3157 2359 quemque
3186 2287 3434 2342 retinere
3452 2300 3626 2359 poem

198 2375 458 2445 divitias,
490 2392 678 2448 neque
704 2374 1131 2432 abdicationem
1165 2391 1198 2431 a
1228 2374 1427 2431 saeculi
1460 2376 1638 2432 rebus
1668 2391 1859 2447 usque
1889 2375 2032 2432 adeo
2064 2376 2279 2431 bonam
2303 2391 2454 2441 esse,
2478 2375 2746 2448 quinimo
2769 2375 3188 2431 monachorum
3217 2378 3624 2447 paupertatem

200 2481 267 2522 ac
297 2464 680 2521 solitudinem
711 2464 995 2522 desidiam
1031 2482 1098 2521 ac
1130 2469 1361 2537 turpem
1394 2465 1595 2538 fugam
1627 2465 1980 2538 appellabat.
2013 2466 2406 2530 Quamobrem
2446 2470 2504 2520 et
2530 2463 2951 2536 eleemosynas,
2983 2480 3110 2535 quin
3158 2462 3625 2543 Hierosolymam

199 2554 356 2610 mitti
386 2558 828 2624 consueverant,
860 2554 1251 2627 improbabat,
1287 2554 1432 2610 forte
1460 2554 1636 2611 etiam
1667 2554 1985 2626 aliquando
2017 2552 2318 2626 prohibuit
2347 2570 2359 2607 :
2394 2569 2531 2615 nam
2563 2551 2612 2608 si
2641 2552 2700 2607 in
2741 2568 3058 2625 egenorum
3099 2569 3213 2608 usu
3253 2554 3451 2608 essent
3481 2567 3625 2624 opes

199 2643 642 2709 distribuendaa,
676 2660 790 2700 non
820 2643 954 2700 illas
985 2643 1165 2700 semel
1199 2643 1603 2705 ellundendas.
1638 2643 1740 2699 sed
1792 2641 2075 2715 paulatim
2127 2643 2454 2715 erogandas
2498 2641 2887 2698 asseverabat.
2937 2645 2998 2697 5ο
3042 2641 3306 2713 Denique
3352 2640 3625 2709 effutivit,

200 2731 446 2789 clericos
475 2731 719 2788 minime
743 2732 1011 2788 omnium
1042 2733 1253 2789 debere
1282 2749 1411 2789 esse
1441 2732 1691 2799 caelibes,
1723 2735 2003 2804 tantoque
2032 2731 2165 2787 odio
2196 2731 2406 2787 habuit
2434 2730 2879 2796 continentiam,
2907 2746 3085 2803 quam
3136 2730 3395 2788 haeresim
3422 2729 3622 2803 appel-

200 2822 384 2891 labat,
417 2825 473 2878 et
500 2822 869 2895 pudicitiam,
893 2838 1070 2894 quam
1095 2823 1346 2879 libidinis
1393 2823 1778 2888 seminarium,
1828 2826 1894 2877 ut
1941 2820 2234 2893 episcopis
2280 2820 2455 2878 etiam
2506 2819 2885 2893 persuaserit,
2934 2819 3159 2876 nemini
3206 2819 3365 2876 credi
3412 2818 3625 2876 debere

203 2913 558 2981 castitatem,
591 2910 784 2968 nullos
814 2911 1042 2969 caelibes
1072 2912 1330 2968 ordinari
1364 2927 1573 2983 posse;
1607 2916 1664 2968 et
1692 2910 1808 2967 nisi
1866 2915 2126 2967 tumente
2175 2915 2370 2967 uteros
2408 2910 2671 2966 viderent
2714 2910 3094 2978 feminarum,
3148 2909 3391 2966 maritos
3420 2924 3627 2968 earum

202 3001 437 3058 Christo
468 3000 794 3058 ministerio
825 3001 1254 3057 arbitrarentur
1281 3000 1576 3074 indignos.

278 3091 333 3146 3.
366 3089 535 3147 Hisce
565 3090 855 3146 haeresum
888 3090 1169 3147 monstris
1210 3106 1313 3162 per
1342 3089 1606 3163 singulas
1629 3093 1823 3162 partes
1853 3090 2170 3162 respondet
2197 3088 2587 3161 Hieronymus
2618 3088 2726 3144 hoc
2759 3086 2976 3153 libello,
3011 3103 3185 3159 quem
3208 3090 3274 3142 ut
3294 3085 3484 3159 magis
3514 3086 3626 3143 mi-

205 3178 377 3247 reris,
407 3180 575 3236 unius
605 3180 788 3236 noctis
819 3179 1198 3235 lucubratione
1225 3178 1468 3235 dictavit.
1502 3179 1797 3251 Scriptum
1846 3179 1971 3251 ipse
2014 3182 2268 3235 testatur
2315 3182 2445 3251 post
2483 3179 2658 3248 ferme
2705 3176 2994 3233 biennium
3033 3192 3103 3231 ex
3150 3191 3266 3247 quo
3313 3173 3625 3246 epistolam

206 3285 391 3341 supra
414 3266 710 3324 laudatam
743 3267 815 3323 ad
847 3266 1150 3339 Riparium
1180 3268 1248 3322 de
1275 3264 1494 3335 vigiliis
1523 3276 1573 3323 et
1598 3267 2110 3339 pernoctationibus
2142 3268 2203 3322 in
2233 3267 2478 3322 basilicis
2506 3273 2821 3337 martyrum
2848 3264 3027 3321 dedit.
3057 3268 3197 3320 Eam
3245 3279 3378 3321 vero
3406 3261 3623 3336 episto~

208 3358 329 3414 lam
359 3357 433 3413 ad
464 3374 600 3413 ann.
632 3358 703 3414 49
733 3356 1021 3429 pertinere
1054 3356 1441 3423 ostendimus,
1476 3358 1631 3413 unde
1660 3357 1811 3412 liber
1839 3357 1949 3413 iste
1979 3357 2049 3412 ad
2081 3357 2187 3412 406
2226 3355 2304 3411 sit
2344 3355 2746 3411 deducendus.
2800 3355 2862 3410 Id
2907 3371 3079 3427 porro
3127 3357 3359 3410 constat
3404 3368 3474 3409 ex
3499 3352 3625 3421 illa,

207 3463 387 3520 quam
421 3446 478 3502 in
513 3447 627 3502 line
657 3450 953 3511 causatur,
990 3447 1187 3502 subita
1207 3445 1447 3502 Sisinnii
1472 3446 1666 3501 fratris
1689 3446 1748 3501 in
1774 3449 2076 3519 Egyptum
2101 3444 2471 3501 festinatione
2497 3462 2511 3512 ;
2536 3444 2631 3500 hic
2651 3443 2955 3516 sequidem
2972 3442 3071 3500 ille
3095 3441 3390 3499 Sisinnius
3411 3441 3626 3515 estqui

206 3551 328 3591 uno
356 3539 616 3607 tempore
643 3538 700 3590 et
718 3533 877 3590 hunc
908 3533 1121 3590 librum
1156 3534 1389 3607 Ripario
1423 3550 1488 3590 ac
1514 3533 1808 3590 Desiderio
1840 3534 2244 3598 deferendum,
2272 3538 2331 3590 et
2359 3534 2824 3615 Commentarios
2862 3532 2924 3587 in
2970 3530 3308 3588 Zachariam
3339 3531 3628 3605 Exuperio

206 3624 495 3682 Tolosano
525 3623 875 3690 reddendos,
905 3639 938 3679 a
968 3623 1028 3678 S.
1061 3622 1304 3679 Doctore
1335 3622 1575 3695 accepit,
1611 3639 1758 3695 quos
1788 3622 1913 3695 ipse
1943 3623 2002 3678 in
2035 3622 2370 3696 praefatione
2390 3639 2543 3678 anno
2574 3623 2698 3691 l106,
2735 3621 2837 3694 qui
2863 3623 3011 3677 sexti
3054 3620 3370 3677 aemulatus
3399 3620 3626 3678 Arcadii

206 3716 462 3786 Augusti,
493 3721 547 3770 et
596 3713 780 3768 Anicii
819 3713 986 3769 Probi
1028 3715 1189 3785 fastis
1236 3729 1434 3769 nomen
1481 3715 1766 3784 imposuit,
1815 3730 1850 3769 a
1898 3729 1960 3769 se
2006 3717 2259 3770 testatur
2305 3712 2701 3768 elucubratos.
2752 3711 2903 3778 Quin
2951 3710 3127 3766 etiam
3177 3711 3250 3765 ad
3307 3710 3435 3780 ejus
3482 3725 3632 3785 anni

208 3805 387 3860 ﬁnem
419 3818 611 3875 usque
638 3802 1029 3858 differendum
1062 3803 1353 3858 constabit
1381 3819 1450 3858 ex
1479 3802 1595 3859 alia
1627 3800 1894 3874 epistola,
1928 3803 1987 3857 in
2020 3807 2220 3858 nostra
2248 3801 2586 3857 recensione
2614 3801 2741 3868 429,
2772 3801 2845 3855 ad
2890 3798 3238 3855 Minervium
3288 3803 3345 3854 et
3370 3797 3627 3855 Alexan-

208 3894 406 3961 drum,
441 3892 499 3947 in
532 3907 651 3964 qua
678 3890 996 3957 Sisinnius,
1028 3897 1129 3963 qui
1160 3892 1355 3947 ultimo
1374 3893 1497 3964 jam
1532 3894 1793 3947 autumni
1820 3896 2059 3963 tempore
2082 3889 2377 3946 Bethleem
2398 3892 2757 3962 pervenerat,
2780 3887 2949 3960 quasi
2975 3889 3308 3942 moraturus
3329 3887 3430 3958 ibi,
3454 3901 3629 3959 usque

209 3981 279 4037 ad
306 3983 454 4038 diem
481 3980 942 4054 Epiphaniorum,
970 3980 1187 4036 dicitur
1214 3980 1371 4036 haud
1407 3980 1589 4036 multo
1622 3984 1772 4054 post,
1804 3980 1980 4036 subito
2007 3980 2385 4052 supervenisse
2411 3994 2656 4035 asserens
2682 3994 2739 4033 se
2768 3977 2918 4032 illico
2943 3977 3337 4047 profecturum.

208 4102 3628 4133 Μ

913 4233 1034 4335 S.
1132 4232 1812 4333 BUSBBII
1906 4225 2928 4332 HIERONYMI

1357 4404 1929 4466 STRIDONENSIS
1972 4400 2474 4464 PRESBYTER]

999 4552 1655 4687 CONTRA
1745 4550 2840 4687 VlGlLANTlUM

1512 4762 1858 4851 LIBER
1932 4760 2247 4850 UNUS
2280 4751 2332 4849 ¹.

277 5007 424 5064 887
461 5006 515 5064 4.
547 5006 836 5064 Jovinz'ani
857 5005 1140 5063 damnatio
1169 5014 1220 5063 et
1248 5021 1413 5063 mors.
1460 5009 1687 5062 Errores
1722 5006 1863 5077 Vigi-
1896 5005 1947 5071 Α
1979 5006 2180 5059 aerata
2210 5006 2386 5059 sunt:
2419 5004 2730 5058 centauros
2760 5003 2818 5058 et
2847 5001 3091 5070 sirenas,
3144 4999 3353 5057 udulas
3395 5000 3453 5054 et
3481 5013 3631 5054 ono-

205 5097 369 5154 lantii
387 5101 441 5153 et
471 5096 845 5169 blasphemiae.
877 5127 945 5136 ——
978 5094 1164 5153 Multa
1202 5095 1259 5151 in
1304 5095 1443 5151 orbe
1474 5097 1739 5151 monstra
1768 5110 1865 5167 ge-
1978 5091 2260 5148 crotalos‘l
2288 5092 2344 5147 in
2380 5090 2531 5147 Isaia
2560 5091 2687 5163 (Isa.
2726 5107 2828 5146 xm
2875 5098 2928 5147 et
2970 5089 3161 5162 xzmv)
3209 5087 3482 5161 legimus.
3514 5084 3626 5149 Job

279 5222 296 5255 ¹
326 5220 475 5297 Edd_-
503 5218 783 5297 Martian.
799 5223 880 5297 __et
923 5217 1173 5297 Yallars.
1220 5218 1438 5297 habent
1488 5217 1727 5297 titulum
1756 5216 1866 5273 bu-
1977 5218 2114 5297 orbe
2146 5219 2409 5297 monstra
2439 5219 2714 5297 generata
2743 5215 3181 5297 suntssirenes.
3211 5216 3475 5297 monstra
3504 5226 3629 5269 ma-

198 5292 501 5367 jusmodi:
534 5293 737 5364 Incipit
764 5293 912 5349 liber
944 5291 998 5347 S.
1042 5292 1364 5364 Hieronymi
1406 5290 1755 5363 presbyteris

205 5370 296 5421 tra
340 5364 717 5426 Vigilantiam.
766 5364 927 5419 Enrr.
958 5393 1028 5403 ——-
1061 5365 1258 5426 Incipit
1307 5363 1463 5419 liber.
1513 5362 1742 5426 Quanta

2072 5307 2124 5345 a.
2158 5285 2541 5345 Onoeratalus
2590 5287 2733 5369 avis,
2794 5291 2851 5369 et
2908 5286 3327 5360 interpretatur
3383 5285 3627 5413 latagum

2070 5366 2256 5426 trum,
2277 5357 2570 5426 Crotalon,
2590 5360 2646 5413 id
2668 5364 2778 5425 est,
2798 5358 3141 5416 clmbalum.
3168 5357 3451 5425 Udulas,1
3515 5361 3627 5425 est,

205 5370 296 5421 tra
340 5370 717 5437 Vigilantiam.
766 5370 927 5419 Enrr.
958 5393 1028 5403 ——-
1061 5370 1258 5436 Incipit
1307 5370 1463 5419 liber.
1513 5370 1742 5426 Quanta
1790 5370 1868 5417 sit
1977 5370 2646 5427 rostrum,Urotalon,id
2668 5370 3141 5425 est,clmba1um.
3169 5370 3411 5425 Udulas,
3434 5370 3493 5413 ια
3515 5370 3630 5425 est,

207 5436 468 5515 Operam
496 5434 832 5509 Hieronymi
862 5435 923 5490 in
968 5433 1323 5515 quibusdam
1374 5433 1540 5515 libris
1588 5450 1732 5515 mss.
1766 5433 1865 5515 de-
1976 5449 2112 5489 aves
2143 5433 2214 5487 ab
2261 5430 2541 5487 ululando
2589 5430 2796 5487 dictas.
2851 5430 3185 5502 Leviathan,
3235 5431 3293 5487 id
3346 5433 3439 5486 est
3466 5432 3630 5486 cetus

251 5504 498 5576 ravatio,
529 5523 599 5564 ex
632 5504 749 5563 uno
783 5523 894 5563 ms.
919 5504 1114 5563 codice
1136 5505 1504 5562 Cluniacensi
1527 5504 1675 5561 scire
1697 5505 1867 5562 nobis
2106 5575 2131 5576 η
2762 5574 2771 5576 _
2912 5573 2961 5576 η
3068 5575 3071 5576 ν
3120 5574 3151 5576 ὴ
3263 5574 3293 5576 Α
3349 5516 3625 5576 magnus.

234 5581 386 5647 icet;
421 5573 491 5635 in
536 5596 603 5635 eo
660 5577 816 5635 enim
875 5578 957 5634 ita
1013 5578 1215 5649 incipit
1244 5578 1553 5649 Tractatus
1606 5593 1865 5649 prmsens
2045 5575 2449 5649 'Eratantea
2490 5574 2866 5649 οηῡενζᾳιιιιοδ.⁸
2908 5573 3212 5649 Martialis,
3256 5574 3429 5649 Turpe
3457 5573 3627 5631 Rave-

208 5646 415 5709 contra
444 5650 874 5720 Vigilantium:
910 5670 938 5701 ‹‹
970 5646 1231 5708 INCIPIT
1261 5655 1356 5705 AD
1384 5646 1867 5720 YIGILANTIUM
1974 5648 2350 5720 natisguttur
2381 5646 2697 5720 onocrotali.
2752 5646 2945 5720 _Go_dex
2990 5646 3377 5720 Bononiensis
3422 5658 3627 5720 manas

207 5716 819 5786 CONSEN'I‘IENTEM
848 5720 1253 5784 JOVINIANO.
1306 5719 1494 5781 Multa
1539 5720 1776 5797 quidem
1806 5720 1865 5780 in
1977 5716 2223 5778 sterii’s.
2257 5716 2573 5776 Salvatoris
2603 5732 2718 5776 non
2752 5717 3041 5790 habet,yin
3069 5720 3215 5781 Isaia
3243 5719 3495 5794 legimus.
3594 5744 3599 5755 τ
