3944 6400
360 370 483 433 355

1598 367 1669 430 S.
1705 363 2014 428 EUSEBII
2056 361 2349 428 H-IERON
2360 362 2526 428 YMl.

3639 361 3755 428 336

362 499 672 557 Leviatban
703 500 761 553 et
789 497 1106 554 Behemoth
1138 496 1383 571 mystico
1414 512 1683 554 sermone
1734 494 2013 552 describit
2037 495 2194 561 Ade
2243 496 2400 553 ulnis
2450 501 2707 553 matrum
2756 497 3075 569 vagientes,
3137 495 3353 551 Christi
3400 497 3756 553 sacramenta

362 590 498 662 (Job.
532 605 596 644 ιιι
625 591 677 644 et
705 587 818 658 XL).
849 586 1158 642 Cerberum
1189 593 1247 643 et
1286 586 1740 659 Stymphalidas,
1775 601 2012 657 aprum-

358 694 473 750 que
503 674 972 749 Erymanthium,
1005 678 1061 729 et
1079 674 1306 731 leonem
1329 680 1648 741 Nemaeum,
1673 673 2009 729 chimaeram

366 771 541 838 atque
580 765 825 837 hydram
876 762 1193 819 multorum
1247 764 1500 835 capitum
1531 768 1773 819 narrant
1801 761 2013 817 fabulae

360 857 684 925 poetarum.
714 857 927 908 Cacum
960 853 1066 923 [Αἰ.
1110 852 1439 924 descripsit]
1491 851 1771 908 describit
1818 850 2009 923 Virgi-

357 942 472 999 lius
502 942 739 1014 (Ai‘ncid.
768 941 807 996 l.
842 946 990 1009 vni.)
1039 941 1392 997 Triformem
1424 941 1749 1013 Geryonem
1799 939 2007 1011 Hispa-

357 1031 464 1087 nia:
492 1031 895 1105 prodiderunt.
930 1030 1066 1087 Sola
1094 1029 1281 1086 Gallia
1319 1034 1581 1086 monstra
1629 1046 1743 1085 non
1778 1027 2005 1094 habuit,

354 1122 457 1181 sed
487 1120 627 1177 viris
655 1136 889 1192 semper
918 1119 1170 1175 fortibus
1200 1124 1258 1174 et
1286 1118 1790 1191 eloquentissimis
1820 1117 2005 1173 abun-

356 1210 534 1267 davit.
580 1209 825 1265 Exortus
875 1213 967 1263 est
1009 1207 1203 1263 subito
1253 1207 1627 1280 Vigilantius,
1679 1225 1781 1264 seu
1810 1207 2005 1263 verius

355 1297 799 1364 Dormitantius,
830 1296 930 1365 qui
962 1296 1267 1353 immundo
1299 1297 1511 1369 spiritu
1551 1301 1773 1369 pugnet
1801 1301 2006 1352 contra

352 1387 565 1447 Christi
597 1386 893 1459 spiritum,
926 1390 985 1441 et
1013 1390 1337 1458 martyrum
1387 1390 1559 1458 neget
1606 1384 1875 1458 sepulcra
1903 1401 2002 1440 ve-

348 1476 647 1545 neranda;
680 1475 1049 1531 damnandas
1080 1475 1187 1543 [Αἰ.
1219 1474 1381 1545 dicit]
1405 1475 1567 1530 dicut
1586 1490 1715 1530 esse
1733 1472 1999 1546 vigilias:

348 1574 656 1637 nunquam
716 1564 830 1621 nisi
882 1566 941 1619 in
1015 1564 1242 1620 Pascha
1297 1563 1545 1619 Alleluia
1600 1563 1997 1620 cantandum:

348 1653 793 1718 continentiam,
835 1652 1147 1719 haeresim;
1202 1651 1564 1725 pudicitiam,
1616 1652 1879 1708 libidinis
1909 1668 1999 1709 se-

351 1741 692 1811 minarium.
723 1742 794 1797 Et
822 1741 1116 1813 quomodo
1147 1740 1531 1813 Euphorbus‘
1565 1742 1623 1795 in
1675 1740 2002 1813 Pythagora

350 1835 593 1888 renatus
621 1846 748 1885 esse
779 1829 1138 1901 perhibetur,
1173 1829 1258 1884 sic
1278 1828 1337 1883 in
1372 1829 1483 1884 isto
1513 1828 1808 1885 Joviniani
1834 1846 1999 1885 mens
2032 1858 2079 1923 Β

352 1936 530 1993 prava
560 1918 847 1975 surrexit:
899 1921 963 1972 ut
1009 1921 1068 1973 et
1124 1918 1183 1972 in
1241 1916 1360 1985 illo,
1422 1921 1479 1973 et
1526 1917 1585 1972 in
1640 1916 1751 1973 hec
1782 1916 1996 1973 diaboli

352 2008 705 2081 respondere
734 2023 1017 2080 cogamur
1044 2004 1301 2075 insidiis,
1334 2006 1428 2062 cui
1449 2007 1585 2077 jure
1615 2007 1722 2077 [AL
1753 2005 1998 2079 dicetur]

349 2096 601 2152 dicitur:
630 2118 657 2147 «
693 2096 902 2152 Semen
933 2094 1281 2167 pessimum,
1315 2111 1455 2167 para
1485 2094 1635 2150 ﬁlios
1684 2100 1816 2151 tuos
1846 2094 1997 2151 occi-

348 2185 500 2242 sioni
532 2184 785 2257 peccatis
813 2184 996 2256 patris
1026 2182 1112 2239 tui
1142 2184 1266 2254 (lea.
1298 2200 1414 2249 xw,
1437 2200 1542 2239 set.
1574 2184 1716 2251 LXX,
1741 2201 1796 2242 ν.
1820 2185 1931 2255 21).
1966 2205 1996 2234 ››

349 2274 451 2330 Hic
483 2274 757 2330 Romanis
798 2272 1064 2329 Ecclesiae
1106 2272 1452 2329 auctoritate
1481 2273 1813 2341 damnatus,
1846 2274 1998 2330 inter

346 2362 627 2419 Phasides
667 2378 800 2417 aves
848 2366 906 2416 et
953 2377 1157 2417 carnes
1205 2359 1414 2417 suillas
1462 2378 1577 2417 non
1628 2365 1747 2417 tam
1800 2362 1998 2417 emisit

344 2451 640 2524 spiritum,
674 2466 852 2522 quam
880 2448 1180 2506 eructavit.
1217 2451 1329 2505 Iste
1372 2465 1557 2522 caupo
1605 2449 1995 2523 Calagurrita-

345 2557 480 2607 nus,
503 2544 560 2596 et
588 2539 647 2595 in
680 2554 1015 2611 perversum
1048 2543 1284 2611 propter
1313 2554 1524 2608 nomen
1574 2538 1745 2594 viculi
1794 2543 1995 2595 mutus

345 2627 788 2693 Quintilianus”,
852 2626 1059 2682 miscet
1114 2643 1327 2699 aquam
1375 2626 1530 2683 888
1575 2628 1789 2684 vino3:
1839 2629 1997 2683 etde

345 2715 589 2771 artiﬁcio
653 2714 901 2787 pristino
945 2731 1064 2770 sua:
1115 2731 1338 2770 venena
1384 2715 1641 2786 perﬁdiae
1695 2716 1995 2771 catholicae

348 2804 484 2861 ﬁdei
551 2804 772 2860 sociare
853 2807 1117 2869 conatur,
1173 2802 1521 2875 impugnare
1577 2803 1992 2877 virginitatem,

346 2892 540 2949 odisse
564 2890 936 2965 pudicitiam,
967 2891 1026 2945 in
1077 2891 1336 2947 convivio
1379 2891 1746 2949 saecularium
1795 2898 1997 2949 contra

345 2987 680 3038 sanctorum
705 2980 934 3052 jejunia
974 2978 1369 3052 proclamare:
1404 2981 1546 3035 dum
1586 2980 1739 3037 inter
1769 2982 1995 3055 phialas

345 3069 810 3143 philosophatur,
841 3073 899 3125 et
927 3070 997 3125 ad
1038 3068 1332 3140 placentas
1383 3068 1685 3142 liguriens,
1741 3071 1994 3143 psalmo-

347 3174 479 3215 rum
508 3156 902 3214 modulatione
929 3157 1255 3214 mulcetur:
1289 3163 1355 3214 ut
1400 3162 1630 3213 tantum
1673 3159 1825 3214 inter
1853 3176 1996 3230 epu-

346 3247 434 3304 las
458 3247 638 3304 David
668 3251 727 3302 et
755 3246 1035 3315 ldithum,
1070 3251 1127 3302 et
1172 3246 1367 3319 Asaph
1412 3251 1469 3303 ct
1521 3247 1777 3303 ﬁliorum
1809 3217 1992 3305 Chore
2024 3217 2067 3284 Ο

343 3336 574 3395 cantica
602 3336 806 3391 audire
834 3335 1128 3407 dignetur.
1164 3334 1280 3391 Hac
1313 3335 1564 3392 dolentis
1596 3336 1785 3407 magis
1815 3338 1993 3394 eﬁ‘udi

344 3425 540 3481 animo
569 3440 746 3495 quam
776 3423 1042 3492 ridentis,
1071 3424 1213 3479 dum
1262 3441 1354 3480 me
1397 3423 1667 3481 cohibere
1719 3442 1833 3481 non
1861 3444 1994 3499 pos-

343 3530 502 3581 sum,
533 3517 591 3569 et
612 3512 892 3584 injuriam
926 3511 1325 3584 apostolorum
1353 3530 1418 3568 ac
1466 3518 1784 3585 martyrum
1816 3517 1997 3572 surda

343 3618 570 3676 nequeo
602 3618 744 3658 aure
775 3601 1046 3657 transire.

412 3697 466 3749 2.
499 3691 787 3748 Calibatus
815 3691 1155 3746 clericorum.
1188 3720 1256 3729 —
1287 3688 1434 3745 Proh
1470 3689 1633 3747 nefas
1658 3689 1671 3746 Ι
1694 3691 1996 3763 episcopos

343 3782 435 3838 sui
468 3779 704 3837 sceleris
752 3778 968 3835 dicitur
1016 3778 1233 3834 habere
1291 3781 1628 3836 consortes:
1692 3780 1739 3836 si
1798 3784 1993 3837 tamen

339 3870 599 3944 episcopi
615 3868 958 3926 nominandi
975 3871 1137 3936 sunt,
1153 3867 1251 3941 qui
1269 3884 1384 3924 non
1400 3868 1678 3925 ordinant
1696 3869 1993 3941 diaconos,

342 3958 456 4016 nisi
488 3958 652 4031 prius
677 3975 886 4014 uxores
915 3956 1224 4013 duxerint:
1276 3956 1420 4012 nulli
1467 3956 1648 4014 caelibi
1698 3958 1996 4015 credentes

342 4046 705 4120 pudicitiam,
747 4047 865 4102 imo
905 4046 1280 4104 ostendentes
1327 4063 1503 4118 quam
1554 4051 1755 4103 sancte
1804 4047 1999 4104 vivant

344 4134 444 4208 qui
478 4133 629 4190 male
672 4135 742 4190 de
797 4135 1072 4190 omnibus
1125 4133 1540 4206 suspicantur:
1598 4139 1657 4191 et
1714 4135 1825 4192 nisi
1857 4153 1996 4208 prae-

343 4226 591 4296 gnantes
637 4238 848 4278 uxores
897 4222 1151 4279 viderint
1205 4222 1576 4290 clericorum,
1627 4225 1996 4298 infantesque

346 4397 621 4453 magnus,
671 4385 730 4438 et
771 4381 1192 4453 interpretatur
1242 4382 1711 4439 additamentum
1770 4396 1999 4441 eorum;

345 4453 663 4509 Behemoth
712 4453 1135 4526 interpretatur
1168 4453 1419 4526 animal.
1453 4454 1897 4526 Stimphalidas,
1939 4457 1996 4511 id

344 4530 453 4592 est,
486 4526 755 4597 arpiasra
799 4523 1125 4596 Stimpbalo
1156 4523 1417 4597 ﬂumine.
1468 4523 1783 4597 Centauros
1831 4533 1889 4582 et
1919 4528 1997 4582 si-

344 4587 781 4671 renasfrululas
829 4600 887 4651 et
934 4587 1340 4671 nonocratalos
1395 4595 1455 4651 in
1525 4596 1674 4652 Isaia
1718 4598 1994 4671 legimus,
2029 4587 2073 4653 ἰ)
2110 4587 2315 4671 primis
2347 4587 2555 4671 Hieron

343 4674 453 4725 etc.
490 4690 518 4718 ››
551 4668 691 4735 Quis
722 4683 836 4723 non
863 4667 1231 4723 exhorrescat
1274 4671 1497 4723 tantam
1545 4685 1613 4723 ac
1654 4667 1831 4724 talem
1864 4671 1993 4735 puri

345 4745 653 4811 contextus
707 4738 1100 4811 corruptelam
1151 4743 1228 4811 ret
1270 4739 1741 4811 depravationem
1781 4738 1995 4797 codicis

344 4828 458 4868 ms.
492 4810 915 4876 Cluniacensis,
946 4810 1163 4882 alioqui
1186 4810 1758 4882 prastantissimi,et
1779 4811 1840 4867 in
1863 4813 1996 4869 aliis

344 4853 491 4939 hanc
548 4882 750 4938 multis
803 4853 1450 4954 castigati‘iislscripti?
1482 4882 1608 4954 _Sed
1663 4853 1782 4939 haec
1830 4853 1996 4940 facile

335 4954 602 5026 .abstergi
645 4959 911 5035 possunt
960 4951 1033 5035 ex
1093 4951 1226 5035 aliis
1272 4951 1725 5035 exemplaribus,
1776 4956 1995 5027 quibus

346 5023 580 5148 semper
608 5023 980 5081 abundamus
1012 5025 1070 5079 in
1100 5023 1209 5079 hac
1239 5023 1511 5080 editione.
1545 5023 1822 5081 MAR-mni.

385 5097 459 5168 _*_
516 5096 609 5151 ide
638 5113 764 5168 quae
796 5113 977 5168 supra
1005 5098 1116 5152 sub
1142 5097 1319 5168 ﬁnem
1373 5097 1615 5168 secundi
1666 5102 1867 5152 contra
1890 5101 1992 5153 Jo-

344 5166 812 5293 Zinianum'libri
843 5166 1216 5224 adnotamus.
1252 5167 1393 5223 Mss.
1439 5167 1758 5224 Bononien.
1792 5169 1992 5245 Eu/‘or-

383 5253 494 5293 ms.

383 5253 594 5382 triton
654 5308 1055 5382 utuYictorius
1093 5314 1298 5382 putat,
1360 5309 1514 5382 quod
1549 5313 1994 5382 Aconterraneus

347 5378 705 5444 Quintiliano
717 5379 1066 5454 Vigilantius
1083 5378 1395 5454 fuerit,gsed
1410 5380 1565 5454 quod
1586 5382 1993 5454 cognominem

344 5456 597 5523 uterque
643 5451 890 5523 patriam
938 5451 1210 5523 habuerit
1268 5451 1682 5523 Calagurrimf
1710 5452 1813 5507 Illa
1858 5470 1994 5509 vero

349 5520 690 5594 Quintiliani
727 5521 782 5576 in
813 5521 1089 5594 Hispania
1113 5523 1313 5578 civitas
1337 5520 1460 5591 fuit,
1496 5525 1673 5594 hujus
1697 5531 1891 5580 autem
1919 5527 1996 5580 vi-

340 5593 518 5653 culus
550 5598 785 5666 propter
807 5593 1208 5670 Convenarum
1244 5593 1739 5670 urbemhundeet
1770 5596 1825 5651 in
1861 5614 1992 5670 per-

347 5664 582 5733 versum
639 5664 874 5740 accepto
930 5664 1167 5724 nomine
1220 5673 1406 5725 mutu:
1466 5664 1993 5738 Quintilianus'bic

2123 601 2236 639 non
2261 585 2541 642 tribuant.
2576 586 2720 653 Quid
2755 586 2970 642 facient
3000 584 3250 642 Orientis
3278 584 3544 642 Ecclesize
3564 584 3591 639 ?
3612 582 3752 647 Quid

2119 672 2347 746 Egypti
2378 678 2435 729 et
2464 674 2630 730 Sedis
2661 674 3015 747 apostolicae,
3050 692 3177 747 quae
3224 677 3327 730 aut
3367 672 3619 745 virgines
3647 671 3753 728 cle-

2120 763 2271 818 ricos
2318 763 2642 834 accipiunt‘
2704 769 2805 818 aut
2852 765 3249 819 continentes:
3306 768 3409 819 aut
3457 762 3506 817 si
3557 777 3755 818 uxores

2120 850 2454 917 habuerint,
2487 852 2680 907 mariti
2716 868 2845 908 esse
2877 853 3170 908 desistunt
3201 856 3224 908 P
3254 852 3370 908 Hoc
3395 851 3592 907 docuit
3617 849 3752 905 Dor-

2120 937 2447 1004 mitantius,
2480 939 2707 995 libidini
2741 940 2903 995 frena
2936 941 3299 1012 permittens,
3347 944 3404 995 et
3433 935 3751 994 naturalem

2116 1026 2310 1083 carnis
2369 1028 2659 1092 ardorem,
2720 1028 2821 1099 qui
2876 1029 2936 1083 in
2980 1028 3369 1085 adolescentia
3418 1025 3753 1099 plerumque

2117 1115 2401 1185 fervescit,
2434 1116 2558 1172 suis
2590 1116 2696 1186 [AL
2729 1116 3179 1187 hortationibus]
3210 1115 3542 1172 hortatibus
3568 1112 3752 1186 dupli-

2114 1220 2255 1261 cans
2281 1222 2294 1273 ;
2326 1203 2444 1260 imo
2472 1205 2626 1261 889
2674 1205 3052 1275 exstinguens
3097 1205 3251 1260 coitu
3273 1204 3623 1261 feminarum
3649 1220 3662 1271 ;
3693 1204 3754 1257 ut

2115 1291 2259 1348 nihil
2290 1294 2366 1350 sit
2397 1310 2512 1366 quo
2544 1291 2832 1349 distamus
2863 1312 2897 1349 a
2928 1294 3140 1367 porcis,
3189 1310 3307 1366 quo
3354 1292 3692 1348 differamus
3720 1307 3753 1346 a

2113 1382 2303 1437 brutis
2333 1381 2756 1449 animantibus,
2787 1399 2903 1453 quo
2934 1382 3006 1438 ab
3037 1383 3226 1454 equis,
3261 1383 3332 1439 de
3362 1381 3577 1454 quibus
3615 1378 3750 1436 scri-

2112 1478 2276 1542 ptum
2307 1475 2433 1526 est:
2470 1494 2497 1520 «
2534 1472 2678 1543 Equi
2708 1471 3067 1527 insanientes
3095 1471 3153 1526 in
3186 1471 3437 1527 feminas
3465 1470 3599 1526 facti
3620 1474 3753 1527 sunt

2113 1558 2252 1614 mihi
2283 1574 2298 1614 :
2334 1560 2742 1632 unusquisque
2774 1560 2832 1614 in
2865 1577 3099 1616 uxorem
3131 1560 3379 1631 proximi
3418 1559 3510 1615 sui
3539 1557 3752 1614 hinnie-

2110 1647 2210 1703 bat
2238 1648 2460 1719 (Jerem.
2493 1666 2547 1716 ν,
2580 1650 2658 1719 8).
2694 1672 2721 1698 ››
2753 1654 2866 1705 [loc
2893 1653 2982 1704 est
3011 1649 3166 1721 quod
3211 1648 3475 1721 loquitur
3514 1665 3615 1720 per
3641 1648 3749 1703 Da-

2108 1737 2202 1793 vid
2235 1737 2489 1810 Spiritus
2519 1742 2796 1793 sanctus:
2832 1761 2858 1787 ‹‹
2893 1736 3080 1794 Nolite
3129 1738 3252 1793 ﬁeri
3300 1737 3457 1794 sicut
3483 1752 3669 1809 equus
3696 1740 3751 1792 et

2111 1826 2330 1894 mulus,
2363 1827 2580 1899 quibus
2603 1844 2717 1883 non
2748 1832 2836 1883 est
2867 1826 3200 1884 intellectus
3228 1828 3398 1900 (1)εαὶ.
3430 1844 3584 1893 xxxi,
3614 1826 3689 1897 9).
3720 1847 3747 1875 υ

2110 1917 2178 1971 Et
2206 1933 2443 1973 rursum
2475 1917 2546 1972 de
2578 1916 2963 1972 Dormitantio
2985 1921 3043 1972 et
3063 1916 3237 1987 sociis
3258 1918 3388 1988 ejus
3411 1933 3425 1971 :
3452 1941 3478 1966 ‹‹
3509 1917 3569 1972 In
3591 1931 3748 1972 camo

2108 2008 2166 2060 et
2196 2005 2357 2061 freno
2388 2004 2656 2061 maxillas
2702 2021 2904 2061 eorum
2952 2006 3286 2079 constringe
3337 2006 3437 2078 qui
3492 2022 3607 2061 non
3651 2020 3747 2077 ap-

2108 2094 2439 2168 proximant
2467 2095 2625 2165 adgte
2654 2094 2859 2165 (Ibid).

2177 2184 2231 2239 3.
2292 2186 2575 2256 Riparius,
2643 2184 2956 2240 Desiderius
3025 2189 3075 2240 et
3122 2185 3419 2241 Sisinm'us.
3471 2184 3748 2257 Imperitia

2113 2273 2415 2344 Vigilantii.
2449 2304 2517 2313 —
2548 2272 2657 2328 Sed
2681 2274 2808 2343 jam
2840 2279 3074 2346 tempus
3106 2278 3214 2339 est,
3254 2277 3319 2329 ut
3368 2273 3555 2346 ipsius
3582 2272 3747 2328 verba

2108 2367 2390 2435 ponentes
2443 2362 2512 2417 ad
2569 2360 2805 2434 singula
2851 2363 3202 2434 respondere
3269 2363 3547 2419 nitamur.
3608 2360 3745 2417 Fieri

2106 2451 2263 2507 enim
2294 2457 2508 2523 potest,
2540 2456 2605 2506 ut
2643 2468 2879 2506 rursum
2925 2450 3221 2525 malignus
3269 2452 3556 2524 interpres
3604 2450 3748 2506 dicat

2107 2539 2303 2595 ﬁctam
2334 2555 2368 2593 a
2399 2554 2490 2593 me
2522 2538 2848 2606 materiam,
2880 2539 2973 2594 cui
3005 2538 3293 2595 rhetorica
3336 2538 3747 2596 declamatione

2109 2628 2495 2699 respondeam
2521 2645 2533 2683 :
2568 2627 2722 2683 sicut
2751 2628 2912 2683 illam
2944 2644 3121 2700 quam
3155 2628 3365 2701 scripsi
3414 2629 3486 2684 ad
3516 2626 3742 2694 Gallias,

2108 2716 2315 2772 matris
2353 2721 2412 2772 et
2459 2715 2588 2770 ﬁliae
2640 2716 2792 2771 inter
2837 2733 2900 2772 se
2944 2717 3432 2773 discordantium.
3479 2719 3745 2774 Auctorcs

2106 2809 2246 2861 sunt
2292 2805 2470 2875 hujus
2519 2805 2953 2861 dictatiunculze
3003 2824 3143 2863 mete
3182 2807 3371 2862 sancti
3434 2803 3744 2879 presbyteri

2107 2894 2378 2966 Riparius
2417 2899 2475 2948 et
2506 2894 2854 2962 Desiderius,
2889 2895 2989 2967 qui
3036 2896 3319 2968 parmcias
3362 2913 3503 2953 suas
3548 2894 3745 2951 vicinia

2107 2983 2279 3038 istius
2309 2982 2574 3038 scribunt
2602 2999 2728 3038 esse
2760 2983 3102 3051 maculatas,
3137 2984 3544 3057 miseruntque
3573 2983 3745 3039 libros

2107 3089 2209 3143 per
2240 3072 2475 3126 fratrem
2509 3071 2856 3137 Sisinnium,
2889 3090 3039 3145 quos
3081 3073 3233 3130 inter
3276 3073 3576 3147 crapulam
3607 3077 3742 3129 ster-

2106 3164 2235 3215 tens
2266 3160 2539 3216 evomuit.
2574 3161 2642 3215 Et
2679 3167 2950 3217 asserunt
2981 3166 3239 3234 repertos
3276 3178 3409 3218 esse
3440 3160 3742 3219 nonnullos

2106 3250 2231 3322 qui,
2264 3249 2523 3306 faventes
2563 3249 2722 3306 vitiis
2752 3250 2898 3315 suis,
2932 3250 3090 3305 illius
3113 3249 3500 3323 blasphemiis
3519 3249 3742 3322 acquie-

2104 3344 2289 3396 scant.
2325 3339 2426 3394 Est
2455 3338 2691 3411 quidem
2724 3338 3054 3410 imperitus,
3087 3344 3145 3395 et
3172 3338 3365 3396 verbis
3406 3345 3464 3396 et
3490 3338 3739 3405 scientia,

2104 3432 2161 3483 et
2209 3443 2477 3483 sermone
2533 3426 2907 3484 inconditus:
2974 3444 3046 3482 ne
3101 3445 3237 3484 vera
3279 3429 3518 3500 quidem
3567 3428 3745 3501 potest

2104 3516 2452 3571 defendere:
2489 3516 2589 3571 sed
2624 3520 2861 3588 propter
2891 3516 3157 3573 homines
3206 3516 3405 3573 saeculi
3432 3522 3489 3573 et
3518 3515 3743 3572 mulier-

2104 3604 2268 3661 culas
2298 3609 2561 3660 oneratas
2591 3604 2861 3675 peccatis,
2904 3621 3136 3678 semper
3180 3605 3472 3664 discentes
3520 3612 3576 3662 et
3603 3620 3743 3661 nun-
3810 3670 3819 3678 ,

2106 3709 2282 3766 quam
2313 3692 2385 3749 ad
2417 3692 2722 3749 scientiam
2753 3693 3011 3750 veritatis
3056 3697 3477 3766 pervenientes,
3511 3712 3626 3752 una
3652 3692 3741 3750 lu-

2104 3780 2551 3838 cubratiuncula
2578 3780 2741 3838 illius
2771 3781 2976 3838 naeniis
3008 3784 3393 3855 respondebo,
3428 3802 3499 3841 ne
3528 3786 3735 3840 sancto-

2105 3887 2236 3926 rum
2256 3869 2534 3937 virorum,
2558 3870 2656 3941 qui
2678 3870 2875 3925 uthac
2897 3871 3145 3928 facerem
3165 3887 3260 3928 mc
3277 3872 3568 3945 deprecati
3589 3874 3737 3939 sunt,

2104 3960 2302 4017 videar
2328 3958 2553 4015 litteras
2593 3960 2907 4027 respuisse.

2177 4047 2227 4099 4.
2264 4044 2661 4101 Conveniamm
2691 4048 2849 4101 urbes
2890 4055 2943 4103 et
2983 4049 3172 4120 patria
3223 4050 3528 4121 l’igitantii.
3582 4056 3735 4107 Pom-

2104 4136 2368 4207 peiOpolis
2413 4136 2525 4207 fuit
2550 4134 2714 4190 dicta.
2758 4136 3312 4208 l'erbavigilantz'i.—
3342 4139 3631 4196 Nimirum
3661 4153 3740 4196 re—

2107 4224 2355 4297 spondet
2382 4226 2583 4297 generi
2614 4240 2742 4292 suo,
2775 4228 2841 4280 ut
2870 4225 2971 4297 qui
3000 4226 3072 4282 de
3109 4226 3402 4285 latronum
3451 4235 3507 4286 et
3536 4230 3740 4286 Conve-

2107 4384 2338 4440 dicitur.

2175 4457 2197 4490 ⁸
2226 4456 2418 4511 Alludi
2447 4455 2674 4511 videtur
2703 4455 2847 4512 illud
2883 4458 2989 4515 ise.
3024 4476 3063 4524 ι,
3104 4461 3295 4516 Vinum
3339 4465 3497 4517 tuum
3534 4463 3744 4516 mz'uum

2107 4528 2568 4614 estaqua‘,"quod
2598 4528 2818 4614 passim
2865 4529 2964 4614 alii
3013 4534 3342 4614 Patresme‘t
3390 4538 3589 4614 noster
3618 4544 3742 4588 cum

2110 4601 2315 4671 primis
2347 4601 2732 4724 Hieronymus
2764 4601 2837 4655 de
2880 4601 3167 4659 haereticis
3216 4602 3437 4660 dictum
3476 4606 3745 4677 interpre-

2104 4676 2333 4748 tantur.
2357 4669 2554 4726 Tertul
2583 4671 2754 4748 ianus
2784 4671 2885 4748 lib.
2917 4674 2994 4748 de
3013 4676 3224 4741 anima,
3265 4692 3315 4731 c.
3343 4677 3396 4731 3.
3418 4690 3680 4748 caupones
3700 4678 3749 4728 et

2103 4743 2395 4830 miscentes
2418 4757 2617 4812 aquam
2645 4744 2771 4830 υἰῃο
2801 4743 3102 4830 Ιιφιιθὶὶερει
3130 4751 3313 4827 vocat.
3370 4743 3742 4830 Hieronymus

2105 4817 2425 4888 utrumque
2455 4829 2571 4868 uno
2600 4814 2773 4869 verbo
2823 4815 3254 4888 elegantissime
3301 4824 3359 4874 et
3401 4814 3744 4888 haeresimet

2104 4884 2521 4963 cauponariam
2553 4889 2743 4963 artem
2784 4884 3130 4963 exprobrare
3181 4888 3363 4963 voluit
3416 4886 3736 4963 Vigilantio.

2173 4957 2197 4991 ⁴
2225 4957 2333 5010 Ms.
2377 4972 2580 5011 omnes
2626 4957 2963 5027 accipit,'ut
3009 4958 3195 5015 solam
3240 4957 3562 5017 Romana'm
3609 4974 3738 5015 con-

2105 5027 2476 5099 suetudinem
2508 5029 2793 5099 respicere
2822 5029 3106 5085 videatur.
3141 5031 3344 5088 Recole
3368 5038 3558 5090 autem
3591 5043 3736 5086 nunc

2103 5097 2206 5152 illa
2233 5097 2335 5154 lib.
2379 5115 2436 5176 ι
2477 5097 2681 5176 contra
2735 5100 2982 5176 .lovinia.
3015 5103 3134 5176 Non
3177 5119 3331 5176 posse
3383 5121 3492 5161 esse
3540 5104 3737 5176 episco-

2095 5186 2261 5248 pum,
2288 5171 2388 5248 ρειᾼί
2413 5171 2813 5248 ἰηηερίεσοραειι
2841 5172 2985 5248 ﬁlios
3006 5171 3477 5248 faciat'mlioquin
3496 5178 3545 5231 si
3564 5171 3737 5248 deprc-

2104 5241 2308 5320 henaus
2337 5243 2527 5320 fuerit,
2559 5241 2869 5320 non’quas’z:
2888 5247 2975 5298 vir
2995 5241 3285 5320 tenebitur,
3308 5241 3401 5303 sed
3414 5248 3571 5320 quasi
3586 5241 3732 5320 ιιᾷιιις

2103 5321 2190 5390 ger
2218 5311 2592 5390 damnabitur.
2641 5311 3053 5390 Astipulantur
3096 5311 3359 5390 Siricius,
3409 5311 3575 5390 epist.
3607 5318 3629 5390 l
3667 5311 3734 5370 ad

2102 5383 2449 5458 Himerium,
2458 5383 2857 5458 innocentius,
2871 5386 3039 5458 epist.
3056 5389 3126 5443 ad
3146 5383 3737 5458 Victricium,Ambro-

2072 5502 2079 5507 ε
2103 5456 2230 5533 sius
2254 5454 2414 5533 _lib.‘1
2447 5455 2700 5533 Ofﬁcior.
2727 5472 2852 5533 cap.
2877 5454 2968 5521 50,
2989 5464 3112 5514 tum
3138 5460 3309 5533 epist.
3327 5463 3387 5519 6|
3413 5454 3730 5515 ad'Vcrcell.

2103 5526 2466 5606 Epiphanius
2527 5527 2729 5606 haeres.
2791 5526 2994 5606 59‘__et,
3074 5537 3135 5606 ut
3176 5526 3337 5606 alios
3391 5536 3732 5606 praeteream,

2102 5598 2471 5674 Augustinus
2501 5599 2572 5656 ad
2607 5599 2821 5657 calcem
2859 5600 2956 5657 lib.
2992 5619 3031 5658 ιι
3061 5604 3130 5661 de
3153 5598 3413 5662 Adulter:
3436 5600 3731 5676 conjugiis.
