3944 6458
192 390 298 463 384

1415 387 1730 457 QDN-BM
1772 386 2321 455 VIGILANTIUM.

3455 390 3576 454 36!

202 524 474 583 nascimur.
506 520 685 591 Quare
732 522 1041 579 luminaria
1092 524 1162 579 ad
1216 522 1581 596 Evangelium
1620 540 1809 580 accen-
1842 527 1893 591 Α
1926 528 1979 578 te
2008 521 2179 598 vilem
2210 520 2623 595 pulvisculum.
2657 522 2822 579 oll'ert
2852 522 3100 581 Domino
3156 522 3465 592 sacriﬁcia,
3514 528 3580 582 et

201 614 377 685 dantur
397 615 505 666 .9.—
525 610 735 671 Coreos
757 616 955 669 autem
973 629 1089 669 non
1102 611 1260 669 clara
1278 611 1409 669 luce
1434 613 1812 669 accendimus

202 704 335 775 sicut
360 701 574 765 frustra
600 700 1005 771 calumniaris,
1038 702 1141 759 sed
1190 705 1257 758 ut
1305 703 1493 761 noctis
1545 703 1814 758 tenebras

200 792 294 855 hoc
318 789 518 863 solatio
547 793 942 863 temperemus
970 809 984 861 ;
1017 795 1074 848 et
1100 791 1413 864 vigilemus
1463 791 1537 847 ad
1589 791 1810 847 lumen.

202 898 265 953 ne
284 879 405 947 oeci
426 883 618 946 tecum
642 879 1009 939 dormiamus
1031 880 1088 937 in
1118 880 1374 937 tenebris
1400 879 1609 945 '.Quod
1635 880 1683 937 si
1712 879 1813 935 ali-

199 969 285 1043 qui
312 986 405 1044 per
433 968 807 1042 imperitiam.
860 974 918 1026 et
958 969 1397 1042 simplicitatem
1441 968 1812 1029 saecularium

200 1058 474 1121 hominum
524 1058 616 1119 vel
666 1064 818 1116 certe
865 1058 1275 1133 religiosarum
1318 1059 1693 1127 feminarum,
1744 1059 1815 1116 de

198 1148 389 1221 quibus
414 1164 546 1213 vere
576 1164 895 1221 possumus
933 1148 1126 1205 dicere
1162 1166 1173 1204 :
1207 1171 1236 1199 «
1268 1149 1574 1217 Confiteor,
1622 1148 1811 1204 zelum

199 1238 286 1301 Dei
310 1237 538 1309 habent,
569 1237 674 1299 sed
701 1254 817 1296 non
848 1239 1174 1296 secundum
1207 1237 1511 1295 scientiam
1545 1239 1722 1309 (Rom.
1753 1255 1811 1306 x,

196 1328 265 1401 2),
290 1349 317 1387 ξι
344 1326 447 1385 hoc
478 1344 585 1405 pro
614 1327 836 1387 honore
866 1332 1190 1401 martyrum
1225 1328 1468 1396 faciunt,
1501 1328 1639 1400 quid
1679 1327 1815 1384 inde

196 1416 413 1489 perdis?
440 1417 849 1475 Causabantur
893 1417 1193 1489 quondam
1241 1420 1301 1472 et
1349 1415 1620 1489 apostoli,
1656 1416 1813 1489 quod

195 1506 385 1578 periret
411 1510 782 1579 unguentum
816 1523 831 1574 ;
860 1505 962 1563 sed
991 1505 1225 1563 Domini
1249 1522 1386 1562 voce
1402 1505 1648 1579 correpti
1675 1510 1816 1562 sunt

195 1595 378 1666 (Matth.
411 1612 564 1660 xxvx,
614 1599 644 1653 8
695 1603 746 1650 et
788 1594 934 1651 Marc
986 1612 1104 1662 xxv,
1128 1597 1206 1664 8).
1247 1595 1445 1668 Neque
1474 1596 1629 1652 enim
1654 1595 1817 1651 Chri-

93 1684 97 1688 ’
193 1687 304 1741 stus
329 1683 628 1759 indigebat
656 1689 977 1757 unguento,
1010 1701 1115 1741 nec
1145 1690 1434 1759 martyres
1466 1683 1692 1741 lumine
1721 1701 1812 1740 cc-

192 1789 445 1841 reorum:
479 1777 539 1837 et
588 1777 785 1831 tamen
841 1771 943 1833 illa
997 1773 1211 1831 mulier
1267 1774 1326 1830 in
1386 1773 1605 1830 honore
1659 1776 1817 1832 894

191 1862 386 1920 Christi
415 1862 525 1920 hoc
559 1863 714 1926 fecit.
747 1862 1093 1937 devotioquo
1125 1863 1340 1920 mentis
1371 1864 1500 1936 ejus
1539 1864 1817 1938 recipitur

190 1952 251 2008 Et
276 1951 625 2026 quicumque
655 1953 984 2009 accendunt
1011 1969 1229 2021 cereos,
1265 1955 1592 2010 secundum
1639 1953 1815 2010 ﬁdem

190 2056 341 2101 suam
367 2041 585 2100 habent
614 2043 964 2111 mercedem,
994 2041 1223 2098 dicente
1247 2043 1543 2115 Apostolo:
1565 2066 1593 2094 «
1617 2048 1816 2100 Unus-

190 2128 420 2205 quisque
446 2131 507 2187 in
540 2148 646 2188 suo
676 2147 854 2188 sensu
886 2131 1148 2188 abundet
1176 2132 1346 2204 (Rom.
1374 2134 1608 2204 x1v,5).»
1633 2132 1819 2189 Idolo-

189 2218 352 2277 latras
380 2218 645 2294 appellas
672 2220 1015 2291 hujusmodi
1049 2219 1317 2277 homines
1336 2222 1364 2276 ?
1393 2222 1519 2278 Non
1540 2222 1814 2291 dimteor,

188 2324 373 2368 omnes
400 2326 512 2367 nos
540 2310 642 2382 qui
664 2310 721 2365 in
745 2308 973 2366 Christo
1014 2309 1311 2367 credimus
1357 2312 1428 2366 de
1474 2309 1815 2367 idololatriae

185 2415 358 2457 errore
384 2399 636 2458 venisse.
696 2400 821 2457 Non
881 2400 1038 2455 enim
1097 2401 1419 2470 nascimur,
1480 2402 1584 2457 sed
1646 2418 1815 2458 rena-

187 2489 391 2546 seimur
434 2488 779 2545 Christiani.
829 2490 899 2546 Et
947 2489 1083 2562 quia
1131 2490 1429 2562 quondam
1479 2490 1817 2548 colebamus

184 2576 342 2648 idola,
373 2595 534 2635 nunc
565 2579 747 2635 Deum
782 2577 967 2635 colere
994 2595 1111 2635 non
1161 2579 1468 2647 debemus,
1516 2596 1588 2636 ne
1636 2580 1815 2636 simili

183 2680 302 2724 eum
326 2669 639 2727 videamur
664 2684 799 2724 cum
828 2665 1002 2724 idolis
1046 2667 1265 2724 honore
1311 2669 1575 2726 venerari
1607 2670 1637 2725 ?
1665 2669 1814 2726 Illud

183 2755 340 2814 fiebat
364 2757 565 2823 idolis,
611 2762 668 2813 et
705 2757 922 2814 idcirco
970 2758 1385 2814 detestandum
1430 2764 1560 2815 est:
1598 2759 1707 2816 hoc
1754 2760 1819 2815 fit

184 2846 555 2920 martyribus,
612 2845 830 2902 idcirco
897 2844 1297 2917 recipiendum
1375 2850 1483 2902 est.
1544 2845 1685 2904 Nam
1762 2851 1819 2902 et

184 2933 391 3007 absque
419 2938 750 3008 martyrum
784 2933 1051 3007 reliquiis
1078 2951 1184 3007 per
1228 2938 1382 2991 totas
1429 2935 1683 2993 Orientis
1713 2936 1819 2992 Ec-

179 3022 394 3091 clesiae,
425 3025 669 3098 quando
697 3024 1009 3097 legendum
1040 3028 1131 3081 est
1177 3022 1580 3097 Evangelium,
1614 3042 1819 3082 accen-

180 3112 386 3171 duntur
413 3114 751 3183 luminaria,
775 3115 904 3186 jam
931 3113 1052 3171 sole
1094 3113 1372 3170 rutilante
1407 3131 1420 3170 :
1454 3131 1571 3170 non
1616 3115 1820 3188 utique

178 3201 241 3257 ad
272 3202 565 3277 fugandas
593 3203 886 3271 tenebras,
920 3203 1020 3259 sed
1056 3203 1125 3258 ad
1159 3201 1397 3276 signum
1445 3203 1660 3260 laetitiae
1716 3204 1817 3261 de-

1919 611 2185 668 tumulos
2213 627 2417 667 eorum
2446 610 2663 669 Christi
2692 612 3012 669 arbitratur
3040 611 3249 669 altaria
3277 612 3305 668 ?
3335 613 3406 670 Et
3454 629 3571 673 non

1923 700 2117 757 solum
2144 700 2323 757 unius
2354 701 2538 765 urbis,
2589 702 2690 758 sed
2740 701 2921 758 totius
2977 702 3137 759 orbis
3195 706 3394 760 errant
3447 703 3575 776 epi-

1924 789 2216 862 scopi,qui
2248 806 2573 865 cauponem
2605 789 2990 863 Vigilantiam
3022 791 3577 862 contemnentes,in-

1922 879 2271 951 grediuntur
2302 879 2576 937 basilicas
2604 884 2994 948 mortuorum,
3028 881 3087 937 in
3134 881 3350 954 quibus
3381 881 3576 955 pulvis

1920 967 2245 1027 vilissimus
2275 973 2334 1026 et
2365 968 2601 1037 t'avillia,
2635 970 2830 1027 nescio
2857 987 3005 1042 quae,
3030 971 3188 1042 jacet
3234 970 3575 1029 linteamine

1922 1057 2232 1115 convoluta
2260 1058 2299 1113 ³.
2335 1061 2400 1113 ut
2448 1057 2672 1131 polluta
2730 1058 2930 1117 omnia
2990 1059 3230 1132 polluat,
3290 1064 3346 1116 et
3402 1061 3574 1135 quasi

1922 1150 2192 1220 sepulcra
2219 1147 2554 1204 Pharisaica
2586 1147 2729 1203 foris
2761 1147 3032 1204 dealbata
3076 1148 3198 1205 sint
3245 1166 3378 1207 cum
3410 1149 3574 1211 intus

1922 1237 2231 1293 immundo
2254 1237 2467 1303 cinere,
2498 1237 2650 1294 395
2686 1237 2857 1307 juxta
2898 1242 2974 1304 te,
3020 1237 3332 1296 immunda
3377 1239 3578 1298 omnia

1923 1325 2118 1382 oleant
2145 1330 2320 1399 atque
2348 1326 2627 1382 sordeant
2661 1326 2699 1381 ‘.
2735 1326 2806 1381 Et
2852 1331 2985 1398 post
3030 1327 3154 1383 haec
3198 1328 3270 1384 de
3296 1329 3573 1388 barathro

1923 1416 2172 1488 pectoris
2201 1415 2294 1471 sui
2325 1431 2615 1472 caenosam
2648 1414 2994 1487 spurcitiam
3023 1431 3315 1487 evomens,
3351 1423 3453 1475 aut
3483 1418 3571 1476 di-

1923 1521 2050 1561 cere
2084 1522 2096 1561 :
2137 1526 2165 1556 ‹‹
2197 1508 2343 1578 Ergo
2368 1505 2591 1561 cineres
2615 1516 2753 1560 suos
2772 1510 2973 1562 amant
2995 1505 3203 1562 animae
3222 1512 3571 1579 martyrum,

1922 1598 1979 1649 et
2008 1593 2433 1650 circumvolant
2462 1611 2580 1661 eos,
2626 1610 2972 1666 semperque
3014 1600 3331 1668 praesentes
3382 1600 3522 1654 sunt
3553 1617 3569 1670 ς

1923 1700 1995 1740 ne
2026 1683 2172 1739 forte
2203 1684 2252 1739 si
2283 1683 2500 1756 aliquis
2530 1684 2550 1716 ⁵
2593 1687 2860 1754 precator
2889 1684 3009 1754 [Αἰ.
3054 1690 3339 1757 peccator]
3393 1687 3571 1744 adve-

1926 1773 2097 1842 nerit,
2132 1774 2405 1830 absentes
2434 1772 2639 1829 audire
2660 1790 2775 1828 non
2799 1773 3073 1845 possint?
3107 1796 3134 1823 ››
3163 1774 3206 1829 0
3238 1778 3576 1846 portentum

1927 1863 1985 1919 in
2010 1866 2194 1919 terras
2225 1861 2465 1918 ultimas
2497 1862 2929 1934 deportandum
2964 1862 2976 1918 l
3014 1863 3189 1920 Rides
3218 1869 3278 1921 et
3306 1864 3574 1939 reliquiis

1930 1956 2277 2023 martyrum,
2311 1954 2370 2007 et
2398 1968 2533 2009 cum
2567 1955 2801 2008 auctore
2831 1950 3013 2024 hujus
3060 1951 3348 2012 haereseos
3378 1959 3574 2013 Euno-

1928 2041 2067 2108 mio,
2106 2040 2378 2098 Ecclesiis
2409 2041 2621 2098 Christi
2654 2040 3010 2099 calumniam
3058 2043 3240 2101 struis
3271 2063 3284 2101 :
3316 2061 3422 2101 nec
3473 2045 3576 2104 tali

1927 2130 2203 2187 societate
2236 2130 2491 2196 terreris,
2525 2135 2589 2186 ut
2609 2131 2813 2187 eadem
2869 2135 3071 2187 contra
3122 2150 3229 2190 nos
3285 2131 3578 2207 loquaris-

1928 2235 2055 2291 quaa
2087 2219 2185 2276 ille
2214 2224 2413 2276 contra
2442 2218 2762 2275 Ecclesiam
2812 2219 3074 2292 loquitur
3101 2224 3126 2273 .9
3155 2221 3373 2280 Omnes
3417 2224 3575 2281 enim

1927 2315 2241 2365 sectatores
2267 2309 2394 2380 ejus
2426 2306 2699 2365 basilicas
2720 2308 3119 2382 apostolorum
3151 2315 3209 2366 et
3250 2316 3600 2386 martyrum.

1927 2414 2044 2454 non
2073 2397 2582 2470 ingrediuntur,ut
2612 2396 2833 2454 scilicet
2864 2402 3163 2454 mortuum
3194 2400 3441 2458 adorent
3469 2401 3579 2458 Eu-

1926 2487 2212 2555 nomium,
2245 2487 2416 2558 cujus
2462 2486 2643 2543 libros
2686 2487 2927 2559 majoris
2997 2488 3363 2546 auctoritatis
3418 2490 3577 2547 arbi-

1924 2580 2176 2643 trantur,
2210 2593 2385 2649 quam
2417 2575 2726 2649 Evangelia
2756 2594 2778 2639 ,·
2809 2585 2863 2633 et
2893 2577 2951 2633 in
2978 2578 3107 2650 ipso
3156 2580 3404 2636 credunt
3449 2597 3579 2638 esse

1927 2666 2125 2722 lumen
2158 2666 2422 2722 veritatis
2449 2667 2470 2701 ⁸
2502 2682 2516 2721 :
2552 2666 2705 2722 sicut
2735 2666 2862 2723 alia;
2886 2666 3156 2747 (haereses
3211 2668 3578 2740 paracletum

1926 2756 1986 2812 in
2017 2759 2357 2812 Montanum
2388 2757 2620 2812 venisse
2658 2757 3038 2825 contendunt,
3091 2762 3147 2814 et
3191 2759 3579 2817 Manicheum

1928 2845 2126 2919 ipsum
2156 2844 2359 2901 dicunt
2387 2861 2515 2902 esse
2564 2845 2950 2919 paracletum.
3001 2846 3217 2904 Scribit
3264 2849 3578 2907 adversum

1928 2935 2199 2992 haeresim
2229 2939 2414 3003 tuam,
2448 2951 2576 3009 quae
2601 2935 2742 2991 olim
2774 2935 2967 3009 erupit
3014 2937 3325 2994 adversum
3375 2932 3581 2996 Eccle-‘

1930 3024 2080 3081 siam
2112 3026 2206 3096 (ne
2238 3029 2294 3080 et
2323 3025 2383 3080 in
2414 3024 2522 3080 hoc
2545 3024 2714 3097 quasi
2733 3014 2990 3098 repertor
3014 3026 3147 3081 novi
3192 3026 3431 3085 sceleris
3450 3030 3573 3102 glo-

1931 3113 2119 3185 rieris)
2158 3113 2554 3170 Tcrtullianus
2596 3116 2684 3170 vir
2732 3113 3171 3172 eruditissimus
3218 3115 3449 3189 insigne
3478 3133 3579 3175 vo-

1930 3202 2151 3273 lumen,
2186 3203 2340 3275 quod
2372 3201 2742 3274 Scorpiacum
2773 3206 2938 3258 vocat
2960 3203 3290 3261 rectissimo
3320 3205 3579 3264 nomine:

179 3294 643 3351 monstrandum.
674 3291 838 3349 Unde
883 3296 942 3349 et
982 3292 1239 3366 virgines
1296 3292 1409 3348 illis
1467 3293 1813 3367 evangelicae
1846 3282 1889 3351 C
1929 3294 2066 3366 quia
2087 3296 2324 3349 arcuato
2372 3291 2609 3347 vulnere
2660 3292 2717 3347 in
2768 3291 3033 3350 Ecclesiae
3088 3310 3302 3367 corpus
3348 3311 3573 3353 venena

177 3395 394 3455 semper
439 3370 683 3441 habent
727 3398 1003 3441 accensas
1059 3382 1361 3456 lampades
1413 3399 1551 3439 suas
1604 3384 1812 3456 (Matth.

178 3485 294 3539 xxv,
329 3474 355 3529 1
385 3475 587 3546 seqq)
619 3472 688 3529 Et
717 3472 790 3529 ad
821 3471 1119 3545 apostolos
1146 3472 1397 3529 dicitur:
1430 3497 1457 3524 ‹‹
1480 3473 1608 3530 Sint
1628 3473 1816 3530 lumbi

176 3560 335 3621 vestri
366 3561 694 3634 praecincti,
726 3565 783 3618 et
809 3560 1060 3618 lucernae
1106 3562 1378 3619 ardentes
1432 3562 1488 3617 in
1539 3563 1817 3621 manibus

174 3650 369 3709 vestris
400 3653 566 3724 (Luc.
599 3668 702 3719 x11,
751 3651 863 3723 35).
919 3673 949 3701 »
996 3652 1068 3707 Et
1114 3652 1185 3707 de
1230 3651 1457 3709 Joanne
1507 3652 1814 3726 Baptista:

174 3759 202 3788 (ί
224 3737 322 3799 Ille
349 3745 480 3799 erat
509 3740 753 3799 lucerna
781 3741 991 3799 ardens
1021 3745 1079 3797 et
1106 3740 1309 3798 lucens
1342 3742 1519 3815 (Joan.
1552 3759 1607 3812 v,
1640 3742 1731 3816 32)
1752 3759 1765 3798 :
1788 3765 1817 3794 »

180 3831 236 3884 ut
262 3829 369 3887 sub
401 3834 546 3905 typo
575 3829 817 3889 luminis
848 3830 1165 3904 corporalis
1196 3830 1298 3887 illa
1327 3830 1429 3889 lux
1475 3833 1822 3889 ostendatur

179 3914 242 3989 de
271 3934 387 3991 qua
415 3919 481 3976 in
513 3918 793 3977 Psalterio
841 3918 1124 3993 legimus:
1158 3942 1185 3971 «
1248 3920 1513 3977 Lucerna
1570 3921 1820 3994 pedibus

179 4006 315 4069 meis
341 4012 596 4069 verbum
644 4012 837 4078 tuum,
895 4008 1161 4078 Domine,
1223 4014 1279 4066 et
1335 4008 1536 4068 lumen
1590 4010 1820 4069 semitis

176 4095 313 4155 meis
340 4099 520 4170 (Psat.
554 4115 749 4169 cxvm,
783 4099 927 4172 105).

227 4188 278 4243 8.
310 4188 598 4247 Romanus
644 4190 926 4261 episcopus
969 4203 1132 4257 super
1176 4204 1404 4263 corpora
1452 4192 1821 4265 apostolorum

168 4272 323 4347 affert
345 4279 651 4350 sacriﬁcia.
692 4278 978 4350 Vigilantii
1003 4278 1173 4334 stulta
1210 4280 1485 4336 sententia
1533 4281 1617 4336 vel
1667 4281 1812 4352 obje-

169 4366 287 4433 ctio,
345 4369 673 4427 Eunomius
725 4370 915 4429 auctor
968 4367 1238 4425 haereseos
1279 4372 1473 4425 contra
1527 4371 1816 4444 reliquias.

168 4450 479 4527 Heatamus.
518 4457 851 4514 Tertulliani
897 4457 1217 4530 Scorpiacus
1262 4458 1421 4517 liber.
1477 4458 1653 4516 Caina
1698 4466 1821 4518 lia:-

166 4547 293 4615 rasis
321 4548 666 4611 instaurata.
706 4578 775 4587 —
807 4545 955 4604 Male
986 4546 1125 4603 facit
1161 4563 1299 4622 ergo
1345 4551 1644 4607 Romanus
1693 4550 1820 4622 epi-

1925 3381 2219 3450 dill‘undit,
2244 3398 2371 3454 quae
2403 3380 2543 3437 olim
2576 3381 2977 3454 appellabatur
2997 3383 3177 3440 Caina
3196 3383 3436 3442 haeresis
3470 3390 3576 3454 get

1926 3471 2111 3527 multo
2143 3475 2402 3542 tempore
2433 3472 2731 3529 dormiens
2760 3472 2850 3528 vel
2880 3472 3130 3545 sepulta,
3164 3491 3321 3530 nunc
3370 3492 3404 3531 a
3431 3475 3577 3532 Dor-

1928 3561 2198 3617 mitantio
2230 3560 2514 3617 suscitata
2540 3565 2649 3618 est.
2682 3562 2876 3629 Miror,
2909 3563 3066 3634 quod
3099 3579 3213 3619 non
3255 3564 3438 3633 dicas,
3475 3580 3578 3623 ne-

1927 3667 2225 3725 quaquam
2254 3651 2644 3724 perpetranda
2674 3651 2976 3724 martyria,
3028 3653 3214 3708 Deum
3260 3654 3421 3709 enim
3467 3654 3573 3728 qui

1928 3740 2277 3814 sanguinem
2320 3740 2617 3797 hircorum
2675 3745 3101 3814 taurorumque
3160 3758 3275 3797 non
3330 3746 3579 3815 quaerat,

1929 3830 2114 3887 multo
2146 3829 2336 3903 magis
2366 3829 2675 3885 hominum
2706 3846 2822 3885 non
2855 3829 3171 3901 requirere.
3221 3831 3386 3896 Quod
3437 3848 3574 3891 cum

1931 3920 2163 3988 dixeris,
2199 3920 2380 3975 immo
2406 3923 2464 3975 et
2493 3918 2542 3974 si
2575 3934 2689 3974 non
2722 3918 2959 3987 dixeris,
2992 3918 3074 3974 ita
3125 3918 3363 3975 haberis
3402 3921 3577 3993 quasi

1931 4009 2166 4066 dixeris.
2191 4008 2299 4074 Qui
2329 4007 2486 4064 enim
2518 4006 2798 4081 reliquias
2829 4011 3152 4079 martyrum
3184 4008 3400 4069 asseris
3451 4025 3583 4068 esse

1931 4098 2262 4167 calcandas,
2300 4097 2577 4170 prohibes
2629 4097 2980 4169 sanguinem
3035 4097 3223 4165 fundi,
3273 4098 3375 4170 qui
3416 4098 3580 4160 nullo

1929 4189 2151 4246 honore
2180 4186 2395 4259 dignus
2426 4190 2534 4242 est.

1997 4278 2052 4334 9.
2088 4277 2306 4348 Vigiliae
2332 4285 2385 4332 et
2412 4278 2843 4348 pernoctationes
2873 4278 2934 4333 in
2965 4277 3229 4334 basilicis.
3257 4279 3581 4337 Paucorum

1927 4368 2090 4441 culpa
2120 4382 2231 4423 non
2255 4366 2582 4438 μνεία(ιίσαί
2611 4367 2893 4436 religioni.
2954 4368 3115 4441 Quod
3170 4370 3334 4425 semel
3386 4371 3582 4441 fecisse

1931 4458 2131 4515 bonum
2155 4465 2253 4524 est,
2284 4472 2393 4512 non
2419 4460 2592 4529 potest
2621 4472 2736 4513 esse
2763 4458 2975 4513 malum
3002 4459 3053 4513 si
3091 4460 3406 4530 frequenter
3453 4460 3578 4531 ﬁat.

1932 4578 2000 4590 —
2030 4547 2111 4604 De
2139 4545 2356 4619 vigiliis
2376 4550 2434 4602 et
2466 4546 3005 4618 pernoctationibus
3038 4547 3096 4603 in
3124 4547 3381 4605 basilicis
3409 4564 3569 4605 mar-

173 4648 403 4727 seopus,
430 4635 541 4711 qui
577 4651 753 4727 super
800 4639 1169 4694 mortuorum
1228 4635 1540 4727 hominum
1598 4637 1822 4696 Petriet
1852 4660 1899 4727 Ι)
1928 4640 2126 4727 tyrum
2153 4651 2304 4727 saepe
2329 4634 2718 4727 celebrandis,
2747 4634 2805 4691 in
2840 4635 3021 4694 altera
3065 4636 3354 4727 :Epistola,
3391 4653 3570 4727 quam

163 4723 343 4796 Pauli,
372 4724 713 4784 secundum
749 4741 854 4782 nos
885 4742 1020 4783 ossa
1050 4726 1381 4782 veneranda
1407 4726 1449 4795 ³,
1492 4727 1820 4784 secundum
1853 4723 1889 4727 “
1932 4731 2064 4783 ante
2094 4725 2205 4781 hoc
2234 4726 2418 4781 ferme
2456 4723 2759 4780 biennium
2805 4729 3009 4781 sancto
3065 4724 3300 4798 Ripario
3342 4726 3582 4800 presby-

221 4885 239 4960 ξ
269 4884 505 4960 Bonan.
545 4902 657 4944 ms.
690 4889 773 4943 Ne
799 4890 979 4943 tecum
1002 4886 1364 4955 dormiamus,
1397 4887 1624 4960 absque
1670 4891 1820 4947 caici.

220 4956 593 5033 ?Pr0prium
625 4959 957 5033 reverentiae
1007 4963 1346 5033 sanctorum
1403 4956 1670 5033 reliquiis
1719 4962 1823 5033 de-

161 5025 285 5085 bitis
314 5025 410 5087 est
455 5031 831 5087 venerationis
884 5030 1256 5087 vocabulum.
1308 5035 1364 5086 8.
1415 5025 1672 5088 Hilarius
1718 5032 1821 5089 lib.

160 5108 341 5158 conb'a
377 5103 801 5176 constantiam,
852 5119 1019 5176 num.
1046 5107 1125 5176 _8,
1179 5102 1467 5176 beatorum
1514 5112 1826 5176 martyrum

161 5175 489 5233 manda
519 5189 646 5231 ossa
673 5178 859 5231 vocat.
893 5174 1178 5232 Eusebius
1207 5173 1564 5241 Gallicanus,
1599 5173 1722 5233 sive
1763 5182 1828 5233 ut

161 5241 415 5317 videtur,
450 5242 781 5303 Eucherius
810 5245 1014 5303 homil.
1050 5246 1120 5303 de
1152 5250 1355 5302 sancta
1385 5245 1691 5317 Blandina,
1742 5264 1826 5305 ve-

162 5319 410 5392 neranda
435 5334 569 5392 ossa
600 5317 655 5373 in
721 5319 945 5392 cineres
983 5318 1057 5375 ab
1093 5318 1313 5392 impiis
1366 5318 1600 5377 redacta
1640 5319 1822 5392 dolet.

166 5380 333 5457 Tum,
371 5413 401 5443 «
437 5387 556 5445 Ubi
588 5392 752 5459 sunt,
785 5390 979 5462 inquit
1052 5389 1107 5446 ui
1138 5380 1363 5461 dicunt,
1394 5391 1826 5448 venerationem

166 5462 342 5518 sacris
374 5466 716 5518 martyrum
775 5479 890 5518 non
950 5408 1324 5518 deierendam
1385 5479 1513 5518 esse
1566 5465 1826 5518 corpori-

164 5462 342 5536 ;spcris
374 5466 890 5536 martyrumunon
942 5462 1324 5536 deferendam
1385 5479 1513 5536 esse
1566 5465 1826 5536 corpori-

166 5530 290 5602 h'us,
328 5558 359 5585 »
395 5538 518 5591 etc.
552 5530 658 5589 Pro
688 5533 872 5600 vitem,
905 5532 1004 5590 alii
1037 5532 1137 5590 lib.
1172 5538 1229 5591 et
1258 5550 1371 5602 ms,
1405 5534 1547 5591 Bon.
1578 5530 1705 5591 vile.

237 5605 259 5642 ³
282 5604 479 5666 Vetus
508 5602 663 5673 Edit.
695 5622 830 5663 cum
863 5606 1085 5664 Bonon.
1116 5621 1225 5662 ms.
1288 5607 1612 5664 linteamine
1667 5608 1827 5665 cotti-

166 5682 312 5747 gata.

230 5750 252 5788 ι
297 5750 514 5811 Denuo
563 5748 908 5807 Benoniens.
964 5766 1077 5807 ms.
1126 5752 1278 5809 intus
1319 5749 1602 5809 immundo
1644 5751 1830 5813 cinere

506 5876 781 5945 Peraea.
826 5875 1052 5944 XXIII.

1930 4887 2203 4945 sordeant.
2232 4885 2470 4943 omissis
2501 4903 2629 4958 quae
2659 4885 3106 4959 interseruntur,
3140 4888 3306 4957 juxta
3364 4890 3416 4942 te
3470 4889 3584 4945 im-

1931 4960 2143 5033 munda
2193 4961 2381 5033 omnia
2400 4960 2793 5033 olcanl,_atque
2839 4975 2967 5033 quae
3010 4959 3311 5033 Victorius
3351 4976 3586 5033 quoque

1934 5033 1992 5088 in
2028 5031 2286 5104 antiquis
2317 5029 2749 5103 exemplaribus
2781 5029 2896 5087 non
2928 5029 3129 5087 haberi
3150 5029 3584 5099 animadvertit,
3625 5076 3635 5095 .

1934 5110 1993 5160 et
2014 5105 2159 5161 forte
2180 5103 2377 5160 satius
2407 5109 2530 5159 erat
2558 5119 2909 5174 expungere.

2005 5208 2074 5217 -—
2106 5177 2242 5232 Cum
2272 5177 2418 5230 intus
2450 5173 2987 5239 immundo,'Plures
3018 5175 3376 5231 mss.omittu
3391 5180 3451 5231 nt
3474 5176 3585 5233 hoc

1936 5248 2061 5305 loco
2088 5246 2371 5305 nonnulla
2400 5247 2594 5319 verba,
2624 5246 2887 5319 legentes
2914 5250 3055 5303 Cum
3105 5249 3255 5302 intus
3303 5248 3586 5305 immundo

1934 5322 2118 5379 cinere
2143 5319 2420 5384 sordeant,
2466 5318 2865 5374 Cluniacensis
2924 5319 3102 5374 codex
3158 5319 3378 5376 variam
3440 5322 3589 5378 hanc

1938 5393 2151 5448 retinet
2177 5392 2483 5465 lectionem
2520 5391 2805 5465 :Et‘intus
2845 5391 3121 5465 immundi
3174 5393 3383 5449 cineres
3421 5394 3591 5465 juxta

1935 5468 1988 5520 te
2018 5463 2300 5519 immunda
2320 5464 2507 5518 omnia
2533 5462 2783 5533 polluant
2810 5466 2861 5517 et
2890 5463 3161 5518 sordeant.
3196 5462 3489 5522 Mnasias.

1966 5588 1971 5591 _
2007 5534 2199 5590 “Alibi
2231 5534 2371 5590 etin
2399 5551 2542 5596 mss,
2574 5533 2637 5588 Si
2666 5533 2871 5605 aliquis
2893 5540 3163 5606 peccator.

2006 5609 2027 5642 ⁸
2059 5608 2183 5681 Duo
2212 5622 2359 5681 mss.
2380 5620 2493 5681 esse
2519 5606 2735 5681 culmen
2770 5608 3017 5681 veritatis
3052 5623 3065 5663 :
3092 5607 3267 5681 paulo
3296 5613 3429 5681 post
3478 5608 3587 5666 Bo-

1939 5679 2205 5755 noniens.
2270 5678 2556 5755 {alumine
2593 5679 2825 5755 insigni
2888 5696 3009 5738 eam
3083 5678 3429 5755 Scorpiacum
3499 5697 3588 5740 vo-

1934 5768 2087 5826 cans,
2120 5754 2254 5823 etc.,
2285 5748 2447 5808 haud
2489 5752 2662 5809 recte.

3200 5881 3277 5965 12
