3944 6452
345 404 465 477 383

1585 411 1646 472 S.
1693 408 2005 473 EUSEBII
2044 408 2515 475 HIERONYMI.

3626 410 3775 477 36,.

349 548 489 603 dero
520 544 892 618 scripseram,
924 544 1201 617 respondi
1253 545 1518 600 breviter.
1564 545 1726 608 Quod
1769 545 1816 599 si
1860 544 1986 598 ideo
2016 546 2071 612 Α
2101 546 2432 601 daemonum
2464 561 2590 602 csse
2622 546 2920 617 contingas
2951 545 2991 612 ³,
3017 544 3165 600 891
3202 547 3260 600 et
3290 558 3407 600 non
3454 560 3588 601 vere
3613 546 3743 602 'cla-

348 652 449 692 eas
482 635 741 691 aestimas
771 635 1152 708 respuendas,
1172 651 1244 689 ne
1268 651 1418 705 saepe
1438 634 1745 688 videamur
1774 632 1997 687 Pascha

349 724 661 795 celebrare,
695 728 899 780 et‘non
949 723 1242 779 solemnes
1286 728 1417 795 post
1449 739 1672 778 annum
1734 738 1996 778 exercere

345 813 577 886 vigilias
607 830 620 868 :
655 829 790 885 ergo
823 817 879 869 et
910 813 1003 869 die
1032 812 1325 868 dominico
1358 830 1472 867 non
1495 817 1633 867 sunt
1662 812 1889 866 Christo
1912 813 1995 867 of-

347 902 585 959 ferenda
613 902 923 970 sacriﬁcia,
955 918 1028 956 ne
1059 899 1501 957 resurrectionis
1533 900 1764 955 Domini
1794 900 1995 955 crebro

348 991 576 1049 Pascha
626 989 989 1046 celebremus
1036 1007 1049 1045 :
1117 993 1172 1044 et
1223 988 1577 1059 incipiamus
1635 1006 1749 1043 non
1810 1004 1995 1043 unum

346 1081 572 1141 Pascha
600 1081 836 1147 habere,
870 1080 971 1135 sed
1003 1078 1278 1151 plurima.
1312 1083 1482 1132 Error
1513 1078 1669 1133 396
1711 1082 1907 1132 autem
1939 1076 2001 1133 et

350 1171 522 1245 culpa
543 1172 828 1243 juvenum
860 1168 1398 1237 vilissimarumque
1429 1165 1873 1237 mulierum,qui
1895 1182 1999 1237 per

350 1264 580 1318 noctem
613 1274 765 1330 saepe
795 1255 1269 1328 deprehenditur,
1303 1271 1417 1309 non
1455 1263 1539 1310 est
1572 1254 1863 1326 religiosis
1892 1255 1995 1309 ho—

356 1350 618 1405 minibus
647 1345 1031 1419 imputandus
1062 1361 1073 1398 :
1109 1343 1249 1415 quia
1278 1350 1338 1398 et
1372 1344 1429 1397 in
1489 1343 1706 1414 vigiliis
1766 1344 1995 1398 Paschm

363 1426 401 1451 οι
578 1438 589 1448 .
779 1435 790 1448 .
1384 1432 1393 1442 .
1485 1433 1493 1442 .

348 1440 463 1497 tale
493 1438 634 1510 quid
668 1438 792 1492 fieri
821 1435 1169 1508 plerumque
1227 1438 1627 1499 convmcitur,
1690 1436 1746 1487 et
1804 1438 1995 1488 tamrn

348 1543 669 1603 paucorum
700 1524 874 1596 culpa
903 1540 1019 1579 non
1050 1522 1390 1594 prmjudicat
1440 1521 1705 1592 religioni
1742 1540 1755 1588 ;
1790 1523 1887 1593 qui
1944 1528 2001 1578 et

347 1618 570 1692 absque
598 1614 814 1688 vigiliis
845 1617 1094 1685 possunt
1124 1626 1317 1665 errare
1350 1609 1432 1664 vel
1466 1610 1526 1664 in
1589 1611 1711 1664 suis
1748 1612 1783 1677 ί,
1819 1611 1905 1666 vel
1938 1612 1996 1667 in

347 1707 555 1765 alienis
587 1703 883 1760 domibus.
909 1698 1320 1771 Apostolorum
1352 1699 1523 1753 tinem
1556 1699 1716 1753 Judze
1751 1700 1997 1770 proditio

348 1813 465 1854 non
499 1792 810 1851 destruxit.
838 1791 907 1844 Et
938 1793 1167 1844 nostras
1198 1804 1333 1859 ergo
1364 1787 1597 1859 vigilias
1645 1788 1809 1842 malae
1854 1789 1998 1844 alio-

2106 652 2264 689 maro
2298 637 2610 703 dmmones,
2646 636 2746 689 sed
2790 652 2894 689 sua
2953 633 3231 689 simulare
3290 638 3601 691 tormenta.
3663 636 3746 693 Do

2106 725 2770 795 consilium,ingredere
2821 724 3092 778 basilicas
3141 728 3485 796 martyrum,
3535 729 3594 781 et
3636 726 3746 781 ali-

2106 816 2339 885 quando
2400 814 2740 886 purgaberis
2775 829 2787 866 :
2825 813 3086 869 invenies
3146 813 3221 867 ibi
3280 813 3501 870 multos
3556 815 3746 872 socios

2106 906 2262 968 tuos,
2295 907 2350 955 et
2382 919 2752 972 nequaquam
2784 901 2964 956 cereis
2996 907 3340 973 martyrum,
3375 902 3598 974 quitibi
3628 904 3750 961 dis-

2106 991 2340 1063 plicent,
2376 991 2475 1045 sed
2508 990 2763 1045 flammis
2812 990 3206 1045 invisibilibus
3241 993 3628 1061 combureris,
3689 1000 3747 1051 et

2107 1084 2246 1133 tunc
2279 1078 2571 1137 fateberis.
2604 1080 2757 1149 quod
2789 1096 2943 1133 nunc
2972 1095 3171 1150 negas,
3202 1084 3258 1134 et
3290 1086 3458 1136 tuum
3506 1100 3743 1153 nomen,

2107 1168 2205 1239 qui
2239 1168 2298 1222 in
2325 1167 2637 1238 Vigilantio
2666 1166 2945 1238 loqueris,
2991 1167 3170 1223 libere
3219 1169 3635 1240 proclamabis,
3686 1178 3746 1231 te

2107 1273 2233 1311 esse
2266 1262 2365 1311 aut
2396 1256 2743 1311 Mercurium
2778 1262 3012 1328 propter
3041 1274 3423 1315 nummorum
3455 1262 3753 1333 cupiditas

2110 1353 2247 1409 tem,
2310 1350 2410 1399 aut
2468 1346 2827 1400 Nocturnum
2888 1348 2993 1415 ιτα,
3048 1347 3522 1420 Necturninum],
3575 1352 3751 1422 juxta

2109 1432 2297 1487 Plauti
2326 1433 2825 1505 Amphilryonem,
2861 1451 2975 1505 quo
3001 1435 3344 1503 dormiente,
3369 1436 3427 1491 in
3459 1438 3752 1498 Alcmena:

2108 1522 2414 1587 adulterio,
2448 1524 2593 1578 duas
2627 1529 2824 1578 noctes
2852 1524 3079 1595 Jupiter
3109 1526 3403 1596 copulavit
3432 1529 3472 1593 ⁴,
3507 1534 3574 1584 ut
3623 1548 3751 1591 ma-

2108 1628 2231 1683 gna)
2266 1613 2643 1666 fortutudinis
2674 1612 2947 1668 Hercules
2973 1620 3311 1669 nasceretur
3335 1633 3348 1681 ;
3372 1621 3473 1672 aut
3493 1623 3646 1675 certe
3668 1621 3755 1675 Li-

2112 1702 2312 1755 berum
2346 1705 2570 1771 patrem
2605 1719 2707 1773 pro
2739 1702 3017 1757 ebrietate
3047 1709 3104 1757 et
3134 1705 3413 1761 cantharo
3446 1723 3512 1761 ex
3543 1708 3753 1765 hume-

2109 1790 2187 1843 ris
2219 1790 2600 1860 dependente,
2634 1797 2690 1844 et
2720 1807 2951 1862 semper
2988 1794 3231 1847 rubente
3281 1794 3447 1862 facie,
3498 1802 3555 1851 et
3606 1815 3755 1870 spu-

350 1902 485 1943 rum
515 1882 723 1956 vigiliis
755 1896 871 1935 non
902 1879 1200 1933 destruent
1232 1893 1244 1930 :
1279 1876 1422 1948 quin
1460 1876 1655 1948 potius
1706 1878 1996 1948 pudicitiae
2030 1916 2075 1979 Β
2110 1879 2404 1933 manlibus
2436 1878 2626 1943 labiis,
2660 1880 3070 1951 etfrenatisqne
3103 1883 3402 1950 conviciis,

349 1974 598 2048 vigilare
628 1966 1036 2043 cogantur,qui
1066 1964 1293 2020 libidini
1327 1965 1815 2029 dormiunt.Qnod
1838 1967 1994 2021 enim

351 2063 532 2121 semel
564 2061 775 2117 fecisse
804 2059 1023 2113 bonum
1047 2059 1153 2124 est,
1188 2071 1303 2109 non
1336 2058 1527 2125 potest
1571 2054 1791 2109 malum
1844 2072 1994 2127 esse,

351 2154 401 2210 si
444 2147 806 2223 frequentius
865 2146 965 2200 fiat
1000 2162 1011 2199 :
1047 2148 1147 2199 aut
1204 2143 1250 2198 si
1310 2142 1505 2213 aliqua
1561 2142 1731 2214 culpa
1760 2144 1997 2199 vitanda

350 2246 461 2312 est,
494 2256 611 2297 non
642 2255 709 2294 ex
739 2253 804 2291 eo
836 2233 990 2307 quod
1023 2248 1176 2303 saepe
1208 2232 1307 2286 sed
1342 2248 1411 2286 ex
1443 2247 1508 2286 eo
1561 2233 1716 2303 quod
1774 2234 1835 2286 ﬁt
1891 2232 1993 2287 ali-

348 2330 586 2404 quando
616 2324 906 2398 culpabile
936 2327 1040 2378 est.
1072 2321 1197 2376 Non
1230 2320 1536 2392 vigilemus
1570 2320 1765 2392 itaque
1790 2322 1996 2377 diebus

348 2419 603 2485 Paschaa,
641 2432 715 2472 ne
745 2415 1074 2485 exspectata
1112 2409 1211 2464 diu
1261 2409 1659 2464 adulterorum
1707 2411 1997 2465 desideria

348 2507 749 2581 cempleantur
781 2521 793 2559 ε
827 2518 900 2558 ne
929 2500 1294 2557 occasionem
1328 2500 1601 2570 peccandi
1649 2516 1790 2554 uxor
1840 2500 1995 2555 inve-

350 2598 493 2665 niat,
526 2612 599 2652 ne
624 2590 881 2650 maritali
913 2606 1029 2646 non
1058 2588 1240 2660 possit
1273 2587 1491 2642 recludi
1548 2587 1729 2644 clave.
1781 2589 1997 2643 Arden-

354 2686 471 2742 tius
502 2681 800 2756 appetitur
827 2677 1114 2751 quidquid
1143 2680 1230 2732 est
1264 2676 1475 2731 rarius.

423 2774 510 2829 10.
547 2769 829 2842 Vigilantii
850 2768 1178 2839 argumenta
1207 2768 1394 2820 contra
1426 2766 1725 2820 miraruia.
1778 2797 1841 2806 —
1870 2766 1996 2821 Non

354 2878 600 2937 possum
636 2858 909 2915 universa
937 2870 1293 2928 percurrere,
1320 2870 1446 2925 quae
1472 2859 1807 2910 sanctorum
1835 2872 1997 2926 pres-

353 2952 691 3025 byterorum
723 2947 926 3003 litterae
950 2942 1486 3016 comprehendunt;
1513 2944 1582 2997 de
1606 2942 1818 2998 libellis
1838 2944 1996 3000 illius

352 3041 550 3113 aliqua
581 3039 890 3111 proferam.
923 3036 1384 3106 Argumentatur
1412 3038 1614 3087 contra
1636 3032 1803 3104 signa
1824 3038 1997 3105 atque

351 3131 618 3197 virtutes,
651 3144 778 3201 qua:
800 3126 859 3181 in
890 3122 1146 3180 basilicis
1186 3126 1512 3193 martyrum
1544 3121 1713 3188 fiunt,
1746 3127 1801 3177 et
1857 3123 1997 3178 dicit

351 3235 451 3276 eas
472 3215 788 3275 incredulis
848 3214 1143 3286 prodesse,
1200 3228 1314 3265 non
1369 3210 1763 3276 credentibus,
1826 3212 1994 3283 quasi

355 3325 513 3364 nunc
542 3307 651 3364 hoc
682 3306 995 3377 quaeratur,
1030 3301 1245 3373 quibus
1277 3300 1441 3367 fiant,
1473 3304 1528 3355 et
1560 3317 1695 3366 non,
1732 3318 1847 3373 qua
1883 3301 1997 3356 vir-
2031 3287 2073 3354 C

354 3400 485 3453 tute
515 3395 677 3451 fiant.
710 3392 1039 3463 Esto,signa
1053 3390 1174 3446 sint
1202 3388 1527 3444 infidelium
1552 3389 1699 3459 ’,qui
1722 3391 1999 3461 quoniam

360 3483 617 3541 sermoni
659 3487 717 3538 et
767 3480 1041 3537 doctrina":
1102 3478 1337 3533 credere
1404 3477 1736 3544 noluerunt,
1816 3480 2000 3551 signis

360 3574 731 3629 adducantur
761 3570 829 3626 ad
863 3569 1036 3624 ﬁdem
1070 3572 1125 3622 et
1155 3567 1437 3622 Dominus
1472 3566 1788 3621 incredulis
1832 3570 2001 3640 signa

357 3661 626 3730 faciebat,
661 3664 718 3716 et
747 3663 941 3714 tamen
975 3673 1087 3712 non
1121 3655 1337 3710 idcirco
1371 3654 1595 3709 Domini
1628 3656 2000 3728 snggillanda

354 3754 495 3808 sunt
523 3748 711 3822 signa,
741 3746 880 3820 quia
912 3744 994 3800 illi
1021 3742 1287 3799 infideles
1309 3748 1493 3810 erant,
1530 3744 1630 3798 sed
1666 3744 1870 3814 majori
1902 3747 1998 3799 ad-

354 3838 650 3898 mirationi
678 3841 850 3894 erunt
879 3836 982 3904 [AL
1027 3836 1236 3903 erant),
1288 3831 1428 3903 quia
1478 3836 1648 3887 tanta:
1692 3833 1849 3888 fuere
1897 3852 1997 3905 po-

350 3928 567 4000 tentias,
600 3933 665 3983 ut
693 3925 870 3983 etiam
912 3928 1139 3980 mentes
1181 3922 1526 3997 durissimas
1560 3922 1918 3989 edomarent,
1942 3929 1998 3979 et

350 4018 422 4074 ad
456 4017 631 4072 ﬁdem
661 4016 951 4088 cogerent.
987 4014 1187 4084 Itaque
1220 4010 1353 4067 nolo
1399 4010 1543 4065 mihi
1595 4011 1777 4077 dicas,
1828 4013 1997 4083 signa

354 4104 688 4160 inﬁdelium
719 4114 851 4158 sunt
885 4120 897 4157 :
930 4102 1029 4158 sed
1063 4101 1349 4172 responde
1395 4100 1686 4171 quomodo
1738 4100 1796 4154 in
1840 4100 1994 4157 vilis-

354 4194 504 4250 simo
530 4192 765 4265 pulvere
796 4195 853 4246 et
880 4189 1128 4258 favillas,
1164 4190 1358 4245 nescio
1410 4205 1546 4259 qua,
1599 4193 1760 4243 tanta
1798 4189 1992 4261 signo-

351 4296 485 4336 rum
515 4279 917 4351 virtutumque
947 4278 1274 4351 prazsentia.
1306 4277 1521 4346 Sentio,
1563 4278 1771 4345 sentio,
1802 4277 1993 4334 infeli-

351 4369 591 4427 cissima
615 4367 974 4425 mortalium.
1008 4367 1148 4439 quid
1181 4366 1399 4434 doleas,
1433 4366 1572 4437 quid
1604 4367 1833 4423 timeas.
1866 4369 1994 4440 Spi-

349 4459 501 4515 ritus
531 4458 643 4514 iste
698 4456 1043 4511 immundus
1098 4453 1199 4526 qui
1257 4453 1376 4509 haec
1408 4457 1463 4508 te
1518 4454 1673 4525 cogit
1720 4455 1991 4521 scribere,

348 4563 504 4621 saepe
534 4546 642 4602 hoc
671 4544 960 4601 vilissimo
991 4548 1178 4599 tortus
1208 4547 1296 4598 est
1327 4541 1770 4615 pulvere,immo
1804 4542 1995 4599 hodie-

2176 2015 2260 2067 11.
2296 2015 2367 2067 Dc
2405 2015 2704 2085 l’igilanlio
2731 2014 3219 2072 Iu's!oria.—Unde
3248 2023 3305 2073 et
3358 2020 3413 2074 in
3464 2020 3571 2076 hac
3618 2039 3753 2094 pro-

2103 2102 2295 2156 vincia
2325 2119 2455 2155 cum
2490 2103 2721 2157 subitus
2760 2109 2923 2158 terrae
2986 2110 3179 2160 motus
3235 2108 3255 2140 ⁵
3314 2109 3499 2165 noctis
3558 2112 3755 2168 medio

2106 2208 2308 2246 omnes
2340 2193 2409 2246 de
2441 2209 2646 2246 somno
2680 2193 2987 2247 excitasset
3020 2220 3033 2259 ς
3069 2199 3130 2249 tu
3165 2197 3665 2267 prudentissimus
3696 2205 3757 2257 et

2105 2281 2578 2352 sapientissimus
2612 2280 2950 2336 mortalium
2985 2284 3180 2338 nudus
3214 2287 3447 2355 orabas,
3498 2293 3556 2344 et
3606 2290 3756 2346 refe-

2108 2371 2273 2423 rebas
2308 2370 2474 2423 nobis
2519 2369 2702 2423 Adam
2753 2376 2808 2424 et
2857 2375 3030 2426 Evam
3079 2373 3149 2427 de
3197 2375 3517 2445 paradiso:
3553 2383 3611 2433 et
3668 2376 3759 2434 illi

2106 2458 2340 2529 quidem
2375 2459 2590 2529 apertis
2624 2459 2807 2515 oculis
2840 2445 3221 2527 erubuerunt,
3260 2466 3448 2521 nudos
3507 2483 3570 2522 se
3626 2483 3759 2524 esse

2106 2552 2425 2612 cernentes,
2458 2554 2514 2601 et
2537 2549 2783 2603 verenda
2813 2553 3080 2605 texerunt
3123 2551 3400 2608 arborum
3451 2554 3606 2611 foliis
3643 2574 3657 2612 :
3691 2562 3759 2613 tu

2105 2640 2161 2689 et
2192 2636 2390 2691 tunica
2419 2642 2476 2691 et
2506 2638 2617 2692 lide
2652 2638 2866 2702 nudus,
2902 2639 3215 2711 subitoque
3272 2642 3483 2699 timore
3530 2650 3757 2716 perter-

2106 2724 2273 2790 ritus,
2301 2729 2357 2779 et
2388 2724 2609 2795 aliquid
2645 2726 2864 2781 habens
2922 2733 3221 2784 nocturna:
3278 2731 3551 2804 crapulm,
3612 2751 3754 2791 san-

2104 2820 2327 2867 ctorum
2352 2813 2535 2868 oculis
2558 2814 2871 2869 obscenam
2900 2820 3121 2887 partem
3138 2820 3396 2890 corporis
3420 2821 3756 2893 ingerebas,

2105 2911 2165 2956 ut
2201 2908 2359 2956 tuam
2394 2902 2681 2958 indicares
2708 2904 3103 2976 prudentiam.
3152 2906 3321 2963 Tales
3343 2908 3519 2965 habet
3548 2912 3758 2967 adver-

2106 2991 2290 3046 sarios
2318 2991 2616 3047 Ecclesia:
2651 2992 2708 3047 hi
2758 2994 2935 3048 duces
2986 2999 3191 3050 contra
3233 3002 3559 3071 martyrum
3610 3018 3752 3056 san-

2105 3082 2341 3151 guinem
2400 3081 3171 3152 dimicant;hujusccmodi
3234 3091 3493 3144 oratores
3548 3094 3758 3146 contra

2106 3169 2399 3240 apostolos
2431 3175 2759 3241 pertonant,
2792 3169 2910 3225 imo
2940 3177 3057 3228 tam
3102 3176 3288 3230 rabidi
3325 3193 3499 3233 canes
3548 3184 3759 3236 contra

2111 3258 2324 3314 Christi
2354 3258 2569 3313 latrant
2599 3260 2941 3331 discipulos.

2184 3394 2267 3447 12.
2304 3394 2539 3447 Timchat
2598 3395 2873 3449 interdum
2932 3397 3303 3469 Hieronymus
3349 3400 3603 3458 basilicas
3658 3406 3759 3459 in-

2110 3488 2258 3537 ενγινε
2281 3487 2611 3553 martyrum.
2654 3514 2723 3525 —
2764 3484 3051 3541 Contitcor
3101 3488 3368 3545 timorem
3428 3506 3648 3560 meum,
3683 3510 3763 3550 ne

2111 3573 2353 3627 forsitan
2385 3572 2455 3627 de
2486 3573 2901 3643 superstitione
2932 3575 3263 3632 descendat.
3299 3581 3540 3643 Quando
3566 3581 3760 3639 iratus

2111 3662 2291 3727 fuero,
2327 3666 2383 3716 et
2412 3660 2633 3731 aliquid
2664 3661 2803 3717 mali
2843 3662 2903 3718 in
2953 3681 3080 3719 meo
3130 3666 3324 3721 animo
3373 3669 3704 3741 cogitavere
3741 3689 3757 3727 :

2107 3754 2164 3804 et
2195 3766 2286 3804 me
2317 3755 2669 3805 nocturnum
2701 3750 3052 3821 phantasma
3110 3755 3412 3823 deluserit,
3472 3758 3761 3815 basilicas

2110 3845 2429 3911 martyrum
2464 3840 2681 3895 intrare
2710 3858 2823 3895 non
2857 3843 3040 3897 audeo
3078 3861 3091 3911 ;
3123 3842 3205 3899 ita
3236 3848 3393 3901 totus
3425 3850 3481 3903 et
3511 3862 3762 3921 corpore

2106 3934 2161 3984 et
2191 3929 2383 3984 animo
2413 3927 2816 3984 contremisco.
2852 3930 3064 3986 Rideas
3095 3932 3365 3999 forsitan,
3408 3939 3463 3990 et
3511 3936 3760 3993 mulier-

2105 4018 2369 4073 cularum
2422 4017 2808 4073 deliramenta
2864 4020 3210 4077 subsannes.
3289 4024 3414 4079 Non
3471 4026 3762 4085 erubesco

2104 4124 2304 4163 earum
2334 4106 2530 4172 fidem,
2564 4125 2690 4177 qua:
2726 4107 2924 4178 prima:
2974 4110 3245 4166 viderunt
3299 4113 3615 4169 Dominum
3660 4133 3761 4173 re-

2106 4200 2465 4267 surgentem,
2498 4212 2623 4267 qum
2656 4196 2972 4251 mittuntur
3001 4199 3071 4252 ad
3134 4200 3453 4272 apostolos,
3514 4219 3642 4275 quae
3693 4204 3760 4262 in

2107 4291 2290 4341 matre
2324 4284 2549 4339 Domini
2609 4283 2924 4340 Salvatoris
2980 4289 3202 4344 sanctis
3261 4291 3541 4362 apostolis
3600 4310 3766 4352 com-

2106 4374 2476 4430 mendantur.
2510 4374 2593 4428 Tu
2648 4378 2873 4430 ructato
2934 4392 3067 4431 cum
3132 4378 3330 4434 smculi
3385 4380 3756 4454 hominibus,

2104 4480 2208 4535 ego
2231 4463 2518 4533 jejunabo
2550 4478 2682 4517 cum
2719 4462 2973 4531 feminis,
3007 4464 3125 4521 imo
3158 4484 3292 4523 cum
3326 4468 3620 4542 religiosis
3666 4472 3759 4527 vi-

2106 4554 2205 4618 ris,
2240 4552 2338 4622 qui
2371 4551 2713 4623 pudicitiam
2747 4552 2899 4608 898
2935 4553 3095 4609 vultu
3144 4557 3482 4629 praeferunt,
3527 4563 3586 4615 et
3626 4560 3763 4634 pal-

347 4652 463 4710 que
492 4639 819 4707 torquetur.
856 4638 912 4689 εἰ
944 4633 1044 4705 qui
1074 4633 1135 4723 in
1166 4637 1220 4687 ιθ
1269 4630 1470 4723 plagas
1522 4630 1879 4723 άίεείιῐὶυιᾲξτ
1934 4632 1990 4688 in
2025 4659 2070 4723 ι)
2101 4640 2367 4712 lidajugi
2399 4640 2759 4695 continentia
2788 4647 2914 4698 orat
2944 4648 3261 4715 portantes,
3295 4646 3511 4704 Christi
3542 4630 3757 4708 osten-

347 4724 569 4783 caateris
599 4724 928 4781 confitetur.
962 4722 1086 4778 Nisi
1118 4723 1264 4777 forte
1304 4721 1361 4776 in
1411 4736 1633 4776 morem
1683 4720 1989 4792 gentilium

344 4815 801 4888 impiorumque,
837 4811 1136 4885 Porphyrii
1159 4816 1216 4867 et
1243 4809 1648 4875 Eunomii,has
1670 4810 1993 4882 praestigias

415 4958 623 5015 'Idem
671 4956 1018 5023 Bononiens,
1078 4955 1247 5023 liber,
1306 4960 1745 5026 possuntrorarc
1799 4954 1881 5008 vel
1931 4956 1987 5009 in

341 5034 481 5099 suis,
513 5035 622 5086 etc.
657 5029 834 5085 Paulo
865 5030 1034 5091 intra,
1068 5028 1132 5082 At
1158 5029 1210 5081 si
1238 5025 1425 5096 aliqua
1471 5025 1652 5096 culpa,
1706 5030 1842 5093 etc.,
1898 5027 1990 5081 de-

340 5104 478 5157 inde
496 5118 566 5157 ne
594 5103 874 5157 occasione
897 5099 1161 5171 peccandi
1188 5114 1329 5152 uxor
1358 5098 1561 5171 veniat.

415 5176 435 5207 ²
466 5173 627 5228 Idem
658 5173 868 5227 iterum
897 5169 1035 5227 cum
1066 5171 1493 5237 vet.edit.,Ergo
1515 5169 1675 5235 signa
1700 5176 1843 5235 szmt,
1876 5173 1984 5224 etc.

412 5245 434 5277 ³
466 5244 529 5298 In
559 5243 761 5298 eodem
793 5242 1138 5299 Bononiensi
1168 5242 1477 5312 praestigias
1524 5238 1833 5295 (Lemonum
1864 5257 1990 5294 con-

338 5319 426 5370 tra
459 5318 509 5369 te
538 5330 635 5369 con
648 5314 830 5382 ﬁgens,
852 5320 958 5370 etc.

413 5388 435 5420 ⁴
460 5386 582 5441 lmo
611 5389 732 5440 tres
759 5387 980 5456 passim
1012 5387 1361 5440 enumerant
1389 5385 1613 5437 veteres
1646 5382 1983 5454 mythologi.

339 5458 448 5515 Sed
481 5463 538 5513 et
570 5458 851 5511 Eusebius
881 5459 1128 5528 Praepar.
1161 5457 1263 5510 lib.
1293 5472 1334 5528 ll
1362 5471 1373 5509 :
1414 5457 1533 5509 Tres
1558 5463 1737 5509 noctes
1760 5456 1988 5528 tradant

338 5532 523 5587 Jovem
584 5531 913 5599 geminasse,
980 5524 1150 5600 unde
1189 5525 1535 5600 Τριὲσπερος,
1619 5534 1668 5580 ct
1726 5524 1985 5600 Τρ-ι-ᾷὲλη-

337 5621 429 5662 νος
464 5598 725 5658 Herwlcs
754 5600 933 5654 dictus
975 5604 1074 5654 est.
1131 5598 1288 5654 Duas
1337 5603 1534 5653 tamen
1594 5614 1728 5651 cum
1787 5598 1985 5655 Hiero-

332 5689 515 5750 nymo
548 5671 789 5727 Ovidius
823 5674 985 5727 notat
1009 5670 1110 5739 lib,
1144 5687 1162 5726 1
1192 5671 1421 5739 Amor..,
1455 5669 1610 5750 Eleg.
1648 5670 1714 5727 l3
1745 5687 1757 5726 ε

619 5750 895 5809 Commisit
920 5754 1106 5805 noctes
1132 5750 1189 5802 in
1220 5763 1314 5801 sua
1338 5752 1464 5802 vota
1491 5748 1643 5801 duas.

2104 4732 2251 4786 dunt
2279 4729 2710 4785 verecundiam.

2173 4820 2258 4876 43.
2312 4820 2635 4890 l4’igilanlius
2680 4820 2811 4890 quid
2858 4824 3502 4893 prohibebat?Collectis
3547 4830 3607 4883 in
3654 4829 3753 4888 die

2101 4963 2341 5017 Plautus
2372 4977 2546 5033 quem
2579 4965 2778 5016 noster
2804 4961 3020 5018 laudat.

2191 5069 2360 5119 Credo
2393 5081 2488 5131 ego
2524 5070 2621 5117 hac
2652 5072 2807 5118 nocte
2838 5071 3167 5123 Nocturnum
3197 5075 3545 5126 obdormisse.

2168 5168 2189 5244 τῇ
2219 5167 2785 5244 Cmnsubitasierrze
2810 5176 3009 5244 motus.
3044 5170 3293 5244 Prosper
3320 5174 3379 5228 in
3412 5173 3747 5242 Chronicis,

2102 5238 2404 5320 a_Arcadio
2438 5256 2490 5291 1v
2522 5238 2859 5320 etnllonor‘io
2893 5258 2955 5294 ιιι
2990 5258 3138 5297 coss.
3161 5238 3366 5320 ⁵’ῐεδιειΐθ
3410 5251 3610 5302 motus
3639 5238 3750 5320 per

2098 5312 2221 5393 dies
2254 5309 2540 5393 plurimos
2573 5309 2683 5393 fuit
2704 5311 3040 5393 cornumque
3077 5316 3504 5393 ardere__visum
3564 5309 3674 5373 est.
3716 5342 3746 5369 ››

2097 5384 2383 5438 ΜΑιῑτιΑΝ.
2418 5412 2485 5420 -
2518 5382 2578 5435 In
2611 5382 2669 5435 S.
2704 5382 2966 5452 Prosperi
2999 5401 3063 5439 ac
3086 5387 3405 5443 Marcellini
3435 5388 3746 5447 Chronicis

2098 5456 2348 5509 refertur
2397 5453 2466 5506 ad
2523 5470 2742 5507 annum
2802 5456 2907 5508 366
2941 5473 2952 5509 :
2988 5479 3013 5504 ‹‹
3045 5458 3289 5514 Arcadio
3313 5465 3425 5515 vet
3482 5460 3741 5518 Honorio

2098 5544 2159 5601 ιιι
2193 5542 2344 5601 coss.
2377 5530 2544 5601 terrae
2575 5531 2905 5601 motusper
2931 5528 3355 5601 diesplurimos
3388 5531 3517 5599 fuit,
3566 5554 3587 5581 υ
3626 5538 3742 5592 etc.

2098 5596 2273 5653 Paulo
2306 5596 2457 5651 infra
2512 5601 2679 5652 vetus
2734 5597 2912 5653 editio
2978 5598 3043 5653 de
3068 5596 3350 5674 'paradiso
3407 5596 3602 5677 ejeclos
3658 5609 3747 5665 sic

2094 5684 2294 5733 orasse.
3616 5700 3621 5705 .
