3944 6414
208 406 309 468 365

1429 405 1740 470 CONTRA
1784 402 2331 469 VlGILANTIUM.

3473 411 3611 474 366'

207 540 470 598 dominico.
504 539 841 596 Consuetudo
866 539 1336 612 eleemosynarum
1378 543 1524 612 apud
1566 542 1825 598 Hebraeos
1856 544 1909 610 Α
1942 540 2072 594 Mali
2113 555 2404 611 pauperes.
2440 572 2505 581 υ·
2565 539 2986 611 Respondebis,
3040 539 3146 595 hoc
3195 557 3590 616 unumquem-

207 638 250 686 ει
277 628 692 684 Christianos.—
714 629 940 686 Videris
971 629 1114 685 mihi
1145 629 1340 686 dolere
1372 635 1429 686 et
1459 630 1641 700 aliud,
1675 647 1748 686 ne
1779 630 1828 685 si

205 717 479 775 inoleverit
496 719 649 790 apud
671 718 866 774 Gallos
885 719 1245 775 continentia
1267 725 1322 774 et
1344 720 1631 776 sobrietas
1651 725 1827 792 atque

199 806 746 880 jejunium,taberna3
775 811 886 863 tua:
910 806 1074 864 lucra
1095 826 1210 864 non
1232 807 1575 874 habeant,et
1596 808 1824 880 vigilias

202 894 392 953 diaboli
407 913 473 952 ac
487 896 811 954 temulenta
821 898 1085 954 convivia
1101 903 1224 954 tota
1243 903 1409 954 nocte
1427 914 1690 954 exercere
1707 915 1824 953 non

204 986 676 1060 possisPraaterea
698 986 904 1043 iisdem
937 988 1009 1043 ad
1036 1005 1126 1043 me
1149 987 1394 1042 relatum
1415 992 1503 1043 est
1528 986 1820 1059 Epistolis,

204 1075 339 1148 quod
367 1079 566 1131 contra
596 1077 1002 1132 auctoritatem
1037 1076 1285 1148 apostoli
1319 1076 1504 1147 Pauli,
1550 1077 1668 1132 imo
1719 1081 1822 1132 Pe-

203 1164 286 1231 tri,
307 1163 540 1221 Joannis
569 1169 627 1221 et
654 1164 875 1231 Jacobi,
909 1166 1009 1237 qui
1041 1167 1273 1222 dextras
1304 1167 1592 1221 dederunt
1647 1164 1824 1220 Paulo

202 1256 251 1310 et
270 1254 1114 1322 Barnabaacommunicationis,
1159 1258 1216 1310 et
1272 1259 1666 1328 praeceperunt
1714 1255 1822 1320 eis,

202 1347 254 1398 ut
278 1359 592 1416 pauperum
624 1359 914 1400 memores
943 1348 1159 1412 essent,
1206 1348 1267 1399 tu
1320 1343 1632 1416 prohibeas
1691 1343 1823 1398 Hie-

198 1433 526 1505 rosolymam
545 1431 606 1486 in
656 1450 802 1488 usus
861 1438 1198 1489 sanctorum
1244 1433 1442 1505 aliqua
1474 1437 1820 1504 sumptuum

198 1521 384 1578 solatia
407 1521 600 1594 dirigi.
627 1521 911 1578 Videlicet
939 1522 988 1578 si
1019 1522 1090 1577 ad
1123 1521 1244 1576 hinc
1276 1521 1652 1594 respondero,
1700 1525 1819 1576 sta-

197 1609 286 1666 tim
314 1609 767 1677 latrabis,meam
817 1627 910 1666 me
968 1628 1208 1667 causam
1267 1627 1457 1684 agere,
1500 1611 1598 1682 qui
1659 1613 1823 1664 tanta

195 1703 410 1755 cunctos
440 1697 712 1773 largitate
744 1700 997 1768 donasti,
1020 1703 1084 1755 ut
1111 1699 1224 1756 nisi
1259 1699 1520 1756 venisses
1552 1699 1820 1754 Hieroso-

192 1789 408 1861 lymam,
441 1793 501 1844 et
529 1792 661 1844 tuas
681 1788 768 1844 vel
816 1792 1196 1861 patronorum
1245 1793 1482 1845 tuorum
1541 1787 1820 1859 pecunias

191 1878 501 1947 ell'udisses,
536 1895 739 1934 omnes
783 1878 1248 1950 periclitaremur
1306 1879 1482 1934 fame.
1531 1878 1650 1949 Ego
1707 1876 1818 1932 hoc

192 1966 396 2040 loquor,
429 1967 586 2040 quod
620 1967 824 2023 beatus
856 1967 1156 2039 apostolus
1190 1967 1403 2024 Paulus
1468 1966 1526 2022 in
1589 1967 1818 2022 cunctis

190 2056 618 2128 peneEpistolis
649 2056 773 2112 suis
832 2055 1174 2129 loquitur,et
1223 2057 1483 2128 principit
1539 2055 1817 2112 Ecclesiis

189 2146 428 2218 gentium
461 2162 567 2219 per
597 2162 775 2201 unam
807 2146 1058 2215 sabbati,
1092 2146 1201 2202 hoc
1231 2150 1339 2212 est,
1376 2146 1470 2201 die
1525 2144 1817 2201 dominico

188 2250 372 2290 omnes
423 2235 687 2290 conferre
732 2235 961 2303 debere,
1023 2252 1150 2307 quae
1221 2233 1680 2307 Hierosolymam
1757 2234 1816 2289 in

189 2327 510 2380 sanctorum
530 2322 739 2380 solatia
768 2323 1115 2397 dirigantur,
1163 2329 1219 2378 et
1271 2323 1358 2379 vel
1415 2339 1520 2396 per
1558 2323 1816 2394 discipu-

189 2411 262 2469 los
290 2412 542 2482 suos,vel
573 2430 676 2485 per
715 2430 864 2485 quos
905 2413 1015 2485 ipsi
1049 2413 1422 2486 probaverint
1457 2431 1468 2468 :
1531 2417 1587 2468 et
1635 2413 1684 2468 si
1737 2413 1817 2467 di-

188 2517 351 2574 gnum
381 2503 579 2570 fuerit,
611 2503 736 2575 ipse
757 2506 859 2559 aut
888 2503 1124 2576 dirigat,
1161 2508 1262 2559 aut
1308 2503 1593 2575 perferat‘
1659 2502 1814 2574 quod

187 2591 476 2650 collectum
505 2597 611 2650 est.
647 2593 707 2647 In
741 2592 981 2649 Actibus
1013 2609 1244 2666 quoque
1276 2593 1673 2664 apostolorum
1731 2591 1815 2646 lo-

185 2699 352 2754 quens
378 2684 449 2738 ad
514 2681 756 2738 Felicem
799 2682 1144 2755 praesidem:
1181 2706 1208 2733 ‹‹
1261 2683 1396 2738 Post
1451 2699 1657 2746 annos,
1715 2681 1815 2747 ait,

184 2768 384 2843 plures,
415 2771 816 2844 eleemosynas
856 2773 1135 2837 ,facturus
1192 2772 1252 2827 in
1311 2775 1541 2843 gentem
1600 2786 1816 2838 meam,

181 2861 297 2916 veni
325 2861 872 2934 Hierosolymam,et
901 2861 1228 2918 oblationes
1283 2866 1342 2918 et
1387 2865 1521 2917 vota
1571 2861 1626 2915 in
1686 2859 1815 2932 qui-

183 2949 280 3007 bus
313 2950 670 3007 invenerunt
726 2967 819 3006 me
868 2949 1247 3023 puriﬁcatam
1292 2950 1351 3005 in
1398 2948 1617 3022 templo
1677 2950 1813 3021 (Act.

179 3056 315 3107 xxw,
349 3040 436 3108 17,
475 3038 646 3112 18).»
676 3039 952 3110 Nunquid
1004 3038 1062 3093 in
1123 3038 1237 3094 alia
1275 3044 1438 3112 parte
1505 3044 1815 3103 terrarum,

181 3133 229 3185 et
290 3130 346 3185 in
409 3128 708 3196 Ecclesiis,
769 3145 916 3200 quas
975 3120 1285 3185 nascentes
1354 3129 1464 3185 fide
1523 3146 1630 3185 sua
1679 3145 1816 3184 eru-

179 3217 534 3291 diebat,quze
567 3218 638 3273 ab
688 3216 818 3273 aliis
913 3224 1238 3290 acceperat,
1340 3218 1595 3274 dividere
1699 3234 1814 3272 non

1942 645 2052 699 que
2085 646 2255 700 posse
2288 630 2343 683 in
2366 630 2555 700 patria
2586 647 2693 686 sua
2723 629 2910 685 facere
2941 646 2954 684 :
2989 646 3093 686 nec
3141 648 3428 705 pauperes
3486 635 3592 690 de-

1939 720 2188 784 t'uturos,
2223 718 2322 789 qui
2352 719 2618 774 Ecclesia:
2651 719 2862 790 opibus
2893 721 3260 776 sustentandi
3293 722 3433 778 sint.
3468 723 3586 780 Nec

1937 825 2044 862 nos
2071 823 2355 879 negamus
2391 809 2617 864 cunctis
2640 808 3017 882 pauperibus,
3052 810 3225 866 etiam
3258 811 3476 868 Iudaeis
3536 817 3593 870 et

1936 895 2340 963 Samaritanis,
2366 897 2412 951 si
2450 901 2612 953 tanta
2641 899 2719 954 sit
2749 897 3013 972 largitas,
3049 899 3230 970 stipes
3287 901 3590 974 porrigen-

1935 985 2060 1040 das.
2087 987 2198 1041 Sed
2247 986 2560 1058 Apostolus
2619 987 2944 1044 faciendam
3005 989 3245 1060 quidem
3290 990 3460 1046 docet
3518 991 3591 1046 ad

1934 1090 2139 1129 omnes
2172 1074 2645 1148 eleemosymam,
2681 1077 2780 1132 sed
2815 1077 3068 1133 maxime
3119 1079 3189 1133 ad
3240 1079 3592 1136 domesticos

1933 1163 2068 1218 fidei
2100 1164 2300 1234 (Galat.
2326 1182 2401 1220 vr.
2429 1166 2537 1236 10).
2567 1167 2641 1220 De
2672 1165 2890 1238 quibus
2922 1172 2979 1222 et
3007 1166 3272 1224 Salvator
3303 1169 3362 1224 in
3411 1171 3594 1227 Evan-

1933 1253 2084 1325 gelio
2110 1253 2496 1325 loquebatur:
2536 1278 2556 1304 α
2596 1255 2788 1311 Facite
2825 1256 2992 1312 vobis
3023 1257 3246 1314 amicos
3275 1259 3346 1314 de
3400 1275 3593 1316 mam-

1933 1357 2111 1397 mona
2138 1342 2466 1414 iniquitatis
2493 1345 2600 1414 [ΑΖ.
2635 1344 2883 1416 iniquo],
2911 1345 3014 1415 qui
3047 1363 3152 1401 vos
3188 1346 3474 1418 recipiant
3525 1347 3589 1404 in

1931 1435 2145 1487 aeterna
2174 1432 2550 1488 tabernacula
2581 1436 2727 1500 (Luc.
2772 1449 2888 1503 xvt,
2915 1435 2991 1504 9).
3038 1460 3058 1486 ι»
3139 1435 3417 1508 Nunquid
3486 1436 3589 1498 isti

1932 1537 2238 1593 pauperes,
2271 1521 2424 1576 inter
2454 1539 2704 1594 quorum
2732 1539 2958 1595 pannos
2981 1528 3036 1579 et
3064 1523 3323 1580 illuviem
3383 1542 3588 1598 corpo-

1931 1609 2012 1664 ris
2070 1610 2324 1682 ﬂagrans
2369 1610 2548 1666 libido
2591 1612 2948 1679 dominatur,
3028 1617 3278 1684 possunt
3321 1614 3582 1671 .habere

1931 1699 2559 1771 aeternatabernacula,
2611 1700 2712 1771 qui
2742 1717 2847 1756 nec
2904 1703 3211 1773 praesentia
3257 1703 3585 1774 possident,

1931 1804 2036 1843 nec
2067 1789 2310 1844 futura?
2338 1788 2464 1844 Non
2508 1790 2666 1844 enim
2708 1789 3056 1862 simpliciter
3108 1807 3416 1862 pauperes,
3481 1793 3584 1848 sed

1930 1893 2216 1949 pauperes
2273 1878 2484 1950 spiritu
2531 1879 2686 1934 beati
2747 1878 3160 1951 appellantur:
3209 1882 3281 1936 de
3361 1881 3582 1953 quibus
3687 1873 3689 1875 ’

1929 1966 2213 2037 scriptum
2244 1972 2365 2023 est:
2405 1990 2433 2018 ‹‹
2465 1969 2678 2024 Beatus
2735 1969 2833 2040 qui
2894 1968 3169 2042 intelligit
3217 1986 3395 2042 super
3454 1986 3585 2044 ege-

1929 2071 2069 2110 num
2095 2060 2151 2110 et
2173 2071 2489 2127 pauperem
2521 2073 2533 2111 :
2567 2056 2626 2111 in
2657 2057 2751 2111 die
2784 2056 2938 2112 mala
2968 2056 3238 2113 liberabit
3280 2074 3415 2114 eum
3475 2059 3585 2114 Do-

1928 2144 2126 2199 minus
2149 2145 2318 2216 (Psal.
2353 2162 2444 2211 XL,
2478 2146 2550 2217 1).
2585 2168 2612 2194 ››
2648 2146 2708 2200 In
2732 2145 2888 2218 vulgi
2942 2146 3300 2218 pauperibus
3354 2151 3586 2204 susten-

1926 2233 2124 2288 tandis
2155 2250 2527 2306 nequaquam
2557 2233 2879 2300 intellectu,
2901 2235 3002 2290 sed
3033 2234 3404 2308 eleemosyna
3431 2252 3583 2308 opus

1927 2326 2034 2378 est.
2072 2324 2131 2377 In
2156 2321 2374 2378 sanctis
2404 2324 2764 2395 pauperibus
2793 2323 3094 2378 beatitudo
3123 2328 3213 2379 est
3253 2324 3585 2397 intelligen-

1926 2411 2039 2477 tite,
2100 2413 2312 2482 ut[Al.
2373 2415 2438 2466 ut
2483 2417 2542 2467 et
2600 2411 2674 2484 ei]
2724 2412 2775 2465 ei
2834 2412 3070 2480 tribuat,
3131 2413 3229 2483 qui
3287 2414 3584 2470 erubescit

1927 2500 2214 2571 accipere:
2250 2505 2306 2555 et
2335 2517 2470 2556 cum
2491 2502 2798 2572 acceperit,
2849 2501 3031 2557 dolet:
3093 2505 3319 2558 metens
3378 2519 3584 2558 carna-

1925 2587 2023 2659 lia,
2057 2594 2112 2644 et
2143 2590 2444 2646 seminans
2461 2589 2770 2663 Spiritalia.
2796 2591 2957 2654 Quod
2982 2596 3179 2647 autem
3213 2593 3425 2648 asserit
3481 2609 3580 2649 eos

1927 2678 2139 2734 melius
2170 2679 2378 2746 facere,
2413 2679 2514 2752 qui
2546 2684 2792 2735 utuntur
2816 2680 2992 2736 rebus
3022 2681 3167 2748 suis,
3201 2685 3259 2737 et
3288 2681 3576 2752 paulatim

1926 2768 2153 2823 fructus
2175 2769 2618 2841 possessionum
2637 2786 2878 2825 suarum
2904 2771 3263 2842 pauperibus
3285 2771 3573 2839 dividunt,

1927 2874 2103 2929 quam
2136 2857 2269 2913 illos
2302 2859 2402 2930 qui
2434 2859 2910 2930 possessionibus
2965 2861 3338 2928 venundatis,
3393 2862 3577 2918 semel

1927 2946 2500 3020 omnialargiuntur,
2522 2965 2637 3004 non
2669 2965 2702 3003 a
2731 2965 2826 3004 me
2855 2949 2905 3004 ei
2937 2947 3048 3022 [AL
3082 2949 3208 3018 eis],
3234 2951 3336 3006 sed
3388 2969 3421 3008 a
3471 2939 3578 3008 Do-

1927 3036 2088 3090 mino
2115 3037 2598 3108 respondebitur:
2633 3060 2662 3086 «
2695 3037 2753 3093 Si
2780 3038 2866 3093 vis
2898 3054 3026 3093 esse
3057 3039 3370 3110 perfectus,
3406 3042 3574 3107 vade,

1925 3125 2106 3179 vende
2137 3125 2333 3180 omnia
2350 3143 2477 3197 qua:
2510 3126 2709 3194 babes,
2743 3130 2801 3181 et
2830 3127 2902 3182 da
2925 3127 3280 3199 pauperibus
3306 3146 3318 3182 :
3355 3133 3412 3183 et
3442 3129 3575 3185 veni

1927 3230 2168 3284 sequere
2190 3231 2282 3270 me
2302 3215 2512 3282 (Matth.
2545 3231 2662 3284 xxx,
2715 3216 2891 3286 21).»
2949 3216 3032 3270 Ad
3095 3233 3229 3273 eum
3279 3217 3567 3291 loquitur,

179 3309 430 3380 poterat?
513 3308 622 3363 Sed
700 3310 1034 3363 sanctorum
1112 3307 1370 3363 locorum
1455 3305 1814 3379 pauperibus
1847 3300 1888 3366 C
1927 3301 2025 3372 qui
2057 3301 2179 3356 vult
2199 3319 2326 3357 esse
2357 3302 2670 3374 perfectus,
2704 3304 2962 3375 quicum
2985 3305 3264 3376 apostolis
3321 3312 3574 3377 patrem,

179 3397 340 3454 dare’
398 3396 697 3470 cupiebat,
759 3397 859 3468 qui
911 3413 1051 3452 suas
1105 3412 1210 3468 pro
1267 3395 1495 3452 Christo
1569 3395 1810 3450 faculta-

177 3485 318 3543 tulas
365 3486 792 3558 relinquentes,
846 3486 917 3541 ad
974 3485 1205 3542 Domini
1281 3485 1620 3542 servitutem
1695 3488 1816 3540 tota

177 3580 352 3632 mente
406 3575 678 3632 conversi
735 3578 892 3630 sunt.
944 3579 1209 3648 Longum
1271 3578 1361 3631 est
1427 3591 1584 3630 nunc
1643 3574 1692 3629 si
1745 3573 1816 3629 de

178 3666 387 3721 cunctis
416 3663 692 3738 epistolis
718 3666 846 3735 ejus
886 3664 1082 3720 omnia
1131 3663 1470 3719 testimonia
1529 3661 1817 3719 revolvere

175 3752 412 3822 voluero,
445 3754 512 3810 in
537 3753 755 3826 quibus
784 3752 894 3808 hoc
923 3752 1064 3825 agit,
1126 3758 1183 3809 et
1237 3757 1356 3808 tota
1411 3757 1606 3809 mente
1655 3752 1816 3808 festi-

178 3846 287 3911 nat,
315 3849 381 3900 ut
409 3841 878 3916 Hierosolymam
901 3847 957 3898 et
985 3842 1055 3898 ad
1085 3846 1288 3898 sancta
1345 3843 1472 3898 loca
1532 3841 1817 3898 credenti-

178 3931 276 3989 bus
291 3933 558 4007 pecunias
587 3931 954 4005 dirigantur:
988 3949 1100 3988 non
1136 3933 1194 3988 in
1226 3932 1556 4004 avaritiam,
1599 3933 1701 3987 sed
1758 3932 1815 3987 in

177 4022 557 4097 refrigerium,
593 4038 707 4078 non
741 4023 811 4077 ad
845 4022 1080 4077 divitias
1103 4023 1565 4096 congregandas,
1596 4023 1696 4078 sed
1745 4023 1816 4078 ad

185 4109 642 4171 imbecillitatem
675 4111 1004 4184 corpusculi
1036 4113 1503 4180 sustentandam,
1531 4117 1586 4168 et
1634 4113 1822 4185 frigus

175 4205 336 4275 atque
362 4204 629 4260 inediam
682 4204 835 4259 899
894 4201 1325 4259 declinandam.
1360 4203 1475 4260 Hac
1513 4203 1571 4258 in
1618 4203 1822 4258 Judaaa

178 4305 348 4366 usque
377 4293 558 4349 hodie
582 4296 989 4364 perseverante
1047 4291 1492 4360 consuetudine,
1552 4310 1664 4348 non
1726 4310 1818 4348 so-

175 4379 286 4438 lum
316 4383 476 4455 apud
512 4381 772 4449 nos,sed
823 4385 879 4437 et
927 4381 1082 4453 apud
1142 4381 1430 4448 Hebraeos,
1492 4385 1557 4437 ut
1604 4383 1704 4453 qui
1760 4381 1820 4437 in

175 4466 286 4542 lege
313 4471 554 4528 Domini
589 4470 954 4526 meditantur
982 4471 1075 4526 die
1109 4486 1175 4527 ac
1212 4476 1380 4527 nocte
1412 4473 1583 4539 (Psal.
1641 4490 1679 4540 ι,
1742 4473 1819 4542 2),

174 4562 224 4614 et
248 4565 474 4632 patrem
511 4577 632 4617 non
663 4560 959 4616 habentia
998 4564 1172 4630 terra,
1209 4561 1317 4616 nisi
1357 4560 1550 4618 solum
1611 4562 1821 4628 Deum,

175 4663 605 4724 synagogarum
635 4649 656 4684 ³
676 4653 732 4705 et
754 4649 936 4705 totius
959 4650 1118 4706 orbis
1149 4651 1453 4707 foveantur
1479 4651 1822 4707 ministeriis

173 4739 339 4807 (Deut.
370 4757 543 4808 xvm,
575 4739 734 4811 2sq.)
762 4757 775 4807 ;
810 4756 878 4795 ex
909 4739 1238 4811 aequalitate
1270 4741 1554 4796 duntaxat
1588 4758 1703 4796 non
1759 4746 1825 4796 ut

175 4825 294 4885 aliis
324 4829 724 4902 refrigerium,
749 4833 807 4884 et
837 4827 968 4883 aliis
994 4829 1068 4883 sit
1094 4829 1396 4885 tribulatio
1431 4849 1443 4886 :
1469 4832 1566 4886 sed
1597 4835 1664 4885 ut
1691 4830 1826 4887 alio-

175 4933 296 4974 rum
343 4918 740 4986 abundantia,
803 4917 1050 4974 aliorum
1093 4923 1383 4975 sustentet
1439 4919 1694 4993 inopiam
1755 4922 1830 4994 (II

177 5008 288 5064 Cor.
321 5025 450 5075 vm,
484 5007 598 5078 14).

240 5096 327 5167 44,
387 5099 774 5169 Ειεεηιοδῃηεε
856 5099 1051 5172 quibus
1125 5101 1471 5172 potissimum
1535 5101 1825 5172 faciemta’.

245 5334 390 5390 'Ms.
428 5337 658 5390 Bonon.
693 5337 792 5390 aut
814 5335 1083 5407 proferat,
1105 5340 1214 5393 etc.
1250 5350 1319 5393 ex
1352 5354 1485 5395 mox
1521 5337 1652 5397 Veni
1679 5341 1828 5397 obla-

182 5405 341 5484 tiones
371 5414 426 5463 et
455 5408 588 5463 vota
616 5405 900 5478 offerrem
927 5410 1148 5479 quibus,
1200 5415 1310 5466 etc.
1371 5413 1592 5484 absque
1641 5414 1830 5469 Hiero-

180 5477 248 5531 sol
290 5496 467 5534 mam.
936 5477 951 5479 ἡ
1499 5477 1514 5484 ’

241 5495 462 5637 'yl‘dem.
477 5550 602 5604 fere
630 5566 761 5606 cum
783 5549 956 5606 veteri
983 5551 1258 5622 editione,
1288 5555 1379 5609 sed
1435 5559 1638 5613 sanctis
1691 5575 1829 5630 pau-

425 5623 586 5710 dare.

185 5693 202 5725 ³
227 5694 506 5776 Ejus_re_i
569 5693 1159 5776 ordine‘mﬁelei‘cat,
1203 5698 1535 5776 multaque
1576 5703 1836 5776 congerit

185 5765 440 5847 exempla
461 5765 710 5827 doctiss.
747 5766 803 5824 P.
837 5765 1205 5842 Bacéhinius,
1233 5765 1463 5830 inlibro
1504 5772 1574 5832 de
1631 5765 1834 5836 Matro-

1925 3390 2253 3446 naviculam
2288 3397 2344 3447 et
2376 3397 2492 3448 rete
2514 3392 2775 3448 dimittit.
2827 3395 2940 3449 Iste
2989 3411 3168 3466 quem
3225 3401 3285 3450 tu
3343 3396 3576 3467 laudas,

1925 3481 2220 3536 secundus
2251 3485 2351 3536 aut
2375 3482 2478 3552 [AL
2513 3483 2586 3553 ei]
2619 3484 2826 3538 tertius
2847 3475 3067 3556 gradus
3125 3491 3231 3552 est,
3286 3503 3463 3558 quem
3515 3491 3573 3543 et

1927 3587 2034 3626 nos
2074 3570 2410 3642 recipimus,
2444 3572 2764 3629 dummodo
2796 3573 3054 3630 sciamus
3076 3574 3268 3646 prima
3295 3577 3574 3640 secundis

1927 3664 1984 3715 et
2012 3660 2200 3717 tertiis
2229 3661 2610 3733 praeferenda.

1998 3750 2085 3805 45.
2135 3751 2248 3806 Vita
2292 3767 2356 3806 ac
2412 3753 2653 3807 conditio
2682 3755 2803 3808 veri
2843 3753 3120 3821 monachi,
3167 3755 3403 3810 Vitamli
3455 3771 3576 3811 mo-~

1926 3839 2106 3895 nac/io
2160 3844 2405 3912 aspectus
2454 3842 2775 3898 mulierum.
2827 3874 2896 3884 —-
2955 3847 3068 3898 Nec
3128 3859 3162 3898 a
3201 3861 3307 3899 suo
3375 3845 3578 3903 studio

1925 3929 2195 3984 monachi
2229 3930 2556 3985 deterrendi
2588 3933 2744 3986 400
2775 3937 2914 3987 sunt
2941 3950 2975 3987 a
3004 3937 3060 3986 te
3091 3932 3293 4005 lingua
3345 3933 3582 4006 viperea

1929 4021 1986 4072 et
2017 4033 2216 4072 morsu
2253 4018 2592 4085 saevissimo,
2645 4021 2715 4075 de
2773 4021 2992 4091 quibus
3043 4022 3476 4093 argumentaris
3525 4027 3583 4080 et

1931 4106 2077 4162 dicis
2112 4125 2123 4162 :
2158 4108 2213 4162 Si
2245 4124 2448 4164 omnes
2479 4125 2540 4163 se
2571 4109 2887 4166 clauserint
2907 4113 2947 4177 ‘,
2981 4115 3037 4166 et
3066 4111 3278 4168 fuerint
3330 4113 3391 4168 in
3441 4111 3586 4169 soli-

1927 4191 2150 4261 tudine,
2184 4197 2318 4268 quis
2341 4197 2659 4254 celebrabit
2689 4199 2979 4256 Ecclesias
3013 4201 3040 4256 ?
3071 4202 3206 4274 quis
3267 4201 3579 4260 saeculares

1931 4283 2202 4342 homines
2258 4285 2619 4344 lucrifaciat?
2668 4289 2800 4361 quis
2858 4295 3164 4362 peccantes
3219 4292 3292 4348 ad
3337 4293 3583 4350 virtutes

1932 4375 2144 4445 poterit
2173 4375 2510 4432 cohortari?
2534 4377 2649 4433 Hoc
2673 4379 2829 4434 enim
2862 4380 3036 4435 modo
3067 4380 3117 4435 si
3145 4398 3349 4437 omnes
3385 4387 3583 4438 tecum

1931 4463 2073 4518 fatui
2108 4464 2247 4531 sint,
2282 4465 2516 4537 sapiens
2549 4468 2682 4538 quis
2703 4485 2831 4525 esse
2863 4470 3117 4541 poterit?
3147 4471 3213 4526 Et
3271 4471 3586 4542 virginitas

1932 4569 2047 4609 non
2083 4553 2192 4608 erit
2222 4555 2617 4626 approbando.
2653 4557 2879 4613 Sienim
2911 4575 3115 4614 omnes
3146 4558 3401 4632 virgines
3461 4559 3585 4615 fue-

1934 4642 2294 4715 rint,nuptia3
2325 4660 2439 4698 non
2471 4650 2674 4700 erunt:
2710 4645 2974 4702 interibit
3004 4647 3329 4703 humanum
3363 4663 3586 4719 genus:

1933 4730 2187 4787 infantes
2218 4733 2275 4786 in
2308 4733 2475 4788 cunis
2500 4750 2614 4789 non
2658 4737 2929 4808 vagient;
2973 4735 3314 4792 obstetrices
3364 4737 3591 4809 absque

1936 4821 2304 4877 mercedibus
2338 4823 2792 4880 mendicabunt:
2855 4831 2910 4880 et
2963 4825 3311 4896 gravissimo
3373 4825 3588 4898 frigore

1936 4910 2098 4966 solus
2135 4911 2234 4977 [Αἰ.
2270 4911 2520 4982 solutus]
2553 4917 2727 4984 atque
2766 4918 3102 4969 contractus
3160 4914 3588 4972 Dormitantius

1935 4999 2200 5072 vigilabit
2230 5000 2285 5054 in
2314 4999 2544 5057 lectulo.
2581 5002 2731 5057 Rara
2752 5007 2840 5058 est
2870 5003 3054 5059 virtus
3088 5021 3189 5058 nec
3232 5021 3264 5058 a
3315 5003 3585 5076 pluribus

1938 5089 2248 5162 appetitur.
2283 5092 2468 5163 Atque
2492 5091 2714 5149 utinam
2749 5092 2856 5149 hoc
2892 5109 3098 5150 omnes
3150 5098 3364 5164 essent,
3428 5094 3587 5168 quod

1941 5344 2192 5420 polibus.
2225 5349 2330 5403 Ms.
2366 5344 2584 5404 Bonon.
2619 5345 2828 5404 deinde
2847 5345 3019 5403 habet
3061 5362 3131 5403 car
3185 5347 3501 5418 aequali/ate
3539 5348 3592 5402 et

1941 5423 2021 5475 ita
2041 5421 2331 5486 duntaxat,
2369 5427 2476 5475 etc.

2013 5492 2032 5524 ⁴
2061 5491 2269 5564 Verius
2310 5497 2448 5562 puto
2508 5492 2662 5562 quod
2723 5490 2943 5547 habent
2982 5509 3129 5564 mss,
3184 5508 3410 5555 omnes,
3450 5491 3588 5564 ipso

1941 5563 2272 5617 Martiaan
2301 5558 2474 5634 testo,
2510 5558 2854 5623 recluserint.
2915 5566 3069 5634 quod
3112 5558 3236 5630 'cst,
3294 5583 3354 5619 se
3415 5558 3588 5622 clau-

1944 5635 2131 5720 dendo
2151 5634 2220 5690 ab
2263 5633 2392 5690 aliis
2425 5635 2769 5720 separarint.
2831 5633 3173 5710 Exemplum
3207 5635 3387 5692 babes
3425 5636 3582 5709 apud

1940 5706 2152 5764 Justin.
2189 5721 2303 5764 non
2336 5723 2452 5762 uno
2484 5704 2718 5764 inloco.
