3958 6422
240 391 243 394 ’
345 379 470 476 se
1604 413 1670 474 s.
1715 410 2028 474 sesami
2072 409 2538 476 HIEBONYMI.
3628 400 3750 466 aes

351 545 527 618 pauci
555 547 714 613 mut,
745 542 818 600 de
843 542 1062 616 quibus
1091 543 1337 601 dicitur:
1370 545 1536 602 Multi
1580 546 1776 610 vocati,
1828 547 1994 616 pauci
2025 547 2076 613 Α
2107 545 2278 601 Nulla
2308 545 2588 602 securitas
2626 548 2716 601 est
2759 545 2949 600 vicino
2999 545 3267 615 serpente
3315 537 3590 595 dormire.
3646 538 3752 592 Po-

353 637 511 692 ctccti
536 635 742 704 (Matth.
775 649 867 698 xx,
899 633 968 689 46
1001 637 1057 689 et
1103 651 1244 700 xm,
1272 634 1356 704 14)
1385 651 1397 698 ;
1429 633 1594 690 vacui
1623 636 1820 688 essent
1866 650 1993 688 car-
2109 637 2224 689 test
2255 634 2400 701 fieri,
2433 639 2497 690 ut
2529 650 2621 688 me
2652 650 2766 688 non
2800 633 3084 698 mordeat,
3106 637 3302 686 tamen
3327 625 3658 700 potestﬁeri
3689 630 3757 682 ut

354 721 892 780 ceres.Moaachus
917 727 1112 778 autem
1169 739 1284 781 non
1343 721 1597 777 doctoris
1650 719 1846 788 habet,
1897 722 1997 776 scd
2111 722 2430 795 aliquando
2476 740 2566 778 me
2625 724 2906 778 mordeat.
2963 723 3106 777 401
3166 720 3424 775 Matres‘
3477 732 3756 773 vocamus

353 811 684 885 plangentis
715 811 1009 867 ofﬁcium:
1039 811 1138 884 qui
1171 811 1259 866 vel
1317 828 1397 879 se,
1432 809 1516 865 vel
1578 811 1868 865 mundum
1910 810 1996 865 lu-
2109 827 2337 866 sorores
2367 815 2426 866 et
2449 810 2625 876 ﬁlias,
2660 818 2713 866 et
2747 828 2862 865 non
2887 809 3291 865 erubescimus
3319 807 3478 862 vitiis
3537 803 3758 864 nostris

353 905 506 973 goat,
547 903 605 956 et
661 899 893 958 Domini
937 900 1184 972 pavidus
1233 898 1598 971 praestoletur
1653 898 1992 955 adventum:
2109 899 2349 954 nomina
2378 899 2612 971 pictatis
2645 898 3131 961 obtendere.Quid
3167 896 3304 953 facit
3334 896 3660 951 monachus
3699 894 3760 949 in

351 990 456 1062 qui
486 989 678 1045 sciens
707 987 1165 1044 imbecillitatem
1197 1005 1387 1054 suam,
1407 991 1463 1042 et
1477 1004 1578 1042 vas
1610 986 1813 1059 fragile
1843 988 1996 1058 quod
2109 985 2335 1042 cellulis
2367 987 2717 1042 feminarum
2752 987 2778 1040 ?
2803 987 2941 1058 quid
2963 987 3073 1041 sibi
3117 985 3319 1041 volunt
3353 984 3478 1040 sola
3533 988 3591 1039 et
3639 983 3757 1054 pri-

356 1076 572 1150 portat,
629 1077 801 1134 timet
855 1078 1167 1142 offendere.
1219 1094 1292 1133 ne
1338 1077 1608 1149 impigat,
1669 1079 1726 1131 et
1768 1080 2002 1131 corruat
2106 1081 2239 1131 vata
2267 1075 2642 1146 colloquia,et
2670 1076 2919 1130 arbitros
2951 1076 3241 1146 fugientes
3272 1073 3475 1130 oculi?
3504 1073 3756 1129 Sanctus

345 1172 531 1240 atque
552 1167 873 1240 fungatur.
929 1167 1090 1222 Unde
1136 1170 1194 1221 et
1249 1164 1587 1230 mulierum,
1629 1163 1999 1235 maximeque
2108 1181 2273 1220 amor
2326 1165 2748 1236 impatientiam
2796 1181 2908 1219 non
2970 1164 3202 1219 habet“.
3257 1163 3419 1230 Quod
3468 1163 3540 1218 de
3617 1161 3756 1217 libi—

349 1255 919 1313 adﬂescentularum
948 1255 1090 1310 vitat
1143 1259 1466 1327 aspectum,
1518 1260 1576 1309 et
1628 1253 1686 1308 in
1765 1257 1998 1309 tantum
2109 1253 2243 1308 dine
2264 1253 2537 1320 diximus,
2575 1254 2895 1308 referamus
2915 1253 2986 1307 ad
3019 1252 3345 1317 avaritiam,
3377 1255 3436 1307 et
3464 1251 3536 1306 ad
3553 1251 3755 1307 omnia

355 1344 674 1417 castigator
695 1345 788 1400 sui
819 1348 926 1411 est,
960 1347 1020 1398 ut
1051 1343 1227 1402 etiam
1276 1359 1406 1415 quas
1453 1347 1577 1398 tuta
1622 1346 1761 1399 sunt
1817 1342 1998 1413 perti-
2108 1342 2249 1397 vitia
2279 1359 2403 1412 qua
2426 1342 2685 1397 vitantur
2731 1341 3063 1396 solitudine.
3124 1343 3196 1396 Et
3239 1341 3457 1396 idcirco
3513 1340 3754 1396 urbium

356 1435 596 1489 mssast.
2109 1431 2469 1501 frequentiae
2517 1430 2905 1495 declinamus,
2949 1445 3019 1484 ne
3064 1430 3249 1486 facere
3307 1427 3758 1501 compellamur,

426 1522 510 1582 t6.
539 1520 817 1593 Fugienda
847 1522 987 1576 vitia
1037 1525 1090 1576 et
1138 1521 1396 1576 vitiorum
1453 1521 1780 1575 occasiones.
1835 1519 1997 1574 Certa
2110 1536 2234 1590 quas
2265 1536 2372 1575 nos
2410 1526 2675 1575 nontam
2727 1524 2938 1574 natura
2972 1519 3126 1590 cogit
3184 1521 3388 1585 facere,
3421 1535 3598 1591 quam
3654 1535 3758 1574 vo-

350 1625 464 1666 mm
485 1616 615 1666 sunt
639 1609 988 1677 dimittenda,
1019 1617 1071 1665 et
1100 1611 1308 1664 incerta
1327 1608 1601 1664 sectanda.
1636 1639 1703 1647 —
1733 1607 1869 1672 Cur,
1903 1607 1997 1662 in-
2113 1607 2330 1663 Iuntas.

353 1696 1507 1772 quies,pergisaderemum?videlicetut
1532 1701 1713 1751 tenon
1738 1697 1996 1766 audiam,
2185 1697 2271 1750 i7.
2306 1698 2500 1768 Aperta
2557 1697 2894 1768 blasphemia
2942 1696 3379 1767 indignationem
3421 1696 3653 1767 ﬂagitat.
3689 1726 3760 1740 --

355 1803 472 1843 non
499 1787 749 1855 videam;
784 1791 850 1846 ut
879 1791 982 1842 tuo
1009 1786 1203 1841 lurore
1231 1802 1346 1840 non
1377 1789 1704 1851 movear;ut
1734 1784 1999 1840 tuabella
2111 1785 2264 1853 Haec,
2288 1790 2352 1839 ut
2407 1785 2547 1850 dixi,
2604 1790 2941 1839 sanctorum
2997 1786 3472 1857 presbyterorum
3529 1788 3762 1856 rogatu,

355 1890 473 1932 non
494 1875 722 1948 patiar;
767 1889 838 1930 ne
891 1889 987 1932 me
1024 1873 1217 1946 capiat
1264 1873 1471 1930 oculus
1528 1873 1892 1941 meretricis;
1927 1889 1998 1928 ne
2040 1917 2079 1948 Β
2112 1872 2289 1928 unius
2321 1873 2506 1928 noctis
2557 1873 2959 1928 lucubratione
3019 1872 3248 1940 dictavi,
3291 1872 3603 1928 festinante
3651 1873 3763 1928 ad-

357 1917 473 1932 ..νη
499 1917 674 1948 τμη...
709 1919 722 1942 ,
767 1917 838 1930 ..υ
891 1917 987 1932 ...ν
1025 1917 1217 1946 νυν...
1265 1917 1471 1930 πων..
1529 1917 1850 1930 ...νηηυνω
1879 1918 1892 1941 ,
1929 1917 1998 1928 ..ν
2116 1917 2289 1928 ........,
2322 1917 2506 1928 ..νων
2557 1917 2959 1928 movemus..-
3021 1917 3248 1940 ...-.....,
3293 1917 3602 1928 .ν--.......-.,
3651 1917 3726 1928 ν...

352 1965 544 2020 tbrma
597 1963 993 2036 pulcherrima
1045 1962 1114 2018 ad
1159 1962 1394 2018 illicitos
1453 1964 1630 2018 ducat
1676 1963 2000 2035 amplexus.
2035 1917 2081 1980 B
2116 1962 2355 2016 modum
2389 1963 2540 2018 402
2571 1963 2746 2016 fratre
2778 1961 3035 2016 Sisinnio
3066 1964 3106 2029 ‘,
3140 1967 3196 2016 et
3254 1966 3489 2033 propter
3527 1966 3760 2018 sancto-

355 2051 800 2125 Respondebie:
843 2051 962 2108 hoc
1009 2068 1125 2107 non
1174 2056 1263 2106 est
1315 2067 1596 2124 pugnare,
1633 2053 1734 2106 sed
1784 2052 2000 2123 fugere.
2115 2067 2246 2105 rum
2278 2049 2576 2121 refrigeria
2615 2051 2686 2104 ad
2735 2051 3044 2122 Egyptum
3080 2051 3160 2104 iro
3187 2054 3558 2122 properante:
3617 2050 3763 2106 alio-

353 2143 462 2198 Sta
489 2142 547 2198 in
566 2141 706 2210 acie,
731 2141 1078 2200 adversariis
1107 2144 1370 2196 armatus
1401 2140 1621 2196 obsisto
1646 2157 1658 2194 :
1721 2144 1785 2194 ut
1841 2146 2004 2212 post-
2117 2139 2258 2212 quin
2282 2144 2338 2194 et
2369 2140 2495 2210 ipsa
2524 2139 2766 2195 materia
2795 2145 3052 2210 apertam
3073 2139 3277 2194 habuit
3307 2137 3761 2211 blasphemiam,

357 2246 540 2302 quam
579 2230 806 2298 viceris,
873 2229 1186 2286 coroneris.
1269 2231 1470 2285 Fateor
1543 2229 2002 2285 imbecillitatem
2117 2246 2244 2300 qua:
2284 2228 2742 2300 indignationem
2770 2230 2957 2301 magis
2988 2229 3317 2295 scribentis,
3357 2245 3535 2301 quam
3593 2231 3760 2286 testi-

351 2335 571 2380 meam.
602 2319 747 2375 Nolo
776 2334 881 2391 spe
909 2333 1173 2391 pugnare
1191 2318 1466 2383 victorias,
1501 2335 1571 2373 ne
1603 2319 1844 2390 perdam
1904 2319 2004 2374 ali-
2116 2319 2447 2373 moniorum
2471 2317 2907 2373 multitudinem
2940 2318 3245 2390 ﬂagitaret.
3278 2319 3504 2382 Quodsi
3536 2319 3765 2375 Dormi-

357 2409 591 2481 quando
624 2407 945 2464 victoriam.
993 2406 1054 2464 Si
1133 2408 1353 2479 fugere,
1417 2406 1678 2480 gladium
1757 2408 2002 2464 devitavi
2112 2407 2405 2463 tantiusin
2431 2407 3103 2462 mearursusmaledicta
3130 2407 3759 2480 vigilaverit,eteodem

357 2498 466 2570 {AL
497 2496 841 2567 dimittam]:
878 2497 927 2552 si
985 2500 1227 2564 stetere,
1285 2503 1388 2551 aut
1437 2495 1792 2552 vincendum
1854 2497 1998 2551 mihi
2114 2513 2209 2552 ore
2237 2496 2597 2568 blasphemo,
2631 2513 2746 2568 quo
2778 2497 3072 2568 apostolos
3103 2502 3159 2552 et
3207 2501 3494 2568 martyres
3520 2497 3761 2556 lacerat.

357 2591 468 2656 est,
499 2591 602 2642 aut
630 2586 982 2642 cadendum.
1015 2585 1163 2651 Quid
1192 2589 1390 2640 autem
1421 2601 1657 2641 necesse
1706 2590 1796 2642 est
1849 2591 2006 2640 certa
2112 2587 2183 2640 de
2216 2603 2308 2641 me
2337 2602 2570 2656 quoque
2592 2585 2878 2657 putaverit
2898 2585 3347 2654 detrahendum,
3382 2603 3763 2660 nequaquam

358 2675 676 2742 dimittere,
709 2678 770 2730 et
792 2675 1017 2730 incerta
1055 2673 1262 2729 sectari
1294 2673 1322 2728 ‘i
1347 2676 1464 2729 Aut
1480 2679 1666 2738 scuto,
1702 2681 1802 2729 aut
1834 2675 2002 2746 pedi-
2113 2675 2196 2730 illi
2221 2675 2379 2730 brevi
2408 2675 2934 2742 lucubratiuncula,
2968 2675 3068 2730 sed
3094 2680 3214 2730 tota
3263 2680 3430 2731 nocte
3483 2677 3765 2749 vigilabo,

359 2766 472 2822 bus
500 2763 661 2821 more
691 2764 927 2822 vitanda
954 2767 1064 2819 est.
1096 2763 1181 2818 'l‘u
1206 2763 1307 2835 qui
1339 2779 1588 2836 pugnas,
1647 2769 1703 2819 et
1736 2763 2001 2836 superari
2115 2769 2170 2818 et
2201 2763 2374 2818 sociis
2397 2764 2578 2832 illius,
2598 2763 2778 2819 immo
2809 2763 3117 2835 discipulis
3149 2764 3235 2819 vel
3294 2764 3620 2836 magistris,
3653 2767 3765 2838 qui

358 2857 544 2928 potes,
574 2858 631 2909 et
676 2853 928 2910 vincere.
987 2857 1104 2926 Ego
1157 2869 1288 2908 cum
1353 2853 1574 2925 fugere,
1631 2869 1746 2908 non
1793 2854 2000 2908 vinco1
2114 2852 2226 2907 nisi
2250 2857 2540 2908 tumentes
2573 2858 2770 2908 uteros
2799 2853 3049 2908 viderint
3078 2854 3452 2922 feminarum,
3514 2856 3767 2912 maritos

357 2943 422 2999 in
456 2959 526 2999 eo
577 2943 733 3015 quod
791 2941 992 3014 fugio:
1052 2941 1152 2997 sed
1220 2940 1350 2997 ideo
1408 2941 1588 3013 fugio,
1652 2959 1723 2997 ne
1783 2943 2000 2998 vincar.
2113 2941 2551 2997 earumChristi
2583 2941 2908 2997 ministerio
2940 2942 3300 2998 arbitrantur
3329 2943 3620 3016 indignos.

429 3086 836 3154 ‘Martianaaus
864 3102 976 3144 non
1005 3087 1224 3142 vincar:
1258 3083 1398 3142 olim
1429 3100 1538 3142 non
1586 3087 1794 3152 vincor,
1849 3087 2000 3154 quod
2183 3088 2204 3118 ‘
2233 3087 2420 3141 Fratre
2466 3086 2727 3141 Sisinnio.
2767 3090 2844 3141 De
2897 3086 3004 3140 hoc
3081 3087 3283 3142 eodem
3329 3087 3584 3146 Sisinnio
3638 3089 3764 3148 hac

356 3158 650 3236 Victorius
679 3155 992 3232 improbat.
1025 3156 1141 3212 Nos
1194 3172 1328 3212 cum
1383 3157 1612 3213 duobus
1654 3174 1795 3213 mss.
1856 3155 2002 3230 Iegi-
2115 3157 2470 3236 legunturjn
2516 3158 2851 3236 Prefatiope
2873 3161 3195 3236 Comment.
3231 3157 3331 3236 lib.
3369 3177 3406 3212 II
3465 3160 3522 3236 in
3541 3160 3766 3236 Zacha-

359 3229 520 3312 ιῒιῐξε-ζ
632 3300 646 3312 “
767 3229 807 3312 ὀ
851 3305 860 3312 ⁸
913 3299 924 3312 _
1139 3300 1154 3312 ι
1207 3301 1240 3312 η
1283 3298 1339 3312 Η
1393 3299 1402 3309 _
1649 3299 1661 3312 ‘
1924 3229 1953 3310 ί.
2031 3286 2072 3312 Π
2115 3230 2347 3312 riamz‘»
2389 3229 2538 3312 Qum
2569 3230 2746 3312 frater
2774 3229 3545 3312 Sisinnius..f.gyptumlire
3593 3232 3768 3312 festi-

331 3286 368 3336 ί
409 3286 687 3357 ίί-Βοθοιο
719 3299 1026 3372 epistolam
1085 3300 1157 3355 ad
1207 3298 1589 3372 Sabinianum
1649 3299 1880 3371 lapsum
1940 3299 1997 3355 in
2030 3286 2073 3352 C
2113 3306 2232 3369 nat,
2266 3305 2332 3355 ut
2361 3302 2598 3355 odorem
2623 3371 2629 3372 γ
2653 3301 2814 3355 bona:
2847 3286 3330 3372 fragrantizejvqui
3363 3319 3397 3356 a
3427 3306 3481 3357 te
3525 3286 3754 3372 missus

363 3378 565 3444 nostra
593 3371 1077 3444 recensionett‘z,
1111 3387 1275 3428 num.
1305 3372 1364 3435 5,
1396 3371 1496 3425 ubi
1538 3375 1754 3426 matres
1804 3387 2006 3444 mona-
2119 3381 2205 3427 est
2237 3371 2734 3444 fratribus,r_il|uic
2795 3371 3025 3444 quoquc
3077 3371 3345 3443 perferat.
3382 3396 3409 3422 ››
3447 3380 3557 3430 etc.
3602 3371 3768 3434 Hanc

363 3443 675 3521 storiarum
697 3442 1088 3521 vocantanﬁ.
1123 3458 1354 3521 quoque
1409 3445 1655 3521 Optatos
1703 3444 1774 3521 de
1813 3442 2004 3499 Schis-
2119 3442 2828 3521 itaqueﬁin_Vi_gilapti_um‘
2858 3442 3482 3521 lucrub’ratiunculam
3524 3449 3769 3521 scripsit

363 3511 520 3588 mete
552 3511 988 3588 Donatistarum
1007 3511 1107 3588 lib.
1130 3511 1222 3578 ιί,‹‹
1242 3511 1593 3588 Invenerunt
1614 3520 2006 3588 matres,quas
2117 3511 2271 3570 anno
2301 3511 2669 3588 Christi—406,
2706 3515 2759 3569 id
2786 3519 2891 3582 est,
2948 3522 3106 3588 sexto
3155 3515 3465 3572 consulatu
3525 3511 3765 3574 Arcadii

363 3586 434 3642 de
465 3583 1257 3657 castimpnialibus‘ﬂecerapt
1288 3583 1591 3657 mulieres.
1624 3609 1644 3657 ξ
1835 3583 1844 3588 “
1879 3583 1896 3586 “
2116 3585 2388 3656 Augusti,
2423 3591 2488 3640 ut
2517 3585 2764 3657 ipsemet
2797 3591 3046 3641 testatur
3073 3587 3415 3643 Prmfatione
3466 3606 3529 3644 III
3589 3590 3770 3646 Com-

431 3658 454 3692 ³
478 3653 830 3739 Epistolaht6
859 3653 1050 3739 Paula?
1081 3658 1138 3739 et
1168 3654 1464 3739 Eustocbii
1515 3654 1717 3739 initio:
1773 3677 1800 3703 ‹‹
1856 3659 2006 3739 Men-
2117 3653 2382 3739 rnnentag
2415 3658 2472 3738 in
2528 3653 3105 3739 ﬁm‘osopropbetam.
3134 3663 3418 3739 linat-ias.
3447 3692 3513 3700 —
3544 3660 3625 3716 De
3653 3661 3768 3739 hoc

359 3725 562 3807 iurati!
593 3726 848 3807 charitas
866 3725 1233 3807 incnbabat,
1280 3731 1338 3782 et
1392 3725 2006 3807 impatientiadnescit
2117 3729 2292 3807 fratre
2324 3728 2582 3807 Sisinnio
2615 3725 2873 3786 diximus
2905 3730 2963 3786 in
3009 3731 3241 3802 praefixa
3285 3731 3422 3788 huic
3480 3733 3773 3805 opusculo

354 3801 624 3879 modum.
661 3823 684 3854 ι
719 3802 831 3879 etct
862 3798 972 3854 Sed
1002 3797 1096 3879 hic
1127 3796 1237 3853 loci
1266 3813 1390 3879 pro.
1419 3797 1845 3879 incontinentis
1893 3798 2004 3854 im—
2112 3800 2544 3856 Admonitione.

356 3871 636 3950 patientia
656 3870 933 3940 sumitur,
964 3873 1030 3926 ut
1058 3886 1239 3946 supra
1270 3868 1596 3925 indicatum
1631 3873 1739 3925 est.

353 4078 2722 4116 ..τ-ΕΞῌ--Μξ--Ψ-α-μ-
2743 4086 2796 4092 ——

387 4109 392 4114 ,
1208 4097 2490 4109 ’.ῥ’-Μ’-ὺ-ᾑ-ϋ-
2515 4104 2522 4107 -
2549 4105 2676 4109 ¥.——-
2693 4106 2698 4108 -
2719 4105 2738 4109 .-
2757 4105 2796 4110 ..-

387 4099 1544 4114 rF——Y——————'————"
1553 4099 1950 4105 ἢ*

1210 4099 2490 4109 νψ--τ-ᾞ-ὺ-ᾓὺ-
2515 4104 2522 4107 .
2549 4105 2698 4109 ¥.___
2719 4105 2773 4110 __

1063 4255 1134 4312 IN
1165 4257 1313 4325 SEQ.
1347 4257 1479 4315 LIB.
1515 4257 1803 4318 CONTRA
1831 4261 2169 4319 JOANNEM
2207 4263 2574 4321 HIEROSOL.
2625 4263 3054 4321 ADMONITIO.

351 4646 355 4650 .
420 4592 473 4649 i.
503 4590 762 4654 Joannes
797 4586 1376 4662 Hierosolymitanus,
1401 4589 1500 4663 qui
1531 4595 1664 4650 ante
1691 4590 1967 4666 adeptum
1996 4591 2395 4668 episc0patum
2423 4594 3002 4666 monachus,Arianis
3025 4603 3081 4654 et
3111 4598 3547 4659 Macedonianis
3578 4603 3771 4662 adhae-

350 4685 525 4751 serat,
559 4681 868 4753 postquam
898 4679 968 4736 ad
1000 4679 1363 4752 pontificium
1396 4681 1741 4752 dignitatem
1773 4687 2007 4739 evectus
2039 4687 2148 4750 est,
2181 4683 2546 4756 Origenistis,
2608 4685 2704 4756 qui
2751 4685 2806 4740 in
2859 4703 2926 4741 ea
2986 4688 3280 4759 provincia
3339 4689 3511 4746 multi
3570 4699 3764 4764 erant,

348 4785 520 4836 aures
549 4768 1032 4832 accommodavit.
1069 4769 1130 4823 Id
1162 4785 1311 4842 aagre
1332 4769 1650 4826 admodum
1686 4771 1948 4828 ferebant
1972 4772 2109 4828 boni
2141 4789 2366 4836 omnes,
2393 4777 2564 4844 atque
2595 4773 2651 4827 in
2685 4773 2889 4845 primis
2920 4775 2977 4830 S.
3023 4776 3408 4847 Epiphanius,
3468 4781 3568 4852 qui
3620 4798 3760 4842 eum

347 4855 760 4931 Hierosolyma:
786 4856 1076 4923 convenit,
1109 4873 1364 4928 praesens
1395 4863 1742 4929 praesentem
1775 4859 2042 4916 hortatus
2091 4866 2200 4926 est,
2261 4867 2324 4916 ut
2377 4877 2437 4916 se
2495 4861 2566 4916 ab
2616 4878 2807 4918 errore
2855 4865 3170 4936 reciperet:
3229 4865 3324 4922 ille
3379 4885 3412 4924 e
3464 4871 3760 4930 contrario

344 4947 424 5015 ita
453 4944 854 5014 excanduitmt
883 4943 1271 5018 Epiphaniam
1304 4945 1499 5018 ipsum
1531 4947 1602 5002 de
1631 4947 2363 5021 Anthropomorphitarum
2400 4950 2600 5005 hteresi
2633 4951 2862 5022 publico
2893 4953 3162 5009 incusare
3184 4971 3298 5010 non
3324 4956 3628 5015 dubitarit.
3662 4961 3753 5018 Ad

342 5035 464 5100 haec
496 5035 755 5091 rixarum
787 5033 962 5089 homo
985 5033 1256 5105 cupidus,
1290 5050 1498 5090 causas
1531 5051 1800 5108 quaerens
1828 5037 2116 5102 vindictas,
2150 5038 2209 5092 in
2242 5055 2308 5093 eo
2342 5056 2403 5094 se
2462 5032 2668 5094 laas'um
2719 5042 2791 5095 ab
2850 5043 3172 5114 Epiphanio
3233 5052 3592 5117 conquestus
3641 5055 3750 5119 est,

346 5123 619 5197 quodille
665 5121 1077 5178 Paulinianum
1136 5123 1321 5177 sancti
1373 5122 1708 5196 Hieronymi
1758 5126 1995 5182 fratrem
2053 5126 2110 5180 in
2174 5127 2485 5183 Palaestina:
2544 5130 2895 5186 monasterio
2955 5137 3243 5203 agentern,
3304 5136 3754 5195 extraditionem

341 5211 566 5299 scilicet
593 5210 896 5299 Salaminii
927 5209 1180 5299 episcopi
1214 5211 1618 5299 presbyterum
1651 5212 2021 5269 ordinaverit.
2057 5216 2217 5280 Quod
2252 5216 2349 5272 ille
2396 5234 2732 5289 quanquam
2788 5220 2929 5275 satis
2984 5221 3130 5276 bene
3189 5230 3528 5281 excusaret:
3591 5229 3750 5299 quod

342 5298 553 5364 nonin
601 5297 877 5372 parochia
919 5297 1132 5355 Joanni
1193 5297 1458 5369 subjecta
1510 5298 1566 5353 id
1617 5299 1868 5368 fecisset,
1901 5319 2200 5374 unamque
2247 5321 2375 5361 esse
2433 5305 2662 5361 dissidii
2717 5323 2953 5363 causam
3002 5309 3412 5379 obtestaretur,
3472 5297 3749 5371 violatam

341 5386 708 5461 Origenianis
765 5388 1139 5470 dogmatibus
1197 5391 1414 5442 rectam
1465 5388 1664 5456 ﬁdem,
1714 5390 1972 5447 Joannes
2024 5391 2174 5447 hanc
2229 5411 2403 5448 unam
2465 5395 2890 5452 ordinationem
2942 5398 3255 5454 iracundiae
3317 5419 3433 5457 sua:
3505 5420 3748 5464 causam

340 5475 708 5568 pratexebat.
733 5474 1122 5568 Quamobrem
1153 5476 1646 5568 etAHieronymum
1672 5495 1924 5551 quoque,
1957 5481 2221 5551 ejusdem
2253 5482 2576 5539 Pauliniani
2633 5485 2842 5550 fratris,
2869 5487 3050 5543 multo
3098 5505 3230 5545 vero
3287 5492 3475 5564 magis
3544 5492 3750 5568 Orige-

340 5565 515 5634 qismi
549 5580 746 5630 causa,
777 5563 909 5618 odio
940 5564 1169 5619 habuit.
1197 5565 1342 5620 Cum
1377 5567 1531 5622 enim
1567 5567 1641 5622 ab
1668 5567 1976 5642 Epiphanii
2013 5571 2278 5641 partibus
2306 5577 2485 5628 staret
2514 5574 2571 5628 S.
2598 5573 2828 5641 Doctor,
2879 5582 2934 5630 et
2991 5595 3105 5632 non
3165 5579 3354 5636 solum
3394 5563 3602 5639 fratris
3647 5563 3754 5642 sui

331 5654 769 5744 ordinationem
791 5652 1012 5744 absque
1032 5654 1274 5744 alterius
1305 5654 1540 5727 injuria,
1575 5658 1678 5713 sed
1709 5675 1777 5714 ex
1807 5664 2039 5729 recepta
2066 5658 2219 5715 inter
2242 5661 2409 5733 Cypri
2466 5663 2768 5736 episcopos
2815 5669 3236 5724 consuetudine
3298 5671 3510 5726 factam
3566 5673 3749 5744 probe

331 5744 534 5814 sciret,
565 5742 666 5801 sed
695 5741 874 5799 etiam
903 5741 1171 5816 Origenis
1198 5758 1421 5801 errores
1452 5745 1684 5804 acribus
1711 5764 1828 5828 qua
1849 5747 2062 5817 verbis,
2113 5767 2229 5824 qua
2285 5749 2519 5826 scriptis
2567 5753 2890 5829 jugularet,
2952 5755 3031 5814 ita
3084 5755 3328 5818 Joannis
3377 5741 3745 5824 iracundiam
