3958 6410
216 385 331 460 389
1028 383 1345 456 CONTRA
1389 385 1763 454 JOANNEM
1806 384 2224 453 HIEROSOL.
2256 413 2336 434 --
2364 379 2830 451 ADMONITIO.

231 525 407 596 mavit,
437 526 506 583 ut
534 522 606 584 ab
637 513 740 584 illo
771 526 845 584 de
875 525 1142 585 Ecclesiae
1172 524 1588 584 communione
1620 524 1794 583 fuerit
1821 525 2040 598 ejectus
2067 539 2078 580 :
2115 521 2347 580 tametsi
2397 539 2533 580 cum
2586 527 2712 580 tota
2775 517 3305 596 Hierosolymitana
3359 516 3619 580 Ecclesia

232 617 570 679 continenter
601 617 1070 674 communicarit.

289 707 336 764 2.
364 707 575 762 Tantos
603 707 938 762 animorum
966 710 1161 762 motus
1210 705 1529 763 Archelaus
1588 723 1784 762 comes
1837 720 2206 778 compescere
2267 702 2470 758 statim
2522 701 2690 758 initio
2732 702 2980 772 studuit,
3013 703 3396 776 condictoque
3454 702 3618 776 pacis

231 796 469 854 ineundae
501 795 645 861 loco,
671 795 950 866 quoniam
966 794 1193 851 violatae
1225 795 1357 851 ﬁdei
1384 795 1641 867 suspicio
1673 795 1996 851 discordias
2024 793 2366 867 peperisset,
2398 807 2429 848 e
2458 791 2830 864 singulorum
2861 792 3370 866 ﬁdeiprofessione
3400 793 3619 850 inirent

231 883 593 943 concordiam.
628 883 884 940 Joannes
916 901 1070 952 vero,
1103 885 1281 940 semel
1314 888 1487 957 atque
1518 885 1732 939 iterum
1775 884 2042 940 invitanti
2075 884 2144 939 ad
2187 881 2605 955 paciscendum
2638 882 2946 950 Archelao,
2979 883 3151 939 modo
3181 898 3383 950 unam,
3443 883 3616 942 modo

231 974 400 1044 aliam,
427 972 755 1030 levissimas
781 974 1178 1030 excusationes
1211 975 1597 1045 praetendens,
1631 973 1876 1030 minime
1907 974 2122 1047 paruit.
2157 973 2264 1028 Sed
2296 971 2367 1026 ad
2396 970 2789 1043 Theophilum
2821 971 3384 1040 Alexandrinum,ut
3402 989 3508 1045 par
3526 975 3618 1028 est

233 1063 454 1127 credere,
484 1060 712 1117 litteras
753 1063 931 1130 dedit,
988 1062 1044 1117 in
1098 1062 1312 1135 quibus
1369 1061 1536 1117 illum
1580 1062 1651 1117 de
1711 1062 2132 1135 ingravescenti
2189 1060 2481 1117 discordia
2530 1061 2837 1117 certiorem
2924 1061 3079 1128 fecit,
3119 1058 3265 1118 forte
3321 1062 3495 1119 etiam
3549 1064 3618 1117 ut

185 1209 188 1216 ,
231 1150 566 1210 adversarios
589 1167 728 1207 suos
758 1150 1230 1223 reprehenderet,
1263 1152 1609 1223 deprecatus
1640 1157 1747 1208 est.
1782 1149 2141 1222 Theophilus
2171 1149 2385 1206 blande
2436 1167 2540 1222 pro
2595 1165 2662 1206 eo
2715 1167 2781 1206 ac
2829 1149 3032 1208 debuit
3076 1152 3148 1208 ad
3198 1152 3615 1225 Hieronymum

234 1239 466 1312 scripsit,
499 1239 686 1310 deque
719 1239 811 1294 his
842 1255 973 1311 qua;
996 1240 1102 1294 abs
1130 1239 1354 1294 Joanne
1383 1244 1703 1311 acceperat,
1737 1239 2202 1305 commonefecit,
2237 1242 2295 1294 et
2324 1237 2394 1294 ad
2443 1253 2648 1310 pacem
2703 1239 2989 1296 invitavit.
3038 1241 3124 1297 Ad
3185 1257 3360 1312 quem
3418 1243 3618 1297 noster

227 1327 512 1401 epistolam
542 1329 645 1383 132
674 1327 732 1382 in
766 1334 968 1383 nostra
998 1328 1376 1384 recensionne
1402 1329 1690 1396 rescribit,
1724 1329 1781 1383 in
1815 1346 1931 1401 qua
1962 1345 2160 1401 pacem
2184 1329 2336 1383 ultro
2371 1344 2432 1383 se
2458 1343 2714 1400 quaerere
2742 1329 3064 1402 professus,
3097 1332 3324 1402 objecta
3352 1328 3619 1404 singilla-

226 1419 316 1474 tim
345 1417 530 1486 diluit,
567 1435 888 1487 causasque
918 1419 1359 1474 contentionum
1393 1423 1450 1472 et
1469 1417 1692 1473 violatae
1727 1418 1859 1473 ﬁdei
1890 1417 2170 1489 legeritin
2203 1418 2511 1474 Joannem.
2548 1419 2700 1474 Tum
2734 1417 3022 1474 laboranti
3073 1418 3263 1492 magis
3312 1435 3379 1475 ac
3427 1417 3617 1492 magis

226 1507 465 1564 Ecclesiae
507 1522 842 1562 succurrere
889 1505 1087 1561 volens
1146 1505 1526 1579 Theophilus,
1590 1507 1878 1562 Isidorum
1939 1506 2369 1578 presbyterum,
2430 1507 2663 1578 pietatis
2713 1506 3081 1581 aliarumque
3118 1507 3404 1565 virtutum
3459 1508 3619 1564 fama

226 1597 602 1662 notissimum,
636 1595 736 1651 sed
771 1611 945 1667 quem
979 1593 1327 1667 Origeniana
1356 1594 1517 1650 labes
1549 1596 1930 1667 corripuerat,
1951 1596 2212 1667 legatum
2248 1594 2431 1650 mittit
2461 1595 2918 1668 Hierosolymam
2953 1614 3087 1653 cum
3117 1596 3353 1665 litteris,
3401 1597 3620 1670 quibus

226 1701 555 1758 componere
577 1683 930 1740 dissidentes
962 1683 1190 1740 animos
1221 1685 1434 1739 studet.
1469 1687 1685 1740 Verum
1720 1683 1913 1741 malus
1943 1685 2053 1740 iste
2081 1685 2275 1757 pascis
2304 1690 2605 1756 sequester
2655 1703 2788 1741 cum
2839 1686 3073 1742 advenit
3131 1686 3615 1760 Hierosolymam,

215 1774 558 1848 legationem
590 1789 756 1828 suam
787 1773 1158 1841 renuntiavit,
1193 1773 1538 1829 commissas
1568 1778 1765 1828 tamen
1813 1773 2037 1830 litteras
2097 1774 2340 1829 reddere
2392 1774 2738 1847 Hieronymo
2799 1775 3008 1844 noluit,
3057 1775 3152 1831 cui
3210 1775 3516 1848 quaerenti,
3553 1777 3621 1833 Si

221 1863 408 1934 legatus
425 1879 504 1928 es,
539 1861 700 1917 redde
755 1862 1044 1930 legationis
1100 1861 1391 1932 epistolas;
1421 1862 1473 1915 si
1523 1862 1777 1931 epistolas
1835 1877 1945 1917 non
1995 1862 2182 1927 habes,
2244 1863 2506 1934 quomodo
2565 1864 2804 1934 legatum
2863 1873 2914 1920 te
2964 1865 3256 1938 probatis?
3312 1865 3618 1938 respondit

217 1951 411 2008 habere
441 1967 506 2007 se
536 1951 772 2022 quidem
807 1950 1053 2018 litteras,
1089 1950 1190 2006 sed
1235 1954 1504 2022 rogatum
1535 1966 1568 2004 a
1588 1953 1813 2004 Joanne
1844 1966 1915 2004 ne
1941 1951 2242 2005 redderet:
2276 1950 2636 2022 proindeque
2668 1951 2878 2008 maluit
2907 1969 2968 2009 re
3015 1953 3232 2009 infecta
3294 1952 3614 2024 discedere,

215 2057 378 2113 quam
407 2039 623 2096 favoris
653 2040 712 2095 in
744 2039 1126 2112 Origenianas
1158 2045 1354 2111 partes
1381 2039 1582 2095 tollere
1615 2038 2036 2111 suspicionem.
2065 2041 2284 2095 Auctor
2312 2043 2509 2095 tamen
2569 2039 2682 2095 fuit
2729 2040 2964 2111 Joanni,
3024 2045 3091 2098 ut
3144 2041 3490 2116 Apologiam
3543 2041 3616 2099 ad

215 2129 584 2203 Theophilum
617 2145 720 2202 pro
752 2145 860 2186 sua
888 2145 1070 2185 causa
1098 2129 1398 2195 scriberet,
1420 2129 1492 2183 ad
1549 2144 1798 2200 eamque
1876 2129 2246 2184 scribendam
2310 2144 2546 2200 Operam
2603 2145 2775 2185 suam
2821 2131 3234 2203 commodavit,
3287 2136 3350 2188 ut
3427 2129 3622 2202 inquit

200 2207 452 2288 Hieron”
487 2221 634 2276 idem
670 2222 881 2274 essetet
933 2220 1170 2275 dictator
1225 2221 1275 2274 et
1334 2219 1552 2290 bajulus
1609 2219 1953 2274 litterarum.
2016 2220 2217 2290 Itaque
2270 2218 2529 2274 Joannes
2583 2218 2894 2291 Epiphanii
2947 2219 3207 2292 epistola:
3264 2221 3617 2296 respondere

211 2309 574 2381 dedignatus,
601 2306 944 2380 Apologiam
978 2305 1139 2362 illam
1173 2322 1613 2377 quaquaversus
1673 2305 1854 2372 misit,
1887 2307 1988 2363 sed
2022 2306 2399 2378 potissimum
2432 2305 2489 2360 in
2515 2305 2908 2375 Occidentem,
2967 2312 3031 2363 ut
3088 2306 3147 2366 in
3205 2308 3299 2364 sui
3356 2308 3609 2381 gratiam

201 2397 448 2454 maxime
483 2398 882 2453 Romanorum
915 2396 1281 2451 sacerdotum
1313 2410 1484 2450 aures
1517 2400 1969 2468 praeoccuparet,
2003 2396 2218 2451 Revera
2249 2395 2664 2452 Pammachius
2687 2395 3008 2453 multorum
3041 2397 3272 2454 animos
3305 2397 3364 2454 in
3389 2397 3620 2456 diversa

208 2487 510 2544 distractos
540 2486 722 2541 fuisse
778 2484 983 2540 scribit
1011 2485 1082 2540 ad
1106 2483 1546 2556 Hieronymum,
1580 2485 1711 2541 aliis
1737 2485 2056 2555 Salaminii,
2090 2485 2221 2542 aliis
2262 2484 2774 2558 Hierosolymitaui
2807 2485 3064 2560 episcopi
3123 2503 3363 2546 cauum
3405 2487 3607 2544 defen-

214 2577 513 2633 dentibus:
547 2575 762 2648 quibus
815 2574 938 2646 ipse
968 2573 1273 2640 excitatus,
1299 2574 1358 2628 S.
1390 2574 1695 2631 Doctorem
1745 2580 1927 2648 rogat,
1971 2578 2036 2630 ut
2091 2574 2233 2648 quid
2320 2574 2401 2629 rei
2449 2575 2547 2642 sit,
2609 2579 2880 2647 exponat.
2927 2576 3061 2632 Jam
3118 2591 3251 2632 vero
3308 2575 3418 2634 hoc
3468 2575 3618 2632 libro

212 2664 588 2738 Hieronymus
619 2662 704 2719 illi
736 2679 956 2719 morem
986 2662 1157 2736 gerit,
1191 2663 1585 2734 ostenditque,
1618 2664 1760 2719 adeo
1789 2681 1906 2719 non
1941 2663 2268 2720 Pauliniani
2292 2664 2510 2729 fratris,
2562 2663 2990 2721 ordinationem
3017 2681 3263 2722 causam
3293 2681 3423 2724 esse
3448 2663 3622 2724 dissi-

211 2755 302 2822 dii,
333 2756 432 2812 sed
461 2753 816 2826 Origenismi
847 2769 1072 2808 errores
1101 2751 1313 2808 Joanni
1343 2753 1623 2823 objectos,
1660 2757 1724 2810 ut
1754 2759 2143 2826 praeterquam
2175 2754 2332 2825 quod
2364 2753 2425 2808 in
2457 2752 3032 2826 Eleutheropolimno
3066 2753 3377 2823 territorio,
3409 2769 3525 2812 non
3558 2753 3620 2810 in

208 2842 427 2901 Eliensi
481 2843 792 2899 ordinatus
850 2846 939 2898 est
969 2842 1372 2912 Paulinianus,
1405 2843 1581 2898 etiam
1615 2848 1750 2899 ante
1782 2845 1911 2915 ejus
1936 2843 2466 2909 consecrationem,
2489 2843 2618 2914 jam
2648 2842 2917 2916 Origenis
2945 2859 3126 2900 causa
3143 2843 3435 2900 Joannem
3465 2843 3619 2904 inter

209 2937 369 3006 atque
399 2931 798 3007 Epiphaniam
819 2931 991 2986 fuerit
1019 2930 1121 2985 illa
1150 2930 1467 2988 altercatio.
1493 2932 1928 3005 Origenismum
1962 2949 2094 2989 vero
2126 2933 2198 2988 ad
2231 2935 2361 2989 octo
2392 2935 2622 2988 revocat
2653 2931 2865 3005 capita,
2895 2948 2927 2986 e
2959 2932 3176 3004 quibus
3247 2931 3361 2990 tria
3381 2937 3614 2990 tantum

204 3022 473 3095 Apologia
507 3020 610 3076 illa
661 3038 770 3077 sua
799 3021 1058 3076 Joannes
1091 3022 1447 3093 purgaverit,
1508 3023 1562 3076 1ο
1587 3039 1692 3078 nec
1746 3021 1960 3077 Filium
2012 3023 2210 3077 videre
2284 3037 2457 3094 posse
2517 3021 2769 3089 Patrem,
2827 3036 2933 3077 nec
2989 3020 3297 3094 Spiritum,
3355 3019 3611 3090 Filium;

202 3111 256 3165 2-
281 3112 510 3168 animas
540 3114 777 3183 prOpter
807 3114 1041 3182 peccata
1071 3127 1102 3166 e
1131 3109 1273 3166 coelo
1320 3110 1589 3184 delapsas
1622 3113 1679 3166 in
1711 3128 1924 3184 corpus
1979 3129 2110 3168 esse
2154 3110 2331 3166 veluti
2365 3111 2424 3166 in
2454 3126 2745 3166 carcerem
2777 3110 3070 3182 conjectas
3097 3127 3114 3177 ;
3145 3110 3204 3165 3°
3233 3110 3521 3177 futurum,
3547 3114 3616 3168 ut

204 3200 456 3257 diabolus
477 3199 872 3272 resipiscat,et
892 3204 1346 3267 convertatur,et
1362 3217 1494 3255 cum
1519 3202 1737 3258 sanctis
1759 3205 1962 3274 regnet
1985 3220 1998 3269 ;
2024 3203 2083 3256 4ο
2099 3202 2388 3256 Adamum
2421 3203 2477 3255 et
2497 3200 2675 3255 Evam
2695 3203 3016 3271 antequam
3037 3203 3346 3272 peccarent
3366 3215 3609 3272 corpore

197 3291 470 3358 caruisse,
496 3306 628 3362 quae
659 3305 902 3361 corpora
931 3288 1145 3345 tunicis
1178 3289 1435 3362 pelliceis
1460 3295 1591 3362 post
1622 3296 1926 3363 peccatum
1958 3290 2324 3357 indicantur;
2355 3290 2416 3344 5ο
2444 3304 2681 3345 carnem
2713 3305 3086 3360 nequaquam
3107 3287 3461 3346 suscitatum
3504 3285 3606 3360 iri,

206 3394 414 3452 nosque
439 3395 586 3436 sexu
614 3379 672 3433 in
707 3378 1129 3434 resurrectione
1159 3380 1445 3435 carituros
1479 3397 1493 3447 ;
1523 3381 1582 3434 6°
1630 3379 1970 3450 paradisum
2030 3383 2365 3434 terrestrem
2423 3377 2734 3451 allegorice
2780 3376 3229 3452 intelligendum
3258 3396 3272 3447 ;
3298 3380 3359 3433 7'
3417 3394 3605 3451 aquas

207 3483 322 3539 qua
353 3483 536 3540 super
562 3466 738 3522 caelos
771 3467 829 3520 in
860 3467 1156 3538 Scriptura
1182 3467 1479 3533 dicuntur,
1511 3483 1639 3523 esse
1668 3468 1928 3538 angelos,
1963 3485 2090 3540 quae
2122 3468 2323 3524 subter
2365 3467 2542 3523 caelos
2598 3472 2761 3535 sunt,
2789 3467 3112 3526 daemones
3141 3486 3159 3536 ;
3189 3469 3250 3525 8°
3306 3467 3609 3526 hominem

201 3572 296 3628 per
321 3561 630 3630 peccatum
673 3556 773 3612 Dei
807 3555 1126 3628 imaginem
1157 3557 1448 3613 amisisse.
1483 3557 1599 3613 Hos
1658 3557 1856 3630 itaque
1913 3573 2139 3614 errores
2197 3558 2410 3614 iterum
2466 3557 2682 3614 Joanni
2737 3556 2960 3629 objicit,
3022 3559 3271 3630 ejusque
3315 3557 3611 3632 Apologia:

203 3647 462 3719 Strophas
491 3645 772 3719 exagitat,
804 3646 1000 3717 ipsum
1031 3646 1305 3701 continuo
1333 3645 1640 3718 alloquens
1670 3646 2266 3720 Hierosolymitanum
2293 3647 2661 3720 episcopum.

263 3736 314 3792 3.
343 3740 494 3793 Sunt
527 3753 720 3808 porro,
755 3735 973 3806 quibus
1005 3734 1154 3790 liber
1183 3736 1290 3791 iste
1319 3736 1392 3791 ab
1423 3741 1658 3792 auctore
1687 3752 1803 3791 non
1853 3735 2059 3791 ﬁnitus
2104 3735 2389 3803 videatur,
2449 3734 2603 3807 quod
2654 3751 2723 3791 ea
2766 3734 2991 3792 factum
3036 3734 3108 3791 de
3156 3751 3336 3792 causa
3383 3735 3616 3808 putant,

197 3827 345 3895 quod
367 3841 434 3883 eo
465 3825 600 3899 ipso
631 3829 894 3896 tempore
924 3841 1040 3896 quo
1071 3825 1458 3890 scribebatur,
1491 3825 1797 3898 Theophili
1819 3825 2013 3881 studio
2043 3841 2156 3897 pax
2186 3824 2332 3880 inita
2378 3825 2616 3881 tandem
2672 3824 2766 3880 sit.
2802 3828 3019 3881 Verum
3069 3840 3259 3896 neque
3316 3819 3618 3898 improba-

201 3911 308 3971 bile
336 3915 415 3972 sit
446 3914 703 3988 epinari,
733 3918 1064 3986 temporum
1098 3915 1314 3986 injuria
1343 3917 1700 3986 postremam
1733 3916 1862 3985 ejus
1894 3921 2144 3986 partem,
2205 3929 2453 3985 eamque
2511 3911 2888 3986 perexiguam
2940 3911 3247 3968 excidisse.
3301 3911 3376 3968 Ut
3431 3916 3499 3969 ut
3552 3929 3619 3970 se

200 4018 286 4058 res
311 4003 552 4071 habeat,
583 4007 736 4059 certe
768 4003 1044 4059 Ruﬁnum
1077 4003 1251 4059 latuit
1281 4003 1481 4059 isthazc
1513 4004 1894 4070 elucubratio,
1921 4003 1978 4059 in
2010 4019 2186 4074 quam
2219 4002 2473 4058 maxime
2503 4001 2729 4057 velitari
2757 4017 2874 4057 non
2898 4000 3225 4058 destitisset
3269 4000 3330 4057 in
3383 4002 3616 4060 Invecti-

199 4107 385 4148 oarum
413 4091 610 4148 libris.
643 4093 721 4147 Ex
752 4091 845 4147 his
876 4092 1092 4147 mirum
1125 4097 1414 4164 quantum
1445 4093 1658 4148 eruditi
1697 4093 1801 4147 viri
1832 4091 2191 4148 dissentiunt
2220 4091 2279 4146 in
2313 4090 2670 4162 assignanda
2717 4089 2802 4144 illi
2856 4089 3139 4162 temporis
3194 4088 3413 4163 epocha
3441 4107 3454 4145 :
3516 4091 3620 4163 qui

205 4180 367 4238 citius
395 4197 554 4239 anno
587 4183 711 4249 393,
746 4183 845 4252 qui
879 4181 1070 4238 serius
1103 4183 1226 4249 406,
1261 4181 1530 4254 offigunt,
1573 4181 1860 4254 aliiprout
1890 4179 2123 4236 libitum
2156 4180 2284 4245 fuit,
2309 4177 2676 4234 intermediis
2705 4177 2898 4235 annis.
2933 4178 3050 4234 Nos
3081 4182 3147 4234 ut
3202 4195 3297 4235 an.
3345 4179 3475 4248 399,
3532 4179 3621 4236 vel

207 4269 766 4344 liOOttonsignemus,
801 4272 1031 4327 duobus
1060 4270 1220 4326 hisce
1250 4268 1615 4341 argumentis
1646 4269 2093 4340 persuademur,
2133 4283 2260 4338 quae
2320 4266 2380 4321 in
2412 4265 2566 4322 notis
2611 4265 2993 4340 Chronologis
3052 4265 3446 4339 Epistolarum
3494 4267 3621 4339 jam

204 4361 636 4433 proposuimus.
669 4360 931 4416 Primum
962 4365 1070 4426 est,
1104 4360 1260 4432 quod
1291 4357 1755 4415 Commentarios
1787 4358 1844 4412 in
1878 4356 2309 4423 Ecclesiastem,
2345 4360 2403 4410 et
2433 4355 2900 4428 explanationem
2936 4353 3205 4428 Epistolas
3239 4357 3312 4412 ad
3342 4349 3625 4430 Ephesios

205 4464 321 4506 sse
344 4455 471 4507 ante
501 4466 676 4506 annos
705 4449 882 4524 ferme
936 4449 1121 4506 decem
1171 4448 1582 4504 concinnatam
1626 4448 1836 4515 tradit;
1867 4463 2015 4519 quos
2063 4449 2130 4501 ut
2185 4445 2254 4500 de
2307 4445 2759 4501 Commentariis
2827 4449 3060 4501 tantum
3119 4445 3410 4514 dicamus,
3471 4446 3628 4504 circa

205 4553 417 4596 annum
451 4541 560 4595 390
577 4541 896 4596 adornasse
920 4539 1074 4595 idem
1107 4539 1232 4610 ipse
1252 4542 1502 4595 testatur
1531 4541 1657 4593 tum
1688 4537 1849 4605 alibi,
1882 4542 2009 4592 tum
2041 4535 2330 4608 praecipue
2375 4535 2433 4589 in
2470 4536 2813 4591 eorumdem
2855 4534 3199 4591 Praafatione
3253 4533 3322 4591 ad
3377 4531 3620 4594 Paulam

190 4630 253 4684 et
278 4629 682 4698 Eustochium,
708 4629 829 4698 ubi,
866 4633 982 4700 post
1009 4637 1188 4700 [arma
1217 4630 1676 4701 quinquennium,
1710 4644 1778 4682 ex
1807 4643 1922 4699 quo
1951 4630 2138 4682 Roma
2166 4625 2466 4690 evasisset,
2524 4624 2682 4680 istud
2732 4640 2794 4680 se
2852 4625 3047 4697 operis
3091 4623 3447 4697 suscepisSe,
3503 4621 3630 4697 pla-

202 4717 441 4776 nissime
473 4719 720 4775 indicat.
753 4719 854 4775 llis
887 4734 1056 4791 porro
1089 4717 1137 4774 si
1170 4718 1350 4774 ferme
1379 4719 1578 4773 decem
1612 4715 1972 4788 adjunxeris,
2005 4733 2200 4772 annus
2224 4714 2479 4770 efficitur
2507 4714 2613 4769 399
2643 4716 2745 4769 aut
2786 4714 2910 4768 400.
2960 4713 3246 4780 Alterum,
3309 4729 3424 4784 quo
3468 4709 3626 4770 idem

205 4807 430 4880 tempus
452 4806 770 4882 colligitur,
801 4811 1214 4879 argumentum
1246 4807 1382 4863 inde
1411 4807 1690 4879 petimus,
1714 4806 1869 4877 quod
1900 4806 2012 4860 sub
2070 4803 2350 4876 Opusculi
2401 4804 2575 4858 finem
2638 4819 2700 4857 se
2757 4801 2900 4858 dicit
2937 4810 3066 4858 ante
3133 4817 3314 4858 annos
3365 4799 3632 4857 tredecim

187 4895 549 4954 idntioehiwm
578 4898 996 4953 celeberrimam
1023 4899 1217 4952 urbem
1237 4896 1560 4964 deseruisse,
1581 4901 1642 4951 ut
1668 4898 1730 4951 in
1759 4897 1911 4963 agris
1941 4909 2006 4952 ac
2056 4894 2370 4960 solitudine,
2425 4892 2810 4949 adolescentiae
2867 4891 3080 4961 deﬂens
3131 4894 3374 4962 peccata,
3424 4888 3634 4945 Christi

205 4985 260 5039 in
283 4987 800 5043 ssmisericordiam
820 4988 1138 5058 deﬂecteret.
1175 4987 1502 5051 Enimvero,
1537 5003 1652 5041 non
1687 4985 1798 5040 nisi
1822 4986 1894 5040 ab
1925 4991 2122 5040 exacto
2153 4999 2304 5038 anno
2333 4983 2439 5037 386
2471 4981 2529 5036 hi
2563 4979 2839 5036 tredecim
2891 4979 3202 5052 supputari
3258 4977 3380 5034 ullo
3451 4978 3632 5054 modo

204 5081 467 5146 possunt,
494 5077 788 5150 siquidem
810 5094 997 5150 usque
1027 5077 1098 5132 ad
1129 5074 1450 5147 superioris
1477 5076 1584 5129 385
1612 5076 1944 5147 Augustum
1972 5089 2235 5129 mensem
2269 5073 2464 5128 Romae
2491 5088 2626 5127 eum
2686 5068 3024 5126 constitisse
3072 5071 3442 5142 compertum
3489 5067 3592 5125 est
3616 5084 3632 5134 ;

207 5179 313 5235 quo
341 5169 613 5239 tempore
642 5183 772 5222 cum
800 5166 858 5221 in
887 5167 1179 5222 Orientem
1212 5165 1644 5236 adnavigasset,
1675 5163 1808 5219 aliis
1839 5163 2093 5218 subinde
2120 5161 2459 5235 regionibus
2492 5159 2837 5233 peragratis,
2890 5161 3015 5214 tum
3077 5158 3318 5213 demum
3367 5153 3638 5213 substitit

208 5254 524 5311 Antiochiae
551 5270 564 5310 :
599 5273 776 5327 quam
803 5255 1007 5311 urbem
1038 5255 1167 5310 ideo
1199 5271 1260 5310 se
1293 5253 1513 5309 indicat
1535 5252 1884 5319 deseruisse,
1918 5252 2072 5324 quod
2115 5251 2175 5306 in
2207 5251 2337 5320 eius
2369 5248 2648 5316 Ecclesia,
2704 5248 2776 5302 ad
2837 5263 3015 5319 quam
3070 5244 3144 5302 ob
3201 5243 3637 5303 ordinationem

207 5343 495 5414 pertinere
525 5344 838 5411 videretur,
891 5361 1028 5400 cum
1083 5343 1387 5416 splendide
1415 5347 1615 5415 posset
1655 5358 1897 5398 munere
1951 5340 2266 5397 sacerdotii
2306 5339 2568 5411 defungi,
2637 5336 2848 5393 maluit
2901 5351 3077 5409 agros
3125 5352 3195 5391 ac
3247 5335 3636 5393 solitudinem

208 5440 508 5507 (appetere,
535 5439 600 5490 ut
621 5433 1023 5492 adolescentiae
1055 5438 1290 5507 peccata
1321 5431 1662 5505 pcenitentia
1693 5432 1928 5488 deleret.
1963 5431 2267 5487 Tredecim
2297 5444 2434 5502 ergo
2463 5426 2738 5484 annisilli
2780 5426 2888 5481 386
2937 5425 3398 5499 Supparadditis,
3448 5425 3636 5482 exort-

206 5523 446 5592 tur399,
480 5523 839 5580 autinitium
867 5525 991 5592 400,
1017 5523 1108 5579 cui
1160 5522 1347 5594 magis
1399 5521 1587 5594 placet
1645 5521 1802 5578 hunc
1854 5521 2073 5576 librum
2123 5519 2435 5582 ascribere,
2497 5521 2812 5588 antequam
2872 5515 3132 5572 Isidorus
3201 5513 3638 5572 Alexandrinus

214 5609 520 5687 presbyter
547 5629 582 5668 a
611 5614 830 5686 synodo
860 5615 988 5686 ejus
1018 5613 1158 5670 anni
1181 5629 1247 5668 ac
1279 5611 1390 5666 loci
1423 5628 1526 5683 per
1554 5610 1950 5684 Theophilum
1983 5609 2364 5664 damnaretur
2405 5606 2508 5676 (1).

277 5754 350 5828 (1)
379 5754 534 5813 Vide
564 5754 1001 5814 adnotationem
1031 5731 1294 5813 uestram
1324 5751 1386 5808 in
1417 5753 1644 5809 Prasfat.
1678 5750 1968 5821 Cbronici,
2001 5749 2104 5806 ubi
2135 5749 2206 5805 de
2238 5745 2543 5804 Vincentio
2567 5745 2626 5802 S.
2653 5743 2844 5805 Patris
2869 5747 3056 5806 nostri
3091 5745 3306 5804 comite
3375 5743 3638 5830 agimus.
