3958 6404
220 363 333 439 673

1327 360 1642 431 CONTRA
1684 363 2057 429 JOANNEM
2102 362 2517 430 HIEROSOL.

3504 362 3626 447 3‘.“

230 502 609 579 ἁθηιενωνου.
638 521 697 578 x,
728 504 804 578 9).
839 503 1097 562 Stultum
1153 505 1241 560 est
1298 502 1518 559 frustra
1564 501 1870 559 infamiam
1900 503 1956 571 Α
2055 502 2107 558 ll.
2138 504 2607 574 Joanniepiscopo
2648 505 2708 559 in
2753 501 3050 562 Pelaestina
3104 518 3217 562 non
3262 507 3631 565 communica.

232 597 525 656 sustinere.
558 595 843 667 Objicitur
873 595 923 651 ei
984 593 1227 660 crimen,
1284 595 1455 664 cujus
1512 611 1626 649 non
1686 592 1862 648 habet

235 684 653 744 conscientiam.
688 688 832 756 Ergo
864 682 1083 753 crimen
1117 683 1268 754 quod
1320 686 1505 757 totum
1539 681 1749 754 pendet
1804 680 1864 734 in

229 775 403 844 verbo,
433 780 607 845 neget
634 774 1009 841 contidenter,
1044 789 1109 827 ac
1143 771 1321 827 libere
1352 771 1526 826 faciat
1584 770 1862 825 invidiam

230 864 538 922 adversario
570 880 675 919 suo
706 864 787 931 (S.
827 861 1190 934 Epiphanio).
1227 861 1441 916 Eadem
1473 859 1718 915 audacia
1751 876 1869 931 qua

230 954 313 1010 ille
342 950 662 1020 insimulat,
692 951 785 1006 hic
815 951 1107 1006 defendat.
1134 950 1398 1020 Cumque
1429 949 1628 1005 omnia
1659 947 1868 1002 dixerit

233 1061 341 1117 quae
392 1042 659 1106 voluerit,
703 1058 828 1113 quae
886 1039 1273 1112 proposuerit,
1335 1056 1458 1110 quae
1514 1037 1865 1109 suspicioni-

230 1135 325 1190 bus
352 1135 585 1198 carent;
619 1129 669 1186 si
700 1133 1031 1201 perseverat
1070 1128 1662 1193 calumnia,conserta
1688 1143 1867 1181 manu

231 1223 282 1279 in
300 1224 395 1295 jus
424 1221 636 1277 trahat.
671 1219 813 1275 Nolo
845 1220 905 1275 in
938 1218 1274 1290 suspicione
1328 1218 1616 1273 haereseos
1660 1232 1867 1287 quem-

230 1328 390 1385 quam
410 1327 549 1368 esse
578 1309 935 1381 patientem;
969 1324 1040 1363 ne
1073 1309 1225 1380 apud
1285 1325 1381 1363 cos
1441 1307 1540 1378 qui
1598 1307 1871 1378 ignorant

227 1400 605 1458 innocentiam
636 1401 787 1470 ejus,
829 1396 1222 1454 dissimulatio
1255 1396 1615 1452 conscientia
1636 1395 1868 1466 judice-

230 1496 330 1559 tur,
362 1491 411 1546 si
453 1492 643 1545 taceat
683 1504 696 1556 ;
734 1487 867 1542 licet
911 1484 1275 1558 superﬂuum
1309 1485 1385 1540 sit
1439 1486 1568 1556 ejus
1626 1497 1874 1556 prazsen'

229 1581 356 1636 tiam
385 1594 667 1652 quaerere,
702 1581 757 1633 et
786 1581 1129 1648 extorquere
1159 1575 1483 1630 silentium.
1517 1574 1685 1646 cujus
1716 1573 1870 1644 apud

229 1674 277 1727 te
302 1668 521 1726 litteras
548 1672 772 1723 teneas.

286 1761 338 1815 3.
365 1762 633 1817 Joannem
685 1760 864 1829 ipsum
915 1758 1235 1828 alloquitur.
1271 1788 1337 1794 ——
1371 1756 1602 1810 Scimus
1647 1770 1870 1820 omnes,

226 1851 355 1923 quid
382 1849 491 1905 tibi
519 1847 836 1920 scripserit,
869 1846 1007 1918 quid
1043 1847 1103 1900 in
1138 1850 1191 1900 te
1223 1845 1500 1919 arguerit,
1534 1845 1593 1899 in
1620 1860 1734 1915 quo
1780 1844 1867 1914 (ut

224 1946 281 1996 tu
309 1939 412 2011 vis)
440 1936 835 1995 calumniatus
891 1935 985 1991 sit.
1020 1935 1326 2007 Responde
1359 1937 1430 1989 ad
1476 1932 1731 2005 singula,
1766 1949 1867 2004 per

225 2028 479 2102 Epistolas
508 2027 688 2098 hujus
716 2026 956 2098 gradere
987 2024 1252 2097 vestigia,
1285 2041 1357 2079 ne
1405 2028 1689 2096 punctum
1732 2021 1864 2093 qui-

225 2119 346 2176 dem
376 2121 436 2174 et
465 2116 689 2190 apicem
720 2114 1023 2171 calumniae
1052 2119 1340 2169 transeas.
1397 2114 1454 2168 Si
1496 2112 1650 2168 enim
1681 2111 1868 2184 egeris

224 2207 595 2282 negligenter,
617 2213 675 2262 et
703 2210 790 2273 (ut
821 2222 925 2276 ego
964 2204 1070 2259 tibi
1101 2204 1272 2259 credo
1311 2202 1559 2273 juranti)
1592 2219 1730 2257 casu
1763 2200 1867 2255 ali-

226 2315 333 2371 qua
359 2296 667 2354 transieris
695 2294 894 2349 statim
946 2292 1044 2348 ille
1090 2291 1368 2348 clamabit
1410 2296 1465 2347 et
1512 2291 1707 2347 dicet:
1742 2291 1867 2353 Hic,

225 2388 313 2445 hic
354 2391 409 2444 te
461 2385 683 2441 victum
732 2386 896 2456 [Fort.
946 2381 1231 2455 vinctum]
1282 2386 1449 2436 teneo
1478 2400 1501 2446 ;
1548 2381 1642 2435 hic
1690 2380 1871 2435 totius

224 2478 429 2552 negotii
462 2477 638 2533 cardo
668 2480 952 2532 versatur.
982 2474 1107 2528 Non
1139 2489 1301 2544 aeque
1330 2471 1553 2527 inimici
1601 2471 1868 2538 audiunt,

226 2572 276 2624 et
303 2566 499 2624 amici.
534 2564 642 2631 Qui
673 2563 950 2619 inimicus
982 2568 1091 2631 est,
1124 2563 1301 2618 etiam
1332 2563 1390 2617 in
1436 2563 1625 2634 scirpo
1654 2562 1872 2616 nodum

225 2656 421 2730 quarit
455 2674 470 2711 :
507 2654 734 2711 amicus
765 2670 941 2725 prava
976 2668 1209 2724 quoque
1240 2655 1399 2706 recta
1419 2650 1668 2723 judicat.
1721 2650 1876 2705 Scri-

224 2747 362 2802 bunt
390 2742 591 2802 saeculi
622 2743 851 2807 litteris,
886 2741 1214 2795 amantium
1266 2757 1418 2795 68308.
1449 2756 1577 2796 esse
1601 2739 1827 2811 judicia
1860 2757 1872 2806 ;

225 2852 364 2907 quas
396 2839 461 2890 tu
496 2831 740 2889 forsitan
765 2830 946 2887 sacris
966 2829 1369 2885 voluminibus
1401 2836 1720 2908 occupatus
1760 2845 1880 2883 om-

208 2924 354 2980 nino
403 2921 749 2995 neglexeris.
801 2921 1114 2991 Nunquam
1166 2918 1237 2974 de
1277 2919 1601 2973 amicorum
1654 2918 1878 2990 judicio

223 3012 506 3085 glorieris.
542 3010 690 3067 lllud
724 3026 925 3064 verum
957 3010 1111 3064 410
1140 3012 1230 3063 est
1260 3007 1684 3074 testimonium,
1725 3008 1879 3080 quod

206 3103 294 3158 ab
322 3101 566 3157 inimica
592 3114 731 3155 voce
764 3099 1054 3170 profertur
1085 3098 1125 3151 ³.
1158 3096 1391 3168 Alioqui
1428 3097 1475 3151 si
1521 3097 1744 3152 amicus
1779 3113 1880 3167 pro

223 3196 276 3247 te
303 3190 519 3248 dixerit
548 3206 666 3245 non
696 3187 885 3254 testis,
921 3191 1023 3242 aut
1062 3187 1245 3258 judex
1306 3188 1405 3241 sed
1462 3187 1653 3241 fautor
1709 3191 1882 3258 puta-

222 3281 392 3338 bitur.
424 3285 561 3335 Haec
592 3284 648 3335 et
670 3276 1014 3348 huiusmodi
1036 3276 1349 3348 loquentur
1378 3275 1599 3331 inimici
1632 3276 1736 3343 tui,
1771 3276 1871 3347 qui
1903 3262 1946 3328 C

221 3370 503 3429 tibiforte
535 3386 650 3425 non
695 3368 951 3435 credant,
985 3372 1040 3423 et
1072 3384 1300 3423 movere
1355 3366 1594 3439 cupiant
1651 3372 1866 3421 stoma-

223 3460 413 3517 chum.
446 3463 735 3515 Coeterum
769 3475 873 3530 ego
896 3473 1069 3529 quem
1094 3473 1396 3528 nunquam
1416 3454 1613 3511 volens
1647 3455 1868 3520 laesisti,

222 3551 383 3622 cujus
412 3564 650 3621 semper
680 3547 738 3602 in
771 3546 1046 3619 Epistolis
1073 3546 1193 3602 tuis
1232 3562 1441 3601 nomen
1475 3546 1703 3617 cogeris
1732 3562 1872 3599 ven-

216 3638 399 3707 tilare,
434 3639 513 3695 do
545 3636 835 3693 conslium
867 3640 932 3691 ut
986 3640 1183 3708 aperte
1215 3639 1317 3689 aut
1375 3636 1548 3690 ﬁdem
1608 3634 1874 3689 Ecclesia}

221 3728 520 3801 pradices,
558 3731 663 3784 aut
692 3726 974 3798 loquaris,
1009 3730 1072 3779 ut
1103 3723 1311 3779 credis.
1343 3724 1709 3795 Dispensatio
1767 3730 1879 3779 ete-
1918 3716 1925 3723 ’

222 3819 334 3874 nim
366 3835 436 3875 ac
468 3816 703 3872 libratio
758 3816 870 3871 ista
909 3814 1167 3886 prudens
1221 3814 1553 3882 verborum,
1616 3814 1878 3868 indoctos

223 3907 481 3981 decipere
514 3909 758 3979 postest.
791 3906 1011 3961 Cautus
1043 3904 1274 3959 auditor
1324 3908 1381 3958 et
1427 3903 1608 3958 lector
1637 3905 1749 3959 cito
1784 3902 1879 3957 de-

223 3997 542 4069 prehendet
601 3994 981 4051 insidiaszet
1038 3991 1342 4048 cuniculos
1400 3993 1617 4064 quibus
1671 3992 1881 4047 veritas

222 4086 805 4157 subvertitur,aperte
829 4083 887 4138 in
912 4082 1039 4137 luce
1061 4081 1507 4137 demonstrabit.
1532 4082 1599 4136 Et
1619 4080 1817 4135 Ariani
1839 4083 1880 4149 2,

221 4192 363 4247 quos
392 4175 617 4248 optime
658 4173 833 4240 nosti,
860 4172 1043 4228 multo
1075 4175 1332 4242 tempore
1371 4175 1607 4243 propter
1637 4171 1884 4225 scanda-

219 4264 338 4322 lum
386 4263 651 4323 nominis
684 4270 945 4333 ὁμοούσιον
985 4261 1541 4332 (consubstantialem)
1600 4278 1661 4315 se
1719 4260 1882 4315 dam—

220 4371 354 4412 nare
384 4352 773 4417 simulabant,
804 4366 1071 4423 venaquc
1121 4350 1334 4404 erroris
1394 4348 1887 4405 circumlinebant

221 4444 389 4501 melle
418 4444 757 4501 verborum.
790 4441 902 4496 Sed
934 4441 1173 4495 tandem
1204 4439 1440 4495 coluber
1470 4456 1531 4495 se
1591 4444 1886 4494 tortuosus

221 4534 468 4607 aperuit,
503 4550 574 4590 ex
604 4531 842 4589 noxium
875 4535 1071 4602 caput,
1094 4529 1251 4601 quod
1285 4529 1458 4601 spiris
1480 4529 1662 4585 totius
1691 4546 1887 4600 corpo-

1975 594 2103 648 bant
2128 593 2335 664 plures.
2370 594 2634 649 Joannem
2664 592 2983 651 haereticum
3012 595 3233 652 vocabat
3277 597 3333 653 S'
3379 597 3628 670 Epipha-

1973 685 2122 737 nius.
2158 682 2487 738 .-llhanasius
2517 687 2564 738 et
2594 685 2864 757 Paulinus
2888 686 2993 741 soli
3020 687 3080 741 in
3116 685 3335 743 Oriente
3352 687 3626 743 catholici.

1975 802 2043 811 ——
2072 775 2149 827 Ac
2182 771 2436 843 primum
2470 777 2786 846 antequam
2845 774 3148 847 epistolam
3209 780 3394 845 tuam,
3452 792 3630 849 quam

1977 860 2265 933 scripsisti
2288 861 2359 916 ad
2382 862 2722 935 epiSGOpum
2750 863 3161 935 Theophilum,
3185 864 3631 939 interpretatam

1977 949 2113 1004 huic
2142 949 2426 1005 volumini
2458 950 2734 1019 inseram,
2757 958 2815 1008 et
2843 954 3148 1009 ostendam
3176 953 3304 1023 tibi,
3338 969 3432 1011 me
3463 953 3633 1012 intel-

1978 1036 2155 1109 ligere
2215 1037 2392 1094 nimis
2461 1043 2694 1096 cautam
2755 1041 2867 1112 [Αἰ.
2926 1044 3172 1114 tantam]
3257 1043 3632 1116 prudentiam

1976 1132 2160 1196 tuam,
2193 1128 2559 1201 expostulare
2590 1135 2780 1187 tecum
2813 1131 2975 1188 libet.
3020 1135 3154 1199 Quae
3186 1133 3307 1189 haec
3351 1137 3442 1189 est
3470 1137 3636 1189 tanta

1978 1218 2328 1289 arrogantia,
2364 1235 2478 1274 non
2526 1222 2877 1292 respondere
2925 1223 2995 1277 de
3043 1223 3158 1278 ﬁde
3216 1222 3636 1296 interroganti-

1979 1308 2089 1363 bus
2117 1307 2145 1361 ?
2177 1308 2425 1363 Tantam
2457 1309 2703 1365 fratrum
2740 1310 3201 1380 multitudinem,
3235 1315 3292 1369 et
3321 1312 3638 1370 monacho-

1983 1414 2113 1453 rum
2144 1398 2371 1465 choros,
2406 1399 2506 1471 qui
2539 1399 2639 1454 tibi
2672 1399 2730 1455 in
2787 1400 3098 1458 Palaestina
3158 1418 3274 1458 non
3306 1402 3632 1458 communi-

1983 1492 2138 1555 cant,
2170 1488 2339 1559 quasi
2368 1488 2568 1544 hostes
2597 1489 2862 1560 publicos
2919 1490 3210 1547 aestimare
3238 1491 3267 1546 ‘l
3324 1491 3426 1548 Dei
3458 1492 3639 1551 Filius

1984 1581 2218 1648 propter
2246 1594 2425 1632 unam
2457 1578 2788 1635 morbidam
2819 1597 3003 1649 ovem,
3077 1583 3399 1655 nonaginta
3429 1597 3636 1639 novem

1986 1666 2043 1721 in
2075 1667 2377 1723 montibus
2435 1666 2764 1737 derelictas,
2825 1669 3044 1742 alapas,
3109 1688 3363 1741 crucem,
3411 1671 3643 1745 ﬂagella

1985 1756 2291 1822 sustinuit,
2325 1760 2381 1812 et
2410 1756 2533 1813 suis
2566 1757 2829 1814 humeris
2859 1760 3111 1831 portavit
3163 1762 3235 1817 ad
3267 1760 3444 1819 cmlos
3473 1761 3643 1833 baju-

1985 1844 2115 1901 lans
2135 1850 2191 1901 et
2220 1846 2449 1919 patiens
2479 1846 2792 1903 delicatam
2827 1850 3230 1920 peccatricem.
3288 1851 3375 1908 Tu
3425 1850 3640 1908 beatis-

1977 1934 2168 1990 simus
2199 1952 2369 2007 papa,
2402 1939 2459 1991 et
2492 1936 2837 1993 fastidiosus
2877 1938 3121 1995 antistes
3150 1940 3193 2008 ‘,
3252 1939 3415 1997 solus
3462 1940 3645 1998 dives!

1977 2024 2137 2080 solus
2169 2024 2425 2096 sapiens,
2459 2025 2622 2081 solus
2671 2026 2885 2083 nobilis
2915 2045 2981 2084 ac
3021 2029 3297 2097 disertus,
3333 2046 3642 2087 conservos

1976 2118 2129 2181 tuos,
2163 2119 2218 2168 et
2261 2115 2591 2187 redemptos
2648 2118 2932 2190 sanguine
2983 2118 3214 2176 Domini
3273 2120 3382 2188 tui,
3438 2123 3649 2194 rugata

1980 2208 2166 2261 fronte
2197 2208 2252 2260 et
2284 2204 2540 2276 obliquis
2589 2205 2775 2261 oculis
2834 2207 3088 2279 despicis
3126 2207 3154 2263 ?
3211 2208 3329 2266 Hoc
3358 2213 3449 2267 est
3475 2209 3649 2265 illud:

1981 2293 2159 2366 quod,
2219 2293 2499 2365 Apostolo
2557 2294 2945 2367 praecipiente,
3006 2297 3310 2353 didicisti:
3375 2321 3402 2348 ‹‹
3453 2295 3648 2369 Parati

1982 2399 2216 2455 semper
2247 2383 2319 2438 ad
2353 2383 2811 2440 satisfactionem
2843 2386 3001 2440 omni
3059 2386 3317 2458 poscenti
3345 2389 3496 2444 411
3544 2403 3649 2444 vos

1987 2473 2275 2528 rationem
2302 2473 2371 2528 de
2402 2489 2470 2527 ea
2499 2489 2626 2544 quae
2658 2472 2717 2528 in
2748 2474 2911 2530 vobis
2940 2479 3056 2530 est
3095 2492 3198 2549 spe
3255 2477 3304 2548 (Ι
3354 2478 3499 2533 Petr.
3562 2494 3649 2543 tu,

1981 2564 2072 2633 25)
2095 2562 2122 2616 ?
2158 2585 2185 2613 ››
2222 2562 2403 2634 Finge
2432 2550 2538 2617 nos
2566 2562 2933 2619 occasionem
2961 2580 3241 2636 quaerere,
3274 2569 3332 2621 et
3361 2565 3471 2622 sub
3503 2582 3652 2638 prea-

1985 2656 2144 2707 textu
2176 2651 2311 2706 ﬁdei
2344 2651 2478 2706 lites
2529 2668 2742 2717 serere,
2775 2652 3039 2709 schisma
3087 2654 3394 2722 conficere,
3448 2654 3649 2728 jurgia

1988 2740 2466 2797 concitare.Tolle
2489 2741 2852 2797 occasionem
2876 2742 3209 2800 volentibus
3230 2743 3651 2812 occasionem“;

1990 2836 2054 2886 ut
2085 2834 2395 2903 postquam
2427 2830 2497 2885 de
2527 2830 2642 2885 ﬁde
2672 2830 3045 2900 satisfeceris,
3104 2836 3161 2888 et
3203 2849 3407 2889 omnes
3466 2834 3651 2890 nodos

1992 2921 2091 2993 qui
2122 2924 2324 2976 contra
2353 2924 2756 2975 te~nectuntur
2776 2921 3262 2991 absolveris,tunc
3282 2922 3505 2996 liquido
3527 2939 3654 2989 om-

1993 3011 2167 3066 nibus
2200 3010 2430 3080 probes,
2467 3026 2581 3065 non
2600 3011 2964 3081 dogmatum,
2990 3012 3091 3067 sed
3108 3011 3495 3069 ordinationis
3524 3028 3654 3085 esse

1993 3104 2308 3155 certamen.
2344 3098 2468 3154 Nisi
2502 3099 2646 3154 forte
2679 3100 2953 3171 prudenti
2984 3099 3249 3168 consilio,
3281 3100 3409 3158 ideo
3439 3101 3511 3156 de
3538 3101 3653 3157 ﬁde

1994 3190 2387 3261 interrogatus
2415 3191 2595 3255 taces,
2624 3204 2697 3243 ne
2726 3188 2976 3244 videaris
2998 3222 3009 3234 ι
3031 3188 3339 3245 haereticus
3379 3205 3509 3247 esse
3540 3188 3654 3263 [ΑΙ.

1986 3279 2206 3347 fuisse],
2240 3295 2374 3333 cum
2406 3277 2778 3333 satisfeceris.
2812 3277 3023 3333 Omnia
3048 3294 3184 3350 ergo
3214 3277 3483 3347 crimina,
3517 3278 3644 3351 qui-

1977 3369 2089 3424 bus
2119 3370 2470 3423 accusantur
2498 3366 2787 3432 homines,
2817 3367 3070 3424 refutare
3100 3385 3216 3424 non
3264 3369 3481 3425 debent
3512 3383 3527 3424 :
3561 3384 3635 3424 ne

1981 3462 2293 3530 postquam
2326 3456 2684 3528 negaverint,
2739 3455 3039 3514 criminosi
3072 3457 3212 3514 sint.
3246 3460 3321 3513 At
3374 3462 3634 3515 contem-

1984 3548 2075 3603 nis
2102 3546 2279 3602 laicos
2311 3546 2589 3601 diaconos
2618 3551 2790 3618 atque
2839 3547 3223 3619 presbyteros.
3259 3547 3428 3605 Potes
3481 3546 3641 3603 enim

1986 3638 2074 3709 (ut
2095 3636 2366 3710 gloriaris
2397 3640 2452 3691 ot
2475 3636 2736 3707 jactitas)
2770 3636 2826 3690 in
2878 3654 2995 3692 una
3028 3636 3171 3693 hora
3213 3635 3375 3694 mille
3403 3636 3645 3694 clericos

1989 3728 2195 3782 facere.
2232 3726 2422 3781 Habes
2454 3742 2667 3798 papam
2725 3725 3139 3797 Epiphanium,
3182 3726 3284 3798 qui
3342 3729 3399 3781 te
3453 3729 3652 3798 aperte

1942 3874 1947 3881 ,
1992 3816 2193 3872 missis
2223 3814 2434 3871 litteris
2465 3816 2484 3847 ⁸
2516 3814 2855 3871 ᾕωτθῐίοιιω
2888 3818 3071 3871 vocat.
3112 3816 3276 3872 Certe
3332 3831 3438 3870 nec
3466 3817 3656 3882 etate,

1992 3923 2096 3961 nec
2128 3904 2395 3969 scientia,
2431 3920 2534 3958 nec
2566 3904 2692 3957 vita:
2725 3904 2956 3969 merito,
2990 3919 3095 3959 nec
3125 3902 3306 3959 totius
3352 3902 3511 3960 orbis
3565 3906 3659 3959 te-

1944 4054 1949 4057 _
1993 3993 2291 4059 stimonia,
2327 3993 2515 4062 major
2546 3989 2640 4047 illo
2675 4008 2757 4047 es.
2791 3991 2850 4047 Si
2882 3994 3112 4048 aetatem
3147 3991 3383 4065 quaeris,
3421 3991 3659 4065 juvenis

1991 4085 2060 4139 ad
2119 4099 2316 4139 senem
2348 4081 2558 4136 scribis
2591 4081 2718 4151 [Al..
2755 4080 3017 4151 scribes].
3045 4081 3103 4137 Si
3151 4081 3480 4150 scientiam,
3541 4098 3658 4138 non

1993 4173 2077 4229 sic
2108 4172 2374 4228 eruditus
2406 4170 2478 4225 ad
2510 4170 2745 4225 doctum
2781 4186 2793 4225 :
2828 4169 2965 4227 licet
2986 4175 3042 4227 te
3070 4170 3327 4227 fautores
3356 4170 3661 4243 tui,diser—

1996 4263 2206 4318 tiorem
2237 4258 2647 4327 Demosthene,
2678 4259 2994 4315 auctiorem
3028 4259 3371 4335 Chrysippo,
3425 4260 3658 4334 sapien-

1997 4352 2203 4406 tiorem
2238 4349 2466 4405 Platone
2498 4348 2871 4413 contendant,
2923 4352 2981 4405 et
3010 4349 3117 4405 tibi
3166 4348 3279 4423 ipsi
3328 4350 3476 4407 forte
3534 4365 3659 4423 per-

1998 4440 2311 4497 suaserint.
2352 4439 2431 4493 De
2490 4437 2609 4493 vita
2670 4441 2866 4494 autem
2925 4447 2980 4494 et
3029 4439 3141 4495 ﬁde
3199 4438 3345 4495 nihil
3400 4438 3657 4512 amplius

1960 4588 1963 4591 λ
1997 4530 2186 4584 dicam
2220 4545 2292 4582 ne
2340 4531 2395 4582 te
2424 4527 2631 4583 laedere
2660 4527 2875 4583 videar.
2909 4530 2988 4583 Eo
3018 4531 3281 4601 tempore
3317 4543 3433 4599 quo
3466 4529 3657 4586 totum

221 4623 299 4680 ris
349 4622 685 4687 tenebatur,
732 4618 984 4692 spiritali
1033 4634 1290 4673 nucrone
1341 4618 1638 4674 colossum
1705 4624 1795 4672 est
1855 4619 1894 4690 ³,
1928 4639 1974 4703 D
2006 4618 2303 4675 Orientem
2336 4623 2591 4689 (excepto
2624 4633 2773 4688 papa
2828 4615 3145 4672 Athanasio
3190 4620 3366 4688 atque
3394 4613 3660 4687 Paulino)

223 4711 467 4785 Recipit,
499 4715 567 4767 ut
621 4709 757 4777 scis,
813 4707 1071 4764 Ecclesia
1100 4708 1454 4778 pmnitentes
1489 4726 1503 4775 ;
1539 4712 1595 4763 et
1654 4724 1897 4763 numero
2004 4708 2349 4763 Arianorum
2385 4710 2441 4760 et
2468 4704 2965 4762 Eunomianorum
3024 4703 3264 4761 haeresis
3300 4703 3661 4778 possidebat,

224 4804 500 4875 superata
528 4798 893 4873 peccantium
926 4798 1066 4853 dum
1100 4798 1360 4870 deceptis
1382 4798 1661 4870 gregibus
1691 4814 1898 4853 consu‘

222 4874 311 4959 lit,
340 4874 655 4965 pastorum
684 4887 1026 4945 vulneribus
1056 4887 1324 4961 ignoscit.
1382 4888 1598 4943 Eadem
1650 4904 1805 4942 nunc
1838 4888 1894 4941 in

186 5042 193 5047 _
226 4981 400 5038 veteri
434 4985 497 5037 et
528 4997 676 5035 nova
705 4978 911 5034 haeresi
945 4978 1307 5033 consuetudo
1336 4980 1620 5047 servatur,
1644 4980 1708 5031 ut
1738 4976 1894 5032 aliud

226 5069 426 5144 populi
456 5069 728 5136 audiant,
752 5067 910 5125 aliud
944 5067 1264 5139 praedicent
1293 5067 1647 5123 sacerdotes.

298 5233 548 5310 ‘Cicero
592 5231 693 5287 lib.
729 5230 1119 5310 ξρίβςξοτιιηι,
1182 5228 1283 5310 qui
1338 5227 1596 5310 Platonis
1641 5229 1893 5310 effatum

190 5358 195 5363 .
230 5306 382 5362 istud
413 5303 625 5361 Latine
651 5299 859 5359 reddit.
892 5302 1075 5358 Vetus
1130 5299 1329 5371 editio,
1389 5299 1540 5368 Quod
1594 5301 1662 5354 ab
1722 5304 1896 5356 invita

230 5393 348 5435 voce
374 5377 682 5447 profertur.

293 5451 315 5485 ²
345 5444 425 5505 Iis
458 5444 693 5519 nempe,
726 5450 782 5504 et
814 5444 1245 5519 Macedonianis
1295 5460 1527 5515 quoque
1580 5462 1761 5519 aures
1802 5461 1896 5498 ac-

232 5515 729 5587 commodaverat,
773 5523 1087 5589 antequam
1145 5518 1548 5588 episcopatum
1608 5515 1895 5588 adipisce-

216 5600 543 5721 regu‘tl‘etus
600 5663 763 5730 edit.,
851 5660 1080 5715 Colubcr
1138 5664 1407 5715 tortuosus
1491 5661 1767 5730 apparuit,
1845 5665 1896 5714 et

236 5740 467 5796 noxium
499 5743 681 5808 caput,
732 5732 871 5805 quod
924 5734 1089 5805 spiris
1146 5732 1311 5789 totius
1367 5732 1606 5803 corporis
1663 5731 1893 5801 tegebat,

2006 4798 2241 4870 quando
2275 4801 2335 4850 tu
2370 4793 2840 4851 Occidentalibus
2868 4802 2921 4850 et
2951 4793 3011 4850 in
3043 4793 3234 4849 medio
3291 4791 3494 4849 exsilio
3524 4808 3662 4849 con-

2007 4886 2329 4942 lessoribus
2362 4902 2474 4939 non
2516 4883 3031 4952 communicabas;
3068 4882 3163 4938 ille
3218 4882 3307 4938 vel
3363 4882 3666 4955 presbyter

2008 4975 2347 5032 monasterii
2406 4975 2479 5029 ab
2524 4972 2803 5046 Eutychio
2854 4974 2873 5007 7
2932 4972 3280 5029 audiebatur
3318 4970 3407 5027 vel
3464 4975 3667 5044 postea

2006 5065 2315 5139 episcopus
2360 5063 2527 5137 Cypri
2560 5080 2594 5119 a
2617 5062 2855 5119 Valente
2880 5079 2993 5118 non
3043 5062 3411 5133 tangebatur.
3462 5062 3663 5119 Tanta

2005 5228 2335 5300 spiritualis,
2368 5230 2477 5282 etc.
2512 5228 2658 5293 Mox,
2691 5225 2754 5280 Et
2813 5225 2867 5279 in
2917 5226 3077 5280 venia
3122 5225 3385 5297 superata
3433 5238 3663 5296 peccan-

2006 5304 2166 5363 tium,
2201 5305 2309 5355 etc.

2077 5375 2098 5405 ⁴
2128 5371 2338 5426 Eadem
2368 5374 2533 5424 vetus
2564 5368 2727 5437 edit.,
2759 5376 2809 5423 et
2836 5370 3154 5439 fastigiosus
3181 5370 3429 5424 antistes.

2078 5446 2098 5477 δ
2128 5444 2300 5510 Olim,
2335 5442 2475 5497 Tolle
2510 5441 2805 5496 volentibus
2836 5442 3190 5507 occasionem,
3214 5445 3272 5497 et
3293 5456 3449 5507 mox,
3481 5439 3665 5512 Liqui-

2005 5517 2070 5571 do
2100 5514 2349 5570 omnibus
2379 5516 2580 5584 pateat,
2613 5528 2742 5577 non,
2777 5517 2884 5567 etc.

2075 5588 2095 5619 θ
2132 5590 2186 5641 In
2224 5586 2396 5639 veteri
2432 5584 2568 5639 edit.
2596 5585 2774 5639 Multis
2798 5585 2995 5639 litteris
3020 5601 3123 5656 pro
3152 5585 3359 5640 missis.

2075 5660 2093 5734 ξ’
2154 5657 2493 5734 Eutycliius
2526 5656 2647 5734 iste
2690 5654 3297 5734 Eleutheropolitanus
3354 5654 3667 5734 episcopus

2083 5675 2091 5692 '
2154 5675 2467 5727 I‘JUQ‘CHIUS
2526 5675 2635 5710 lStC
2690 5675 3297 5785 ιυιθυῑηθΐοῗοιιιᾶηυε
3354 5675 3667 5734 episcopus

2007 5730 2137 5800 fuit,
2172 5728 2271 5802 qui
2299 5729 2371 5785 ob
2402 5727 2603 5784 odium
2634 5727 2693 5783 in
2740 5729 2799 5785 S.
2860 5728 3008 5803 Cyril
3042 5745 3142 5787 um
3187 5726 3667 5798 Hierosolymita-
