  <div class='ocr_page' id='page_1' title='image "/cluster/home/n/w/nwhite01/storage/ocr_20150623/23/umn.31951d034773078/197.png"; bbox 0 0 3958 6400; ppageno 0'>
   <div class='ocr_carea' id='block_1_1' title="bbox 357 372 476 449">
    <p class='ocr_par' dir='ltr' id='par_1_1' title="bbox 357 372 476 449">
     <span class='ocr_line' id='line_1_1' title="bbox 357 372 476 449; baseline -0.034 0"><span class='ocrx_word' id='word_1_1' title='bbox 357 372 476 449; x_wconf 71' lang='grc' dir='ltr'><strong>Βτὸ</strong></span> 
     </span>
    </p>
   </div>
   <div class='ocr_carea' id='block_1_2' title="bbox 1608 374 2599 447">
    <p class='ocr_par' dir='ltr' id='par_1_2' title="bbox 1608 374 2599 447">
     <span class='ocr_line' id='line_1_2' title="bbox 1608 374 2599 447; baseline -0.006 0"><span class='ocrx_word' id='word_1_2' title='bbox 1608 376 1673 447; x_wconf 81' lang='lat' dir='ltr'><strong>S.</strong></span> <span class='ocrx_word' id='word_1_3' title='bbox 1721 374 2036 446; x_wconf 84' lang='lat' dir='ltr'><strong>EUSEBII</strong></span> <span class='ocrx_word' id='word_1_4' title='bbox 2070 374 2547 444; x_wconf 70' lang='lat' dir='ltr'><strong>HIERONYMI.</strong></span> <span class='ocrx_word' id='word_1_5' title='bbox 2594 394 2599 397; x_wconf 49' lang='grc' dir='ltr'>λ</span> 
     </span>
    </p>
   </div>
   <div class='ocr_carea' id='block_1_3' title="bbox 351 512 3761 592">
    <p class='ocr_par' dir='ltr' id='par_1_3' title="bbox 351 512 3761 592">
     <span class='ocr_line' id='line_1_3' title="bbox 351 512 3761 592; baseline 0.001 -16"><span class='ocrx_word' id='word_1_6' title='bbox 351 515 515 576; x_wconf 83' lang='lat' dir='ltr'><strong>enim</strong></span> <span class='ocrx_word' id='word_1_7' title='bbox 540 514 928 576; x_wconf 80' lang='lat' dir='ltr'><strong>venerationis</strong></span> <span class='ocrx_word' id='word_1_8' title='bbox 983 530 1214 591; x_wconf 82' lang='lat' dir='ltr'><strong>semper</strong></span> <span class='ocrx_word' id='word_1_9' title='bbox 1270 515 1403 587; x_wconf 76' lang='lat' dir='ltr'><strong>fuit,</strong></span> <span class='ocrx_word' id='word_1_10' title='bbox 1432 520 1499 575; x_wconf 89' lang='lat' dir='ltr'><strong>nt</strong></span> <span class='ocrx_word' id='word_1_11' title='bbox 1550 519 1860 590; x_wconf 82' lang='lat' dir='ltr'><strong>regnantes</strong></span> <span class='ocrx_word' id='word_1_12' title='bbox 1890 515 2008 572; x_wconf 68' lang='lat' dir='ltr'><strong>hmo</strong></span> <span class='ocrx_word' id='word_1_13' title='bbox 2036 518 2091 584; x_wconf 79' lang='grc' dir='ltr'>Α</span> <span class='ocrx_word' id='word_1_14' title='bbox 2120 530 2262 587; x_wconf 88' lang='lat' dir='ltr'><strong>pum</strong></span> <span class='ocrx_word' id='word_1_15' title='bbox 2320 512 2773 589; x_wconf 85' lang='lat' dir='ltr'><strong>apprehenderis</strong></span> <span class='ocrx_word' id='word_1_16' title='bbox 2804 514 2843 582; x_wconf 74' lang='grc' dir='ltr'><strong>ί,</strong></span> <span class='ocrx_word' id='word_1_17' title='bbox 2866 528 2971 574; x_wconf 88' lang='lat' dir='ltr'><strong>nec</strong></span> <span class='ocrx_word' id='word_1_18' title='bbox 2996 518 3198 575; x_wconf 87' lang='lat' dir='ltr'><strong>tenere</strong></span> <span class='ocrx_word' id='word_1_19' title='bbox 3227 517 3412 592; x_wconf 83' lang='lat' dir='ltr'><strong>potes,</strong></span> <span class='ocrx_word' id='word_1_20' title='bbox 3442 528 3553 577; x_wconf 84' lang='lat' dir='ltr'><strong>nec</strong></span> <span class='ocrx_word' id='word_1_21' title='bbox 3574 520 3761 580; x_wconf 74' lang='lat' dir='ltr'><strong>audes</strong></span> 
     </span>
    </p>
   </div>
   <div class='ocr_carea' id='block_1_4' title="bbox 359 606 2003 681">
    <p class='ocr_par' dir='ltr' id='par_1_4' title="bbox 359 606 2003 681">
     <span class='ocr_line' id='line_1_4' title="bbox 359 606 2003 681; baseline -0.002 -15"><span class='ocrx_word' id='word_1_22' title='bbox 359 608 525 666; x_wconf 87' lang='lat' dir='ltr'><strong>retici</strong></span> <span class='ocrx_word' id='word_1_23' title='bbox 582 609 896 681; x_wconf 89' lang='lat' dir='ltr'><strong>ignomiam</strong></span> <span class='ocrx_word' id='word_1_24' title='bbox 956 626 1123 664; x_wconf 88' lang='lat' dir='ltr'><strong>suam</strong></span> <span class='ocrx_word' id='word_1_25' title='bbox 1159 613 1449 681; x_wconf 74' lang='lat' dir='ltr'><strong>putarent,</strong></span> <span class='ocrx_word' id='word_1_26' title='bbox 1505 609 1551 663; x_wconf 89' lang='lat' dir='ltr'><strong>si</strong></span> <span class='ocrx_word' id='word_1_27' title='bbox 1604 606 1782 663; x_wconf 89' lang='lat' dir='ltr'><strong>talem</strong></span> <span class='ocrx_word' id='word_1_28' title='bbox 1812 607 2003 662; x_wconf 88' lang='lat' dir='ltr'><strong>virum</strong></span> 
     </span>
    </p>
   </div>
   <div class='ocr_carea' id='block_1_5' title="bbox 358 696 2008 773">
    <p class='ocr_par' dir='ltr' id='par_1_5' title="bbox 358 696 2008 773">
     <span class='ocr_line' id='line_1_5' title="bbox 358 696 2008 773; baseline -0.003 -17"><span class='ocrx_word' id='word_1_29' title='bbox 358 702 861 773; x_wconf 83' lang='lat' dir='ltr'><strong>persequerentur.</strong></span> <span class='ocrx_word' id='word_1_30' title='bbox 897 698 1095 753; x_wconf 89' lang='lat' dir='ltr'><strong>Scribe</strong></span> <span class='ocrx_word' id='word_1_31' title='bbox 1125 698 1303 769; x_wconf 82' lang='lat' dir='ltr'><strong>igitur</strong></span> <span class='ocrx_word' id='word_1_32' title='bbox 1360 698 1431 753; x_wconf 91' lang='lat' dir='ltr'><strong>ad</strong></span> <span class='ocrx_word' id='word_1_33' title='bbox 1489 697 1665 752; x_wconf 90' lang='lat' dir='ltr'><strong>hunc.</strong></span> <span class='ocrx_word' id='word_1_34' title='bbox 1700 696 2008 768; x_wconf 81' lang='lat' dir='ltr'><strong>Responde</strong></span> 
     </span>
    </p>
   </div>
   <div class='ocr_carea' id='block_1_6' title="bbox 357 785 2007 861">
    <p class='ocr_par' dir='ltr' id='par_1_6' title="bbox 357 785 2007 861">
     <span class='ocr_line' id='line_1_6' title="bbox 357 785 2007 861; baseline -0.004 -16"><span class='ocrx_word' id='word_1_35' title='bbox 357 788 613 861; x_wconf 70' lang='lat' dir='ltr'><strong>epistola:</strong></span> <span class='ocrx_word' id='word_1_36' title='bbox 645 788 770 857; x_wconf 84' lang='lat' dir='ltr'><strong>ejus</strong></span> <span class='ocrx_word' id='word_1_37' title='bbox 807 804 818 842; x_wconf 91' lang='lat'>:</span> <span class='ocrx_word' id='word_1_38' title='bbox 854 788 1110 842; x_wconf 89' lang='lat' dir='ltr'><strong>sentiant</strong></span> <span class='ocrx_word' id='word_1_39' title='bbox 1139 787 1326 843; x_wconf 66' lang='lat' dir='ltr'><strong>caeteri</strong></span> <span class='ocrx_word' id='word_1_40' title='bbox 1358 787 1553 854; x_wconf 84' lang='lat' dir='ltr'><strong>ﬁnem,</strong></span> <span class='ocrx_word' id='word_1_41' title='bbox 1587 785 2007 859; x_wconf 81' lang='lat' dir='ltr'><strong>eloquentiam,</strong></span> 
     </span>
    </p>
   </div>
   <div class='ocr_carea' id='block_1_7' title="bbox 356 874 2007 951">
    <p class='ocr_par' dir='ltr' id='par_1_7' title="bbox 356 874 2007 951">
     <span class='ocr_line' id='line_1_7' title="bbox 356 874 2007 951; baseline -0.002 -19"><span class='ocrx_word' id='word_1_42' title='bbox 356 877 730 951; x_wconf 87' lang='lat' dir='ltr'><strong>prudentiam</strong></span> <span class='ocrx_word' id='word_1_43' title='bbox 764 882 948 945; x_wconf 89' lang='lat' dir='ltr'><strong>tuam,</strong></span> <span class='ocrx_word' id='word_1_44' title='bbox 981 893 1052 932; x_wconf 90' lang='lat' dir='ltr'><strong>ne</strong></span> <span class='ocrx_word' id='word_1_45' title='bbox 1084 876 1185 931; x_wconf 86' lang='lat' dir='ltr'><strong>tibi</strong></span> <span class='ocrx_word' id='word_1_46' title='bbox 1218 875 1379 931; x_wconf 88' lang='lat' dir='ltr'><strong>solus</strong></span> <span class='ocrx_word' id='word_1_47' title='bbox 1437 876 1693 931; x_wconf 79' lang='lat' dir='ltr'><strong>disertus</strong></span> <span class='ocrx_word' id='word_1_48' title='bbox 1739 892 1869 930; x_wconf 88' lang='lat' dir='ltr'><strong>esse</strong></span> <span class='ocrx_word' id='word_1_49' title='bbox 1923 874 2007 929; x_wconf 88' lang='lat' dir='ltr'><strong>vi-</strong></span> 
     </span>
    </p>
   </div>
   <div class='ocr_carea' id='block_1_8' title="bbox 358 964 2011 1037">
    <p class='ocr_par' dir='ltr' id='par_1_8' title="bbox 358 964 2011 1037">
     <span class='ocr_line' id='line_1_8' title="bbox 358 964 2011 1037; baseline -0.003 -15"><span class='ocrx_word' id='word_1_50' title='bbox 358 966 572 1023; x_wconf 86' lang='lat' dir='ltr'><strong>dearis:</strong></span> <span class='ocrx_word' id='word_1_51' title='bbox 606 966 720 1021; x_wconf 86' lang='lat' dir='ltr'><strong>Cur</strong></span> <span class='ocrx_word' id='word_1_52' title='bbox 744 967 815 1021; x_wconf 89' lang='lat' dir='ltr'><strong>ab</strong></span> <span class='ocrx_word' id='word_1_53' title='bbox 848 966 959 1020; x_wconf 90' lang='lat' dir='ltr'><strong>alio</strong></span> <span class='ocrx_word' id='word_1_54' title='bbox 990 971 1353 1037; x_wconf 81' lang='lat' dir='ltr'><strong>provocatus,</strong></span> <span class='ocrx_word' id='word_1_55' title='bbox 1373 964 1652 1021; x_wconf 85' lang='lat' dir='ltr'><strong>aliorsum</strong></span> <span class='ocrx_word' id='word_1_56' title='bbox 1686 980 1849 1019; x_wconf 85' lang='lat' dir='ltr'><strong>arma</strong></span> <span class='ocrx_word' id='word_1_57' title='bbox 1880 979 2011 1018; x_wconf 89' lang='lat' dir='ltr'><strong>con-</strong></span> 
     </span>
    </p>
   </div>
   <div class='ocr_carea' id='block_1_9' title="bbox 357 1053 2011 1126">
    <p class='ocr_par' dir='ltr' id='par_1_9' title="bbox 357 1053 2011 1126">
     <span class='ocr_line' id='line_1_9' title="bbox 357 1053 2011 1126; baseline -0.002 -14"><span class='ocrx_word' id='word_1_58' title='bbox 357 1056 584 1112; x_wconf 81' lang='lat' dir='ltr'><strong>vertis?</strong></span> <span class='ocrx_word' id='word_1_59' title='bbox 614 1054 935 1111; x_wconf 72' lang='lat' dir='ltr'><strong>Palzestinze</strong></span> <span class='ocrx_word' id='word_1_60' title='bbox 969 1056 1074 1126; x_wconf 81' lang='lat' dir='ltr'><strong>[AL</strong></span> <span class='ocrx_word' id='word_1_61' title='bbox 1120 1054 1465 1123; x_wconf 64' lang='lat' dir='ltr'><strong>Palaestinis]</strong></span> <span class='ocrx_word' id='word_1_62' title='bbox 1522 1053 1919 1125; x_wconf 89' lang='lat' dir='ltr'><strong>interrogaris,</strong></span> <span class='ocrx_word' id='word_1_63' title='bbox 1952 1058 2011 1109; x_wconf 92' lang='lat' dir='ltr'><strong>et</strong></span> 
     </span>
    </p>
   </div>
   <div class='ocr_carea' id='block_1_10' title="bbox 358 1141 2011 1217">
    <p class='ocr_par' dir='ltr' id='par_1_10' title="bbox 358 1141 2011 1217">
     <span class='ocr_line' id='line_1_10' title="bbox 358 1141 2011 1217; baseline -0.002 -17"><span class='ocrx_word' id='word_1_64' title='bbox 358 1145 681 1217; x_wconf 82' lang='lat' dir='ltr'><strong>respondes</strong></span> <span class='ocrx_word' id='word_1_65' title='bbox 713 1148 969 1217; x_wconf 71' lang='lat' dir='ltr'><strong>Egypto.</strong></span> <span class='ocrx_word' id='word_1_66' title='bbox 1000 1144 1143 1199; x_wconf 84' lang='lat' dir='ltr'><strong>Aliis</strong></span> <span class='ocrx_word' id='word_1_67' title='bbox 1174 1143 1575 1216; x_wconf 80' lang='lat' dir='ltr'><strong>lippientibus,</strong></span> <span class='ocrx_word' id='word_1_68' title='bbox 1618 1143 1790 1214; x_wconf 85' lang='lat' dir='ltr'><strong>ungis</strong></span> <span class='ocrx_word' id='word_1_69' title='bbox 1812 1141 2011 1199; x_wconf 89' lang='lat' dir='ltr'><strong>oculos</strong></span> 
     </span>
    </p>
   </div>
   <div class='ocr_carea' id='block_1_11' title="bbox 359 1230 2012 1305">
    <p class='ocr_par' dir='ltr' id='par_1_11' title="bbox 359 1230 2012 1305">
     <span class='ocr_line' id='line_1_11' title="bbox 359 1230 2012 1305; baseline -0.002 -17"><span class='ocrx_word' id='word_1_70' title='bbox 359 1249 477 1289; x_wconf 87' lang='lat' dir='ltr'><strong>non</strong></span> <span class='ocrx_word' id='word_1_71' title='bbox 508 1233 850 1289; x_wconf 91' lang='lat' dir='ltr'><strong>dolentium.</strong></span> <span class='ocrx_word' id='word_1_72' title='bbox 874 1233 931 1287; x_wconf 90' lang='lat' dir='ltr'><strong>Si</strong></span> <span class='ocrx_word' id='word_1_73' title='bbox 964 1231 1247 1305; x_wconf 80' lang='lat' dir='ltr'><strong>placitura</strong></span> <span class='ocrx_word' id='word_1_74' title='bbox 1268 1232 1434 1287; x_wconf 90' lang='lat' dir='ltr'><strong>nobis</strong></span> <span class='ocrx_word' id='word_1_75' title='bbox 1453 1231 1617 1288; x_wconf 83' lang='lat' dir='ltr'><strong>alteri</strong></span> <span class='ocrx_word' id='word_1_76' title='bbox 1636 1230 2012 1304; x_wconf 82' lang='lat' dir='ltr'><strong>loqueris,sa-</strong></span> 
     </span>
    </p>
   </div>
   <div class='ocr_carea' id='block_1_12' title="bbox 358 1320 2010 1395">
    <p class='ocr_par' dir='ltr' id='par_1_12' title="bbox 358 1320 2010 1395">
     <span class='ocr_line' id='line_1_12' title="bbox 358 1320 2010 1395; baseline -0.002 -18"><span class='ocrx_word' id='word_1_77' title='bbox 358 1322 437 1378; x_wconf 86' lang='lat' dir='ltr'><strong>tis</strong></span> <span class='ocrx_word' id='word_1_78' title='bbox 460 1322 801 1395; x_wconf 82' lang='lat' dir='ltr'><strong>superhezsi</strong></span> <span class='ocrx_word' id='word_1_79' title='bbox 817 1321 970 1377; x_wconf 87' lang='lat' dir='ltr'><strong>aliud</strong></span> <span class='ocrx_word' id='word_1_80' title='bbox 988 1338 1164 1394; x_wconf 90' lang='lat' dir='ltr'><strong>quam</strong></span> <span class='ocrx_word' id='word_1_81' title='bbox 1192 1322 1683 1393; x_wconf 78' lang='lat' dir='ltr'><strong>quaerimus,satis</strong></span> <span class='ocrx_word' id='word_1_82' title='bbox 1696 1320 2010 1391; x_wconf 85' lang='lat' dir='ltr'><strong>superﬂue.</strong></span> 
     </span>
    </p>
   </div>
   <div class='ocr_carea' id='block_1_13' title="bbox 429 1408 2014 1483">
    <p class='ocr_par' dir='ltr' id='par_1_13' title="bbox 429 1408 2014 1483">
     <span class='ocr_line' id='line_1_13' title="bbox 429 1408 2014 1483; baseline -0.003 -15"><span class='ocrx_word' id='word_1_83' title='bbox 429 1412 584 1468; x_wconf 74' lang='grc' dir='ltr'><strong>4η</strong></span> <span class='ocrx_word' id='word_1_84' title='bbox 611 1412 663 1466; x_wconf 88' lang='grc'><strong>5.</strong></span> <span class='ocrx_word' id='word_1_85' title='bbox 726 1412 1043 1483; x_wconf 70' lang='lat' dir='ltr'><strong>Theophilus</strong></span> <span class='ocrx_word' id='word_1_86' title='bbox 1097 1410 1228 1481; x_wconf 81' lang='lat' dir='ltr'><strong>quid</strong></span> <span class='ocrx_word' id='word_1_87' title='bbox 1284 1411 1613 1481; x_wconf 76' lang='lat' dir='ltr'><strong>probaverit.</strong></span> <span class='ocrx_word' id='word_1_88' title='bbox 1672 1409 1783 1465; x_wconf 89' lang='lat' dir='ltr'><strong>Sed</strong></span> <span class='ocrx_word' id='word_1_89' title='bbox 1843 1408 2014 1477; x_wconf 90' lang='lat' dir='ltr'><strong>dicis,</strong></span> 
     </span>
    </p>
   </div>
   <div class='ocr_carea' id='block_1_14' title="bbox 356 1498 2012 1572">
    <p class='ocr_par' dir='ltr' id='par_1_14' title="bbox 356 1498 2012 1572">
     <span class='ocr_line' id='line_1_14' title="bbox 356 1498 2012 1572; baseline -0.003 -15"><span class='ocrx_word' id='word_1_90' title='bbox 356 1499 664 1572; x_wconf 81' lang='lat' dir='ltr'><strong>epistolam</strong></span> <span class='ocrx_word' id='word_1_91' title='bbox 698 1516 887 1556; x_wconf 89' lang='lat' dir='ltr'><strong>meam</strong></span> <span class='ocrx_word' id='word_1_92' title='bbox 919 1500 1184 1571; x_wconf 78' lang='lat' dir='ltr'><strong>probavit</strong></span> <span class='ocrx_word' id='word_1_93' title='bbox 1217 1498 1641 1554; x_wconf 82' lang='lat' dir='ltr'><strong>Alexandrinus</strong></span> <span class='ocrx_word' id='word_1_94' title='bbox 1682 1498 2012 1570; x_wconf 88' lang='lat' dir='ltr'><strong>episcopus.</strong></span> 
     </span>
    </p>
   </div>
   <div class='ocr_carea' id='block_1_15' title="bbox 358 1586 2013 1662">
    <p class='ocr_par' dir='ltr' id='par_1_15' title="bbox 358 1586 2013 1662">
     <span class='ocr_line' id='line_1_15' title="bbox 358 1586 2013 1662; baseline -0.002 -18"><span class='ocrx_word' id='word_1_95' title='bbox 358 1589 509 1656; x_wconf 87' lang='lat' dir='ltr'><strong>Quid</strong></span> <span class='ocrx_word' id='word_1_96' title='bbox 558 1588 867 1662; x_wconf 78' lang='lat' dir='ltr'><strong>probavit?</strong></span> <span class='ocrx_word' id='word_1_97' title='bbox 896 1597 1097 1644; x_wconf 85' lang='lat' dir='ltr'><strong>contra</strong></span> <span class='ocrx_word' id='word_1_98' title='bbox 1152 1588 1376 1655; x_wconf 88' lang='lat' dir='ltr'><strong>Arium,</strong></span> <span class='ocrx_word' id='word_1_99' title='bbox 1439 1592 1640 1643; x_wconf 89' lang='lat' dir='ltr'><strong>contra</strong></span> <span class='ocrx_word' id='word_1_100' title='bbox 1673 1586 2013 1653; x_wconf 89' lang='lat' dir='ltr'><strong>Photinum,</strong></span> 
     </span>
    </p>
   </div>
   <div class='ocr_carea' id='block_1_16' title="bbox 359 1675 2014 1742">
    <p class='ocr_par' dir='ltr' id='par_1_16' title="bbox 359 1675 2014 1742">
     <span class='ocr_line' id='line_1_16' title="bbox 359 1675 2014 1742; baseline -0.003 -7"><span class='ocrx_word' id='word_1_101' title='bbox 359 1683 565 1735; x_wconf 87' lang='lat' dir='ltr'><strong>contra</strong></span> <span class='ocrx_word' id='word_1_102' title='bbox 620 1677 1004 1732; x_wconf 77' lang='lat' dir='ltr'><strong>Manichzeum</strong></span> <span class='ocrx_word' id='word_1_103' title='bbox 1062 1677 1208 1733; x_wconf 91' lang='lat' dir='ltr'><strong>bene</strong></span> <span class='ocrx_word' id='word_1_104' title='bbox 1265 1675 1545 1732; x_wconf 90' lang='lat' dir='ltr'><strong>locutum.</strong></span> <span class='ocrx_word' id='word_1_105' title='bbox 1570 1676 1711 1742; x_wconf 90' lang='lat' dir='ltr'><strong>Quis</strong></span> <span class='ocrx_word' id='word_1_106' title='bbox 1742 1676 1899 1731; x_wconf 91' lang='lat' dir='ltr'><strong>enim</strong></span> <span class='ocrx_word' id='word_1_107' title='bbox 1956 1680 2014 1731; x_wconf 88' lang='lat' dir='ltr'><strong>te</strong></span> 
     </span>
    </p>
   </div>
   <div class='ocr_carea' id='block_1_17' title="bbox 358 1764 2018 1839">
    <p class='ocr_par' dir='ltr' id='par_1_17' title="bbox 358 1764 2018 1839">
     <span class='ocr_line' id='line_1_17' title="bbox 358 1764 2018 1839; baseline -0.002 -15"><span class='ocrx_word' id='word_1_108' title='bbox 358 1767 472 1824; x_wconf 85' lang='lat' dir='ltr'><strong>hoc</strong></span> <span class='ocrx_word' id='word_1_109' title='bbox 501 1771 762 1822; x_wconf 74' lang='lat' dir='ltr'><strong>temoore</strong></span> <span class='ocrx_word' id='word_1_110' title='bbox 790 1765 985 1839; x_wconf 83' lang='lat' dir='ltr'><strong>arguit</strong></span> <span class='ocrx_word' id='word_1_111' title='bbox 1017 1764 1287 1821; x_wconf 81' lang='lat' dir='ltr'><strong>Arianum</strong></span> <span class='ocrx_word' id='word_1_112' title='bbox 1312 1765 1338 1819; x_wconf 69' lang='lat'><strong>‘2</strong></span> <span class='ocrx_word' id='word_1_113' title='bbox 1367 1764 1502 1837; x_wconf 87' lang='lat' dir='ltr'><strong>quis</strong></span> <span class='ocrx_word' id='word_1_114' title='bbox 1531 1764 1635 1819; x_wconf 89' lang='lat' dir='ltr'><strong>tibi</strong></span> <span class='ocrx_word' id='word_1_115' title='bbox 1671 1780 1826 1820; x_wconf 89' lang='lat' dir='ltr'><strong>nunc</strong></span> <span class='ocrx_word' id='word_1_116' title='bbox 1876 1764 2018 1820; x_wconf 90' lang='lat' dir='ltr'><strong>Pho-</strong></span> 
     </span>
    </p>
   </div>
   <div class='ocr_carea' id='block_1_18' title="bbox 359 1853 2095 1955">
    <p class='ocr_par' dir='ltr' id='par_1_18' title="bbox 359 1853 2095 1955">
     <span class='ocr_line' id='line_1_18' title="bbox 359 1853 2095 1955; baseline -0.001 -43"><span class='ocrx_word' id='word_1_117' title='bbox 359 1856 470 1913; x_wconf 90' lang='lat' dir='ltr'><strong>tini</strong></span> <span class='ocrx_word' id='word_1_118' title='bbox 528 1855 946 1927; x_wconf 80' lang='lat' dir='ltr'><strong>Manichaeique</strong></span> <span class='ocrx_word' id='word_1_119' title='bbox 997 1854 1217 1910; x_wconf 89' lang='lat' dir='ltr'><strong>crimen</strong></span> <span class='ocrx_word' id='word_1_120' title='bbox 1276 1854 1553 1955; x_wconf 68' lang='lat' dir='ltr'><strong>impingit</strong></span> <span class='ocrx_word' id='word_1_121' title='bbox 1602 1855 1631 1908; x_wconf 74' lang='lat' dir='ltr'><strong>‘f</strong></span> <span class='ocrx_word' id='word_1_122' title='bbox 1697 1853 1846 1910; x_wconf 90' lang='lat' dir='ltr'><strong>Olim</strong></span> <span class='ocrx_word' id='word_1_123' title='bbox 1904 1855 2095 1955; x_wconf 72' lang='lat' dir='ltr'><strong>istaB</strong></span> 
     </span>
    </p>
   </div>
   <div class='ocr_carea' id='block_1_19' title="bbox 359 1942 2015 2016">
    <p class='ocr_par' dir='ltr' id='par_1_19' title="bbox 359 1942 2015 2016">
     <span class='ocr_line' id='line_1_19' title="bbox 359 1942 2015 2016; baseline -0.004 -13"><span class='ocrx_word' id='word_1_124' title='bbox 359 1946 673 2003; x_wconf 82' lang='lat' dir='ltr'><strong>emendata</strong></span> <span class='ocrx_word' id='word_1_125' title='bbox 705 1948 843 2000; x_wconf 86' lang='lat' dir='ltr'><strong>sunt</strong></span> <span class='ocrx_word' id='word_1_126' title='bbox 864 1948 1037 2016; x_wconf 87' lang='lat' dir='ltr'><strong>atque</strong></span> <span class='ocrx_word' id='word_1_127' title='bbox 1068 1959 1373 1999; x_wconf 85' lang='lat' dir='ltr'><strong>concussa.</strong></span> <span class='ocrx_word' id='word_1_128' title='bbox 1401 1943 1524 1999; x_wconf 89' lang='lat' dir='ltr'><strong>Non</strong></span> <span class='ocrx_word' id='word_1_129' title='bbox 1552 1958 1680 1998; x_wconf 91' lang='lat' dir='ltr'><strong>eras</strong></span> <span class='ocrx_word' id='word_1_130' title='bbox 1708 1947 1829 1998; x_wconf 90' lang='lat' dir='ltr'><strong>tam</strong></span> <span class='ocrx_word' id='word_1_131' title='bbox 1870 1942 2015 1998; x_wconf 90' lang='lat' dir='ltr'><strong>stul-</strong></span> 
     </span>
    </p>
   </div>
   <div class='ocr_carea' id='block_1_20' title="bbox 358 2032 2016 2106">
    <p class='ocr_par' dir='ltr' id='par_1_20' title="bbox 358 2032 2016 2106">
     <span class='ocr_line' id='line_1_20' title="bbox 358 2032 2016 2106; baseline -0.001 -16"><span class='ocrx_word' id='word_1_132' title='bbox 358 2038 477 2102; x_wconf 89' lang='lat' dir='ltr'><strong>tus,</strong></span> <span class='ocrx_word' id='word_1_133' title='bbox 505 2038 570 2089; x_wconf 88' lang='lat' dir='ltr'><strong>ut</strong></span> <span class='ocrx_word' id='word_1_134' title='bbox 598 2037 796 2106; x_wconf 89' lang='lat' dir='ltr'><strong>aperte</strong></span> <span class='ocrx_word' id='word_1_135' title='bbox 822 2033 1159 2088; x_wconf 78' lang='lat' dir='ltr'><strong>defenderes</strong></span> <span class='ocrx_word' id='word_1_136' title='bbox 1218 2032 1507 2100; x_wconf 63' lang='lat' dir='ltr'><strong>haeresim,</strong></span> <span class='ocrx_word' id='word_1_137' title='bbox 1568 2049 1743 2104; x_wconf 90' lang='lat' dir='ltr'><strong>quam</strong></span> <span class='ocrx_word' id='word_1_138' title='bbox 1791 2032 2016 2088; x_wconf 86' lang='lat' dir='ltr'><strong>sciebas</strong></span> 
     </span>
    </p>
   </div>
   <div class='ocr_carea' id='block_1_21' title="bbox 357 2120 2015 2194">
    <p class='ocr_par' dir='ltr' id='par_1_21' title="bbox 357 2120 2015 2194">
     <span class='ocr_line' id='line_1_21' title="bbox 357 2120 2015 2194; baseline -0.001 -14"><span class='ocrx_word' id='word_1_139' title='bbox 357 2122 628 2180; x_wconf 69' lang='lat' dir='ltr'><strong>Ecclesia:</strong></span> <span class='ocrx_word' id='word_1_140' title='bbox 677 2122 1002 2194; x_wconf 81' lang='lat' dir='ltr'><strong>displicere.</strong></span> <span class='ocrx_word' id='word_1_141' title='bbox 1064 2122 1316 2178; x_wconf 87' lang='lat' dir='ltr'><strong>Noveras</strong></span> <span class='ocrx_word' id='word_1_142' title='bbox 1372 2127 1427 2177; x_wconf 92' lang='lat' dir='ltr'><strong>te</strong></span> <span class='ocrx_word' id='word_1_143' title='bbox 1482 2122 1530 2177; x_wconf 90' lang='lat' dir='ltr'><strong>si</strong></span> <span class='ocrx_word' id='word_1_144' title='bbox 1583 2120 1696 2177; x_wconf 86' lang='lat' dir='ltr'><strong>hoc</strong></span> <span class='ocrx_word' id='word_1_145' title='bbox 1753 2121 2015 2188; x_wconf 78' lang='lat' dir='ltr'><strong>fecisses,</strong></span> 
     </span>
    </p>
   </div>
   <div class='ocr_carea' id='block_1_22' title="bbox 356 2210 2014 2284">
    <p class='ocr_par' dir='ltr' id='par_1_22' title="bbox 356 2210 2014 2284">
     <span class='ocr_line' id='line_1_22' title="bbox 356 2210 2014 2284; baseline -0.003 -14"><span class='ocrx_word' id='word_1_146' title='bbox 356 2213 558 2271; x_wconf 84' lang='lat' dir='ltr'><strong>statim</strong></span> <span class='ocrx_word' id='word_1_147' title='bbox 586 2212 709 2268; x_wconf 90' lang='lat' dir='ltr'><strong>loco</strong></span> <span class='ocrx_word' id='word_1_148' title='bbox 742 2213 1114 2280; x_wconf 82' lang='lat' dir='ltr'><strong>movendum,</strong></span> <span class='ocrx_word' id='word_1_149' title='bbox 1147 2217 1203 2268; x_wconf 89' lang='lat' dir='ltr'><strong>et</strong></span> <span class='ocrx_word' id='word_1_150' title='bbox 1229 2210 1361 2267; x_wconf 92' lang='lat' dir='ltr'><strong>solii</strong></span> <span class='ocrx_word' id='word_1_151' title='bbox 1391 2211 1475 2266; x_wconf 89' lang='lat' dir='ltr'><strong>tui</strong></span> <span class='ocrx_word' id='word_1_152' title='bbox 1536 2210 1773 2267; x_wconf 89' lang='lat' dir='ltr'><strong>delicias</strong></span> <span class='ocrx_word' id='word_1_153' title='bbox 1815 2211 2014 2284; x_wconf 88' lang='lat' dir='ltr'><strong>suspi-</strong></span> 
     </span>
    </p>
   </div>
   <div class='ocr_carea' id='block_1_23' title="bbox 354 2298 2015 2373">
    <p class='ocr_par' dir='ltr' id='par_1_23' title="bbox 354 2298 2015 2373">
     <span class='ocr_line' id='line_1_23' title="bbox 354 2298 2015 2373; baseline -0.002 -14"><span class='ocrx_word' id='word_1_154' title='bbox 354 2302 551 2360; x_wconf 81' lang='lat' dir='ltr'><strong>rabas.</strong></span> <span class='ocrx_word' id='word_1_155' title='bbox 585 2302 677 2358; x_wconf 90' lang='lat' dir='ltr'><strong>Sic</strong></span> <span class='ocrx_word' id='word_1_156' title='bbox 709 2301 1057 2357; x_wconf 90' lang='lat' dir='ltr'><strong>sententiam</strong></span> <span class='ocrx_word' id='word_1_157' title='bbox 1091 2300 1447 2373; x_wconf 86' lang='lat' dir='ltr'><strong>temperasti,</strong></span> <span class='ocrx_word' id='word_1_158' title='bbox 1480 2304 1546 2355; x_wconf 88' lang='lat' dir='ltr'><strong>ut</strong></span> <span class='ocrx_word' id='word_1_159' title='bbox 1594 2317 1696 2356; x_wconf 89' lang='lat' dir='ltr'><strong>nec</strong></span> <span class='ocrx_word' id='word_1_160' title='bbox 1730 2298 2015 2373; x_wconf 87' lang='lat' dir='ltr'><strong>simplici-</strong></span> 
     </span>
    </p>
   </div>
   <div class='ocr_carea' id='block_1_24' title="bbox 354 2390 2012 2464">
    <p class='ocr_par' dir='ltr' id='par_1_24' title="bbox 354 2390 2012 2464">
     <span class='ocr_line' id='line_1_24' title="bbox 354 2390 2012 2464; baseline -0.004 -14"><span class='ocrx_word' id='word_1_161' title='bbox 354 2393 468 2450; x_wconf 86' lang='lat' dir='ltr'><strong>bus</strong></span> <span class='ocrx_word' id='word_1_162' title='bbox 497 2391 970 2464; x_wconf 89' lang='lat' dir='ltr'><strong>displiceres,nec</strong></span> <span class='ocrx_word' id='word_1_163' title='bbox 985 2395 1118 2447; x_wconf 91' lang='lat' dir='ltr'><strong>tuos</strong></span> <span class='ocrx_word' id='word_1_164' title='bbox 1139 2390 1481 2447; x_wconf 80' lang='lat' dir='ltr'><strong>offenderes.</strong></span> <span class='ocrx_word' id='word_1_165' title='bbox 1515 2390 1667 2446; x_wconf 90' lang='lat' dir='ltr'><strong>Bene</strong></span> <span class='ocrx_word' id='word_1_166' title='bbox 1700 2390 2012 2463; x_wconf 80' lang='lat' dir='ltr'><strong>scripsisti,</strong></span> 
     </span>
    </p>
   </div>
   <div class='ocr_carea' id='block_1_25' title="bbox 355 2480 2015 2552">
    <p class='ocr_par' dir='ltr' id='par_1_25' title="bbox 355 2480 2015 2552">
     <span class='ocr_line' id='line_1_25' title="bbox 355 2480 2015 2552; baseline -0.002 -14"><span class='ocrx_word' id='word_1_167' title='bbox 355 2482 457 2539; x_wconf 82' lang='lat' dir='ltr'><strong>sed</strong></span> <span class='ocrx_word' id='word_1_168' title='bbox 509 2480 654 2537; x_wconf 87' lang='lat' dir='ltr'><strong>nihil</strong></span> <span class='ocrx_word' id='word_1_169' title='bbox 710 2481 783 2536; x_wconf 90' lang='lat' dir='ltr'><strong>ad</strong></span> <span class='ocrx_word' id='word_1_170' title='bbox 867 2496 1107 2535; x_wconf 85' lang='lat' dir='ltr'><strong>causam</strong></span> <span class='ocrx_word' id='word_1_171' title='bbox 1168 2481 1490 2552; x_wconf 85' lang='lat' dir='ltr'><strong>pertinens.</strong></span> <span class='ocrx_word' id='word_1_172' title='bbox 1546 2480 1707 2536; x_wconf 91' lang='lat' dir='ltr'><strong>Unde</strong></span> <span class='ocrx_word' id='word_1_173' title='bbox 1775 2484 2015 2535; x_wconf 88' lang='lat' dir='ltr'><strong>noverat</strong></span> 
     </span>
    </p>
   </div>
   <div class='ocr_carea' id='block_1_26' title="bbox 355 2568 2012 2640">
    <p class='ocr_par' dir='ltr' id='par_1_26' title="bbox 355 2568 2012 2640">
     <span class='ocr_line' id='line_1_26' title="bbox 355 2568 2012 2640; baseline -0.003 -13"><span class='ocrx_word' id='word_1_174' title='bbox 355 2569 750 2627; x_wconf 68' lang='lat' dir='ltr'><strong>Alexandriam</strong></span> <span class='ocrx_word' id='word_1_175' title='bbox 780 2568 1047 2625; x_wconf 72' lang='lat' dir='ltr'><strong>Ecclesia:</strong></span> <span class='ocrx_word' id='word_1_176' title='bbox 1080 2569 1356 2640; x_wconf 83' lang='lat' dir='ltr'><strong>pontifex,</strong></span> <span class='ocrx_word' id='word_1_177' title='bbox 1415 2569 1474 2623; x_wconf 91' lang='lat' dir='ltr'><strong>in</strong></span> <span class='ocrx_word' id='word_1_178' title='bbox 1527 2568 1744 2640; x_wconf 87' lang='lat' dir='ltr'><strong>quibus</strong></span> <span class='ocrx_word' id='word_1_179' title='bbox 1801 2584 2012 2640; x_wconf 86' lang='lat' dir='ltr'><strong>argue-</strong></span> 
     </span>
    </p>
   </div>
   <div class='ocr_carea' id='block_1_27' title="bbox 354 2655 2014 2729">
    <p class='ocr_par' dir='ltr' id='par_1_27' title="bbox 354 2655 2014 2729">
     <span class='ocr_line' id='line_1_27' title="bbox 354 2655 2014 2729; baseline -0.001 -14"><span class='ocrx_word' id='word_1_180' title='bbox 354 2658 502 2715; x_wconf 83' lang='lat' dir='ltr'><strong>reris</strong></span> <span class='ocrx_word' id='word_1_181' title='bbox 520 2657 549 2712; x_wconf 89' lang='lat'><strong>?</strong></span> <span class='ocrx_word' id='word_1_182' title='bbox 578 2673 830 2728; x_wconf 87' lang='lat' dir='ltr'><strong>quorum</strong></span> <span class='ocrx_word' id='word_1_183' title='bbox 861 2674 895 2712; x_wconf 89' lang='lat' dir='ltr'><strong>a</strong></span> <span class='ocrx_word' id='word_1_184' title='bbox 922 2660 980 2712; x_wconf 87' lang='lat' dir='ltr'><strong>te</strong></span> <span class='ocrx_word' id='word_1_185' title='bbox 1008 2657 1296 2712; x_wconf 83' lang='lat' dir='ltr'><strong>confessio</strong></span> <span class='ocrx_word' id='word_1_186' title='bbox 1330 2656 1769 2729; x_wconf 76' lang='lat' dir='ltr'><strong>postularetur?</strong></span> <span class='ocrx_word' id='word_1_187' title='bbox 1797 2655 2014 2713; x_wconf 86' lang='lat' dir='ltr'><strong>Debue-</strong></span> 
     </span>
    </p>
   </div>
   <div class='ocr_carea' id='block_1_28' title="bbox 355 2743 2011 2817">
    <p class='ocr_par' dir='ltr' id='par_1_28' title="bbox 355 2743 2011 2817">
     <span class='ocr_line' id='line_1_28' title="bbox 355 2743 2011 2817; baseline -0.002 -14"><span class='ocrx_word' id='word_1_188' title='bbox 355 2746 581 2803; x_wconf 83' lang='lat' dir='ltr'><strong>rastibi</strong></span> <span class='ocrx_word' id='word_1_189' title='bbox 613 2746 840 2815; x_wconf 85' lang='lat' dir='ltr'><strong>objecta</strong></span> <span class='ocrx_word' id='word_1_190' title='bbox 869 2761 1212 2817; x_wconf 89' lang='lat' dir='ltr'><strong>proponere,</strong></span> <span class='ocrx_word' id='word_1_191' title='bbox 1273 2750 1329 2799; x_wconf 89' lang='lat' dir='ltr'><strong>et</strong></span> <span class='ocrx_word' id='word_1_192' title='bbox 1376 2746 1462 2800; x_wconf 90' lang='lat' dir='ltr'><strong>sic</strong></span> <span class='ocrx_word' id='word_1_193' title='bbox 1519 2745 1590 2800; x_wconf 88' lang='lat' dir='ltr'><strong>ad</strong></span> <span class='ocrx_word' id='word_1_194' title='bbox 1642 2743 1881 2817; x_wconf 88' lang='lat' dir='ltr'><strong>singula</strong></span> <span class='ocrx_word' id='word_1_195' title='bbox 1921 2761 2011 2800; x_wconf 91' lang='lat' dir='ltr'><strong>re-</strong></span> 
     </span>
    </p>
   </div>
   <div class='ocr_carea' id='block_1_29' title="bbox 354 2832 2012 2909">
    <p class='ocr_par' dir='ltr' id='par_1_29' title="bbox 354 2832 2012 2909">
     <span class='ocr_line' id='line_1_29' title="bbox 354 2832 2012 2909; baseline -0.002 -16"><span class='ocrx_word' id='word_1_196' title='bbox 354 2835 663 2909; x_wconf 85' lang='lat' dir='ltr'><strong>spondere.</strong></span> <span class='ocrx_word' id='word_1_197' title='bbox 713 2834 893 2889; x_wconf 84' lang='lat' dir='ltr'><strong>Vetus</strong></span> <span class='ocrx_word' id='word_1_198' title='bbox 946 2838 1150 2889; x_wconf 87' lang='lat' dir='ltr'><strong>narrat</strong></span> <span class='ocrx_word' id='word_1_199' title='bbox 1196 2833 1440 2889; x_wconf 86' lang='lat' dir='ltr'><strong>historia</strong></span> <span class='ocrx_word' id='word_1_200' title='bbox 1498 2850 1512 2888; x_wconf 89' lang='lat'><strong>:</strong></span> <span class='ocrx_word' id='word_1_201' title='bbox 1571 2832 1817 2897; x_wconf 88' lang='lat' dir='ltr'><strong>Quidam</strong></span> <span class='ocrx_word' id='word_1_202' title='bbox 1878 2850 2012 2889; x_wconf 87' lang='lat' dir='ltr'><strong>cum</strong></span> 
     </span>
    </p>
   </div>
   <div class='ocr_carea' id='block_1_30' title="bbox 352 2920 2013 2995">
    <p class='ocr_par' dir='ltr' id='par_1_30' title="bbox 352 2920 2013 2995">
     <span class='ocr_line' id='line_1_30' title="bbox 352 2920 2013 2995; baseline -0.002 -13"><span class='ocrx_word' id='word_1_203' title='bbox 352 2924 570 2982; x_wconf 82' lang='lat' dir='ltr'><strong>diserte</strong></span> <span class='ocrx_word' id='word_1_204' title='bbox 596 2925 831 2987; x_wconf 87' lang='lat' dir='ltr'><strong>diceret,</strong></span> <span class='ocrx_word' id='word_1_205' title='bbox 867 2924 1227 2995; x_wconf 89' lang='lat' dir='ltr'><strong>ferreturque</strong></span> <span class='ocrx_word' id='word_1_206' title='bbox 1282 2924 1501 2995; x_wconf 89' lang='lat' dir='ltr'><strong>impetu</strong></span> <span class='ocrx_word' id='word_1_207' title='bbox 1536 2938 1601 2977; x_wconf 88' lang='lat' dir='ltr'><strong>ac</strong></span> <span class='ocrx_word' id='word_1_208' title='bbox 1654 2920 2013 2978; x_wconf 84' lang='lat' dir='ltr'><strong>volubilitate</strong></span> 
     </span>
    </p>
   </div>
   <div class='ocr_carea' id='block_1_31' title="bbox 348 3012 2011 3085">
    <p class='ocr_par' dir='ltr' id='par_1_31' title="bbox 348 3012 2011 3085">
     <span class='ocr_line' id='line_1_31' title="bbox 348 3012 2011 3085; baseline -0.003 -15"><span class='ocrx_word' id='word_1_209' title='bbox 348 3014 686 3084; x_wconf 75' lang='lat' dir='ltr'><strong>verborum,</strong></span> <span class='ocrx_word' id='word_1_210' title='bbox 734 3028 1092 3085; x_wconf 85' lang='lat' dir='ltr'><strong>causamque</strong></span> <span class='ocrx_word' id='word_1_211' title='bbox 1119 3012 1357 3068; x_wconf 91' lang='lat' dir='ltr'><strong>omnino</strong></span> <span class='ocrx_word' id='word_1_212' title='bbox 1390 3028 1501 3067; x_wconf 88' lang='lat' dir='ltr'><strong>non</strong></span> <span class='ocrx_word' id='word_1_213' title='bbox 1536 3015 1814 3083; x_wconf 81' lang='lat' dir='ltr'><strong>tangeret,</strong></span> <span class='ocrx_word' id='word_1_214' title='bbox 1874 3028 2011 3083; x_wconf 89' lang='lat' dir='ltr'><strong>pru-</strong></span> 
     </span>
    </p>
   </div>
   <div class='ocr_carea' id='block_1_32' title="bbox 356 3100 2011 3175">
    <p class='ocr_par' dir='ltr' id='par_1_32' title="bbox 356 3100 2011 3175">
     <span class='ocr_line' id='line_1_32' title="bbox 356 3100 2011 3175; baseline -0.002 -16"><span class='ocrx_word' id='word_1_215' title='bbox 356 3102 502 3161; x_wconf 89' lang='lat' dir='ltr'><strong>dens</strong></span> <span class='ocrx_word' id='word_1_216' title='bbox 533 3103 764 3159; x_wconf 90' lang='lat' dir='ltr'><strong>auditor</strong></span> <span class='ocrx_word' id='word_1_217' title='bbox 793 3104 1055 3175; x_wconf 81' lang='lat' dir='ltr'><strong>etjudex</strong></span> <span class='ocrx_word' id='word_1_218' title='bbox 1090 3119 1102 3157; x_wconf 95' lang='lat'><strong>:</strong></span> <span class='ocrx_word' id='word_1_219' title='bbox 1139 3125 1165 3151; x_wconf 82' lang='lat'><strong><em>«</em></strong></span> <span class='ocrx_word' id='word_1_220' title='bbox 1220 3101 1371 3157; x_wconf 90' lang='lat' dir='ltr'><strong>Bene</strong></span> <span class='ocrx_word' id='word_1_221' title='bbox 1411 3100 1622 3173; x_wconf 87' lang='lat' dir='ltr'><strong>inquit,</strong></span> <span class='ocrx_word' id='word_1_222' title='bbox 1682 3101 1848 3170; x_wconf 84' lang='lat' dir='ltr'><strong>bene,</strong></span> <span class='ocrx_word' id='word_1_223' title='bbox 1910 3101 2011 3156; x_wconf 83' lang='lat' dir='ltr'><strong>sed</strong></span> 
     </span>
    </p>
   </div>
   <div class='ocr_carea' id='block_1_33' title="bbox 357 3189 2009 3267">
    <p class='ocr_par' dir='ltr' id='par_1_33' title="bbox 357 3189 2009 3267">
     <span class='ocr_line' id='line_1_33' title="bbox 357 3189 2009 3267; baseline -0.001 -18"><span class='ocrx_word' id='word_1_224' title='bbox 357 3208 472 3267; x_wconf 92' lang='lat' dir='ltr'><strong>quo</strong></span> <span class='ocrx_word' id='word_1_225' title='bbox 503 3192 661 3249; x_wconf 89' lang='lat' dir='ltr'><strong>istud</strong></span> <span class='ocrx_word' id='word_1_226' title='bbox 694 3196 813 3248; x_wconf 88' lang='lat' dir='ltr'><strong>tam</strong></span> <span class='ocrx_word' id='word_1_227' title='bbox 844 3193 992 3248; x_wconf 89' lang='lat' dir='ltr'><strong>bene</strong></span> <span class='ocrx_word' id='word_1_228' title='bbox 1021 3193 1049 3246; x_wconf 90' lang='lat'><strong><em>?</em></strong></span> <span class='ocrx_word' id='word_1_229' title='bbox 1078 3211 1102 3242; x_wconf 74' lang='grc' dir='ltr'><strong><em>ο</em></strong></span> <span class='ocrx_word' id='word_1_230' title='bbox 1144 3190 1397 3263; x_wconf 87' lang='lat' dir='ltr'><strong>Imperiti</strong></span> <span class='ocrx_word' id='word_1_231' title='bbox 1433 3189 1642 3245; x_wconf 89' lang='lat' dir='ltr'><strong>medici</strong></span> <span class='ocrx_word' id='word_1_232' title='bbox 1699 3190 1771 3245; x_wconf 91' lang='lat' dir='ltr'><strong>ad</strong></span> <span class='ocrx_word' id='word_1_233' title='bbox 1805 3206 2009 3247; x_wconf 91' lang='lat' dir='ltr'><strong>omnes</strong></span> 
     </span>
    </p>
   </div>
   <div class='ocr_carea' id='block_1_34' title="bbox 2113 604 3759 684">
    <p class='ocr_par' dir='ltr' id='par_1_34' title="bbox 2113 604 3759 684">
     <span class='ocr_line' id='line_1_34' title="bbox 2113 604 3759 684; baseline 0.005 -25"><span class='ocrx_word' id='word_1_234' title='bbox 2113 604 2425 660; x_wconf 86' lang='lat' dir='ltr'><strong>dimittere.</strong></span> <span class='ocrx_word' id='word_1_235' title='bbox 2459 610 2593 678; x_wconf 90' lang='lat' dir='ltr'><strong>Ipsa</strong></span> <span class='ocrx_word' id='word_1_236' title='bbox 2623 622 2855 677; x_wconf 76' lang='lat' dir='ltr'><strong>quoque</strong></span> <span class='ocrx_word' id='word_1_237' title='bbox 2885 606 2997 663; x_wconf 86' lang='lat' dir='ltr'><strong>tria</strong></span> <span class='ocrx_word' id='word_1_238' title='bbox 3027 608 3181 664; x_wconf 71' lang='grc'><strong>41³</strong></span> <span class='ocrx_word' id='word_1_239' title='bbox 3239 607 3407 679; x_wconf 87' lang='lat' dir='ltr'><strong>quasi</strong></span> <span class='ocrx_word' id='word_1_240' title='bbox 3466 608 3759 684; x_wconf 79' lang='lat' dir='ltr'><strong>negligens</strong></span> 
     </span>
    </p>
   </div>
   <div class='ocr_carea' id='block_1_35' title="bbox 2114 695 3759 771">
    <p class='ocr_par' dir='ltr' id='par_1_35' title="bbox 2114 695 3759 771">
     <span class='ocr_line' id='line_1_35' title="bbox 2114 695 3759 771; baseline 0.005 -23"><span class='ocrx_word' id='word_1_241' title='bbox 2114 697 2289 765; x_wconf 89' lang='lat' dir='ltr'><strong>atque</strong></span> <span class='ocrx_word' id='word_1_242' title='bbox 2317 710 2586 763; x_wconf 90' lang='lat' dir='ltr'><strong>securus,</strong></span> <span class='ocrx_word' id='word_1_243' title='bbox 2621 698 2913 767; x_wconf 81' lang='lat' dir='ltr'><strong>quasique</strong></span> <span class='ocrx_word' id='word_1_244' title='bbox 2944 695 3103 752; x_wconf 91' lang='lat' dir='ltr'><strong>aliud</strong></span> <span class='ocrx_word' id='word_1_245' title='bbox 3136 712 3354 770; x_wconf 83' lang='lat' dir='ltr'><strong>agens:</strong></span> <span class='ocrx_word' id='word_1_246' title='bbox 3379 699 3436 752; x_wconf 84' lang='lat' dir='ltr'><strong>et</strong></span> <span class='ocrx_word' id='word_1_247' title='bbox 3464 697 3525 753; x_wconf 93' lang='lat' dir='ltr'><strong>in</strong></span> <span class='ocrx_word' id='word_1_248' title='bbox 3556 699 3759 771; x_wconf 85' lang='lat' dir='ltr'><strong>quibus</strong></span> 
     </span>
    </p>
   </div>
   <div class='ocr_carea' id='block_1_36' title="bbox 2115 782 3759 861">
    <p class='ocr_par' dir='ltr' id='par_1_36' title="bbox 2115 782 3759 861">
     <span class='ocr_line' id='line_1_36' title="bbox 2115 782 3759 861; baseline 0.005 -24"><span class='ocrx_word' id='word_1_249' title='bbox 2115 786 2217 838; x_wconf 89' lang='lat' dir='ltr'><strong>aut</strong></span> <span class='ocrx_word' id='word_1_250' title='bbox 2272 782 2434 838; x_wconf 89' lang='lat' dir='ltr'><strong>nulla</strong></span> <span class='ocrx_word' id='word_1_251' title='bbox 2480 790 2581 839; x_wconf 91' lang='lat' dir='ltr'><strong>aut</strong></span> <span class='ocrx_word' id='word_1_252' title='bbox 2627 800 2804 856; x_wconf 88' lang='lat' dir='ltr'><strong>parva</strong></span> <span class='ocrx_word' id='word_1_253' title='bbox 2823 785 2899 840; x_wconf 88' lang='lat' dir='ltr'><strong>sit</strong></span> <span class='ocrx_word' id='word_1_254' title='bbox 2920 786 3185 857; x_wconf 67' lang='lat' dir='ltr'><strong>qumstio,</strong></span> <span class='ocrx_word' id='word_1_255' title='bbox 3208 786 3571 859; x_wconf 73' lang='lat' dir='ltr'><strong>praetervolas</strong></span> <span class='ocrx_word' id='word_1_256' title='bbox 3594 790 3759 861; x_wconf 86' lang='lat' dir='ltr'><strong>atque</strong></span> 
     </span>
    </p>
   </div>
   <div class='ocr_carea' id='block_1_37' title="bbox 2117 871 3764 945">
    <p class='ocr_par' dir='ltr' id='par_1_37' title="bbox 2117 871 3764 945">
     <span class='ocr_line' id='line_1_37' title="bbox 2117 871 3764 945; baseline 0.005 -20"><span class='ocrx_word' id='word_1_257' title='bbox 2117 871 2481 943; x_wconf 85' lang='lat' dir='ltr'><strong>perstringis.</strong></span> <span class='ocrx_word' id='word_1_258' title='bbox 2535 875 2601 927; x_wconf 86' lang='lat' dir='ltr'><strong>Et</strong></span> <span class='ocrx_word' id='word_1_259' title='bbox 2656 873 2737 928; x_wconf 89' lang='lat' dir='ltr'><strong>ita</strong></span> <span class='ocrx_word' id='word_1_260' title='bbox 2794 879 3030 945; x_wconf 81' lang='lat' dir='ltr'><strong>Opertus</strong></span> <span class='ocrx_word' id='word_1_261' title='bbox 3060 891 3126 931; x_wconf 90' lang='lat' dir='ltr'><strong>ac</strong></span> <span class='ocrx_word' id='word_1_262' title='bbox 3157 876 3353 932; x_wconf 79' lang='lat' dir='ltr'><strong>textus</strong></span> <span class='ocrx_word' id='word_1_263' title='bbox 3404 876 3650 945; x_wconf 89' lang='lat' dir='ltr'><strong>incedis,</strong></span> <span class='ocrx_word' id='word_1_264' title='bbox 3702 882 3764 933; x_wconf 85' lang='lat' dir='ltr'><strong>ut</strong></span> 
     </span>
    </p>
   </div>
   <div class='ocr_carea' id='block_1_38' title="bbox 2118 958 3753 1037">
    <p class='ocr_par' dir='ltr' id='par_1_38' title="bbox 2118 958 3753 1037">
     <span class='ocr_line' id='line_1_38' title="bbox 2118 958 3753 1037; baseline 0.006 -24"><span class='ocrx_word' id='word_1_265' title='bbox 2118 958 2249 1033; x_wconf 85' lang='lat' dir='ltr'><strong>plus</strong></span> <span class='ocrx_word' id='word_1_266' title='bbox 2280 961 2620 1016; x_wconf 84' lang='lat' dir='ltr'><strong>confitearis</strong></span> <span class='ocrx_word' id='word_1_267' title='bbox 2652 963 2897 1017; x_wconf 88' lang='lat' dir='ltr'><strong>tacendo</strong></span> <span class='ocrx_word' id='word_1_268' title='bbox 2930 979 3106 1035; x_wconf 88' lang='lat' dir='ltr'><strong>quam</strong></span> <span class='ocrx_word' id='word_1_269' title='bbox 3137 978 3352 1020; x_wconf 88' lang='lat' dir='ltr'><strong>renuas</strong></span> <span class='ocrx_word' id='word_1_270' title='bbox 3382 964 3753 1037; x_wconf 87' lang='lat' dir='ltr'><strong>disputando.</strong></span> 
     </span>
    </p>
   </div>
   <div class='ocr_carea' id='block_1_39' title="bbox 2119 1047 3761 1123">
    <p class='ocr_par' dir='ltr' id='par_1_39' title="bbox 2119 1047 3761 1123">
     <span class='ocr_line' id='line_1_39' title="bbox 2119 1047 3761 1123; baseline 0.005 -21"><span class='ocrx_word' id='word_1_271' title='bbox 2119 1047 2259 1116; x_wconf 83' lang='lat' dir='ltr'><strong>Quis</strong></span> <span class='ocrx_word' id='word_1_272' title='bbox 2289 1066 2401 1105; x_wconf 91' lang='lat' dir='ltr'><strong>non</strong></span> <span class='ocrx_word' id='word_1_273' title='bbox 2463 1051 2730 1121; x_wconf 87' lang='lat' dir='ltr'><strong>protinus</strong></span> <span class='ocrx_word' id='word_1_274' title='bbox 2779 1051 2883 1107; x_wconf 88' lang='lat' dir='ltr'><strong>tibi</strong></span> <span class='ocrx_word' id='word_1_275' title='bbox 2935 1055 3125 1123; x_wconf 87' lang='lat' dir='ltr'><strong>potest</strong></span> <span class='ocrx_word' id='word_1_276' title='bbox 3153 1051 3347 1109; x_wconf 86' lang='lat' dir='ltr'><strong>dicere</strong></span> <span class='ocrx_word' id='word_1_277' title='bbox 3379 1070 3393 1108; x_wconf 90' lang='lat'><strong>:</strong></span> <span class='ocrx_word' id='word_1_278' title='bbox 3430 1077 3459 1106; x_wconf 84' lang='lat'><strong><em>«</em></strong></span> <span class='ocrx_word' id='word_1_279' title='bbox 3486 1054 3544 1109; x_wconf 91' lang='lat' dir='ltr'><strong>Si</strong></span> <span class='ocrx_word' id='word_1_280' title='bbox 3575 1054 3761 1111; x_wconf 85' lang='lat' dir='ltr'><strong>lumen</strong></span> 
     </span>
    </p>
   </div>
   <div class='ocr_carea' id='block_1_40' title="bbox 2120 1137 3762 1215">
    <p class='ocr_par' dir='ltr' id='par_1_40' title="bbox 2120 1137 3762 1215">
     <span class='ocr_line' id='line_1_40' title="bbox 2120 1137 3762 1215; baseline 0.005 -24"><span class='ocrx_word' id='word_1_281' title='bbox 2120 1137 2273 1209; x_wconf 87' lang='lat' dir='ltr'><strong>quod</strong></span> <span class='ocrx_word' id='word_1_282' title='bbox 2305 1138 2364 1193; x_wconf 90' lang='lat' dir='ltr'><strong>in</strong></span> <span class='ocrx_word' id='word_1_283' title='bbox 2390 1143 2447 1193; x_wconf 93' lang='lat' dir='ltr'><strong>te</strong></span> <span class='ocrx_word' id='word_1_284' title='bbox 2476 1144 2585 1206; x_wconf 89' lang='lat' dir='ltr'><strong>est,</strong></span> <span class='ocrx_word' id='word_1_285' title='bbox 2620 1139 2868 1195; x_wconf 71' lang='lat' dir='ltr'><strong>tenebrae</strong></span> <span class='ocrx_word' id='word_1_286' title='bbox 2902 1145 3061 1208; x_wconf 89' lang='lat' dir='ltr'><strong>sunt,</strong></span> <span class='ocrx_word' id='word_1_287' title='bbox 3095 1140 3231 1213; x_wconf 77' lang='lat' dir='ltr'><strong>ipsae</strong></span> <span class='ocrx_word' id='word_1_288' title='bbox 3264 1143 3514 1198; x_wconf 75' lang='lat' dir='ltr'><strong>tenebrae</strong></span> <span class='ocrx_word' id='word_1_289' title='bbox 3545 1147 3762 1215; x_wconf 68' lang='lat' dir='ltr'><strong>quantas</strong></span> 
     </span>
    </p>
   </div>
   <div class='ocr_carea' id='block_1_41' title="bbox 2120 1227 3764 1303">
    <p class='ocr_par' dir='ltr' id='par_1_41' title="bbox 2120 1227 3764 1303">
     <span class='ocr_line' id='line_1_41' title="bbox 2120 1227 3764 1303; baseline 0.004 -22"><span class='ocrx_word' id='word_1_290' title='bbox 2120 1227 2525 1299; x_wconf 76' lang='lat' dir='ltr'><strong>erunt(Mat1h.</strong></span> <span class='ocrx_word' id='word_1_291' title='bbox 2556 1245 2635 1295; x_wconf 82' lang='lat' dir='ltr'><strong>v1,</strong></span> <span class='ocrx_word' id='word_1_292' title='bbox 2667 1228 2815 1299; x_wconf 83' lang='lat'><strong>23)?</strong></span> <span class='ocrx_word' id='word_1_293' title='bbox 2850 1252 2876 1278; x_wconf 88' lang='grc'><strong>››</strong></span> <span class='ocrx_word' id='word_1_294' title='bbox 2932 1230 2987 1285; x_wconf 91' lang='lat' dir='ltr'><strong>Si</strong></span> <span class='ocrx_word' id='word_1_295' title='bbox 3018 1235 3137 1286; x_wconf 90' lang='lat' dir='ltr'><strong>tres</strong></span> <span class='ocrx_word' id='word_1_296' title='bbox 3196 1231 3648 1303; x_wconf 63' lang='lat' dir='ltr'><strong>quaestiunculas,</strong></span> <span class='ocrx_word' id='word_1_297' title='bbox 3698 1232 3764 1288; x_wconf 86' lang='lat' dir='ltr'><strong>de</strong></span> 
     </span>
    </p>
   </div>
   <div class='ocr_carea' id='block_1_42' title="bbox 2122 1315 3765 1393">
    <p class='ocr_par' dir='ltr' id='par_1_42' title="bbox 2122 1315 3765 1393">
     <span class='ocr_line' id='line_1_42' title="bbox 2122 1315 3765 1393; baseline 0.004 -24"><span class='ocrx_word' id='word_1_298' title='bbox 2122 1315 2338 1386; x_wconf 90' lang='lat' dir='ltr'><strong>quibus</strong></span> <span class='ocrx_word' id='word_1_299' title='bbox 2368 1316 2529 1372; x_wconf 88' lang='lat' dir='ltr'><strong>visus</strong></span> <span class='ocrx_word' id='word_1_300' title='bbox 2560 1334 2619 1373; x_wconf 90' lang='lat' dir='ltr'><strong>es</strong></span> <span class='ocrx_word' id='word_1_301' title='bbox 2652 1317 2871 1389; x_wconf 90' lang='lat' dir='ltr'><strong>aliquid</strong></span> <span class='ocrx_word' id='word_1_302' title='bbox 2906 1318 3121 1387; x_wconf 83' lang='lat' dir='ltr'><strong>dicere,</strong></span> <span class='ocrx_word' id='word_1_303' title='bbox 3153 1320 3487 1391; x_wconf 88' lang='lat' dir='ltr'><strong>suspicione</strong></span> <span class='ocrx_word' id='word_1_304' title='bbox 3519 1324 3577 1376; x_wconf 89' lang='lat' dir='ltr'><strong>et</strong></span> <span class='ocrx_word' id='word_1_305' title='bbox 3604 1318 3765 1393; x_wconf 82' lang='lat' dir='ltr'><strong>culpa</strong></span> 
     </span>
    </p>
   </div>
   <div class='ocr_carea' id='block_1_43' title="bbox 2122 1406 3764 1482">
    <p class='ocr_par' dir='ltr' id='par_1_43' title="bbox 2122 1406 3764 1482">
     <span class='ocr_line' id='line_1_43' title="bbox 2122 1406 3764 1482; baseline 0.004 -24"><span class='ocrx_word' id='word_1_306' title='bbox 2122 1420 2238 1459; x_wconf 91' lang='lat' dir='ltr'><strong>non</strong></span> <span class='ocrx_word' id='word_1_307' title='bbox 2269 1410 2487 1469; x_wconf 84' lang='lat' dir='ltr'><strong>carent.</strong></span> <span class='ocrx_word' id='word_1_308' title='bbox 2519 1411 2575 1461; x_wconf 90' lang='lat' dir='ltr'><strong>et</strong></span> <span class='ocrx_word' id='word_1_309' title='bbox 2600 1406 3002 1463; x_wconf 85' lang='lat' dir='ltr'><strong>fraudulenter</strong></span> <span class='ocrx_word' id='word_1_310' title='bbox 3031 1425 3096 1464; x_wconf 91' lang='lat' dir='ltr'><strong>ac</strong></span> <span class='ocrx_word' id='word_1_311' title='bbox 3127 1408 3347 1465; x_wconf 86' lang='lat' dir='ltr'><strong>lubrice</strong></span> <span class='ocrx_word' id='word_1_312' title='bbox 3405 1409 3632 1482; x_wconf 67' lang='lat' dir='ltr'><strong>scripta</strong></span> <span class='ocrx_word' id='word_1_313' title='bbox 3676 1424 3764 1465; x_wconf 78' lang='lat' dir='ltr'><strong>eo-</strong></span> 
     </span>
    </p>
   </div>
   <div class='ocr_carea' id='block_1_44' title="bbox 2124 1495 3766 1571">
    <p class='ocr_par' dir='ltr' id='par_1_44' title="bbox 2124 1495 3766 1571">
     <span class='ocr_line' id='line_1_44' title="bbox 2124 1495 3766 1571; baseline 0.003 -23"><span class='ocrx_word' id='word_1_314' title='bbox 2124 1498 2471 1567; x_wconf 88' lang='lat' dir='ltr'><strong>arguuntur,</strong></span> <span class='ocrx_word' id='word_1_315' title='bbox 2506 1495 2644 1567; x_wconf 87' lang='lat' dir='ltr'><strong>quid</strong></span> <span class='ocrx_word' id='word_1_316' title='bbox 2678 1497 2959 1553; x_wconf 78' lang='lat' dir='ltr'><strong>faciemus</strong></span> <span class='ocrx_word' id='word_1_317' title='bbox 3003 1498 3074 1553; x_wconf 90' lang='lat' dir='ltr'><strong>de</strong></span> <span class='ocrx_word' id='word_1_318' title='bbox 3130 1498 3393 1571; x_wconf 89' lang='lat' dir='ltr'><strong>quinque</strong></span> <span class='ocrx_word' id='word_1_319' title='bbox 3423 1497 3680 1570; x_wconf 83' lang='lat' dir='ltr'><strong>reliquis,</strong></span> <span class='ocrx_word' id='word_1_320' title='bbox 3710 1497 3766 1553; x_wconf 91' lang='lat' dir='ltr'><strong>in</strong></span> 
     </span>
    </p>
   </div>
   <div class='ocr_carea' id='block_1_45' title="bbox 2125 1583 3770 1658">
    <p class='ocr_par' dir='ltr' id='par_1_45' title="bbox 2125 1583 3770 1658">
     <span class='ocr_line' id='line_1_45' title="bbox 2125 1583 3770 1658; baseline 0.004 -21"><span class='ocrx_word' id='word_1_321' title='bbox 2125 1583 2343 1655; x_wconf 91' lang='lat' dir='ltr'><strong>quibus</strong></span> <span class='ocrx_word' id='word_1_322' title='bbox 2367 1585 2507 1655; x_wconf 89' lang='lat' dir='ltr'><strong>quia</strong></span> <span class='ocrx_word' id='word_1_323' title='bbox 2538 1583 2701 1640; x_wconf 89' lang='lat' dir='ltr'><strong>nulla</strong></span> <span class='ocrx_word' id='word_1_324' title='bbox 2732 1584 2992 1658; x_wconf 87' lang='lat' dir='ltr'><strong>ambigui</strong></span> <span class='ocrx_word' id='word_1_325' title='bbox 3024 1587 3312 1643; x_wconf 87' lang='lat' dir='ltr'><strong>sermonis</strong></span> <span class='ocrx_word' id='word_1_326' title='bbox 3344 1586 3593 1642; x_wconf 87' lang='lat' dir='ltr'><strong>dabatur</strong></span> <span class='ocrx_word' id='word_1_327' title='bbox 3620 1600 3770 1643; x_wconf 85' lang='lat' dir='ltr'><strong>ocea-</strong></span> 
     </span>
    </p>
   </div>
   <div class='ocr_carea' id='block_1_46' title="bbox 2125 1672 3769 1747">
    <p class='ocr_par' dir='ltr' id='par_1_46' title="bbox 2125 1672 3769 1747">
     <span class='ocr_line' id='line_1_46' title="bbox 2125 1672 3769 1747; baseline 0.002 -19"><span class='ocrx_word' id='word_1_328' title='bbox 2125 1672 2233 1741; x_wconf 91' lang='lat' dir='ltr'><strong>sio,</strong></span> <span class='ocrx_word' id='word_1_329' title='bbox 2266 1687 2371 1728; x_wconf 89' lang='lat' dir='ltr'><strong>nec</strong></span> <span class='ocrx_word' id='word_1_330' title='bbox 2398 1672 2641 1729; x_wconf 90' lang='lat' dir='ltr'><strong>illudere</strong></span> <span class='ocrx_word' id='word_1_331' title='bbox 2672 1680 2903 1747; x_wconf 90' lang='lat' dir='ltr'><strong>poteras</strong></span> <span class='ocrx_word' id='word_1_332' title='bbox 2951 1676 3279 1744; x_wconf 84' lang='lat' dir='ltr'><strong>audientes,</strong></span> <span class='ocrx_word' id='word_1_333' title='bbox 3335 1675 3595 1732; x_wconf 81' lang='lat' dir='ltr'><strong>maluisti</strong></span> <span class='ocrx_word' id='word_1_334' title='bbox 3653 1682 3769 1731; x_wconf 76' lang='lat' dir='ltr'><strong>oin-</strong></span> 
     </span>
    </p>
   </div>
   <div class='ocr_carea' id='block_1_47' title="bbox 2106 1760 3767 1837">
    <p class='ocr_par' dir='ltr' id='par_1_47' title="bbox 2106 1760 3767 1837">
     <span class='ocr_line' id='line_1_47' title="bbox 2106 1760 3767 1837; baseline 0.003 -22"><span class='ocrx_word' id='word_1_335' title='bbox 2106 1760 2265 1816; x_wconf 83' lang='lat' dir='ltr'><strong>nino</strong></span> <span class='ocrx_word' id='word_1_336' title='bbox 2288 1761 2736 1834; x_wconf 87' lang='lat' dir='ltr'><strong>reticere,quam</strong></span> <span class='ocrx_word' id='word_1_337' title='bbox 2760 1769 2955 1836; x_wconf 88' lang='lat' dir='ltr'><strong>aperte</strong></span> <span class='ocrx_word' id='word_1_338' title='bbox 2978 1766 3132 1836; x_wconf 89' lang='lat' dir='ltr'><strong>quod</strong></span> <span class='ocrx_word' id='word_1_339' title='bbox 3157 1770 3380 1821; x_wconf 87' lang='lat' dir='ltr'><strong>rectum</strong></span> <span class='ocrx_word' id='word_1_340' title='bbox 3406 1765 3515 1837; x_wconf 78' lang='lat' dir='ltr'><strong>[AL</strong></span> <span class='ocrx_word' id='word_1_341' title='bbox 3538 1763 3767 1836; x_wconf 81' lang='lat' dir='ltr'><strong>tectum]</strong></span> 
     </span>
    </p>
   </div>
   <div class='ocr_carea' id='block_1_48' title="bbox 2124 1851 2631 1908">
    <p class='ocr_par' dir='ltr' id='par_1_48' title="bbox 2124 1851 2631 1908">
     <span class='ocr_line' id='line_1_48' title="bbox 2124 1851 2631 1908; baseline 0.004 -3"><span class='ocrx_word' id='word_1_342' title='bbox 2124 1851 2318 1907; x_wconf 80' lang='lat' dir='ltr'><strong>fuerat</strong></span> <span class='ocrx_word' id='word_1_343' title='bbox 2348 1852 2631 1908; x_wconf 83' lang='lat' dir='ltr'><strong>confiteri.</strong></span> 
     </span>
    </p>
   </div>
   <div class='ocr_carea' id='block_1_49' title="bbox 2195 1940 3773 2015">
    <p class='ocr_par' dir='ltr' id='par_1_49' title="bbox 2195 1940 3773 2015">
     <span class='ocr_line' id='line_1_49' title="bbox 2195 1940 3773 2015; baseline 0.002 -20"><span class='ocrx_word' id='word_1_344' title='bbox 2195 1942 2249 1994; x_wconf 90' lang='lat'><strong>7.</strong></span> <span class='ocrx_word' id='word_1_345' title='bbox 2288 1940 2411 1996; x_wconf 70' lang='lat' dir='ltr'><strong>Octo</strong></span> <span class='ocrx_word' id='word_1_346' title='bbox 2441 1958 2514 1996; x_wconf 70' lang='lat' dir='ltr'><strong>ex</strong></span> <span class='ocrx_word' id='word_1_347' title='bbox 2544 1940 2794 2012; x_wconf 76' lang='lat' dir='ltr'><strong>Origenis</strong></span> <span class='ocrx_word' id='word_1_348' title='bbox 2849 1943 3129 1999; x_wconf 80' lang='lat' dir='ltr'><strong>erroribus</strong></span> <span class='ocrx_word' id='word_1_349' title='bbox 3177 1946 3548 2015; x_wconf 65' lang='lat' dir='ltr'><strong>qumionum</strong></span> <span class='ocrx_word' id='word_1_350' title='bbox 3601 1944 3773 2014; x_wconf 76' lang='lat' dir='ltr'><strong>capita</strong></span> 
     </span>
    </p>
   </div>
   <div class='ocr_carea' id='block_1_50' title="bbox 2122 2030 3769 2106">
    <p class='ocr_par' dir='ltr' id='par_1_50' title="bbox 2122 2030 3769 2106">
     <span class='ocr_line' id='line_1_50' title="bbox 2122 2030 3769 2106; baseline 0.001 -21"><span class='ocrx_word' id='word_1_351' title='bbox 2122 2030 2329 2085; x_wconf 79' lang='lat' dir='ltr'><strong>Joanni</strong></span> <span class='ocrx_word' id='word_1_352' title='bbox 2355 2030 2557 2102; x_wconf 72' lang='lat' dir='ltr'><strong>objecta</strong></span> <span class='ocrx_word' id='word_1_353' title='bbox 2588 2032 2655 2085; x_wconf 88' lang='lat' dir='ltr'><strong>ab</strong></span> <span class='ocrx_word' id='word_1_354' title='bbox 2685 2030 3011 2103; x_wconf 81' lang='lat' dir='ltr'><strong>Epiphanio.</strong></span> <span class='ocrx_word' id='word_1_355' title='bbox 3049 2063 3116 2073; x_wconf 87' lang='lat'><strong>—-</strong></span> <span class='ocrx_word' id='word_1_356' title='bbox 3148 2033 3217 2088; x_wconf 85' lang='lat' dir='ltr'><strong>Et</strong></span> <span class='ocrx_word' id='word_1_357' title='bbox 3247 2033 3508 2106; x_wconf 89' lang='lat' dir='ltr'><strong>primum</strong></span> <span class='ocrx_word' id='word_1_358' title='bbox 3532 2030 3603 2089; x_wconf 84' lang='lat' dir='ltr'><strong>de</strong></span> <span class='ocrx_word' id='word_1_359' title='bbox 3630 2031 3769 2087; x_wconf 88' lang='lat' dir='ltr'><strong>libro</strong></span> 
     </span>
    </p>
   </div>
   <div class='ocr_carea' id='block_1_51' title="bbox 2128 2118 3769 2195">
    <p class='ocr_par' dir='ltr' id='par_1_51' title="bbox 2128 2118 3769 2195">
     <span class='ocr_line' id='line_1_51' title="bbox 2128 2118 3769 2195; baseline 0.001 -22"><span class='ocrx_word' id='word_1_360' title='bbox 2128 2128 2452 2192; x_wconf 78' lang='grc' dir='ltr'><strong>περίἎρχῶν</strong></span> <span class='ocrx_word' id='word_1_361' title='bbox 2505 2118 2604 2174; x_wconf 89' lang='lat' dir='ltr'><strong>ubi</strong></span> <span class='ocrx_word' id='word_1_362' title='bbox 2633 2118 2896 2191; x_wconf 88' lang='lat' dir='ltr'><strong>loquitur</strong></span> <span class='ocrx_word' id='word_1_363' title='bbox 2928 2138 2941 2175; x_wconf 91' lang='lat'><strong>:</strong></span> <span class='ocrx_word' id='word_1_364' title='bbox 2975 2120 3124 2175; x_wconf 89' lang='lat' dir='ltr'><strong>sicut</strong></span> <span class='ocrx_word' id='word_1_365' title='bbox 3177 2120 3334 2177; x_wconf 90' lang='lat' dir='ltr'><strong>enim</strong></span> <span class='ocrx_word' id='word_1_366' title='bbox 3395 2121 3769 2195; x_wconf 85' lang='lat' dir='ltr'><strong>incongruum</strong></span> 
     </span>
    </p>
   </div>
   <div class='ocr_carea' id='block_1_52' title="bbox 2123 2206 3771 2281">
    <p class='ocr_par' dir='ltr' id='par_1_52' title="bbox 2123 2206 3771 2281">
     <span class='ocr_line' id='line_1_52' title="bbox 2123 2206 3771 2281; baseline 0.001 -19"><span class='ocrx_word' id='word_1_367' title='bbox 2123 2213 2211 2263; x_wconf 90' lang='lat' dir='ltr'><strong>est</strong></span> <span class='ocrx_word' id='word_1_368' title='bbox 2241 2208 2451 2276; x_wconf 81' lang='lat' dir='ltr'><strong>dicere,</strong></span> <span class='ocrx_word' id='word_1_369' title='bbox 2511 2210 2664 2280; x_wconf 89' lang='lat' dir='ltr'><strong>quod</strong></span> <span class='ocrx_word' id='word_1_370' title='bbox 2698 2208 2883 2281; x_wconf 90' lang='lat' dir='ltr'><strong>possit</strong></span> <span class='ocrx_word' id='word_1_371' title='bbox 2913 2209 3095 2265; x_wconf 83' lang='lat' dir='ltr'><strong>Filius</strong></span> <span class='ocrx_word' id='word_1_372' title='bbox 3124 2210 3317 2267; x_wconf 90' lang='lat' dir='ltr'><strong>videre</strong></span> <span class='ocrx_word' id='word_1_373' title='bbox 3365 2208 3593 2267; x_wconf 87' lang='lat' dir='ltr'><strong>Patrem</strong></span> <span class='ocrx_word' id='word_1_374' title='bbox 3623 2225 3640 2265; x_wconf 90' lang='lat'><strong>:</strong></span> <span class='ocrx_word' id='word_1_375' title='bbox 3694 2206 3771 2265; x_wconf 81' lang='lat' dir='ltr'><strong>ita</strong></span> 
     </span>
    </p>
   </div>
   <div class='ocr_carea' id='block_1_53' title="bbox 2124 2296 3769 2373">
    <p class='ocr_par' dir='ltr' id='par_1_53' title="bbox 2124 2296 3769 2373">
     <span class='ocr_line' id='line_1_53' title="bbox 2124 2296 3769 2373; baseline 0.002 -23"><span class='ocrx_word' id='word_1_376' title='bbox 2124 2296 2539 2353; x_wconf 85' lang='lat' dir='ltr'><strong>inconveniens</strong></span> <span class='ocrx_word' id='word_1_377' title='bbox 2584 2303 2673 2353; x_wconf 90' lang='lat' dir='ltr'><strong>est</strong></span> <span class='ocrx_word' id='word_1_378' title='bbox 2727 2298 2973 2369; x_wconf 88' lang='lat' dir='ltr'><strong>opinari,</strong></span> <span class='ocrx_word' id='word_1_379' title='bbox 3034 2300 3190 2372; x_wconf 89' lang='lat' dir='ltr'><strong>quod</strong></span> <span class='ocrx_word' id='word_1_380' title='bbox 3232 2299 3490 2373; x_wconf 88' lang='lat' dir='ltr'><strong>Spiritus</strong></span> <span class='ocrx_word' id='word_1_381' title='bbox 3543 2300 3769 2356; x_wconf 71' lang='lat' dir='ltr'><strong>sanctus</strong></span> 
     </span>
    </p>
   </div>
   <div class='ocr_carea' id='block_1_54' title="bbox 2123 2386 3771 2462">
    <p class='ocr_par' dir='ltr' id='par_1_54' title="bbox 2123 2386 3771 2462">
     <span class='ocr_line' id='line_1_54' title="bbox 2123 2386 3771 2462; baseline 0.001 -21"><span class='ocrx_word' id='word_1_382' title='bbox 2123 2386 2309 2459; x_wconf 90' lang='lat' dir='ltr'><strong>possit</strong></span> <span class='ocrx_word' id='word_1_383' title='bbox 2337 2387 2529 2442; x_wconf 89' lang='lat' dir='ltr'><strong>videre</strong></span> <span class='ocrx_word' id='word_1_384' title='bbox 2563 2387 2794 2443; x_wconf 88' lang='lat' dir='ltr'><strong>Filium.</strong></span> <span class='ocrx_word' id='word_1_385' title='bbox 2824 2390 3182 2454; x_wconf 86' lang='lat' dir='ltr'><strong>Secundum,</strong></span> <span class='ocrx_word' id='word_1_386' title='bbox 3242 2390 3395 2462; x_wconf 89' lang='lat' dir='ltr'><strong>quod</strong></span> <span class='ocrx_word' id='word_1_387' title='bbox 3428 2390 3492 2445; x_wconf 88' lang='lat' dir='ltr'><strong>in</strong></span> <span class='ocrx_word' id='word_1_388' title='bbox 3519 2387 3625 2445; x_wconf 88' lang='lat' dir='ltr'><strong>hoc</strong></span> <span class='ocrx_word' id='word_1_389' title='bbox 3653 2398 3771 2443; x_wconf 78' lang='lat' dir='ltr'><strong>cur-</strong></span> 
     </span>
    </p>
   </div>
   <div class='ocr_carea' id='block_1_55' title="bbox 2124 2475 3773 2552">
    <p class='ocr_par' dir='ltr' id='par_1_55' title="bbox 2124 2475 3773 2552">
     <span class='ocr_line' id='line_1_55' title="bbox 2124 2475 3773 2552; baseline -0.001 -20"><span class='ocrx_word' id='word_1_390' title='bbox 2124 2492 2260 2547; x_wconf 91' lang='lat' dir='ltr'><strong>pore</strong></span> <span class='ocrx_word' id='word_1_391' title='bbox 2289 2475 2457 2547; x_wconf 89' lang='lat' dir='ltr'><strong>quasi</strong></span> <span class='ocrx_word' id='word_1_392' title='bbox 2486 2475 2543 2531; x_wconf 93' lang='lat' dir='ltr'><strong>in</strong></span> <span class='ocrx_word' id='word_1_393' title='bbox 2577 2492 2804 2532; x_wconf 90' lang='lat' dir='ltr'><strong>carcere</strong></span> <span class='ocrx_word' id='word_1_394' title='bbox 2833 2477 2955 2532; x_wconf 88' lang='lat' dir='ltr'><strong>sint</strong></span> <span class='ocrx_word' id='word_1_395' title='bbox 3011 2477 3217 2533; x_wconf 72' lang='lat' dir='ltr'><strong>anima:</strong></span> <span class='ocrx_word' id='word_1_396' title='bbox 3272 2477 3527 2552; x_wconf 68' lang='lat' dir='ltr'><strong>religatis</strong></span> <span class='ocrx_word' id='word_1_397' title='bbox 3551 2494 3566 2545; x_wconf 89' lang='lat'><strong>;</strong></span> <span class='ocrx_word' id='word_1_398' title='bbox 3596 2480 3652 2533; x_wconf 88' lang='lat' dir='ltr'><strong>et</strong></span> <span class='ocrx_word' id='word_1_399' title='bbox 3677 2488 3773 2531; x_wconf 86' lang='lat' dir='ltr'><strong>an-</strong></span> 
     </span>
    </p>
   </div>
   <div class='ocr_carea' id='block_1_56' title="bbox 2122 2564 3772 2639">
    <p class='ocr_par' dir='ltr' id='par_1_56' title="bbox 2122 2564 3772 2639">
     <span class='ocr_line' id='line_1_56' title="bbox 2122 2564 3772 2639; baseline 0.001 -19"><span class='ocrx_word' id='word_1_400' title='bbox 2122 2570 2361 2637; x_wconf 88' lang='lat' dir='ltr'><strong>tequam</strong></span> <span class='ocrx_word' id='word_1_401' title='bbox 2388 2564 2563 2621; x_wconf 90' lang='lat' dir='ltr'><strong>homo</strong></span> <span class='ocrx_word' id='word_1_402' title='bbox 2595 2565 2845 2621; x_wconf 80' lang='lat' dir='ltr'><strong>ﬁeretin</strong></span> <span class='ocrx_word' id='word_1_403' title='bbox 2905 2566 3200 2639; x_wconf 84' lang='lat' dir='ltr'><strong>paradiso,</strong></span> <span class='ocrx_word' id='word_1_404' title='bbox 3260 2566 3418 2625; x_wconf 88' lang='lat' dir='ltr'><strong>inter</strong></span> <span class='ocrx_word' id='word_1_405' title='bbox 3472 2564 3772 2623; x_wconf 76' lang='lat' dir='ltr'><strong>rationales</strong></span> 
     </span>
    </p>
   </div>
   <div class='ocr_carea' id='block_1_57' title="bbox 2122 2652 3775 2714">
    <p class='ocr_par' dir='ltr' id='par_1_57' title="bbox 2122 2652 3775 2714">
     <span class='ocr_line' id='line_1_57' title="bbox 2122 2652 3775 2714; baseline 0 -4"><span class='ocrx_word' id='word_1_406' title='bbox 2122 2659 2421 2710; x_wconf 89' lang='lat' dir='ltr'><strong>creaturas</strong></span> <span class='ocrx_word' id='word_1_407' title='bbox 2460 2654 2519 2709; x_wconf 93' lang='lat' dir='ltr'><strong>in</strong></span> <span class='ocrx_word' id='word_1_408' title='bbox 2577 2653 2910 2711; x_wconf 69' lang='lat' dir='ltr'><strong>coelestibus</strong></span> <span class='ocrx_word' id='word_1_409' title='bbox 2967 2660 3347 2713; x_wconf 61' lang='lat' dir='ltr'><strong>commorata!</strong></span> <span class='ocrx_word' id='word_1_410' title='bbox 3402 2660 3563 2714; x_wconf 84' lang='lat' dir='ltr'><strong>sunt.</strong></span> <span class='ocrx_word' id='word_1_411' title='bbox 3622 2652 3775 2711; x_wconf 87' lang='lat' dir='ltr'><strong>Unde</strong></span> 
     </span>
    </p>
   </div>
   <div class='ocr_carea' id='block_1_58' title="bbox 2122 2742 3773 2818">
    <p class='ocr_par' dir='ltr' id='par_1_58' title="bbox 2122 2742 3773 2818">
     <span class='ocr_line' id='line_1_58' title="bbox 2122 2742 3773 2818; baseline 0 -20"><span class='ocrx_word' id='word_1_412' title='bbox 2122 2747 2326 2815; x_wconf 87' lang='lat' dir='ltr'><strong>postea</strong></span> <span class='ocrx_word' id='word_1_413' title='bbox 2353 2744 2414 2799; x_wconf 88' lang='lat' dir='ltr'><strong>in</strong></span> <span class='ocrx_word' id='word_1_414' title='bbox 2445 2743 2907 2800; x_wconf 87' lang='lat' dir='ltr'><strong>consolationem</strong></span> <span class='ocrx_word' id='word_1_415' title='bbox 2939 2761 3110 2801; x_wconf 87' lang='lat' dir='ltr'><strong>suam</strong></span> <span class='ocrx_word' id='word_1_416' title='bbox 3170 2745 3377 2803; x_wconf 90' lang='lat' dir='ltr'><strong>anima</strong></span> <span class='ocrx_word' id='word_1_417' title='bbox 3419 2744 3677 2818; x_wconf 81' lang='lat' dir='ltr'><strong>loquitur</strong></span> <span class='ocrx_word' id='word_1_418' title='bbox 3718 2742 3773 2798; x_wconf 90' lang='lat' dir='ltr'><strong>in</strong></span> 
     </span>
    </p>
   </div>
   <div class='ocr_carea' id='block_1_59' title="bbox 2123 2831 3770 2910">
    <p class='ocr_par' dir='ltr' id='par_1_59' title="bbox 2123 2831 3770 2910">
     <span class='ocr_line' id='line_1_59' title="bbox 2123 2831 3770 2910; baseline -0.001 -22"><span class='ocrx_word' id='word_1_419' title='bbox 2123 2831 2365 2904; x_wconf 87' lang='lat' dir='ltr'><strong>psalmis</strong></span> <span class='ocrx_word' id='word_1_420' title='bbox 2417 2850 2430 2889; x_wconf 91' lang='lat'><strong>:</strong></span> <span class='ocrx_word' id='word_1_421' title='bbox 2486 2856 2512 2880; x_wconf 85' lang='lat'><strong>»</strong></span> <span class='ocrx_word' id='word_1_422' title='bbox 2569 2833 2919 2905; x_wconf 88' lang='lat' dir='ltr'><strong>Priusquam</strong></span> <span class='ocrx_word' id='word_1_423' title='bbox 2972 2833 3338 2904; x_wconf 90' lang='lat' dir='ltr'><strong>humiliarer,</strong></span> <span class='ocrx_word' id='word_1_424' title='bbox 3390 2852 3497 2910; x_wconf 83' lang='lat' dir='ltr'><strong>ego</strong></span> <span class='ocrx_word' id='word_1_425' title='bbox 3563 2831 3770 2905; x_wconf 82' lang='lat' dir='ltr'><strong>deliqui</strong></span> 
     </span>
    </p>
   </div>
   <div class='ocr_carea' id='block_1_60' title="bbox 2124 2914 3771 2994">
    <p class='ocr_par' dir='ltr' id='par_1_60' title="bbox 2124 2914 3771 2994">
     <span class='ocr_line' id='line_1_60' title="bbox 2124 2914 3771 2994; baseline 0 -19"><span class='ocrx_word' id='word_1_426' title='bbox 2124 2922 2293 2993; x_wconf 80' lang='lat' dir='ltr'><strong>(Psal.</strong></span> <span class='ocrx_word' id='word_1_427' title='bbox 2326 2937 2519 2990; x_wconf 70' lang='lat' dir='ltr'><strong>cxvm,</strong></span> <span class='ocrx_word' id='word_1_428' title='bbox 2550 2924 2660 2994; x_wconf 79' lang='lat'><strong>67).</strong></span> <span class='ocrx_word' id='word_1_429' title='bbox 2699 2944 2726 2970; x_wconf 89' lang='lat'>»</span> <span class='ocrx_word' id='word_1_430' title='bbox 2760 2923 2827 2978; x_wconf 86' lang='lat' dir='ltr'><strong>Et</strong></span> <span class='ocrx_word' id='word_1_431' title='bbox 2859 2942 2871 2979; x_wconf 92' lang='lat'>:</span> <span class='ocrx_word' id='word_1_432' title='bbox 2908 2944 2936 2971; x_wconf 89' lang='grc'><em>‹‹</em></span> <span class='ocrx_word' id='word_1_433' title='bbox 2967 2914 3289 2989; x_wconf 71' lang='lat' dir='ltr'><strong>Revertere,</strong></span> <span class='ocrx_word' id='word_1_434' title='bbox 3335 2924 3535 2981; x_wconf 90' lang='lat' dir='ltr'><strong>anima</strong></span> <span class='ocrx_word' id='word_1_435' title='bbox 3564 2920 3771 2988; x_wconf 85' lang='lat' dir='ltr'><strong>mea,in</strong></span> 
     </span>
    </p>
   </div>
   <div class='ocr_carea' id='block_1_61' title="bbox 2121 3012 3773 3085">
    <p class='ocr_par' dir='ltr' id='par_1_61' title="bbox 2121 3012 3773 3085">
     <span class='ocr_line' id='line_1_61' title="bbox 2121 3012 3773 3085; baseline 0 -20"><span class='ocrx_word' id='word_1_436' title='bbox 2121 3012 2379 3083; x_wconf 89' lang='lat' dir='ltr'><strong>requiem</strong></span> <span class='ocrx_word' id='word_1_437' title='bbox 2410 3014 2574 3067; x_wconf 87' lang='lat' dir='ltr'><strong>tuam</strong></span> <span class='ocrx_word' id='word_1_438' title='bbox 2623 3012 2791 3082; x_wconf 80' lang='lat' dir='ltr'><strong>(Psal.</strong></span> <span class='ocrx_word' id='word_1_439' title='bbox 2825 3029 2973 3080; x_wconf 79' lang='lat' dir='ltr'><strong>cxrv,</strong></span> <span class='ocrx_word' id='word_1_440' title='bbox 3003 3012 3081 3085; x_wconf 86' lang='lat'><strong>7).</strong></span> <span class='ocrx_word' id='word_1_441' title='bbox 3118 3034 3145 3063; x_wconf 85' lang='lat'>»</span> <span class='ocrx_word' id='word_1_442' title='bbox 3178 3014 3246 3069; x_wconf 84' lang='lat' dir='ltr'><strong>Et</strong></span> <span class='ocrx_word' id='word_1_443' title='bbox 3278 3037 3305 3063; x_wconf 91' lang='grc'><strong>‹‹</strong></span> <span class='ocrx_word' id='word_1_444' title='bbox 3338 3015 3501 3071; x_wconf 81' lang='lat' dir='ltr'><strong>Educ</strong></span> <span class='ocrx_word' id='word_1_445' title='bbox 3531 3012 3603 3068; x_wconf 88' lang='lat' dir='ltr'><strong>de</strong></span> <span class='ocrx_word' id='word_1_446' title='bbox 3658 3025 3773 3067; x_wconf 87' lang='lat' dir='ltr'><strong>ear-</strong></span> 
     </span>
    </p>
   </div>
   <div class='ocr_carea' id='block_1_62' title="bbox 2121 3096 3769 3173">
    <p class='ocr_par' dir='ltr' id='par_1_62' title="bbox 2121 3096 3769 3173">
     <span class='ocr_line' id='line_1_62' title="bbox 2121 3096 3769 3173; baseline -0.001 -18"><span class='ocrx_word' id='word_1_447' title='bbox 2121 3116 2250 3155; x_wconf 86' lang='lat' dir='ltr'><strong>cere</strong></span> <span class='ocrx_word' id='word_1_448' title='bbox 2277 3100 2534 3156; x_wconf 88' lang='lat' dir='ltr'><strong>animam</strong></span> <span class='ocrx_word' id='word_1_449' title='bbox 2569 3116 2759 3157; x_wconf 87' lang='lat' dir='ltr'><strong>meam</strong></span> <span class='ocrx_word' id='word_1_450' title='bbox 2791 3101 2969 3171; x_wconf 64' lang='lat' dir='ltr'><strong>(Prol.</strong></span> <span class='ocrx_word' id='word_1_451' title='bbox 3003 3117 3150 3170; x_wconf 80' lang='lat' dir='ltr'><strong>cxu,</strong></span> <span class='ocrx_word' id='word_1_452' title='bbox 3181 3103 3259 3173; x_wconf 93' lang='lat'><strong>8),</strong></span> <span class='ocrx_word' id='word_1_453' title='bbox 3312 3124 3339 3152; x_wconf 83' lang='lat'><strong>»</strong></span> <span class='ocrx_word' id='word_1_454' title='bbox 3368 3108 3425 3159; x_wconf 88' lang='lat' dir='ltr'><strong>et</strong></span> <span class='ocrx_word' id='word_1_455' title='bbox 3454 3104 3656 3158; x_wconf 67' lang='lat' dir='ltr'><strong>caetera</strong></span> <span class='ocrx_word' id='word_1_456' title='bbox 3681 3096 3769 3154; x_wconf 87' lang='lat' dir='ltr'><strong>his</strong></span> 
     </span>
    </p>
   </div>
   <div class='ocr_carea' id='block_1_63' title="bbox 2120 3187 3770 3262">
    <p class='ocr_par' dir='ltr' id='par_1_63' title="bbox 2120 3187 3770 3262">
     <span class='ocr_line' id='line_1_63' title="bbox 2120 3187 3770 3262; baseline -0.001 -18"><span class='ocrx_word' id='word_1_457' title='bbox 2120 3188 2358 3245; x_wconf 89' lang='lat' dir='ltr'><strong>similia.</strong></span> <span class='ocrx_word' id='word_1_458' title='bbox 2391 3190 2678 3256; x_wconf 85' lang='lat' dir='ltr'><strong>Tertium,</strong></span> <span class='ocrx_word' id='word_1_459' title='bbox 2712 3191 2869 3262; x_wconf 88' lang='lat' dir='ltr'><strong>quod</strong></span> <span class='ocrx_word' id='word_1_460' title='bbox 2901 3192 3077 3259; x_wconf 89' lang='lat' dir='ltr'><strong>dicat,</strong></span> <span class='ocrx_word' id='word_1_461' title='bbox 3111 3197 3168 3247; x_wconf 90' lang='lat' dir='ltr'><strong>et</strong></span> <span class='ocrx_word' id='word_1_462' title='bbox 3225 3192 3531 3249; x_wconf 86' lang='lat' dir='ltr'><strong>diabolum</strong></span> <span class='ocrx_word' id='word_1_463' title='bbox 3580 3193 3635 3247; x_wconf 88' lang='lat' dir='ltr'><strong>et</strong></span> <span class='ocrx_word' id='word_1_464' title='bbox 3663 3187 3770 3243; x_wconf 72' lang='lat' dir='ltr'><strong>dis-</strong></span> 
     </span>
    </p>
   </div>
   <div class='ocr_carea' id='block_1_64' title="bbox 356 3264 3769 3354">
    <p class='ocr_par' dir='ltr' id='par_1_64' title="bbox 356 3264 3769 3354">
     <span class='ocr_line' id='line_1_64' title="bbox 356 3264 3769 3354; baseline -0.002 -16"><span class='ocrx_word' id='word_1_465' title='bbox 356 3264 659 3338; x_wconf 69' lang='lat' dir='ltr'><strong>oculorum</strong></span> <span class='ocrx_word' id='word_1_466' title='bbox 689 3280 919 3338; x_wconf 91' lang='lat' dir='ltr'><strong>dolores</strong></span> <span class='ocrx_word' id='word_1_467' title='bbox 950 3297 1065 3335; x_wconf 91' lang='lat' dir='ltr'><strong>uno</strong></span> <span class='ocrx_word' id='word_1_468' title='bbox 1098 3284 1344 3335; x_wconf 87' lang='lat' dir='ltr'><strong>utuntur</strong></span> <span class='ocrx_word' id='word_1_469' title='bbox 1373 3277 1629 3353; x_wconf 83' lang='lat' dir='ltr'><strong>collyrio.</strong></span> <span class='ocrx_word' id='word_1_470' title='bbox 1681 3278 1786 3343; x_wconf 88' lang='lat' dir='ltr'><strong>Qui</strong></span> <span class='ocrx_word' id='word_1_471' title='bbox 1818 3278 2013 3352; x_wconf 88' lang='lat' dir='ltr'><strong>argui-</strong></span> <span class='ocrx_word' id='word_1_472' title='bbox 2044 3264 2087 3331; x_wconf 87' lang='lat' dir='ltr'><strong>C</strong></span> <span class='ocrx_word' id='word_1_473' title='bbox 2126 3295 2329 3335; x_wconf 90' lang='lat' dir='ltr'><strong>moues</strong></span> <span class='ocrx_word' id='word_1_474' title='bbox 2386 3284 2619 3335; x_wconf 89' lang='lat' dir='ltr'><strong>acturos</strong></span> <span class='ocrx_word' id='word_1_475' title='bbox 2682 3280 3088 3351; x_wconf 75' lang='lat' dir='ltr'><strong>paenitentiam</strong></span> <span class='ocrx_word' id='word_1_476' title='bbox 3140 3281 3485 3354; x_wconf 81' lang='lat' dir='ltr'><strong>aliquando,</strong></span> <span class='ocrx_word' id='word_1_477' title='bbox 3541 3282 3597 3336; x_wconf 89' lang='lat' dir='ltr'><strong>et</strong></span> <span class='ocrx_word' id='word_1_478' title='bbox 3640 3290 3769 3334; x_wconf 78' lang='lat' dir='ltr'><strong>cum</strong></span> 
     </span>
    </p>
   </div>
   <div class='ocr_carea' id='block_1_65' title="bbox 354 3367 2010 3441">
    <p class='ocr_par' dir='ltr' id='par_1_65' title="bbox 354 3367 2010 3441">
     <span class='ocr_line' id='line_1_65' title="bbox 354 3367 2010 3441; baseline -0.002 -15"><span class='ocrx_word' id='word_1_479' title='bbox 354 3373 455 3426; x_wconf 85' lang='lat' dir='ltr'><strong>tur</strong></span> <span class='ocrx_word' id='word_1_480' title='bbox 481 3370 540 3424; x_wconf 90' lang='lat' dir='ltr'><strong>in</strong></span> <span class='ocrx_word' id='word_1_481' title='bbox 572 3368 862 3441; x_wconf 86' lang='lat' dir='ltr'><strong>pluribus.</strong></span> <span class='ocrx_word' id='word_1_482' title='bbox 896 3373 952 3424; x_wconf 90' lang='lat' dir='ltr'><strong>et</strong></span> <span class='ocrx_word' id='word_1_483' title='bbox 981 3368 1041 3423; x_wconf 92' lang='lat' dir='ltr'><strong>in</strong></span> <span class='ocrx_word' id='word_1_484' title='bbox 1101 3369 1387 3425; x_wconf 89' lang='lat' dir='ltr'><strong>dilutione</strong></span> <span class='ocrx_word' id='word_1_485' title='bbox 1433 3367 1746 3423; x_wconf 88' lang='lat' dir='ltr'><strong>criminum</strong></span> <span class='ocrx_word' id='word_1_486' title='bbox 1807 3367 2010 3439; x_wconf 88' lang='lat' dir='ltr'><strong>aliqua</strong></span> 
     </span>
    </p>
   </div>
   <div class='ocr_carea' id='block_1_66' title="bbox 356 3457 2009 3531">
    <p class='ocr_par' dir='ltr' id='par_1_66' title="bbox 356 3457 2009 3531">
     <span class='ocr_line' id='line_1_66' title="bbox 356 3457 2009 3531; baseline -0.001 -18"><span class='ocrx_word' id='word_1_487' title='bbox 356 3458 741 3531; x_wconf 86' lang='lat' dir='ltr'><strong>praetermitit,</strong></span> <span class='ocrx_word' id='word_1_488' title='bbox 776 3457 1065 3529; x_wconf 87' lang='lat' dir='ltr'><strong>quidquid</strong></span> <span class='ocrx_word' id='word_1_489' title='bbox 1099 3458 1363 3523; x_wconf 88' lang='lat' dir='ltr'><strong>tacuerit,</strong></span> <span class='ocrx_word' id='word_1_490' title='bbox 1397 3457 1723 3513; x_wconf 80' lang='lat' dir='ltr'><strong>confitetur.</strong></span> <span class='ocrx_word' id='word_1_491' title='bbox 1755 3458 1843 3511; x_wconf 85' lang='lat' dir='ltr'><strong>An</strong></span> <span class='ocrx_word' id='word_1_492' title='bbox 1892 3473 2009 3512; x_wconf 91' lang='lat' dir='ltr'><strong>non</strong></span> 
     </span>
    </p>
   </div>
   <div class='ocr_carea' id='block_1_67' title="bbox 354 3545 2010 3619">
    <p class='ocr_par' dir='ltr' id='par_1_67' title="bbox 354 3545 2010 3619">
     <span class='ocr_line' id='line_1_67' title="bbox 354 3545 2010 3619; baseline -0.001 -16"><span class='ocrx_word' id='word_1_493' title='bbox 354 3546 710 3619; x_wconf 82' lang='lat' dir='ltr'><strong>respondisti</strong></span> <span class='ocrx_word' id='word_1_494' title='bbox 741 3547 812 3602; x_wconf 88' lang='lat' dir='ltr'><strong>ad</strong></span> <span class='ocrx_word' id='word_1_495' title='bbox 844 3546 1147 3617; x_wconf 82' lang='lat' dir='ltr'><strong>epistolam</strong></span> <span class='ocrx_word' id='word_1_496' title='bbox 1178 3546 1507 3617; x_wconf 86' lang='lat' dir='ltr'><strong>Epiphanii,</strong></span> <span class='ocrx_word' id='word_1_497' title='bbox 1541 3550 1597 3601; x_wconf 89' lang='lat' dir='ltr'><strong>et</strong></span> <span class='ocrx_word' id='word_1_498' title='bbox 1653 3545 2010 3617; x_wconf 88' lang='lat' dir='ltr'><strong>proposuisti</strong></span> 
     </span>
    </p>
   </div>
   <div class='ocr_carea' id='block_1_68' title="bbox 351 3633 2011 3708">
    <p class='ocr_par' dir='ltr' id='par_1_68' title="bbox 351 3633 2011 3708">
     <span class='ocr_line' id='line_1_68' title="bbox 351 3633 2011 3708; baseline -0.002 -16"><span class='ocrx_word' id='word_1_499' title='bbox 351 3635 478 3708; x_wconf 89' lang='lat' dir='ltr'><strong>ipse</strong></span> <span class='ocrx_word' id='word_1_500' title='bbox 508 3653 636 3708; x_wconf 69' lang='lat' dir='ltr'><strong>quae</strong></span> <span class='ocrx_word' id='word_1_501' title='bbox 667 3634 1061 3691; x_wconf 82' lang='lat' dir='ltr'><strong>dissolevres?</strong></span> <span class='ocrx_word' id='word_1_502' title='bbox 1093 3634 1383 3689; x_wconf 90' lang='lat' dir='ltr'><strong>Nimirum</strong></span> <span class='ocrx_word' id='word_1_503' title='bbox 1408 3634 1516 3689; x_wconf 89' lang='lat' dir='ltr'><strong>hac</strong></span> <span class='ocrx_word' id='word_1_504' title='bbox 1546 3633 1760 3689; x_wconf 82' lang='lat' dir='ltr'><strong>fiducia</strong></span> <span class='ocrx_word' id='word_1_505' title='bbox 1777 3650 2011 3706; x_wconf 78' lang='lat' dir='ltr'><strong>respon&#39;</strong></span> 
     </span>
    </p>
   </div>
   <div class='ocr_carea' id='block_1_69' title="bbox 350 3723 2007 3795">
    <p class='ocr_par' dir='ltr' id='par_1_69' title="bbox 350 3723 2007 3795">
     <span class='ocr_line' id='line_1_69' title="bbox 350 3723 2007 3795; baseline -0.001 -14"><span class='ocrx_word' id='word_1_506' title='bbox 350 3725 491 3781; x_wconf 90' lang='lat' dir='ltr'><strong>disti</strong></span> <span class='ocrx_word' id='word_1_507' title='bbox 527 3742 539 3781; x_wconf 94' lang='lat'><strong>:</strong></span> <span class='ocrx_word' id='word_1_508' title='bbox 575 3724 785 3781; x_wconf 90' lang='lat' dir='ltr'><strong>Nullus</strong></span> <span class='ocrx_word' id='word_1_509' title='bbox 809 3724 1031 3780; x_wconf 84' lang='lat' dir='ltr'><strong>fortiter</strong></span> <span class='ocrx_word' id='word_1_510' title='bbox 1054 3732 1290 3779; x_wconf 87' lang='lat' dir='ltr'><strong>ascmet</strong></span> <span class='ocrx_word' id='word_1_511' title='bbox 1332 3723 1459 3795; x_wconf 90' lang='lat' dir='ltr'><strong>ipso</strong></span> <span class='ocrx_word' id='word_1_512' title='bbox 1491 3723 1750 3779; x_wconf 64' lang='lat' dir='ltr'><strong>creditur.</strong></span> <span class='ocrx_word' id='word_1_513' title='bbox 1782 3723 2007 3795; x_wconf 87' lang='lat' dir='ltr'><strong>Eligere</strong></span> 
     </span>
    </p>
   </div>
   <div class='ocr_carea' id='block_1_70' title="bbox 340 3811 2008 3886">
    <p class='ocr_par' dir='ltr' id='par_1_70' title="bbox 340 3811 2008 3886">
     <span class='ocr_line' id='line_1_70' title="bbox 340 3811 2008 3886; baseline -0.002 -15"><span class='ocrx_word' id='word_1_514' title='bbox 340 3812 602 3881; x_wconf 78' lang='lat' dir='ltr'><strong>duobus,</strong></span> <span class='ocrx_word' id='word_1_515' title='bbox 637 3814 793 3886; x_wconf 92' lang='lat' dir='ltr'><strong>quod</strong></span> <span class='ocrx_word' id='word_1_516' title='bbox 822 3812 929 3867; x_wconf 87' lang='lat' dir='ltr'><strong>vis.</strong></span> <span class='ocrx_word' id='word_1_517' title='bbox 966 3812 1135 3885; x_wconf 89' lang='lat' dir='ltr'><strong>Optio</strong></span> <span class='ocrx_word' id='word_1_518' title='bbox 1162 3811 1269 3867; x_wconf 91' lang='lat' dir='ltr'><strong>tibi</strong></span> <span class='ocrx_word' id='word_1_519' title='bbox 1300 3812 1554 3877; x_wconf 89' lang='lat' dir='ltr'><strong>dabitur,</strong></span> <span class='ocrx_word' id='word_1_520' title='bbox 1614 3815 1717 3867; x_wconf 87' lang='lat' dir='ltr'><strong>aut</strong></span> <span class='ocrx_word' id='word_1_521' title='bbox 1763 3828 2008 3884; x_wconf 89' lang='lat' dir='ltr'><strong>respon-</strong></span> 
     </span>
    </p>
   </div>
   <div class='ocr_carea' id='block_1_71' title="bbox 345 3900 2004 3975">
    <p class='ocr_par' dir='ltr' id='par_1_71' title="bbox 345 3900 2004 3975">
     <span class='ocr_line' id='line_1_71' title="bbox 345 3900 2004 3975; baseline -0.001 -16"><span class='ocrx_word' id='word_1_522' title='bbox 345 3903 483 3961; x_wconf 86' lang='lat' dir='ltr'><strong>disti</strong></span> <span class='ocrx_word' id='word_1_523' title='bbox 515 3904 587 3959; x_wconf 80' lang='lat' dir='ltr'><strong>ad</strong></span> <span class='ocrx_word' id='word_1_524' title='bbox 619 3902 924 3975; x_wconf 88' lang='lat' dir='ltr'><strong>epistolam</strong></span> <span class='ocrx_word' id='word_1_525' title='bbox 956 3900 1291 3974; x_wconf 81' lang='lat' dir='ltr'><strong>Epiphanii,</strong></span> <span class='ocrx_word' id='word_1_526' title='bbox 1350 3906 1452 3956; x_wconf 90' lang='lat' dir='ltr'><strong>aut</strong></span> <span class='ocrx_word' id='word_1_527' title='bbox 1482 3916 1618 3956; x_wconf 91' lang='lat' dir='ltr'><strong>non.</strong></span> <span class='ocrx_word' id='word_1_528' title='bbox 1653 3901 1710 3957; x_wconf 91' lang='lat' dir='ltr'><strong>Si</strong></span> <span class='ocrx_word' id='word_1_529' title='bbox 1765 3918 2004 3974; x_wconf 88' lang='lat' dir='ltr'><strong>respon-</strong></span> 
     </span>
    </p>
   </div>
   <div class='ocr_carea' id='block_1_72' title="bbox 343 3989 2004 4062">
    <p class='ocr_par' dir='ltr' id='par_1_72' title="bbox 343 3989 2004 4062">
     <span class='ocr_line' id='line_1_72' title="bbox 343 3989 2004 4062; baseline -0.002 -13"><span class='ocrx_word' id='word_1_530' title='bbox 343 3992 501 4059; x_wconf 84' lang='lat' dir='ltr'><strong>disti,</strong></span> <span class='ocrx_word' id='word_1_531' title='bbox 535 4009 639 4047; x_wconf 89' lang='lat' dir='ltr'><strong>cur</strong></span> <span class='ocrx_word' id='word_1_532' title='bbox 668 3991 924 4048; x_wconf 84' lang='lat' dir='ltr'><strong>maxima</strong></span> <span class='ocrx_word' id='word_1_533' title='bbox 956 3996 1013 4047; x_wconf 91' lang='lat' dir='ltr'><strong>et</strong></span> <span class='ocrx_word' id='word_1_534' title='bbox 1039 3990 1294 4062; x_wconf 85' lang='lat' dir='ltr'><strong>plurima</strong></span> <span class='ocrx_word' id='word_1_535' title='bbox 1352 3990 1422 4045; x_wconf 91' lang='lat' dir='ltr'><strong>de</strong></span> <span class='ocrx_word' id='word_1_536' title='bbox 1479 3989 1571 4045; x_wconf 89' lang='lat' dir='ltr'><strong>his</strong></span> <span class='ocrx_word' id='word_1_537' title='bbox 1603 4007 1731 4061; x_wconf 71' lang='lat' dir='ltr'><strong>quae</strong></span> <span class='ocrx_word' id='word_1_538' title='bbox 1762 3992 1870 4046; x_wconf 90' lang='lat' dir='ltr'><strong>tihi</strong></span> <span class='ocrx_word' id='word_1_539' title='bbox 1902 3991 2004 4048; x_wconf 86' lang='lat' dir='ltr'><strong>ob-</strong></span> 
     </span>
    </p>
   </div>
   <div class='ocr_carea' id='block_1_73' title="bbox 336 4079 2005 4152">
    <p class='ocr_par' dir='ltr' id='par_1_73' title="bbox 336 4079 2005 4152">
     <span class='ocr_line' id='line_1_73' title="bbox 336 4079 2005 4152; baseline 0.001 -16"><span class='ocrx_word' id='word_1_540' title='bbox 336 4080 497 4151; x_wconf 82' lang='lat' dir='ltr'><strong>jecta</strong></span> <span class='ocrx_word' id='word_1_541' title='bbox 525 4085 684 4146; x_wconf 91' lang='lat' dir='ltr'><strong>sunt,</strong></span> <span class='ocrx_word' id='word_1_542' title='bbox 719 4080 1011 4152; x_wconf 89' lang='lat' dir='ltr'><strong>reliquisti</strong></span> <span class='ocrx_word' id='word_1_543' title='bbox 1043 4082 1071 4135; x_wconf 69' lang='lat'><strong>‘1</strong></span> <span class='ocrx_word' id='word_1_544' title='bbox 1099 4080 1157 4135; x_wconf 92' lang='lat' dir='ltr'><strong>Si</strong></span> <span class='ocrx_word' id='word_1_545' title='bbox 1192 4097 1307 4135; x_wconf 94' lang='lat' dir='ltr'><strong>non</strong></span> <span class='ocrx_word' id='word_1_546' title='bbox 1351 4079 1725 4151; x_wconf 88' lang='lat' dir='ltr'><strong>respondisti,</strong></span> <span class='ocrx_word' id='word_1_547' title='bbox 1761 4081 1859 4136; x_wconf 92' lang='lat' dir='ltr'><strong>ubi</strong></span> <span class='ocrx_word' id='word_1_548' title='bbox 1917 4085 2005 4137; x_wconf 90' lang='lat' dir='ltr'><strong>est</strong></span> 
     </span>
    </p>
   </div>
   <div class='ocr_carea' id='block_1_74' title="bbox 342 4167 1998 4241">
    <p class='ocr_par' dir='ltr' id='par_1_74' title="bbox 342 4167 1998 4241">
     <span class='ocr_line' id='line_1_74' title="bbox 342 4167 1998 4241; baseline 0.001 -17"><span class='ocrx_word' id='word_1_549' title='bbox 342 4168 445 4224; x_wconf 84' lang='lat' dir='ltr'><strong>illa</strong></span> <span class='ocrx_word' id='word_1_550' title='bbox 472 4168 749 4240; x_wconf 86' lang='lat' dir='ltr'><strong>Apologia</strong></span> <span class='ocrx_word' id='word_1_551' title='bbox 778 4173 901 4235; x_wconf 91' lang='lat' dir='ltr'><strong>tua,</strong></span> <span class='ocrx_word' id='word_1_552' title='bbox 937 4169 994 4223; x_wconf 93' lang='lat' dir='ltr'><strong>in</strong></span> <span class='ocrx_word' id='word_1_553' title='bbox 1028 4185 1146 4240; x_wconf 88' lang='lat' dir='ltr'><strong>qua</strong></span> <span class='ocrx_word' id='word_1_554' title='bbox 1174 4167 1442 4239; x_wconf 89' lang='lat' dir='ltr'><strong>gloriaris</strong></span> <span class='ocrx_word' id='word_1_555' title='bbox 1472 4168 1625 4239; x_wconf 88' lang='lat' dir='ltr'><strong>apud</strong></span> <span class='ocrx_word' id='word_1_556' title='bbox 1658 4168 1957 4241; x_wconf 89' lang='lat' dir='ltr'><strong>simplices</strong></span> <span class='ocrx_word' id='word_1_557' title='bbox 1986 4186 1998 4226; x_wconf 93' lang='lat'><strong>:</strong></span> 
     </span>
    </p>
   </div>
   <div class='ocr_carea' id='block_1_75' title="bbox 338 4255 1999 4330">
    <p class='ocr_par' dir='ltr' id='par_1_75' title="bbox 338 4255 1999 4330">
     <span class='ocr_line' id='line_1_75' title="bbox 338 4255 1999 4330; baseline 0.001 -18"><span class='ocrx_word' id='word_1_558' title='bbox 338 4260 402 4312; x_wconf 86' lang='lat' dir='ltr'><strong>et</strong></span> <span class='ocrx_word' id='word_1_559' title='bbox 429 4256 597 4329; x_wconf 89' lang='lat' dir='ltr'><strong>quasi</strong></span> <span class='ocrx_word' id='word_1_560' title='bbox 628 4255 734 4330; x_wconf 85' lang='lat' dir='ltr'><strong>[AL</strong></span> <span class='ocrx_word' id='word_1_561' title='bbox 767 4263 967 4328; x_wconf 90' lang='lat' dir='ltr'><strong>quam]</strong></span> <span class='ocrx_word' id='word_1_562' title='bbox 1031 4256 1436 4328; x_wconf 85' lang='lat' dir='ltr'><strong>ignorantibus</strong></span> <span class='ocrx_word' id='word_1_563' title='bbox 1467 4273 1727 4326; x_wconf 87' lang='lat' dir='ltr'><strong>causam,</strong></span> <span class='ocrx_word' id='word_1_564' title='bbox 1787 4258 1901 4314; x_wconf 86' lang='lat' dir='ltr'><strong>huc</strong></span> <span class='ocrx_word' id='word_1_565' title='bbox 1932 4257 1999 4314; x_wconf 91' lang='lat' dir='ltr'><strong>il-</strong></span> 
     </span>
    </p>
   </div>
   <div class='ocr_carea' id='block_1_76' title="bbox 342 4345 996 4417">
    <p class='ocr_par' dir='ltr' id='par_1_76' title="bbox 342 4345 996 4417">
     <span class='ocr_line' id='line_1_76' title="bbox 342 4345 996 4417; baseline -0.003 -16"><span class='ocrx_word' id='word_1_566' title='bbox 342 4345 557 4417; x_wconf 86' lang='lat' dir='ltr'><strong>lucque</strong></span> <span class='ocrx_word' id='word_1_567' title='bbox 586 4346 940 4401; x_wconf 90' lang='lat' dir='ltr'><strong>disseminas</strong></span> <span class='ocrx_word' id='word_1_568' title='bbox 969 4345 996 4399; x_wconf 88' lang='lat'><strong>?</strong></span> 
     </span>
    </p>
   </div>
   <div class='ocr_carea' id='block_1_77' title="bbox 413 4434 1996 4508">
    <p class='ocr_par' dir='ltr' id='par_1_77' title="bbox 413 4434 1996 4508">
     <span class='ocr_line' id='line_1_77' title="bbox 413 4434 1996 4508; baseline 0.003 -19"><span class='ocrx_word' id='word_1_569' title='bbox 413 4436 467 4491; x_wconf 90' lang='lat'><strong>6.</strong></span> <span class='ocrx_word' id='word_1_570' title='bbox 502 4434 687 4489; x_wconf 72' lang='lat' dir='ltr'><strong>Tribus</strong></span> <span class='ocrx_word' id='word_1_571' title='bbox 718 4451 787 4490; x_wconf 67' lang='lat' dir='ltr'><strong>ex</strong></span> <span class='ocrx_word' id='word_1_572' title='bbox 842 4439 954 4490; x_wconf 79' lang='lat' dir='ltr'><strong>octo</strong></span> <span class='ocrx_word' id='word_1_573' title='bbox 999 4434 1388 4506; x_wconf 68' lang='lat' dir='ltr'><strong>quaestionibus</strong></span> <span class='ocrx_word' id='word_1_574' title='bbox 1416 4435 1641 4490; x_wconf 83' lang='lat' dir='ltr'><strong>Joannis</strong></span> <span class='ocrx_word' id='word_1_575' title='bbox 1692 4438 1996 4508; x_wconf 79' lang='lat' dir='ltr'><strong>respondet.</strong></span> 
     </span>
    </p>
   </div>
   <div class='ocr_carea' id='block_1_78' title="bbox 339 4522 1997 4597">
    <p class='ocr_par' dir='ltr' id='par_1_78' title="bbox 339 4522 1997 4597">
     <span class='ocr_line' id='line_1_78' title="bbox 339 4522 1997 4597; baseline 0.001 -17"><span class='ocrx_word' id='word_1_576' title='bbox 339 4554 411 4567; x_wconf 89' lang='lat'><strong>--</strong></span> <span class='ocrx_word' id='word_1_577' title='bbox 439 4525 578 4581; x_wconf 90' lang='lat' dir='ltr'><strong>Octo</strong></span> <span class='ocrx_word' id='word_1_578' title='bbox 613 4523 714 4580; x_wconf 85' lang='lat' dir='ltr'><strong>tibi</strong></span> <span class='ocrx_word' id='word_1_579' title='bbox 743 4525 830 4594; x_wconf 90' lang='lat' dir='ltr'><strong>(ut</strong></span> <span class='ocrx_word' id='word_1_580' title='bbox 862 4522 1062 4579; x_wconf 88' lang='lat' dir='ltr'><strong>statim</strong></span> <span class='ocrx_word' id='word_1_581' title='bbox 1098 4523 1374 4595; x_wconf 86' lang='lat' dir='ltr'><strong>probabo)</strong></span> <span class='ocrx_word' id='word_1_582' title='bbox 1404 4523 1475 4579; x_wconf 92' lang='lat' dir='ltr'><strong>de</strong></span> <span class='ocrx_word' id='word_1_583' title='bbox 1531 4540 1635 4597; x_wconf 86' lang='lat' dir='ltr'><strong>spe</strong></span> <span class='ocrx_word' id='word_1_584' title='bbox 1675 4525 1809 4581; x_wconf 83' lang='lat' dir='ltr'><strong>fidei</strong></span> <span class='ocrx_word' id='word_1_585' title='bbox 1837 4526 1997 4582; x_wconf 82' lang='lat' dir='ltr'><strong>Chri-</strong></span> 
     </span>
    </p>
   </div>
   <div class='ocr_carea' id='block_1_79' title="bbox 2121 3365 3769 3442">
    <p class='ocr_par' dir='ltr' id='par_1_79' title="bbox 2121 3365 3769 3442">
     <span class='ocr_line' id='line_1_79' title="bbox 2121 3365 3769 3442; baseline -0.001 -19"><span class='ocrx_word' id='word_1_586' title='bbox 2121 3368 2344 3423; x_wconf 87' lang='lat' dir='ltr'><strong>sanctis</strong></span> <span class='ocrx_word' id='word_1_587' title='bbox 2378 3366 2584 3423; x_wconf 89' lang='lat' dir='ltr'><strong>ultimo</strong></span> <span class='ocrx_word' id='word_1_588' title='bbox 2616 3373 2874 3440; x_wconf 88' lang='lat' dir='ltr'><strong>tempore</strong></span> <span class='ocrx_word' id='word_1_589' title='bbox 2906 3373 3273 3442; x_wconf 78' lang='lat' dir='ltr'><strong>regnaturus.</strong></span> <span class='ocrx_word' id='word_1_590' title='bbox 3310 3365 3769 3439; x_wconf 71' lang='lat' dir='ltr'><strong>Quartum;qu</strong></span> 
     </span>
    </p>
   </div>
   <div class='ocr_carea' id='block_1_80' title="bbox 2123 3456 3769 3532">
    <p class='ocr_par' dir='ltr' id='par_1_80' title="bbox 2123 3456 3769 3532">
     <span class='ocr_line' id='line_1_80' title="bbox 2123 3456 3769 3532; baseline 0.005 -20"><span class='ocrx_word' id='word_1_591' title='bbox 2123 3458 2354 3512; x_wconf 89' lang='lat' dir='ltr'><strong>tunicas</strong></span> <span class='ocrx_word' id='word_1_592' title='bbox 2407 3456 2679 3529; x_wconf 87' lang='lat' dir='ltr'><strong>pelliceas</strong></span> <span class='ocrx_word' id='word_1_593' title='bbox 2734 3458 2996 3514; x_wconf 86' lang='lat' dir='ltr'><strong>humana</strong></span> <span class='ocrx_word' id='word_1_594' title='bbox 3026 3476 3270 3531; x_wconf 87' lang='lat' dir='ltr'><strong>corpora</strong></span> <span class='ocrx_word' id='word_1_595' title='bbox 3342 3460 3769 3532; x_wconf 67' lang='lat' dir='ltr'><strong>interpretetur.</strong></span> 
     </span>
    </p>
   </div>
   <div class='ocr_carea' id='block_1_81' title="bbox 2122 3542 3767 3621">
    <p class='ocr_par' dir='ltr' id='par_1_81' title="bbox 2122 3542 3767 3621">
     <span class='ocr_line' id='line_1_81' title="bbox 2122 3542 3767 3621; baseline -0.002 -20"><span class='ocrx_word' id='word_1_596' title='bbox 2122 3546 2338 3617; x_wconf 89' lang='lat' dir='ltr'><strong>quibus</strong></span> <span class='ocrx_word' id='word_1_597' title='bbox 2369 3551 2499 3617; x_wconf 90' lang='lat' dir='ltr'><strong>post</strong></span> <span class='ocrx_word' id='word_1_598' title='bbox 2527 3546 2809 3603; x_wconf 72' lang='lat' dir='ltr'><strong>offensam</strong></span> <span class='ocrx_word' id='word_1_599' title='bbox 2870 3552 2926 3602; x_wconf 90' lang='lat' dir='ltr'><strong>et</strong></span> <span class='ocrx_word' id='word_1_600' title='bbox 2986 3548 3329 3620; x_wconf 89' lang='lat' dir='ltr'><strong>ejectionem</strong></span> <span class='ocrx_word' id='word_1_601' title='bbox 3384 3549 3458 3605; x_wconf 92' lang='lat' dir='ltr'><strong>de</strong></span> <span class='ocrx_word' id='word_1_602' title='bbox 3504 3542 3767 3621; x_wconf 81' lang='lat' dir='ltr'><strong>paradiso</strong></span> 
     </span>
    </p>
   </div>
   <div class='ocr_carea' id='block_1_82' title="bbox 2119 3631 3768 3711">
    <p class='ocr_par' dir='ltr' id='par_1_82' title="bbox 2119 3631 3768 3711">
     <span class='ocr_line' id='line_1_82' title="bbox 2119 3631 3768 3711; baseline -0.002 -22"><span class='ocrx_word' id='word_1_603' title='bbox 2119 3635 2302 3690; x_wconf 87' lang='lat' dir='ltr'><strong>Adam</strong></span> <span class='ocrx_word' id='word_1_604' title='bbox 2334 3640 2392 3691; x_wconf 91' lang='lat' dir='ltr'><strong>et</strong></span> <span class='ocrx_word' id='word_1_605' title='bbox 2422 3635 2534 3690; x_wconf 87' lang='lat' dir='ltr'><strong>Eva</strong></span> <span class='ocrx_word' id='word_1_606' title='bbox 2557 3635 2749 3691; x_wconf 88' lang='lat' dir='ltr'><strong>induti</strong></span> <span class='ocrx_word' id='word_1_607' title='bbox 2784 3635 2921 3703; x_wconf 86' lang='lat' dir='ltr'><strong>sint,</strong></span> <span class='ocrx_word' id='word_1_608' title='bbox 2954 3636 3114 3693; x_wconf 90' lang='lat' dir='ltr'><strong>haud</strong></span> <span class='ocrx_word' id='word_1_609' title='bbox 3148 3637 3397 3694; x_wconf 87' lang='lat' dir='ltr'><strong>dubium</strong></span> <span class='ocrx_word' id='word_1_610' title='bbox 3423 3636 3524 3711; x_wconf 86' lang='lat' dir='ltr'><strong>qui</strong></span> <span class='ocrx_word' id='word_1_611' title='bbox 3555 3638 3682 3692; x_wconf 80' lang='lat' dir='ltr'><strong>ante</strong></span> <span class='ocrx_word' id='word_1_612' title='bbox 3705 3631 3768 3687; x_wconf 87' lang='lat' dir='ltr'><strong>in</strong></span> 
     </span>
    </p>
   </div>
   <div class='ocr_carea' id='block_1_83' title="bbox 2119 3723 3765 3796">
    <p class='ocr_par' dir='ltr' id='par_1_83' title="bbox 2119 3723 3765 3796">
     <span class='ocr_line' id='line_1_83' title="bbox 2119 3723 3765 3796; baseline -0.001 -17"><span class='ocrx_word' id='word_1_613' title='bbox 2119 3724 2390 3796; x_wconf 89' lang='lat' dir='ltr'><strong>paradiso</strong></span> <span class='ocrx_word' id='word_1_614' title='bbox 2448 3724 2574 3779; x_wconf 82' lang='lat' dir='ltr'><strong>sine</strong></span> <span class='ocrx_word' id='word_1_615' title='bbox 2625 3741 2818 3791; x_wconf 88' lang='lat' dir='ltr'><strong>carne,</strong></span> <span class='ocrx_word' id='word_1_616' title='bbox 2877 3725 3070 3782; x_wconf 89' lang='lat' dir='ltr'><strong>nervis</strong></span> <span class='ocrx_word' id='word_1_617' title='bbox 3118 3731 3177 3783; x_wconf 90' lang='lat' dir='ltr'><strong>et</strong></span> <span class='ocrx_word' id='word_1_618' title='bbox 3233 3728 3473 3784; x_wconf 84' lang='lat' dir='ltr'><strong>ossibus</strong></span> <span class='ocrx_word' id='word_1_619' title='bbox 3539 3723 3765 3781; x_wconf 75' lang='lat' dir='ltr'><strong>fuerint.</strong></span> 
     </span>
    </p>
   </div>
   <div class='ocr_carea' id='block_1_84' title="bbox 2116 3812 3767 3886">
    <p class='ocr_par' dir='ltr' id='par_1_84' title="bbox 2116 3812 3767 3886">
     <span class='ocr_line' id='line_1_84' title="bbox 2116 3812 3767 3886; baseline -0.001 -18"><span class='ocrx_word' id='word_1_620' title='bbox 2116 3812 2422 3882; x_wconf 89' lang='lat' dir='ltr'><strong>Quintum,</strong></span> <span class='ocrx_word' id='word_1_621' title='bbox 2482 3815 2635 3886; x_wconf 91' lang='lat' dir='ltr'><strong>quod</strong></span> <span class='ocrx_word' id='word_1_622' title='bbox 2688 3814 2881 3871; x_wconf 88' lang='lat' dir='ltr'><strong>carnis</strong></span> <span class='ocrx_word' id='word_1_623' title='bbox 2945 3815 3401 3873; x_wconf 87' lang='lat' dir='ltr'><strong>resurectionem</strong></span> <span class='ocrx_word' id='word_1_624' title='bbox 3480 3812 3767 3871; x_wconf 84' lang='lat' dir='ltr'><strong>membro-</strong></span> 
     </span>
    </p>
   </div>
   <div class='ocr_carea' id='block_1_85' title="bbox 2115 3903 3767 3977">
    <p class='ocr_par' dir='ltr' id='par_1_85' title="bbox 2115 3903 3767 3977">
     <span class='ocr_line' id='line_1_85' title="bbox 2115 3903 3767 3977; baseline -0.002 -20"><span class='ocrx_word' id='word_1_625' title='bbox 2115 3918 2366 3975; x_wconf 90' lang='lat' dir='ltr'><strong>rumque</strong></span> <span class='ocrx_word' id='word_1_626' title='bbox 2396 3908 2822 3977; x_wconf 87' lang='lat' dir='ltr'><strong>compagem,et</strong></span> <span class='ocrx_word' id='word_1_627' title='bbox 2851 3920 3053 3960; x_wconf 86' lang='lat' dir='ltr'><strong>sexum</strong></span> <span class='ocrx_word' id='word_1_628' title='bbox 3087 3920 3202 3977; x_wconf 92' lang='lat' dir='ltr'><strong>quo</strong></span> <span class='ocrx_word' id='word_1_629' title='bbox 3230 3904 3338 3962; x_wconf 86' lang='lat' dir='ltr'><strong>viri</strong></span> <span class='ocrx_word' id='word_1_630' title='bbox 3370 3903 3711 3961; x_wconf 82' lang='lat' dir='ltr'><strong>dividimur&#39;</strong></span> <span class='ocrx_word' id='word_1_631' title='bbox 3734 3913 3767 3954; x_wconf 91' lang='lat' dir='ltr'><strong>a</strong></span> 
     </span>
    </p>
   </div>
   <div class='ocr_carea' id='block_1_86' title="bbox 2115 3988 3764 4067">
    <p class='ocr_par' dir='ltr' id='par_1_86' title="bbox 2115 3988 3764 4067">
     <span class='ocr_line' id='line_1_86' title="bbox 2115 3988 3764 4067; baseline -0.002 -22"><span class='ocrx_word' id='word_1_632' title='bbox 2115 3991 2369 4058; x_wconf 80' lang='lat' dir='ltr'><strong>feminis,</strong></span> <span class='ocrx_word' id='word_1_633' title='bbox 2426 3994 2795 4065; x_wconf 89' lang='lat' dir='ltr'><strong>apertissime</strong></span> <span class='ocrx_word' id='word_1_634' title='bbox 2853 3997 3027 4067; x_wconf 88' lang='lat' dir='ltr'><strong>neget</strong></span> <span class='ocrx_word' id='word_1_635' title='bbox 3057 4011 3071 4049; x_wconf 90' lang='lat'><strong>:</strong></span> <span class='ocrx_word' id='word_1_636' title='bbox 3102 3999 3221 4050; x_wconf 88' lang='lat' dir='ltr'><strong>tam</strong></span> <span class='ocrx_word' id='word_1_637' title='bbox 3257 3995 3317 4050; x_wconf 91' lang='lat' dir='ltr'><strong>in</strong></span> <span class='ocrx_word' id='word_1_638' title='bbox 3367 3988 3764 4067; x_wconf 82' lang='lat' dir='ltr'><strong>explanatione</strong></span> 
     </span>
    </p>
   </div>
   <div class='ocr_carea' id='block_1_87' title="bbox 2113 4079 3758 4155">
    <p class='ocr_par' dir='ltr' id='par_1_87' title="bbox 2113 4079 3758 4155">
     <span class='ocr_line' id='line_1_87' title="bbox 2113 4079 3758 4155; baseline -0.002 -20"><span class='ocrx_word' id='word_1_639' title='bbox 2113 4082 2284 4152; x_wconf 89' lang='lat' dir='ltr'><strong>primi</strong></span> <span class='ocrx_word' id='word_1_640' title='bbox 2316 4081 2552 4153; x_wconf 89' lang='lat' dir='ltr'><strong>psalmi,</strong></span> <span class='ocrx_word' id='word_1_641' title='bbox 2602 4098 2781 4155; x_wconf 91' lang='lat' dir='ltr'><strong>quam</strong></span> <span class='ocrx_word' id='word_1_642' title='bbox 2836 4081 2893 4137; x_wconf 91' lang='lat' dir='ltr'><strong>in</strong></span> <span class='ocrx_word' id='word_1_643' title='bbox 2951 4082 3084 4140; x_wconf 91' lang='lat' dir='ltr'><strong>aliis</strong></span> <span class='ocrx_word' id='word_1_644' title='bbox 3133 4083 3336 4140; x_wconf 89' lang='lat' dir='ltr'><strong>multis</strong></span> <span class='ocrx_word' id='word_1_645' title='bbox 3398 4079 3758 4141; x_wconf 81' lang='lat' dir='ltr'><strong>tractatibus.</strong></span> 
     </span>
    </p>
   </div>
   <div class='ocr_carea' id='block_1_88' title="bbox 2111 4168 3759 4246">
    <p class='ocr_par' dir='ltr' id='par_1_88' title="bbox 2111 4168 3759 4246">
     <span class='ocr_line' id='line_1_88' title="bbox 2111 4168 3759 4246; baseline -0.001 -21"><span class='ocrx_word' id='word_1_646' title='bbox 2111 4171 2371 4237; x_wconf 84' lang='lat' dir='ltr'><strong>Sextum,</strong></span> <span class='ocrx_word' id='word_1_647' title='bbox 2398 4171 2557 4241; x_wconf 90' lang='lat' dir='ltr'><strong>quod</strong></span> <span class='ocrx_word' id='word_1_648' title='bbox 2590 4170 2673 4227; x_wconf 89' lang='lat' dir='ltr'><strong>sic</strong></span> <span class='ocrx_word' id='word_1_649' title='bbox 2695 4171 3039 4243; x_wconf 88' lang='lat' dir='ltr'><strong>paradisum</strong></span> <span class='ocrx_word' id='word_1_650' title='bbox 3068 4170 3423 4246; x_wconf 85' lang='lat' dir='ltr'><strong>allegorizet,</strong></span> <span class='ocrx_word' id='word_1_651' title='bbox 3473 4176 3540 4227; x_wconf 84' lang='lat' dir='ltr'><strong>ut</strong></span> <span class='ocrx_word' id='word_1_652' title='bbox 3588 4168 3759 4225; x_wconf 82' lang='lat' dir='ltr'><strong>hieto-</strong></span> 
     </span>
    </p>
   </div>
   <div class='ocr_carea' id='block_1_89' title="bbox 2112 4258 3758 4335">
    <p class='ocr_par' dir='ltr' id='par_1_89' title="bbox 2112 4258 3758 4335">
     <span class='ocr_line' id='line_1_89' title="bbox 2112 4258 3758 4335; baseline -0.002 -21"><span class='ocrx_word' id='word_1_653' title='bbox 2112 4259 2207 4314; x_wconf 77' lang='lat' dir='ltr'><strong>rize</strong></span> <span class='ocrx_word' id='word_1_654' title='bbox 2240 4260 2464 4315; x_wconf 84' lang='lat' dir='ltr'><strong>auferat</strong></span> <span class='ocrx_word' id='word_1_655' title='bbox 2492 4258 2795 4316; x_wconf 89' lang='lat' dir='ltr'><strong>veritatem</strong></span> <span class='ocrx_word' id='word_1_656' title='bbox 2822 4281 2834 4329; x_wconf 86' lang='lat'><strong>;</strong></span> <span class='ocrx_word' id='word_1_657' title='bbox 2872 4278 2974 4333; x_wconf 91' lang='lat' dir='ltr'><strong>pro</strong></span> <span class='ocrx_word' id='word_1_658' title='bbox 3006 4261 3314 4318; x_wconf 88' lang='lat' dir='ltr'><strong>arboribus</strong></span> <span class='ocrx_word' id='word_1_659' title='bbox 3344 4259 3605 4335; x_wconf 86' lang='lat' dir='ltr'><strong>angelos,</strong></span> <span class='ocrx_word' id='word_1_660' title='bbox 3660 4266 3758 4330; x_wconf 86' lang='lat' dir='ltr'><strong>pro</strong></span> 
     </span>
    </p>
   </div>
   <div class='ocr_carea' id='block_1_90' title="bbox 2110 4348 3759 4425">
    <p class='ocr_par' dir='ltr' id='par_1_90' title="bbox 2110 4348 3759 4425">
     <span class='ocr_line' id='line_1_90' title="bbox 2110 4348 3759 4425; baseline 0 -22"><span class='ocrx_word' id='word_1_661' title='bbox 2110 4348 2456 4405; x_wconf 87' lang='lat' dir='ltr'><strong>ﬂuminibus</strong></span> <span class='ocrx_word' id='word_1_662' title='bbox 2486 4348 2729 4405; x_wconf 83' lang='lat' dir='ltr'><strong>virtutes</strong></span> <span class='ocrx_word' id='word_1_663' title='bbox 2763 4350 3024 4408; x_wconf 79' lang='lat' dir='ltr'><strong>ccelestes</strong></span> <span class='ocrx_word' id='word_1_664' title='bbox 3054 4350 3391 4425; x_wconf 81' lang='lat' dir='ltr'><strong>intelligens</strong></span> <span class='ocrx_word' id='word_1_665' title='bbox 3420 4370 3434 4408; x_wconf 88' lang='lat'><strong>:</strong></span> <span class='ocrx_word' id='word_1_666' title='bbox 3465 4353 3759 4418; x_wconf 75' lang='lat' dir='ltr'><strong>totamque</strong></span> 
     </span>
    </p>
   </div>
   <div class='ocr_carea' id='block_1_91' title="bbox 2109 4435 3757 4514">
    <p class='ocr_par' dir='ltr' id='par_1_91' title="bbox 2109 4435 3757 4514">
     <span class='ocr_line' id='line_1_91' title="bbox 2109 4435 3757 4514; baseline -0.002 -21"><span class='ocrx_word' id='word_1_667' title='bbox 2109 4437 2363 4509; x_wconf 89' lang='lat' dir='ltr'><strong>paradisi</strong></span> <span class='ocrx_word' id='word_1_668' title='bbox 2396 4437 2813 4495; x_wconf 89' lang='lat' dir='ltr'><strong>continentiam</strong></span> <span class='ocrx_word' id='word_1_669' title='bbox 2838 4442 2860 4475; x_wconf 74' lang='grc'>³</span> <span class='ocrx_word' id='word_1_670' title='bbox 2905 4438 3266 4514; x_wconf 88' lang='lat' dir='ltr'><strong>tropologica</strong></span> <span class='ocrx_word' id='word_1_671' title='bbox 3292 4435 3757 4514; x_wconf 71' lang='lat' dir='ltr'><strong>interpretatione</strong></span> 
     </span>
    </p>
   </div>
   <div class='ocr_carea' id='block_1_92' title="bbox 2108 4526 3756 4603">
    <p class='ocr_par' dir='ltr' id='par_1_92' title="bbox 2108 4526 3756 4603">
     <span class='ocr_line' id='line_1_92' title="bbox 2108 4526 3756 4603; baseline 0.001 -21"><span class='ocrx_word' id='word_1_672' title='bbox 2108 4527 2428 4583; x_wconf 76' lang='lat' dir='ltr'><strong>subvertet.</strong></span> <span class='ocrx_word' id='word_1_673' title='bbox 2465 4528 2618 4584; x_wconf 74' lang='grc'><strong>414</strong></span> <span class='ocrx_word' id='word_1_674' title='bbox 2648 4528 2995 4600; x_wconf 78' lang='lat' dir='ltr'><strong>Septimum,</strong></span> <span class='ocrx_word' id='word_1_675' title='bbox 3027 4526 3182 4603; x_wconf 78' lang='lat' dir='ltr'><strong>quOd</strong></span> <span class='ocrx_word' id='word_1_676' title='bbox 3228 4544 3434 4603; x_wconf 86' lang='lat' dir='ltr'><strong>aquas,</strong></span> <span class='ocrx_word' id='word_1_677' title='bbox 3494 4542 3620 4602; x_wconf 71' lang='lat' dir='ltr'><strong>quis</strong></span> <span class='ocrx_word' id='word_1_678' title='bbox 3664 4534 3756 4579; x_wconf 75' lang='lat' dir='ltr'><strong>Bu-</strong></span> 
     </span>
    </p>
   </div>
   <div class='ocr_carea' id='block_1_93' title="bbox 339 4612 3753 4697">
    <p class='ocr_par' dir='ltr' id='par_1_93' title="bbox 339 4612 3753 4697">
     <span class='ocr_line' id='line_1_93' title="bbox 339 4612 3753 4697; baseline 0 -27"><span class='ocrx_word' id='word_1_679' title='bbox 339 4613 546 4670; x_wconf 80' lang='lat' dir='ltr'><strong>stianm</strong></span> <span class='ocrx_word' id='word_1_680' title='bbox 575 4613 965 4686; x_wconf 71' lang='lat' dir='ltr'><strong>quaestionum</strong></span> <span class='ocrx_word' id='word_1_681' title='bbox 996 4612 1189 4685; x_wconf 86' lang='lat' dir='ltr'><strong>capita</strong></span> <span class='ocrx_word' id='word_1_682' title='bbox 1211 4613 1423 4683; x_wconf 88' lang='lat' dir='ltr'><strong>sejecta</strong></span> <span class='ocrx_word' id='word_1_683' title='bbox 1451 4613 1749 4670; x_wconf 89' lang='lat' dir='ltr'><strong>sunt.Tria</strong></span> <span class='ocrx_word' id='word_1_684' title='bbox 1768 4619 1996 4672; x_wconf 89' lang='lat' dir='ltr'><strong>tantum</strong></span> <span class='ocrx_word' id='word_1_685' title='bbox 2028 4631 2075 4697; x_wconf 72' lang='grc' dir='ltr'><strong>Β</strong></span> <span class='ocrx_word' id='word_1_686' title='bbox 2108 4632 2210 4688; x_wconf 92' lang='lat' dir='ltr'><strong>per</strong></span> <span class='ocrx_word' id='word_1_687' title='bbox 2241 4616 2416 4673; x_wconf 74' lang='lat' dir='ltr'><strong>caelos</strong></span> <span class='ocrx_word' id='word_1_688' title='bbox 2448 4616 2506 4671; x_wconf 91' lang='lat' dir='ltr'><strong>in</strong></span> <span class='ocrx_word' id='word_1_689' title='bbox 2531 4617 2852 4689; x_wconf 89' lang='lat' dir='ltr'><strong>Scripturis</strong></span> <span class='ocrx_word' id='word_1_690' title='bbox 2881 4634 3009 4675; x_wconf 87' lang='lat' dir='ltr'><strong>esse</strong></span> <span class='ocrx_word' id='word_1_691' title='bbox 3065 4619 3365 4678; x_wconf 86' lang='lat' dir='ltr'><strong>dicuntur.</strong></span> <span class='ocrx_word' id='word_1_692' title='bbox 3399 4621 3631 4675; x_wconf 80' lang='lat' dir='ltr'><strong>sanctas</strong></span> <span class='ocrx_word' id='word_1_693' title='bbox 3656 4624 3753 4669; x_wconf 78' lang='lat' dir='ltr'><strong>su-</strong></span> 
     </span>
    </p>
   </div>
   <div class='ocr_carea' id='block_1_94' title="bbox 339 4701 1996 4776">
    <p class='ocr_par' dir='ltr' id='par_1_94' title="bbox 339 4701 1996 4776">
     <span class='ocr_line' id='line_1_94' title="bbox 339 4701 1996 4776; baseline 0.002 -18"><span class='ocrx_word' id='word_1_694' title='bbox 339 4701 619 4776; x_wconf 81' lang='lat' dir='ltr'><strong>tangis,et</strong></span> <span class='ocrx_word' id='word_1_695' title='bbox 650 4704 929 4773; x_wconf 72' lang='lat' dir='ltr'><strong>praeteris.</strong></span> <span class='ocrx_word' id='word_1_696' title='bbox 963 4702 1025 4758; x_wconf 90' lang='lat' dir='ltr'><strong>In</strong></span> <span class='ocrx_word' id='word_1_697' title='bbox 1060 4701 1283 4758; x_wconf 70' lang='lat' dir='ltr'><strong>czeteris</strong></span> <span class='ocrx_word' id='word_1_698' title='bbox 1305 4704 1526 4774; x_wconf 83' lang='lat' dir='ltr'><strong>grande</strong></span> <span class='ocrx_word' id='word_1_699' title='bbox 1556 4704 1851 4759; x_wconf 88' lang='lat' dir='ltr'><strong>silentium</strong></span> <span class='ocrx_word' id='word_1_700' title='bbox 1886 4710 1996 4761; x_wconf 88' lang='lat' dir='ltr'><strong>est.</strong></span> 
     </span>
    </p>
   </div>
   <div class='ocr_carea' id='block_1_95' title="bbox 339 4792 1996 4865">
    <p class='ocr_par' dir='ltr' id='par_1_95' title="bbox 339 4792 1996 4865">
     <span class='ocr_line' id='line_1_95' title="bbox 339 4792 1996 4865; baseline 0.001 -17"><span class='ocrx_word' id='word_1_701' title='bbox 339 4792 404 4849; x_wconf 81' lang='lat' dir='ltr'><strong>Si</strong></span> <span class='ocrx_word' id='word_1_702' title='bbox 429 4793 501 4848; x_wconf 90' lang='lat' dir='ltr'><strong>ad</strong></span> <span class='ocrx_word' id='word_1_703' title='bbox 531 4797 757 4865; x_wconf 90' lang='lat' dir='ltr'><strong>septem</strong></span> <span class='ocrx_word' id='word_1_704' title='bbox 791 4792 1237 4848; x_wconf 86' lang='lat' dir='ltr'><strong>absolutissime</strong></span> <span class='ocrx_word' id='word_1_705' title='bbox 1259 4793 1683 4864; x_wconf 79' lang='lat' dir='ltr'><strong>respondisses,</strong></span> <span class='ocrx_word' id='word_1_706' title='bbox 1717 4793 1996 4851; x_wconf 70' lang='lat' dir='ltr'><strong>haererem</strong></span> 
     </span>
    </p>
   </div>
   <div class='ocr_carea' id='block_1_96' title="bbox 335 4881 1997 4954">
    <p class='ocr_par' dir='ltr' id='par_1_96' title="bbox 335 4881 1997 4954">
     <span class='ocr_line' id='line_1_96' title="bbox 335 4881 1997 4954; baseline 0.001 -17"><span class='ocrx_word' id='word_1_707' title='bbox 335 4885 532 4937; x_wconf 88' lang='lat' dir='ltr'><strong>tamen</strong></span> <span class='ocrx_word' id='word_1_708' title='bbox 568 4883 672 4953; x_wconf 89' lang='lat' dir='ltr'><strong>[AL</strong></span> <span class='ocrx_word' id='word_1_709' title='bbox 708 4884 962 4952; x_wconf 87' lang='lat' dir='ltr'><strong>tantum]</strong></span> <span class='ocrx_word' id='word_1_710' title='bbox 996 4882 1052 4936; x_wconf 88' lang='lat' dir='ltr'><strong>in</strong></span> <span class='ocrx_word' id='word_1_711' title='bbox 1082 4898 1199 4936; x_wconf 91' lang='lat' dir='ltr'><strong>uno</strong></span> <span class='ocrx_word' id='word_1_712' title='bbox 1232 4881 1478 4937; x_wconf 90' lang='lat' dir='ltr'><strong>crimine</strong></span> <span class='ocrx_word' id='word_1_713' title='bbox 1530 4898 1543 4937; x_wconf 87' lang='lat'><strong>:</strong></span> <span class='ocrx_word' id='word_1_714' title='bbox 1603 4886 1658 4937; x_wconf 92' lang='lat' dir='ltr'><strong>et</strong></span> <span class='ocrx_word' id='word_1_715' title='bbox 1711 4884 1865 4954; x_wconf 92' lang='lat' dir='ltr'><strong>quod</strong></span> <span class='ocrx_word' id='word_1_716' title='bbox 1912 4888 1997 4939; x_wconf 87' lang='lat' dir='ltr'><strong>ta-</strong></span> 
     </span>
    </p>
   </div>
   <div class='ocr_carea' id='block_1_97' title="bbox 336 4970 1992 5044">
    <p class='ocr_par' dir='ltr' id='par_1_97' title="bbox 336 4970 1992 5044">
     <span class='ocr_line' id='line_1_97' title="bbox 336 4970 1992 5044; baseline 0 -17"><span class='ocrx_word' id='word_1_717' title='bbox 336 4984 562 5039; x_wconf 87' lang='lat' dir='ltr'><strong>cueras,</strong></span> <span class='ocrx_word' id='word_1_718' title='bbox 595 4971 703 5027; x_wconf 90' lang='lat' dir='ltr'><strong>hoc</strong></span> <span class='ocrx_word' id='word_1_719' title='bbox 737 4975 1010 5027; x_wconf 89' lang='lat' dir='ltr'><strong>tenerem.</strong></span> <span class='ocrx_word' id='word_1_720' title='bbox 1044 4970 1211 5026; x_wconf 90' lang='lat' dir='ltr'><strong>Nunc</strong></span> <span class='ocrx_word' id='word_1_721' title='bbox 1240 4987 1372 5026; x_wconf 88' lang='lat' dir='ltr'><strong>vero</strong></span> <span class='ocrx_word' id='word_1_722' title='bbox 1404 4970 1572 5044; x_wconf 89' lang='lat' dir='ltr'><strong>quasi</strong></span> <span class='ocrx_word' id='word_1_723' title='bbox 1603 4971 1842 5030; x_wconf 87' lang='lat' dir='ltr'><strong>auribus</strong></span> <span class='ocrx_word' id='word_1_724' title='bbox 1900 4972 1992 5028; x_wconf 83' lang='lat' dir='ltr'><strong>lu-</strong></span> 
     </span>
    </p>
   </div>
   <div class='ocr_carea' id='block_1_98' title="bbox 333 5210 1987 5285">
    <p class='ocr_par' dir='ltr' id='par_1_98' title="bbox 333 5210 1987 5285">
     <span class='ocr_line' id='line_1_98' title="bbox 333 5210 1987 5285; baseline 0.004 -20"><span class='ocrx_word' id='word_1_725' title='bbox 333 5224 500 5275; x_wconf 86' lang='lat' dir='ltr'><strong>num,</strong></span> <span class='ocrx_word' id='word_1_726' title='bbox 558 5210 1172 5285; x_wconf 26' lang='lat' dir='ltr'><strong>_AcaciiﬁCzesariensis</strong></span> <span class='ocrx_word' id='word_1_727' title='bbox 1193 5210 1387 5285; x_wconf 81' lang='lat' dir='ltr'><strong>Ariani</strong></span> <span class='ocrx_word' id='word_1_728' title='bbox 1426 5215 1637 5285; x_wconf 6' lang='lat' dir='ltr'><strong>[partes</strong></span> <span class='ocrx_word' id='word_1_729' title='bbox 1696 5214 1987 5285; x_wconf 87' lang='lat' dir='ltr'><strong>tuebatur,</strong></span> 
     </span>
    </p>
   </div>
   <div class='ocr_carea' id='block_1_99' title="bbox 336 5281 1987 5354">
    <p class='ocr_par' dir='ltr' id='par_1_99' title="bbox 336 5281 1987 5354">
     <span class='ocr_line' id='line_1_99' title="bbox 336 5281 1987 5354; baseline 0.003 -17"><span class='ocrx_word' id='word_1_730' title='bbox 336 5281 594 5354; x_wconf 84' lang='lat' dir='ltr'><strong>tametsi,</strong></span> <span class='ocrx_word' id='word_1_731' title='bbox 645 5287 716 5354; x_wconf 17' lang='lat' dir='ltr'><strong>ut,</strong></span> <span class='ocrx_word' id='word_1_732' title='bbox 763 5284 1124 5354; x_wconf 86' lang='lat' dir='ltr'><strong>Epiphanius</strong></span> <span class='ocrx_word' id='word_1_733' title='bbox 1169 5283 1368 5349; x_wconf 88' lang='lat' dir='ltr'><strong>tradit,</strong></span> <span class='ocrx_word' id='word_1_734' title='bbox 1422 5282 1545 5353; x_wconf 89' lang='lat' dir='ltr'><strong>ipse</strong></span> <span class='ocrx_word' id='word_1_735' title='bbox 1602 5283 1761 5341; x_wconf 88' lang='lat' dir='ltr'><strong>intus</strong></span> <span class='ocrx_word' id='word_1_736' title='bbox 1817 5293 1874 5341; x_wconf 88' lang='lat' dir='ltr'><strong>et</strong></span> <span class='ocrx_word' id='word_1_737' title='bbox 1928 5281 1987 5343; x_wconf 84' lang='lat' dir='ltr'><strong>in</strong></span> 
     </span>
    </p>
   </div>
   <div class='ocr_carea' id='block_1_100' title="bbox 335 5353 1987 5425">
    <p class='ocr_par' dir='ltr' id='par_1_100' title="bbox 335 5353 1987 5425">
     <span class='ocr_line' id='line_1_100' title="bbox 335 5353 1987 5425; baseline 0.003 -16"><span class='ocrx_word' id='word_1_738' title='bbox 335 5353 507 5409; x_wconf 85' lang='lat' dir='ltr'><strong>corde</strong></span> <span class='ocrx_word' id='word_1_739' title='bbox 530 5353 852 5408; x_wconf 83' lang='lat' dir='ltr'><strong>catholicus</strong></span> <span class='ocrx_word' id='word_1_740' title='bbox 876 5353 1054 5410; x_wconf 77' lang='lat' dir='ltr'><strong>esset.</strong></span> <span class='ocrx_word' id='word_1_741' title='bbox 1090 5354 1268 5409; x_wconf 89' lang='lat' dir='ltr'><strong>Paulo</strong></span> <span class='ocrx_word' id='word_1_742' title='bbox 1326 5371 1507 5425; x_wconf 87' lang='lat' dir='ltr'><strong>supra</strong></span> <span class='ocrx_word' id='word_1_743' title='bbox 1564 5373 1665 5425; x_wconf 93' lang='lat' dir='ltr'><strong>pro</strong></span> <span class='ocrx_word' id='word_1_744' title='bbox 1723 5360 1987 5415; x_wconf 68' lang='lat' dir='ltr'><strong>mmedio</strong></span> 
     </span>
    </p>
   </div>
   <div class='ocr_carea' id='block_1_101' title="bbox 333 5424 1723 5483">
    <p class='ocr_par' dir='ltr' id='par_1_101' title="bbox 333 5424 1723 5483">
     <span class='ocr_line' id='line_1_101' title="bbox 333 5424 1723 5483; baseline 0.001 -2"><span class='ocrx_word' id='word_1_745' title='bbox 333 5424 529 5481; x_wconf 59' lang='lat' dir='ltr'><strong>emilio</strong></span> <span class='ocrx_word' id='word_1_746' title='bbox 561 5429 685 5479; x_wconf 83' lang='lat' dir='ltr'><strong>erat</strong></span> <span class='ocrx_word' id='word_1_747' title='bbox 712 5426 767 5478; x_wconf 91' lang='lat' dir='ltr'><strong>in</strong></span> <span class='ocrx_word' id='word_1_748' title='bbox 800 5426 977 5481; x_wconf 86' lang='lat' dir='ltr'><strong>veteri</strong></span> <span class='ocrx_word' id='word_1_749' title='bbox 1008 5426 1146 5481; x_wconf 85' lang='lat' dir='ltr'><strong>edit.</strong></span> <span class='ocrx_word' id='word_1_750' title='bbox 1182 5429 1240 5480; x_wconf 83' lang='lat' dir='ltr'><strong>in</strong></span> <span class='ocrx_word' id='word_1_751' title='bbox 1268 5425 1471 5481; x_wconf 61' lang='lat' dir='ltr'><strong>Iudice:</strong></span> <span class='ocrx_word' id='word_1_752' title='bbox 1502 5424 1723 5483; x_wconf 56' lang='lat' dir='ltr'><strong>exsilio.</strong></span> 
     </span>
    </p>
   </div>
   <div class='ocr_carea' id='block_1_102' title="bbox 408 5496 1984 5571">
    <p class='ocr_par' dir='ltr' id='par_1_102' title="bbox 408 5496 1984 5571">
     <span class='ocr_line' id='line_1_102' title="bbox 408 5496 1984 5571; baseline 0.005 -21"><span class='ocrx_word' id='word_1_753' title='bbox 408 5496 538 5550; x_wconf 82' lang='grc' dir='ltr'><strong>¹ΕΧ</strong></span> <span class='ocrx_word' id='word_1_754' title='bbox 571 5497 766 5550; x_wconf 67' lang='lat' dir='ltr'><strong>Graeco</strong></span> <span class='ocrx_word' id='word_1_755' title='bbox 803 5499 1121 5565; x_wconf 74' lang='lat' dir='ltr'><strong>proverbio,</strong></span> <span class='ocrx_word' id='word_1_756' title='bbox 1172 5504 1270 5552; x_wconf 71' lang='grc' dir='ltr'><strong>τῶν</strong></span> <span class='ocrx_word' id='word_1_757' title='bbox 1328 5504 1463 5552; x_wconf 84' lang='grc' dir='ltr'><strong>ὠτὼν</strong></span> <span class='ocrx_word' id='word_1_758' title='bbox 1523 5507 1621 5571; x_wconf 80' lang='grc' dir='ltr'><strong>ἔχω</strong></span> <span class='ocrx_word' id='word_1_759' title='bbox 1674 5510 1758 5555; x_wconf 84' lang='grc' dir='ltr'><strong>τὸν</strong></span> <span class='ocrx_word' id='word_1_760' title='bbox 1813 5509 1984 5570; x_wconf 75' lang='grc' dir='ltr'>λύκον,</span> 
     </span>
    </p>
   </div>
   <div class='ocr_carea' id='block_1_103' title="bbox 333 5572 1986 5640">
    <p class='ocr_par' dir='ltr' id='par_1_103' title="bbox 333 5572 1986 5640">
     <span class='ocr_line' id='line_1_103' title="bbox 333 5572 1986 5640; baseline 0.004 -17"><span class='ocrx_word' id='word_1_761' title='bbox 333 5573 650 5640; x_wconf 35' lang='grc' dir='ltr'><strong>οὔτ’-ἔνερθε</strong></span> <span class='ocrx_word' id='word_1_762' title='bbox 706 5577 805 5622; x_wconf 70' lang='grc' dir='ltr'><strong>θεῖ’</strong></span> <span class='ocrx_word' id='word_1_763' title='bbox 861 5576 1051 5640; x_wconf 60' lang='grc' dir='ltr'><strong>ἀφεῖναι</strong></span> <span class='ocrx_word' id='word_1_764' title='bbox 1106 5577 1329 5640; x_wconf 69' lang='grc' dir='ltr'><strong>δύναμαι,</strong></span> <span class='ocrx_word' id='word_1_765' title='bbox 1419 5574 1567 5640; x_wconf 85' lang='lat' dir='ltr'><strong>quod</strong></span> <span class='ocrx_word' id='word_1_766' title='bbox 1655 5572 1737 5626; x_wconf 83' lang='lat' dir='ltr'><strong>sic</strong></span> <span class='ocrx_word' id='word_1_767' title='bbox 1808 5574 1986 5630; x_wconf 86' lang='lat' dir='ltr'><strong>ferme</strong></span> 
     </span>
    </p>
   </div>
   <div class='ocr_carea' id='block_1_104' title="bbox 330 5635 1984 5710">
    <p class='ocr_par' dir='ltr' id='par_1_104' title="bbox 330 5635 1984 5710">
     <span class='ocr_line' id='line_1_104' title="bbox 330 5635 1984 5710; baseline 0.006 -19"><span class='ocrx_word' id='word_1_768' title='bbox 330 5635 732 5710; x_wconf 34' lang='lat' dir='ltr'><strong>vertitfl.atino</strong></span> <span class='ocrx_word' id='word_1_769' title='bbox 761 5635 1069 5695; x_wconf 82' lang='lat' dir='ltr'><strong>Terentius</strong></span> <span class='ocrx_word' id='word_1_770' title='bbox 1099 5635 1330 5695; x_wconf 86' lang='lat' dir='ltr'><strong>Phorm.</strong></span> <span class='ocrx_word' id='word_1_771' title='bbox 1394 5635 1476 5709; x_wconf 81' lang='lat' dir='ltr'><strong>ni,</strong></span> <span class='ocrx_word' id='word_1_772' title='bbox 1518 5645 1572 5710; x_wconf 86' lang='lat'><strong>2,</strong></span> <span class='ocrx_word' id='word_1_773' title='bbox 1597 5644 1661 5697; x_wconf 82' lang='lat'><strong>21</strong></span> <span class='ocrx_word' id='word_1_774' title='bbox 1700 5660 1713 5698; x_wconf 92' lang='lat'><strong>:</strong></span> <span class='ocrx_word' id='word_1_775' title='bbox 1748 5644 1984 5701; x_wconf 77' lang='lat' dir='ltr'><strong>Auribus</strong></span> 
     </span>
    </p>
   </div>
   <div class='ocr_carea' id='block_1_105' title="bbox 332 5709 1982 5785">
    <p class='ocr_par' dir='ltr' id='par_1_105' title="bbox 332 5709 1982 5785">
     <span class='ocr_line' id='line_1_105' title="bbox 332 5709 1982 5785; baseline 0.004 -19"><span class='ocrx_word' id='word_1_776' title='bbox 332 5716 485 5767; x_wconf 73' lang='lat' dir='ltr'><strong>teneo</strong></span> <span class='ocrx_word' id='word_1_777' title='bbox 514 5709 726 5782; x_wconf 81' lang='lat' dir='ltr'><strong>lupum.</strong></span> <span class='ocrx_word' id='word_1_778' title='bbox 761 5712 906 5770; x_wconf 82' lang='lat' dir='ltr'><strong>Nam</strong></span> <span class='ocrx_word' id='word_1_779' title='bbox 941 5727 1113 5784; x_wconf 82' lang='lat' dir='ltr'><strong>neque</strong></span> <span class='ocrx_word' id='word_1_780' title='bbox 1169 5710 1432 5783; x_wconf 84' lang='lat' dir='ltr'><strong>quomodo</strong></span> <span class='ocrx_word' id='word_1_781' title='bbox 1489 5726 1524 5767; x_wconf 84' lang='grc' dir='ltr'><em>α</em></span> <span class='ocrx_word' id='word_1_782' title='bbox 1572 5729 1657 5771; x_wconf 87' lang='lat' dir='ltr'><strong>me</strong></span> <span class='ocrx_word' id='word_1_783' title='bbox 1708 5717 1982 5785; x_wconf 78' lang='lat' dir='ltr'><strong>amittam,</strong></span> 
     </span>
    </p>
   </div>
   <div class='ocr_carea' id='block_1_106' title="bbox 2104 4698 3760 4782">
    <p class='ocr_par' dir='ltr' id='par_1_106' title="bbox 2104 4698 3760 4782">
     <span class='ocr_line' id='line_1_106' title="bbox 2104 4698 3760 4782; baseline -0.002 -23"><span class='ocrx_word' id='word_1_784' title='bbox 2104 4722 2438 4777; x_wconf 88' lang='lat' dir='ltr'><strong>pernasque</strong></span> <span class='ocrx_word' id='word_1_785' title='bbox 2480 4706 2746 4770; x_wconf 90' lang='lat' dir='ltr'><strong>virtutes,</strong></span> <span class='ocrx_word' id='word_1_786' title='bbox 2811 4723 2939 4780; x_wconf 70' lang='lat' dir='ltr'><strong>quae</strong></span> <span class='ocrx_word' id='word_1_787' title='bbox 3000 4724 3177 4782; x_wconf 86' lang='lat' dir='ltr'><strong>super</strong></span> <span class='ocrx_word' id='word_1_788' title='bbox 3230 4714 3447 4766; x_wconf 87' lang='lat' dir='ltr'><strong>terram</strong></span> <span class='ocrx_word' id='word_1_789' title='bbox 3505 4709 3563 4763; x_wconf 91' lang='lat' dir='ltr'><strong>et</strong></span> <span class='ocrx_word' id='word_1_790' title='bbox 3614 4698 3760 4759; x_wconf 76' lang='lat' dir='ltr'><strong>infra</strong></span> 
     </span>
    </p>
   </div>
   <div class='ocr_carea' id='block_1_107' title="bbox 2104 4794 3753 4861">
    <p class='ocr_par' dir='ltr' id='par_1_107' title="bbox 2104 4794 3753 4861">
     <span class='ocr_line' id='line_1_107' title="bbox 2104 4794 3753 4861; baseline 0 -13"><span class='ocrx_word' id='word_1_791' title='bbox 2104 4798 2343 4861; x_wconf 88' lang='lat' dir='ltr'><strong>terram,</strong></span> <span class='ocrx_word' id='word_1_792' title='bbox 2380 4795 2701 4851; x_wconf 89' lang='lat' dir='ltr'><strong>contrarias</strong></span> <span class='ocrx_word' id='word_1_793' title='bbox 2732 4800 2789 4851; x_wconf 90' lang='lat' dir='ltr'><strong>et</strong></span> <span class='ocrx_word' id='word_1_794' title='bbox 2818 4798 3209 4854; x_wconf 61' lang='lat' dir='ltr'><strong>daemoniacas</strong></span> <span class='ocrx_word' id='word_1_795' title='bbox 3265 4813 3397 4855; x_wconf 89' lang='lat' dir='ltr'><strong>esse</strong></span> <span class='ocrx_word' id='word_1_796' title='bbox 3427 4794 3753 4854; x_wconf 83' lang='lat' dir='ltr'><strong>arbitretur.</strong></span> 
     </span>
    </p>
   </div>
   <div class='ocr_carea' id='block_1_108' title="bbox 2104 4879 3757 4959">
    <p class='ocr_par' dir='ltr' id='par_1_108' title="bbox 2104 4879 3757 4959">
     <span class='ocr_line' id='line_1_108' title="bbox 2104 4879 3757 4959; baseline 0 -21"><span class='ocrx_word' id='word_1_797' title='bbox 2104 4883 2408 4952; x_wconf 78' lang='lat' dir='ltr'><strong>Octavum,</strong></span> <span class='ocrx_word' id='word_1_798' title='bbox 2475 4886 2629 4955; x_wconf 90' lang='lat' dir='ltr'><strong>quod</strong></span> <span class='ocrx_word' id='word_1_799' title='bbox 2669 4889 2996 4942; x_wconf 82' lang='lat' dir='ltr'><strong>extremum</strong></span> <span class='ocrx_word' id='word_1_800' title='bbox 3062 4886 3284 4959; x_wconf 90' lang='lat' dir='ltr'><strong>objicit,</strong></span> <span class='ocrx_word' id='word_1_801' title='bbox 3336 4884 3652 4959; x_wconf 83' lang='lat' dir='ltr'><strong>imaginem</strong></span> <span class='ocrx_word' id='word_1_802' title='bbox 3704 4879 3757 4933; x_wconf 69' lang='lat' dir='ltr'><strong>et</strong></span> 
     </span>
    </p>
   </div>
   <div class='ocr_carea' id='block_1_109' title="bbox 2103 4969 3753 5048">
    <p class='ocr_par' dir='ltr' id='par_1_109' title="bbox 2103 4969 3753 5048">
     <span class='ocr_line' id='line_1_109' title="bbox 2103 4969 3753 5048; baseline -0.002 -20"><span class='ocrx_word' id='word_1_803' title='bbox 2103 4970 2554 5029; x_wconf 88' lang='lat' dir='ltr'><strong>similitudinem</strong></span> <span class='ocrx_word' id='word_1_804' title='bbox 2586 4973 2709 5042; x_wconf 89' lang='lat' dir='ltr'><strong>Dei,</strong></span> <span class='ocrx_word' id='word_1_805' title='bbox 2743 4975 2814 5030; x_wconf 90' lang='lat' dir='ltr'><strong>ad</strong></span> <span class='ocrx_word' id='word_1_806' title='bbox 2876 4991 3056 5048; x_wconf 90' lang='lat' dir='ltr'><strong>quam</strong></span> <span class='ocrx_word' id='word_1_807' title='bbox 3088 4975 3262 5035; x_wconf 91' lang='lat' dir='ltr'><strong>homo</strong></span> <span class='ocrx_word' id='word_1_808' title='bbox 3310 4974 3581 5035; x_wconf 90' lang='lat' dir='ltr'><strong>conditus</strong></span> <span class='ocrx_word' id='word_1_809' title='bbox 3634 4969 3753 5027; x_wconf 81' lang='lat' dir='ltr'><strong>fue-</strong></span> 
     </span>
    </p>
   </div>
   <div class='ocr_carea' id='block_1_110' title="bbox 2099 5216 3127 5288">
    <p class='ocr_par' dir='ltr' id='par_1_110' title="bbox 2099 5216 3127 5288">
     <span class='ocr_line' id='line_1_110' title="bbox 2099 5216 3127 5288; baseline 0.003 -17"><span class='ocrx_word' id='word_1_810' title='bbox 2099 5216 2348 5280; x_wconf 80' lang='lat' dir='ltr'><strong>invenio,</strong></span> <span class='ocrx_word' id='word_1_811' title='bbox 2379 5232 2553 5288; x_wconf 64' lang='lat' dir='ltr'><strong>aeque</strong></span> <span class='ocrx_word' id='word_1_812' title='bbox 2581 5218 2663 5273; x_wconf 82' lang='lat' dir='ltr'><strong>uti</strong></span> <span class='ocrx_word' id='word_1_813' title='bbox 2682 5218 2968 5283; x_wconf 83' lang='lat' dir='ltr'><strong>retineam,</strong></span> <span class='ocrx_word' id='word_1_814' title='bbox 2999 5221 3127 5276; x_wconf 75' lang='lat' dir='ltr'><strong>scio.</strong></span> 
     </span>
    </p>
   </div>
   <div class='ocr_carea' id='block_1_111' title="bbox 2171 5285 3752 5363">
    <p class='ocr_par' dir='ltr' id='par_1_111' title="bbox 2171 5285 3752 5363">
     <span class='ocr_line' id='line_1_111' title="bbox 2171 5285 3752 5363; baseline -0.003 -20"><span class='ocrx_word' id='word_1_815' title='bbox 2171 5288 2192 5321; x_wconf 79' lang='grc'>³</span> <span class='ocrx_word' id='word_1_816' title='bbox 2224 5285 2491 5360; x_wconf 82' lang='lat' dir='ltr'><strong>Intellige</strong></span> <span class='ocrx_word' id='word_1_817' title='bbox 2523 5305 2625 5360; x_wconf 90' lang='lat' dir='ltr'><strong>pro</strong></span> <span class='ocrx_word' id='word_1_818' title='bbox 2655 5304 2724 5345; x_wconf 84' lang='lat' dir='ltr'><strong>eo</strong></span> <span class='ocrx_word' id='word_1_819' title='bbox 2765 5290 2921 5362; x_wconf 87' lang='lat' dir='ltr'><strong>quod</strong></span> <span class='ocrx_word' id='word_1_820' title='bbox 2953 5290 3013 5346; x_wconf 90' lang='lat' dir='ltr'><strong>in</strong></span> <span class='ocrx_word' id='word_1_821' title='bbox 3062 5291 3319 5363; x_wconf 85' lang='lat' dir='ltr'><strong>paradisi</strong></span> <span class='ocrx_word' id='word_1_822' title='bbox 3351 5285 3596 5363; x_wconf 74' lang='lat' dir='ltr'><strong>historia</strong></span> <span class='ocrx_word' id='word_1_823' title='bbox 3622 5292 3752 5363; x_wconf 79' lang='lat' dir='ltr'><strong>eon-</strong></span> 
     </span>
    </p>
   </div>
   <div class='ocr_carea' id='block_1_112' title="bbox 2098 5356 3734 5436">
    <p class='ocr_par' dir='ltr' id='par_1_112' title="bbox 2098 5356 3734 5436">
     <span class='ocr_line' id='line_1_112' title="bbox 2098 5356 3734 5436; baseline 0.002 -23"><span class='ocrx_word' id='word_1_824' title='bbox 2098 5358 2337 5436; x_wconf 80' lang='lat' dir='ltr'><strong>t_inetur,</strong></span> <span class='ocrx_word' id='word_1_825' title='bbox 2370 5356 2548 5436; x_wconf 69' lang='lat' dir='ltr'><strong>atque</strong></span> <span class='ocrx_word' id='word_1_826' title='bbox 2577 5356 2899 5416; x_wconf 75' lang='lat' dir='ltr'><strong>enarratur.</strong></span> <span class='ocrx_word' id='word_1_827' title='bbox 2937 5356 3257 5436; x_wconf 50' lang='lat' dir='ltr'><strong>[loc-sensu</strong></span> <span class='ocrx_word' id='word_1_828' title='bbox 3298 5360 3542 5436; x_wconf 76' lang='lat' dir='ltr'><strong>Siricius</strong></span> <span class='ocrx_word' id='word_1_829' title='bbox 3571 5356 3734 5436; x_wconf 49' lang='lat' dir='ltr'><strong>pagi,</strong></span> 
     </span>
    </p>
   </div>
   <div class='ocr_carea' id='block_1_113' title="bbox 2098 5426 3775 5506">
    <p class='ocr_par' dir='ltr' id='par_1_113' title="bbox 2098 5426 3775 5506">
     <span class='ocr_line' id='line_1_113' title="bbox 2098 5426 3775 5506; baseline -0.003 -21"><span class='ocrx_word' id='word_1_830' title='bbox 2098 5431 2279 5506; x_wconf 83' lang='lat' dir='ltr'><strong>Epist.</strong></span> <span class='ocrx_word' id='word_1_831' title='bbox 2316 5432 2388 5486; x_wconf 90' lang='lat' dir='ltr'><strong>ad</strong></span> <span class='ocrx_word' id='word_1_832' title='bbox 2424 5426 2683 5506; x_wconf 77' lang='lat' dir='ltr'><strong>diversos</strong></span> <span class='ocrx_word' id='word_1_833' title='bbox 2716 5438 2917 5488; x_wconf 89' lang='lat' dir='ltr'><strong>contra</strong></span> <span class='ocrx_word' id='word_1_834' title='bbox 2960 5434 3358 5502; x_wconf 83' lang='lat' dir='ltr'><strong>Jovinianum,</strong></span> <span class='ocrx_word' id='word_1_835' title='bbox 3414 5432 3491 5489; x_wconf 84' lang='lat' dir='ltr'><strong>ab</strong></span> <span class='ocrx_word' id='word_1_836' title='bbox 3516 5426 3590 5485; x_wconf 75' lang='lat' dir='ltr'><strong>eo</strong></span> <span class='ocrx_word' id='word_1_837' title='bbox 3614 5426 3775 5506; x_wconf 49' lang='lat' dir='ltr'><strong>digit</strong></span> 
     </span>
    </p>
   </div>
   <div class='ocr_carea' id='block_1_114' title="bbox 2098 5499 3749 5575">
    <p class='ocr_par' dir='ltr' id='par_1_114' title="bbox 2098 5499 3749 5575">
     <span class='ocr_line' id='line_1_114' title="bbox 2098 5499 3749 5575; baseline 0.002 -19"><span class='ocrx_word' id='word_1_838' title='bbox 2098 5499 2225 5557; x_wconf 84' lang='lat' dir='ltr'><strong>novi</strong></span> <span class='ocrx_word' id='word_1_839' title='bbox 2270 5519 2335 5557; x_wconf 81' lang='lat' dir='ltr'><strong>ac</strong></span> <span class='ocrx_word' id='word_1_840' title='bbox 2394 5506 2589 5557; x_wconf 72' lang='lat' dir='ltr'><strong>veteris</strong></span> <span class='ocrx_word' id='word_1_841' title='bbox 2649 5505 2972 5560; x_wconf 80' lang='lat' dir='ltr'><strong>Tcslamcnti</strong></span> <span class='ocrx_word' id='word_1_842' title='bbox 3022 5499 3420 5563; x_wconf 74' lang='lat' dir='ltr'><strong>continentiam</strong></span> <span class='ocrx_word' id='word_1_843' title='bbox 3475 5499 3749 5575; x_wconf 63' lang='lat' dir='ltr'><strong>praeverti,</strong></span> 
     </span>
    </p>
   </div>
   <div class='ocr_carea' id='block_1_115' title="bbox 2095 5574 3749 5650">
    <p class='ocr_par' dir='ltr' id='par_1_115' title="bbox 2095 5574 3749 5650">
     <span class='ocr_line' id='line_1_115' title="bbox 2095 5574 3749 5650; baseline 0.001 -23"><span class='ocrx_word' id='word_1_844' title='bbox 2095 5575 2247 5644; x_wconf 82' lang='lat' dir='ltr'><strong>quod</strong></span> <span class='ocrx_word' id='word_1_845' title='bbox 2283 5578 2372 5650; x_wconf 71' lang='lat' dir='ltr'><strong>est</strong></span> <span class='ocrx_word' id='word_1_846' title='bbox 2401 5575 2726 5650; x_wconf 71' lang='lat' dir='ltr'><strong>doctrinam</strong></span> <span class='ocrx_word' id='word_1_847' title='bbox 2762 5577 2816 5630; x_wconf 91' lang='lat' dir='ltr'><strong>in</strong></span> <span class='ocrx_word' id='word_1_848' title='bbox 2851 5582 3099 5650; x_wconf 85' lang='lat' dir='ltr'><strong>utroque</strong></span> <span class='ocrx_word' id='word_1_849' title='bbox 3131 5574 3509 5634; x_wconf 79' lang='lat' dir='ltr'><strong>Testamento</strong></span> <span class='ocrx_word' id='word_1_850' title='bbox 3526 5574 3749 5630; x_wconf 74' lang='lat' dir='ltr'><strong>conten-</strong></span> 
     </span>
    </p>
   </div>
   <div class='ocr_carea' id='block_1_116' title="bbox 2093 5646 2924 5720">
    <p class='ocr_par' dir='ltr' id='par_1_116' title="bbox 2093 5646 2924 5720">
     <span class='ocr_line' id='line_1_116' title="bbox 2093 5646 2924 5720; baseline 0.002 -19"><span class='ocrx_word' id='word_1_851' title='bbox 2093 5649 2214 5701; x_wconf 85' lang='lat' dir='ltr'><strong>tam</strong></span> <span class='ocrx_word' id='word_1_852' title='bbox 2250 5646 2505 5703; x_wconf 89' lang='lat' dir='ltr'><strong>absurde</strong></span> <span class='ocrx_word' id='word_1_853' title='bbox 2536 5647 2924 5720; x_wconf 88' lang='lat' dir='ltr'><strong>interpretari.</strong></span> 
     </span>
    </p>
   </div>
  </div>
