3958 6408
184 360 325 475 ω’

1260 389 1576 469 CONTRA
1617 378 1991 463 somnum
2034 390 2456 465 amaoson:

3448 396 3571 473 3'18

181 543 281 613 rat,
298 532 440 600 dicit
456 538 543 599 ab
569 555 636 599 eo
664 538 984 616 perditam,
1016 540 1076 597 et
1102 536 1164 597 in
1192 536 1433 598 homine
1473 541 1607 613 poet
1635 553 1805 611 para-
1833 529 1890 599 Α
1920 532 2094 595 ardor
2124 537 2273 598 bene
2302 538 2667 599 credentium
2698 536 2728 597 Τ
2757 540 2894 599 audi
2924 535 3272 613 Apostoium
3306 554 3322 609 ;
3356 561 3385 591 «
3419 537 3487 596 Et
3516 536 3587 596 si‘

188 622 357 692 disum
384 640 499 689 non
526 630 731 689 fuisse.
764 652 769 655 λ
1202 648 1209 653 ’

247 724 296 781 8.
329 722 705 780 Humilitasac
749 721 989 778 charitas
1057 722 1377 794 Epiphanii.
1437 722 1805 778 Praetextatus

191 814 357 873 causa!
379 813 691 881 designatas
721 833 740 880 ,-
771 810 902 885 quid
924 811 1129 868 solebat
1176 811 1375 866 dicere.
1437 810 1600 865 Fides
1654 825 1807 882 pura

190 918 374 962 moram
399 914 509 959 ποη
534 904 771 974 patitur.
806 901 962 957 Zelus
992 899 1123 972 ﬁdei
1153 902 1275 973 quis
1322 900 1513 957 debeat
1555 916 1685 957 esse.
1739 931 1806 942 —-

191 990 273 1051 Ha
298 995 427 1048 sunt
450 991 702 1064 sagittis,
726 989 942 1063 quibus
963 989 1291 1047 confoderis
1329 1009 1342 1046 :
1375 990 1499 1046 haec
1529 989 1808 1062 tela,qui-

190 1083 290 1140 bus
314 1081 366 1136 in
395 1083 517 1137 tota
546 1076 808 1153 Epistola
836 1078 1165 1137 vulneraris
1200 1097 1211 1137 :
1246 1085 1485 1152 excepto
1507 1096 1594 1145 eo,
1649 1079 1807 1152 quod

191 1171 295 1228 tuis
316 1170 557 1245 genibus
588 1169 924 1238 advolutus,
970 1173 1360 1243 sanctamque
1408 1168 1685 1226 canitiem
1720 1186 1809 1225 se-

191 1261 356 1335 posito
410 1272 724 1333 parumper
774 1259 1098 1316 sacerdotis
1148 1260 1367 1316 honore
1426 1260 1812 1315 substernens

192 1350 281 1423 [At
311 1349 686 1422 substinens],
719 1350 1066 1422 deprecatur
1115 1348 1365 1405 salutem
1415 1352 1602 1417 tuam,
1634 1353 1690 1405 et
1720 1349 1813 1405 his

192 1438 361 1497 verbis
388 1437 649 1511 loquitur
680 1457 695 1495 :
729 1463 756 1488 ‹‹
790 1439 1006 1495 Praesta
1035 1436 1181 1494 mihi
1212 1443 1267 1495 et
1299 1438 1405 1494 tibi
1430 1442 1496 1494 ut
1545 1436 1812 1505 salveris,

192 1528 329 1586 sicut
354 1528 638 1601 scriptum
669 1532 777 1596 est,
809 1531 855 1584 A
884 1529 1258 1602 generatione
1288 1542 1559 1602 perversa
1588 1546 1601 1584 ε
1636 1532 1692 1583 et
1722 1544 1816 1584 re-

192 1612 311 1675 cede
339 1617 406 1673 ab
439 1616 645 1674 haeresi
671 1617 961 1690 Origenis,
1014 1620 1072 1674 et
1114 1634 1148 1673 a
1186 1616 1423 1673 'cunctis
1470 1616 1814 1688 hmresibus,

186 1705 567 1764 dilectissime.
622 1728 649 1757 »
682 1704 755 1763 Et
802 1702 957 1763 inh'a
988 1724 1001 1763 :
1038 1728 1067 1758 ‹‹
1118 1707 1363 1781 Propter
1416 1706 1817 1764 defensionem

190 1790 451 1853 hereseos
482 1796 792 1853 adversum
823 1810 920 1852 me
966 1795 1100 1853 odia
1148 1796 1503 1853 suscitantes
1541 1796 1819 1870 rumpitis

194 1882 540 1955 charitatem,
573 1901 753 1958 quam
801 1886 862 1942 in
898 1886 1065 1942 vobis
1090 1884 1271 1943 habui
1307 1905 1319 1942 :
1356 1886 1415 1942 in
1446 1890 1704 1953 tantum,
1753 1889 1822 1941 ut

188 1974 432 2032 faceretis
453 1988 567 2032 nos
596 1973 773 2031 etiam
802 1973 1082 2048 poenitere
1111 1990 1293 2048 quare
1341 1975 1506 2033 vobis
1550 1990 1818 2033 commu-

187 2063 584 2132 nicaverimus,
616 2063 701 2120 ita
724 2063 992 2137 Origenis
1021 2078 1247 2123 errores
1291 2070 1347 2121 et
1394 2065 1671 2139 dogmata
1719 2066 1819 2121 de-

188 2150 606 2210 fendentibus.»
636 2150 739 2209 Dic
768 2153 939 2220 mihi,
970 2153 1303 2227 disputator
1331 2154 1661 2228 egregie,de
1693 2159 1822 2211 octo

188 2241 469 2314 capitulis,
507 2242 576 2297 ad
610 2258 737 2313 quae
768 2242 1166 2316 responderis.
1220 2242 1521 2317 Paulisper
1554 2245 1624 2300 de
1654 2248 1822 2302 cate-

192 2329 263 2387 ris
288 2334 443 2388 taceo
515 2331 621 2403 (Αι.
690 2332 936 2403 tacens).
1007 2332 1203 2389 Prima
1267 2332 1368 2389 illa
1430 2332 1821 2407 blasphemia,

190 2420 325 2492 quod
356 2434 459 2477 nec
511 2419 691 2477 Filius
714 2421 1091 2490 Patrem,nec
1144 2422 1356 2479 Filium
1402 2424 1589 2496 possit
1628 2423 1825 2480 videre

189 2506 426 2583 Spiritus
457 2513 724 2581 sanctus,
755 2511 972 2583 quibus
1016 2528 1049 2567 a
1078 2517 1134 2568 te
1179 2512 1317 2568 telis
1360 2515 1632 2569 cenf‘ossa
1679 2518 1769 2569 est
1796 2513 1825 2567 ‘I

193 2620 218 2649 α
267 2598 564 2668 Sanctam,
622 2601 836 2673 inquit,
910 2605 968 2657 et
1039 2602 1398 2659 adorandam
1455 2603 1824 2673 Trinitatem,

187 2687 430 2760 ejusdem
463 2689 835 2758 substantiae,
864 2695 921 2748 et
945 2694 1597 2765 coaeternam,ejusdem
1629 2692 1824 2767 glorim

192 2781 242 2835 et
267 2779 525 2837 divitatis
570 2779 874 2837 credimus
908 2797 920 2836 :
957 2779 1522 2838 anathematizantes
1578 2799 1678 2839 eos
1725 2782 1826 2856 qui

187 2868 410 2943 grande,
443 2872 550 2925 aut
580 2884 845 2943 parvum,
879 2873 981 2926 aut
1012 2869 1323 2943 inaequale,
1378 2875 1479 2926 aut
1510 2869 1734 2928 visibile
1765 2871 1826 2928 in

190 2954 388 3014 deitate
416 2957 728 3015 Trinitatis
759 2958 1084 3031 quidquam
1129 2958 1469 3033 loquuntur.
1500 2959 1614 3016 Sed
1675 2959 1829 3018 sicut

189 3042 631 3121 incorporalem,
690 3047 1045 3105 invisibilem
1099 3055 1157 3105 et
1234 3052 1515 3106 aeternum
1577 3049 1827 3107 dicimus

191 3130 405 3193 Patrem
440 3153 455 3194 :
494 3137 579 3193 sic
602 3137 1059 3211 incorporalem,
1080 3138 1435 3196 invisibilem
1455 3143 1512 3195 et
1541 3144 1825 3196 aeternum

188 3222 673 3284 dicimus'Fi‘lium
708 3232 767 3283 et
802 3224 1094 3301 Spiritum
1128 3233 1422 3285 sanctum.
1460 3253 1483 3282 ι
1536 3229 1658 3286 Nisi
1718 3229 1829 3286 hec

187 3313 413 3383 diceres,
461 3315 791 3374 Ecclesiam
841 3283 957 3374 non
1005 3322 1235 3374 teneres
1284 3336 1297 3375 :
1350 3322 1409 3375 et
1454 3323 1651 3376 tamen
1710 3283 1903 3376 τιοιι(1

187 3414 385 3476 quam,
417 3406 469 3462 si
506 3409 642 3462 ante
671 3420 790 3463 non
820 3405 1039 3464 dixeris
1094 3409 1136 3475 ¹,
1196 3422 1314 3464 non
1374 3407 1722 3475 sventilabo,
1780 3409 1831 3465 si

186 3494 452 3554 amaveris
482 3510 587 3553 eos
617 3496 715 3569 qui
747 3495 890 3553 talia
916 3495 1420 3570 praedicaverunt;
1456 3513 1589 3554 cum
1614 3498 1833 3572 quibus

186 3581 374 3653 fueris,
407 3586 651 3659 quando
679 3585 796 3642 ista
842 3584 1102 3642 dicentes
1147 3585 1352 3643 exsilia
1401 3587 1829 3644 sustinebant:

182 3671 304 3744 quis
329 3673 406 3731 sit
434 3670 560 3741 ille,
590 3674 695 3746 qui
724 3674 957 3732 Theone
987 3674 1327 3749 presbytero
1355 3676 1638 3749 Spiritum
1690 3693 1828 3733 san-

184 3765 328 3821 ctum
358 3768 548 3822 Usum
578 3765 685 3834 [Αἰ.
720 3764 974 3832 Domini]
1028 3764 1089 3820 in
1135 3764 1399 3822 Ecclesia
1450 3766 1825 3839 praedicante,

187 3848 451 3911 clauserit
471 3854 956 3926 aures,forasque
986 3866 1123 3910 cum
1155 3853 1282 3911 suis
1306 3855 1571 3911 concitus
1593 3856 1829 3929 fugerit,

186 3952 252 3997 ne
272 3945 510 4000 tantum
572 3942 805 3999 audiret
834 3942 1161 4016 piaculum,
1227 3943 1440 4000 Statim
1499 3944 1654 4001 415
1704 3958 1836 4002 sera

190 4031 560 4090 conversione
617 4028 871 4099 fidelem,
946 4032 1166 4105 inquit,
1254 4032 1404 4091 volo.
1482 4033 1835 4091 Miserabilis

188 4114 590 4193 Pretextatus,
617 4122 719 4195 qui
762 4121 1107 4196 designatus
1153 4123 1357 4180 consul
1405 4128 1494 4179 est
1543 4127 1832 4180 mortuus.

189 4198 361 4269 Homo
384 4212 742 4286 sacrilegus,
775 4217 834 4269 et
881 4209 1174 4269 idolorum
1220 4210 1431 4279 cultor,
1488 4209 1712 4269 solebat
1741 4211 1839 4267 lu-

188 4294 320 4357 deus
348 4300 523 4359 beato
550 4314 720 4376 papae
748 4298 1003 4358 Damaso
1047 4301 1239 4358 dicere
1270 4318 1284 4357 :
1319 4300 1509 4358 Facite
1564 4318 1657 4357 me
1724 4302 1835 4358 Ito-

185 4386 359 4447 mane
397 4391 568 4448 urbis
600 4390 968 4464 episcopum,
1001 4395 1059 4446 et
1087 4405 1184 4446 ero
1231 4389 1502 4464 protinus
1549 4389 1838 4447 Christia—

187 4484 290 4536 nus
312 4470 357 4536 τ.
380 4472 543 4547 Ouid
578 4479 726 4537 mihi
774 4478 953 4553 longo
986 4495 1256 4537 sermone
1304 4482 1361 4537 et
1396 4478 1697 4537 laciniosis
1744 4496 1839 4554 pe-

182 4564 355 4626 riodis
385 4570 675 4627 Arianum
700 4572 759 4627 te
789 4582 903 4627 non
936 4582 1067 4627 esse
1097 4569 1471 4627 demonstras
1499 4566 1528 4625 ?
1555 4570 1670 4626 Aut
1690 4585 1839 4643 nega

1913 649 2022 689 nos
2054 632 2160 704 (At.
2193 632 2369 706 hono)
2401 636 2507 690 aut
2536 632 2783 707 angelus
2832 633 2903 689 de
2963 630 3103 687 caelo
3161 629 3329 688 aliter
3385 642 3564 687 evan-

1914 721 2245 797 gelizaverit
2270 722 2435 779 vobis
2468 741 2646 796 quam
2697 722 3202 790 annuntiavimus,
3252 719 3567 778 anathema

1916 815 1992 868 sit
2021 812 2221 885 (Galat,
2258 831 2298 881 1,
2329 813 2405 885 8).
2446 837 2465 863 ι
2499 813 2585 870 Tu
2614 812 2761 869 mihi
2792 816 2857 869 ut
2887 811 3108 868 crimen
3162 813 3461 879 extenuas,
3515 814 3573 867 et

1917 902 2288 959 dissimulato
2319 903 2557 960 nomine
2586 902 2911 970 criminosi,
2955 901 3125 974 quasi
3183 917 3391 957 secura
3447 899 3572 956 sint

1918 993 2120 1049 omnia
2148 998 2205 1049 et
2234 993 2435 1049 nullus
2465 992 2524 1049 in
2555 992 2940 1066 blasphemiis
2970 990 3527 1065 arguatur,otiosam
3550 989 3573 1023 ι

1920 1081 2096 1138 fidem
2132 1083 2338 1139 artifici
2372 1099 2641 1140 sermone
2670 1082 2947 1139 contexis.
2979 1081 3081 1138 Dic
3111 1080 3332 1145 statim,
3359 1083 3417 1136 et
3446 1078 3573 1151 Epi-

1920 1171 2072 1227 stola
2103 1176 2209 1228 tua
2236 1172 2347 1228 hoc
2379 1171 2589 1228 habeat
2610 1172 2938 1239 exordium,
2984 1168 3301 1227 anathema
3345 1169 3420 1236 ei,
3471 1168 3570 1240 qui

1919 1260 2062 1317 talia
2091 1278 2273 1318 ausus
2320 1266 2410 1318 est
2465 1261 2739 1319 scribere.
2775 1260 2943 1317 Fides
3002 1276 3151 1332 pura
3180 1274 3408 1315 moram
3455 1274 3570 1313 non

1923 1350 2164 1423 patitur.
2198 1351 2272 1407 Ut
2303 1351 2641 1425 apparuerit
2672 1349 2964 1423 scorpius,
2994 1347 3150 1405 illico
3180 1346 3577 1404 conterendus

1924 1444 2029 1496 est.
2066 1442 2245 1497 David
2276 1430 2550 1497 inventus
2573 1438 2902 1497 secundum
2925 1456 3024 1496 cor
3056 1436 3574 1501 Domini.«Nonne,

1926 1528 2137 1601 inquit,
2172 1530 2436 1587 odientes
2468 1533 2544 1597 te,
2576 1529 2841 1596 Domine,
2876 1526 3135 1595 oderam,
3169 1529 3227 1583 et
3260 1542 3439 1600 super
3466 1523 3576 1581 ini-

1928 1619 2112 1675 micos
2143 1623 2276 1675 tuos
2307 1619 2681 1676 tabescebam
2712 1617 2740 1673 ?
2769 1618 3029 1673 Perfecto
3070 1616 3203 1673 odio
3238 1615 3473 1672 oderam
3508 1613 3577 1669 il-

1925 1706 2015 1765 los
2047 1709 2223 1780 (Psal.
2259 1724 2528 1774 cxxxvm,
2579 1708 2669 1776 2t,
2700 1710 2813 1779 22).
2880 1730 2907 1757 »
2960 1706 3080 1779 Ego
3112 1705 3158 1762 si
3219 1708 3468 1778 patrem,
3529 1704 3577 1760 si

1927 1802 2199 1869 matrem,
2232 1799 2282 1856 si
2312 1815 2660 1872 germanum
2706 1797 2987 1853 adversus
3032 1794 3333 1852 Christum
3382 1810 3581 1849 meum

1848 1908 1896 1974 Β
1927 1888 2284 1945 audivissem
2316 1888 2431 1944 ista
2460 1887 2740 1954 dicentes,
2775 1887 2944 1959 quasi
2971 1884 3161 1974 rabidi
3212 1883 3374 1974 canis
3424 1881 3582 1939 blas-

1926 1978 2269 2050 phemantia
2298 1995 2400 2034 ora
2423 1978 2862 2047 lacerassem,ct
2892 1974 3100 2032 fuisset
3123 1972 3184 2030 in
3215 1971 3424 2047 primis
3455 1989 3583 2028 ma-

1930 2086 2044 2126 nus
2075 2085 2205 2124 mea
2230 2085 2408 2141 super
2439 2084 2557 2124 eos.
2591 2065 2699 2131 Qui
2721 2065 2872 2139 patri
2929 2068 2987 2121 et
3044 2063 3217 2120 matri
3267 2062 3538 2119 dixerunt
3566 2078 3579 2116 :

1930 2159 2049 2216 Non
2078 2160 2330 2214 novimus
2362 2173 2450 2214 vos
2509 2156 2681 2227 (Deut.
2725 2170 2923 2222 XXXIII,
2957 2154 3034 2226 9),
3085 2152 3146 2209 hi
3194 2151 3586 2225 impleverunt

1934 2248 2295 2305 voluntatem
2328 2245 2581 2303 Domini.
2616 2245 2723 2312 Qui
2741 2243 2935 2317 diligit
2956 2246 3182 2316 patrem
3204 2242 3309 2297 aut
3332 2244 3582 2297 matrem

1933 2354 2114 2410 super
2141 2335 2463 2403 Christum,
2495 2352 2611 2391 non
2643 2338 2732 2390 est
2761 2351 2827 2390 eo
2849 2333 3065 2405 dignus
3112 2330 3331 2402 (Matth,
3385 2348 3438 2398 x,
3469 2329 3583 2400 37),

2000 2428 2057 2484 9.
2092 2426 2402 2483 Invisibiles
2431 2432 2559 2481 sunt
2606 2423 2813 2493 angeli.
2874 2421 3211 2493 Hieronymi
3254 2435 3404 2491 pura
3453 2418 3585 2489 ﬁdes

1934 2534 1998 2574 ac
2026 2518 2333 2573 sinceritas.
2368 2547 2434 2557 —
2464 2513 2751 2585 Objicitur
2780 2510 2913 2583 tibi,
2971 2510 3125 2583 quod
3185 2508 3468 2583 magister
3499 2511 3587 2563 tu-

1935 2625 2030 2678 us,
2061 2623 2237 2679 quem
2270 2603 2621 2661 catholicum
2652 2620 2845 2669 vocas,
2878 2618 3050 2673 quem
3084 2598 3349 2656 defendis
3377 2596 3586 2653 obnixe

1935 2696 2146 2752 dixerit
2176 2713 2189 2750 :
2229 2719 2249 2746 ι
2289 2692 2471 2751 Filius
2501 2710 2617 2749 non
2648 2692 2801 2748 videt
2828 2691 3058 2748 Patrem
3092 2708 3106 2758 ;
3139 2693 3197 2745 et
3230 2687 3437 2744 Filium
3471 2703 3587 2742 non

1935 2787 2095 2843 videt
2124 2784 2379 2858 Spiritus
2409 2788 2672 2840 sanctus.
2698 2784 2769 2838 Et
2796 2786 2860 2838 tu
2919 2780 3067 2836 mihi
3114 2778 3262 2835 dicis
3323 2796 3336 2835 :
3387 2775 3591 2833 Invisi-

1937 2875 2076 2933 bilis
2112 2875 2302 2945 Pater,
2336 2871 2646 2931 invisibilis
2702 2871 2905 2939 Filius,
2963 2867 3280 2926 invisibilis
3337 2865 3592 2939 Spiritus

1934 2968 2175 3022 sanctus
2208 2964 2453 3037 :»quasi
2486 2979 2602 3019 non
2632 2964 2689 3018 et
2710 2960 2901 3035 angeli
2926 2963 2982 3017 et
3003 2957 3318 3015 Cherubim
3341 2961 3399 3013 et
3419 2957 3589 3012 Sera-

1938 3053 2460 3127 phim,secundum
2484 3055 2755 3108 naturam
2776 3064 2945 3106 suam
2959 3045 3144 3103 oculis
3158 3044 3375 3102 nostris
3392 3042 3588 3099 invisi-

1934 3140 2084 3199 biles
2115 3142 2237 3198 sint
2262 3142 2291 3197 ?
2318 3140 2483 3197 Certe
2511 3138 2694 3196 David
2724 3138 2899 3194 etiam
2932 3134 3004 3192 de
3033 3136 3273 3208 aspectu
3310 3132 3589 3189 ccelorum

1940 3230 2218 3287 dubitans
2250 3246 2264 3285 :
2296 3253 2323 3279 ‹‹
2356 3228 2601 3293 Videbo,
2632 3223 3237 3299 inquit,caalos,opera
3268 3221 3589 3295 digitorum

1941 3324 2178 3377 tuorum
2213 3320 2385 3392 (Psal.
2419 3336 2543 3385 vm,
2572 3318 2650 3387 5).
2688 3339 2716 3366 »
2747 3315 2990 3372 Videbo.
3014 3330 3131 3370 non
3152 3309 3589 3377 video.Videbo,

1941 3408 2179 3482 quando
2211 3407 2356 3464 facie
2386 3405 2637 3464 revelata
2662 3402 2910 3478 gloriam
2958 3400 3190 3459 Domini
3243 3400 3405 3457 fuero
3454 3416 3590 3455 con-

1940 3495 2262 3570 templatus
2296 3512 2308 3551 :
2340 3511 2497 3551 nunc
2532 3497 2732 3551 autem
2765 3508 2836 3549 ex
2864 3496 3034 3567 parte
3088 3491 3382 3557 videmus,
3440 3496 3492 3545 et
3525 3504 3593 3544 ex

1942 3590 2107 3659 parte
2135 3585 2550 3659 cognoscimus
2581 3587 2601 3652 (
2630 3584 2655 3640 I
2678 3582 2797 3640 Cor.
2832 3599 2956 3649 xm,
2986 3580 3061 3653 9).
3098 3579 3388 3647 Quaeritur
3438 3579 3592 3634 416

1943 3691 2015 3730 an
2047 3675 2274 3731 Patrem
2307 3673 2498 3731 videat
2527 3672 2709 3729 Filius
2743 3690 2756 3729 :
2790 3675 2847 3728 et
2876 3677 2939 3727 tu
2972 3670 3119 3727 dicis
3156 3687 3167 3725 :
3207 3693 3235 3720 α
3275 3665 3592 3725 Invisibilis

1938 3765 2112 3821 Pater
2141 3769 2249 3821 est.
2284 3788 2311 3815 »
2341 3762 2709 3821 Deliberatur
2736 3779 2810 3819 an
2852 3759 3063 3818 Filium
3099 3759 3292 3815 videat
3335 3755 3591 3830 Spiritus

1943 3858 2185 3911 sanctus
2220 3872 2231 3909 :
2266 3858 2323 3909 et
2354 3857 2417 3909 tu
2448 3852 2791 3925 respondes,
2825 3873 2853 3901 ‹‹
2891 3847 3205 3906 Invisibilis
3229 3851 3316 3902 est
3344 3844 3586 3902 Filius.»

1940 3942 2225 3999 Versatur
2251 3943 2312 3999 in
2344 3959 2542 4007 causa,
2578 3958 2652 3997 an
2683 3956 2747 3997 se
2775 3939 3026 3995 invicem
3074 3935 3333 3993 Trinitas
3378 3933 3591 4003 videat,

1943 4031 2218 4088 humana:
2249 4047 2421 4088 aures
2449 4032 2676 4086 tantam
2706 4026 3136 4101 blasphemiam
3161 4025 3311 4082 ferre
3341 4040 3455 4080 non
3489 4040 3593 4080 su—

1945 4122 2169 4178 stinent
2202 4138 2215 4177 :
2248 4126 2304 4177 et
2334 4123 2399 4177 tu
2431 4118 2599 4175 dicis.
2637 4140 2666 4169 «
2697 4116 3015 4173 Invisibilis
3044 4115 3304 4172 Trinitas
3334 4119 3442 4171 est.
3478 4137 3505 4164 »
3529 4113 3593 4168 In

1946 4210 2153 4268 laudes
2183 4214 2420 4267 czeteras
2452 4206 2714 4282 evagaris
2750 4224 2762 4264 :
2797 4222 3035 4280 peroras
3057 4205 3117 4261 in
3144 4205 3263 4271 his,
3298 4222 3426 4278 qua:
3457 4199 3589 4260 nul-

1946 4300 2044 4358 lus
2074 4298 2340 4374 inquirit.
2374 4297 2711 4355 Auditorem
2746 4296 3029 4355 aliorsum
3058 4295 3263 4364 trahis,
3315 4298 3383 4351 ut
3440 4293 3595 4367 quod

1946 4390 2289 4465 quaerimus,
2323 4406 2437 4445 non
2469 4387 2751 4461 loquaris.
2784 4386 3003 4444 Verum
3032 4386 3153 4443 haec
3183 4401 3252 4442 ex
3299 4384 3596 4457 superﬂuo

1946 4480 2103 4536 dicta
2132 4480 2270 4536 sint.
2303 4478 2605 4535 Donamus
2635 4476 2738 4534 tibi
2766 4480 2833 4534 ut
2861 4494 2978 4533 non
3016 4475 3099 4532 sis
3148 4474 3404 4531 Arianus
3436 4491 3447 4529 :
3478 4473 3596 4527 imo

1950 4569 2104 4644 plus,
2138 4572 2205 4625 ut
2235 4584 2538 4641 nunquam
2565 4567 2768 4625 fueris.
2792 4566 3201 4631 Concedimus,
3234 4566 3301 4619 ut
3337 4562 3396 4617 in
3428 4577 3595 4633 expo-

184 4642 284 4714 hoc
302 4658 527 4716 dixisse
556 4668 717 4725 eum,
766 4659 867 4731 qui
908 4660 1180 4732 arguitur
1212 4674 1225 4715 :
1254 4663 1358 4715 aut
1379 4659 1428 4716 si
1486 4658 1717 4715 locutus
1745 4642 1835 4716 est
1862 4658 1916 4729 D
1945 4642 2157 4717 sitione
2186 4656 2363 4731 primi
2398 4655 2662 4731 capituli,
2696 4657 3007 4713 adversum
3040 4659 3097 4712 te
3127 4651 3290 4709 nulla
3336 4648 3595 4723 suspicio

178 4742 334 4821 talia,
364 4748 616 4817 damna,
648 4748 789 4821 quia
817 4748 1031 4806 dixerit
1058 4749 1101 4804 ³.
1134 4747 1241 4805 Vis
1270 4748 1417 4806 scire
1447 4754 1707 4821 quantus
1756 4748 1834 4806 sit

249 4977 434 5037 'Cum
468 4994 683 5038 nempe
710 4983 885 5035 antea
916 4977 1236 5035 Macedonii
1276 4977 1543 5035 haeresim
1594 4984 1835 5038 secutus

180 5040 972 5136 si‘tqloﬂierqso'ly‘mitanus,
1005 5054 1078 5136 et
1093 5049 1834 5136 S,‘Spiritus‘divinitatem

180 5123 499 5205 negaverit.
533 5120 698 5192 Quod
716 5122 918 5180 subdit
938 5120 1011 5177 de
1037 5120 1384 5178 PraeteXtato
1415 5123 1600 5179 altera
1632 5141 1833 5200 expro-

182 5180 363 5254 breue
385 5194 479 5254 est
504 5194 571 5251 in
602 5195 911 5255 Joannem.
944 5192 1047 5255 qui
1082 5191 1354 5250 utilitatis
1385 5210 1563 5252 causa
1585 5214 1619 5253 a
1648 5198 1835 5255 Mace-

184 5211 363 5254 nrauo
385 5211 479 5254 est
504 5211 571 5251 in
602 5211 1047 5277 Joannem,.qu1
1082 5211 1354 5250 uumaus
1385 5211 1563 5252 causa
1585 5214 1619 5253 a
1648 5211 1835 5255 Mece-

184 5264 449 5326 donianis
478 5268 746 5338 secessit,
778 5272 837 5324 et
864 5265 1014 5323 nihil
1044 5281 1159 5322 non
1202 5268 1404 5334 movit,
1451 5272 1517 5323 ut
1566 5268 1836 5328 Hieroso-

182 5324 503 5390 iwhitarms
537 5339 849 5390 episeonus
881 5341 1063 5390 ﬂeret.

202 5340 503 5410 ythitanus
537 5340 849 5414 episcopus
881 5341 1063 5394 iteret.

202 5400 431 5493 ἀμνῗρ
464 5411 769 5493 A‘mmian.
802 5408 1132 5493 Marcellis.
1163 5407 1483 5493 libonxxvn,
1528 5429 1577 5469 c.
1629 5412 1684 5483 3,
1736 5414 1836 5470 ubi

182 5474 347 5556 dea.
374 5483 600 5540 Pontif.
634 5480 1075 5556 magnificentia
1102 5479 1387 5556 loquitur.

472 5559 628 5641 erat,
660 5552 766 5613 Aut
792 5557 846 5612 si
874 5557 1086 5611 locutus
1111 5552 1198 5610 est
1226 5555 1390 5623 talia,
1451 5570 1576 5611 eum
1629 5556 1841 5615 damna

182 5626 270 5694 Qui
294 5627 531 5684 dixerit.

292 5698 700 5785 Reposuimus
725 5700 961 5785 otiosam
992 5708 1061 5754 ex
1091 5696 1207 5753 ﬁde
1253 5710 1403 5785 mss.
1453 5701 1515 5785 et
1552 5702 1836 5783 vetustio-

185 5780 303 5830 rum
332 5772 691 5846 editionum,
721 5772 851 5845 ipso
886 5772 1067 5830 etiam
1098 5772 1341 5843 cogente
1371 5772 1654 5830 orationis
1704 5790 1842 5833 con-

1943 4751 2040 4819 sit,
2074 4755 2131 4806 et
2160 4750 2350 4807 totum
2384 4762 2548 4820 pure,
2581 4750 2773 4803 totum
2823 4742 3171 4818 simpliciter
3208 4742 3293 4799 sis
3341 4739 3594 4808 locutus,

1944 4986 2127 5039 textu.
2162 4981 2306 5036 Puta
2336 4978 2452 5035 dici
2480 4977 2718 5035 inanem
2751 4977 2870 5033 sive
2897 4975 3168 5033 inutilem
3199 4991 3265 5031 ac
3310 4974 3598 5047 superflu-

1945 5071 2040 5111 am
2074 5054 2271 5109 tidem.
2302 5052 2381 5107 Eo
2424 5067 2603 5107 sensu
2660 5049 3058 5114 Quintilianus
3114 5051 3348 5104 otiosum
3392 5061 3599 5101 sermo-

1944 5143 2071 5183 nem
2100 5124 2269 5190 dixit,
2305 5128 2369 5178 ut
2417 5123 2490 5178 ab
2526 5121 2657 5179 aliis
2704 5121 3006 5194 exemplis,
3036 5120 3389 5194 abstineam.
3438 5117 3600 5173 Eras-

1946 5215 2081 5255 mus
2112 5195 2419 5253 maluisset
2446 5194 2675 5250 enodam
2706 5194 2825 5249 sive
2871 5190 3117 5259 enodem,
3178 5190 3471 5246 Victorius
3545 5194 3602 5244 et

1944 5270 2322 5327 Martianaaus
2353 5282 2568 5323 erosam
2596 5266 2815 5337 legunt.
2848 5297 2917 5337 -έ
2949 5267 3177 5321 Erosam
3232 5262 3415 5334 ﬁdem,
3436 5261 3598 5337 “Non

1945 5359 2179 5399 aerosam
2225 5339 2327 5396 sed
2376 5340 2606 5395 otiosam
2653 5334 2845 5393 iidem
2900 5336 3107 5409 legunt
3151 5352 3295 5409 mss.
3348 5334 3598 5409 codices.

1946 5412 2512 5486 Conjicit_Erasmus
2542 5405 3148 5486 legendumneiiodam
3204 5405 3324 5486 sive
3362 5406 3602 5486 enodem

1950 5477 2231 5557 [ideimid
2268 5485 2358 5557 est
2389 5477 3315 5557 simplicem,et_nihil_habentem
3345 5477 3601 5557 distorti.

1949 5550 2114 5626 Quod
2147 5553 2448 5611 Marianus
2474 5550 2788 5625 impugnat
2811 5553 2870 5626 in
2905 5552 3030 5610 suis
3062 5550 3605 5626 scholiis,probans

1951 5623 2163 5687 érosam
2196 5626 2371 5682 tidem
2428 5623 2769 5698 legendum,
2829 5625 2941 5683 hoc
2999 5630 3087 5681 est
3143 5641 3258 5682 non
3315 5623 3604 5696 integram

1951 5717 2142 5776 neque
2169 5714 2397 5756 sanam.
2420 5697 2703 5755 Msarua.
