3958 6394
433 353 554 424 8'19

1544 396 1587 405 οι
1634 358 1740 423 rS.
1786 358 2098 424 EUSEBII
2139 360 2608 425 HIEBONYMI.

3698 344 3813 417 8&0

436 495 644 552 eadem
675 492 1049 568 simplicitate
1069 496 1127 551 et
1154 510 1262 552 nos
1291 498 1486 551 tecum
1546 492 1865 566 loquimur.
1925 495 2078 551 Num
2107 499 2162 564 Α
2193 496 2374 553 lsaias
2404 496 2664 569 Virginis
2692 488 3253 563 demonstrator,qui
3282 488 3341 544 in
3373 503 3491 544 una
3509 485 3811 560 quastione

440 603 595 658 papa
624 584 989 657 Epiphanius
1016 584 1563 654 accusavitte,quod
1591 584 1847 639 Arianus
1878 600 2040 639 esses
2061 584 2087 637 ?

436 676 589 731 Num
622 673 1056 730 Eunomiiaeéos
1089 674 1128 740 ¹,
1163 677 1263 728 aut
1294 672 1429 729 )Erii
1460 675 1479 706 ²
1508 672 1610 727 tibi
1672 673 1916 745 impegit
1970 673 2084 725 hze-

437 765 613 819 resim
645 761 674 816 ?
704 763 821 817 Hoc
850 778 953 833 per
992 765 1176 817 totam
1226 760 1541 833 Epistolam
1594 762 1875 832 qumritur
1930 762 2082 833 quod

435 851 699 923 Origenis
731 852 1075 921 dogmatum
1108 850 1376 920 sequaris
1406 865 1651 916 errores,
1684 854 1741 904 et
1793 850 2083 921 quosdam

434 941 653 997 habeas
683 940 865 1011 hujus
895 940 1178 995 haereseos
1211 940 1417 994 socios.
1471 940 1584 993 Cur
1629 938 1788 994 aliud
1832 938 2084 993 interro-

432 1034 626 1102 gatus,
661 1030 980 1102 respondes
1030 1028 1209 1095 aliud,
1272 1033 1327 1083 et
1383 1029 1549 1099 quasi
1606 1044 1742 1082 cum
1775 1027 1973 1082 stultis
2006 1027 2084 1081 lo-

434 1119 638 1190 quaris
670 1116 1059 1174 dissimulatis
1081 1116 1449 1184 criminibus,
1471 1134 1596 1188 qua:
1628 1117 1683 1170 in
1711 1116 1921 1170 litteris
1954 1133 2085 1170 con-

431 1208 863 1278 tinentur,quid
894 1207 953 1260 in
985 1206 1240 1261 Ecclesia
1270 1206 1538 1277 praesenti
1572 1206 1899 1277 Epiphanio
1922 1205 2080 1259 dixe-

435 1298 515 1352 ris
547 1296 573 1350 ‘?
605 1295 1037 1352 Conlessionem
1059 1295 1188 1350 ﬁdei
1214 1294 1551 1367 postularis,
1581 1295 2075 1350 etdisertissimos

431 1389 719 1439 tractatus
748 1388 879 1439 tuos
901 1384 1235 1438 nolentibus
1266 1383 1483 1455 ingeris
1512 1386 1539 1437 ‘2
1570 1383 2081 1451 Quarso,lector,ut

433 1490 658 1529 memor
686 1472 999 1528 tribunalis
1019 1471 1333 1540 Domini,et
1363 1473 1432 1527 de
1452 1473 1677 1543 judicio
1702 1477 1800 1527 tuo
1824 1478 1877 1527 te
1911 1472 2078 1526 intel-

430 1561 620 1634 ligens
642 1561 1170 1633 judicandum,nec
1203 1561 1485 1627 mihi,nec
1509 1562 1840 1617 adversario
1864 1562 2079 1625 faveas,

436 1668 581 1707 neve
612 1667 894 1723 personas
932 1649 1327 1721 loquentium,
1377 1651 1477 1705 sed
1530 1666 1768 1705 causam
1815 1650 2078 1705 conside-

432 1757 546 1797 res.
581 1741 856 1797 Dicamus
881 1755 1017 1812 ergo
1040 1739 1195 1811 quod
1228 1740 1533 1811 coepimus.

502 1920 590 1975 lO.
624 1921 795 1975 Isaias
825 1920 1063 1989 Virginis
1094 1918 1517 1974 demonstrator.
1568 1918 1788 1973 Scribis
1840 1919 1898 1973 in
1948 1917 2079 1989 Epi-

430 2009 584 2067 stola
612 2013 733 2076 tua,
781 2008 938 2080 quod
989 2012 1302 2078 antequam
1351 2006 1730 2061 Paulinianus
1780 2006 2084 2078 presbyter

434 2101 620 2165 ﬁeret,
653 2113 961 2169 nunquam
990 2101 1046 2151 te
1097 2112 1247 2168 papa
1305 2094 1666 2167 Epiphanius
1726 2112 1902 2167 super
1956 2095 2080 2150 Ori-

433 2188 600 2260 genis
629 2202 821 2242 errore
852 2185 1140 2241 convenit.
1175 2184 1436 2240 Primum
1470 2186 1715 2240 dubium
1764 2190 1872 2252 est,
1924 2190 1981 2240 et
2011 2186 2081 2240 de

433 2276 701 2349 personis
730 2276 990 2347 disputo.
1025 2274 1125 2330 Ille
1162 2274 1447 2345 objecissc
1480 2291 1541 2329 se
1573 2275 1733 2343 dicit,
1763 2280 1819 2329 tu
1853 2292 2070 2347 negas:

430 2366 527 2421 ille
558 2369 736 2422 testes
768 2366 1005 2436 prol'ert,
1039 2369 1100 2419 tu
1137 2382 1246 2419 non
1278 2365 1366 2419 vis
1398 2364 1601 2419 audire
1635 2364 2079 2435 productos,llle

430 2455 606 2511 etiam
635 2459 1057 2510 commemorat
1085 2452 1266 2507 alium
1300 2469 1426 2508 esse
1458 2459 1827 2517 conventum,
1882 2458 1942 2509 tu
1976 2470 2079 2524 pro

432 2551 681 2616 utroque
712 2542 1054 2598 dissimulas
1086 2560 1099 2598 :
1126 2542 1307 2597 mittit
1332 2543 1435 2598 tibi
1464 2559 1567 2613 per
1593 2542 1869 2597 clericum
1901 2559 2078 2597 suum

431 2631 767 2705 epistolam,
819 2630 1261 2703 responsionem
1311 2630 1536 2702 ﬂagitat
1579 2648 1592 2685 :
1636 2635 1814 2695 taces,
1869 2631 2081 2685 mutire

432 2739 547 2777 non
571 2722 772 2789 audes,
824 2725 882 2777 et
928 2719 1250 2775 Palaestina)
1296 2724 1666 2790 provocatus,
1720 2718 2078 2773 Alexandria:

431 2811 708 2884 loqueris.
747 2812 899 2866 Inter
932 2808 1096 2863 illum
1128 2813 1184 2863 et
1215 2813 1290 2873 te,
1325 2808 1414 2862 cui
1465 2808 1963 2862 accommodanda
2005 2809 2082 2863 sit

434 2902 581 2957 ﬁdes
603 2916 721 2956 non
752 2904 842 2955 est
872 2914 1068 2953 meum
1114 2897 1322 2951 dicere.
1392 2897 1533 2952 Puto
1579 2897 1732 2968 quod
1794 2913 1897 2951 nec
1955 2897 2080 2969 ipse

431 2990 650 3045 audeas
691 2989 1000 3043 adversum
1061 2985 1234 3040 talem
1293 3002 1359 3040 ac
1417 2990 1646 3041 tantum
1701 2985 1912 3052 virum,
1972 2986 2076 3041 tibi

430 3080 757 3146 veritatem,
822 3073 903 3129 illi
941 3074 1314 3130 mendacium
1392 3076 1540 3130 417
1607 3075 1909 3146 deputare,
1971 3077 2075 3131 Sed

435 3166 559 3223 ﬁeri
618 3168 834 3238 potest,
895 3169 961 3219 ut
1020 3162 1424 3235 unusquisque
1484 3179 1586 3235 pro
1665 3180 1726 3219 se
1779 3163 2075 3235 loquatur.

2116 1872 2163 1937 B

2196 588 2588 642 succumbens
2620 586 2702 640 ait
2733 601 2746 640 :
2776 584 3191 639 Ccneralionem
3238 582 3352 651 ejus
3400 579 3495 651 qui
3550 579 3811 633 enarrabit

2196 677 2320 748 (Im.
2358 694 2476 743 LIII,
2508 675 2619 742 8)?
2662 676 2944 745 Repertus
2994 677 3081 726 cst
3129 670 3356 725 sarculis
3403 667 3614 723 nostris
3666 666 3808 721 haud

2194 766 2434 837 grandis
2469 762 2863 818 homunculus
2893 762 2994 832 qui
3027 761 3097 814 de
3130 758 3356 813 cunctis
3392 756 3645 811 Ecclesiae
3668 772 3811 826 qua:-

2196 854 2484 909 stionibus
2507 870 2621 907 uno
2640 852 2852 923 linguae
2876 855 3065 907 rotatu
3085 847 3206 903 sole
3224 847 3439 902 clarius
3480 851 3807 900 coruscaret.

2195 945 2253 999 Si
2290 960 2459 998 nemo
2491 960 2525 997 a
2552 947 2605 997 te
2633 940 3051 1013 postulabat,et
3082 935 3399 1007 tranquilla
3420 938 3580 990 erant
3609 932 3811 998 omnia,

2194 1032 2369 1087 stulte
2402 1037 2561 1086 tanta
2592 1030 2929 1101 disputandi
2962 1026 3196 1082 voluisti
3225 1025 3422 1081 subire
3468 1021 3807 1077 discrimina.

2194 1123 2251 1177 Si
2275 1124 2402 1193 jam
2434 1128 2572 1175 tunc
2608 1120 2665 1175 in
2698 1119 3062 1175 satisfatione
3109 1115 3243 1170 ﬁdei
3292 1113 3639 1185 loquebaris,
3690 1127 3810 1182 ergo

2194 1228 2308 1266 non
2361 1216 2449 1265 est
2494 1209 2782 1265 ordinatio
2830 1204 3178 1279 presbyteri,
3236 1220 3417 1259 causa
3480 1199 3808 1257 discordia}:

2193 1316 2364 1371 quem
2398 1304 2625 1355 constat
2683 1296 2864 1352 multe
2922 1300 3052 1367 post
3108 1299 3369 1364 tempore
3424 1290 3808 1353 constitutum,

2192 1389 2463 1444 Fefcllisti
2498 1389 2788 1452 absentes,
2823 1391 2878 1441 et
2910 1384 3113 1439 littera:
3147 1386 3257 1437 tua:
3307 1378 3629 1453 peregrinis
3677 1376 3811 1433 auri-

2193 1479 2304 1533 bus
2336 1477 2736 1533 blandiuntur.

2267 1568 2352 1622 11.
2388 1564 2981 1637 ΑηῑΙινοροιηονμΙιίιιϊν.
3017 1593 3082 1602 -
3134 1561 3252 1615 Nos
3282 1558 3374 1614 hic
3405 1574 3638 1613 eramus
3684 1572 3810 1613 cun-

2192 1662 2284 1711 cta
2313 1656 2583 1712 novimus
2614 1654 2847 1725 quando
2880 1656 3082 1707 contra
3110 1650 3414 1721 Origenem
3464 1648 3520 1702 in
3576 1644 3814 1701 Ecclesia

2192 1751 2292 1801 tua
2349 1762 2499 1817 papa
2559 1742 2917 1815 Epiphanius
2976 1740 3378 1810 loquebatur:
3436 1734 3663 1807 quando
3715 1732 3811 1788 sub

2194 1834 2353 1889 illius
2421 1833 2655 1888 nomine
2722 1832 2779 1885 in
2848 1847 2949 1885 vos
3010 1830 3116 1899 [ΑΙ.
3165 1832 3289 1893 nos]
3352 1824 3553 1896 jacula
3601 1827 3813 1893 torque-

2192 1925 2426 1979 bantur.
2460 1923 2546 1977 Tu
2580 1927 2637 1976 et
2667 1922 2881 1975 chorus
2924 1924 3064 1974 tuus
3096 1916 3303 1972 canino
3337 1916 3506 1980 rictu,
3567 1911 3814 1968 naribus-

2189 2030 2301 2085 que
2332 2011 2663 2077 contractis,
2699 2009 3026 2080 scalpentes
3059 2008 3273 2078 capita,
3323 2003 3579 2059 delirum
3632 2015 3812 2057 senem

2190 2100 2431 2157 nutibus
2478 2102 2498 2133 ³
2550 2097 2966 2171 loquebamini.
3032 2096 3234 2151 Nonne
3307 2098 3442 2148 ante
3495 2089 3812 2163 sepulcrum

2190 2190 2421 2247 Domini
2474 2189 2653 2244 misso
2711 2186 3125 2243 archidiacono
3184 2182 3530 2255 praecepisti,
3584 2186 3646 2235 ut
3690 2176 3827 2233 talia‘

2189 2278 2495 2349 disputans
2522 2273 2991 2330 conticesceret?
3042 2272 3183 2337 Quis
3238 2270 3345 2324 hoc
3406 2284 3659 2339 unquam
3708 2282 3814 2337 pre-

2190 2366 2421 2438 sbytero
2453 2382 2559 2420 suo
2591 2379 2787 2418 coram
2825 2361 2990 2433 plebe
3022 2358 3312 2430 inperavit
3342 2358 3449 2427 ζΑι.
3476 2353 3809 2427 impetravit]

2189 2455 2500 2527 episcopus
2529 2452 2556 2507 ?
2580 2453 2783 2507 Nonne
2814 2468 2947 2504 cum
2979 2450 3049 2504 de
3078 2446 3348 2503 Anastasi
3382 2448 3402 2479 ‘
3428 2444 3732 2517 pergeretis
3753 2441 3815 2498 ad

2189 2561 2446 2610 crucem,
2477 2547 2533 2596 et
2561 2542 2632 2595 ad
2661 2557 2794 2596 eum
2851 2539 3047 2595 omnis
3105 2535 3290 2591 aetatis
3349 2540 3408 2590 et
3454 2534 3604 2590 418
3661 2546 3815 2587 sexus

2191 2634 2362 2688 turba
2390 2632 2727 2696 conﬁ‘ueret,
2761 2630 3010 2685 offerens
3057 2625 3353 2698 parvulos,
3384 2625 3559 2696 pedes
3601 2622 3817 2677 deoscu-

2188 2721 2339 2789 lans,
2376 2721 2637 2775 ﬁmbrias
2667 2718 2883 2774 vellens
2919 2736 2931 2786 ;
2964 2732 3215 2787 cumque
3238 2731 3351 2769 non
3384 2717 3579 2785 posset
3600 2725 3817 2783 praemo-

2186 2828 2315 2867 vere
2347 2811 2616 2883 gradum,
2651 2810 2750 2865 sed
2785 2808 2843 2863 in
2883 2824 2996 2862 uno
3028 2806 3151 2861 loco
3182 2805 3274 2858 vix
3306 2805 3522 2859 ﬂuctus
3552 2799 3817 2856 inundan-

2188 2900 2263 2956 tis
2296 2899 2491 2972 populi
2526 2898 2860 2964 sustineret,
2894 2901 2953 2951 tu
3016 2900 3203 2950 tortus
3263 2892 3481 2948 invidia
3536 2890 3816 2958 ,adversus

2187 2989 2508 3062 gloriosum
2570 3005 2768 3043 semen
2830 2986 3176 3041 clamitabas
3229 2999 3383 3037 :nec
3439 2977 3715 3036 crubuisti
3765 2976 3815 3029 in

2188 3097 2253 3135 os
2284 3079 2331 3134 ei
2365 3079 2574 3143 dicere,
2637 3078 2791 3148 quod
2848 3076 3051 3130 volens
3110 3078 3166 3128 et
3223 3073 3294 3127 de
3355 3070 3646 3126 industria
3697 3082 3809 3121 mo-

2189 3174 2433 3224 raretur.
2498 3167 2819 3222 Recordare
2879 3181 3076 3236 quaeso
3153 3162 3314 3217 illius
3392 3161 3530 3223 diei,
3601 3155 3817 3231 quando

432 3255 713 3327 Teipsum
746 3257 949 3308 contra
990 3258 1045 3308 te
1079 3257 1288 3308 testem
1320 3254 1555 3309 vocabo.
1619 3252 1678 3308 Si
1727 3253 1885 3308 enim
1945 3253 2073 3309 nul-
2108 3244 2149 3309 C
2190 3260 2262 3314 ad
2296 3259 2498 3313 horam
2530 3258 2843 3328 septimam
2878 3255 3159 3309 invitatus
3219 3250 3475 3324 populus
3532 3265 3632 3321 spe
3685 3244 3817 3310 sola,

427 3342 485 3397 1a
552 3342 624 3397 de
689 3340 1064 3413 dogmatibus
1131 3341 1374 3413 quaestio
1440 3342 1819 3397 versabatur:
1856 3342 1905 3397 si
1964 3347 2077 3397 sto-

428 3430 705 3485 machum
740 3430 898 3485 senis
928 3445 1043 3484 non
1076 3446 1339 3485 moveras
1372 3449 1384 3485 :
1416 3431 1465 3485 si
1497 3430 1594 3485 ille
1626 3430 1731 3485 tibi
1792 3430 1939 3485 nihil
1990 3448 2074 3487 re-

426 3518 762 3591 sponderat,
794 3517 933 3590 quid
965 3535 1200 3574 necesse
1249 3524 1392 3584 erat,
1456 3523 1522 3574 ut
1552 3518 1611 3573 in
1662 3536 1778 3575 uno
1809 3520 2075 3575 Ecclesiae

424 3612 699 3676 tractatu,
733 3608 805 3662 de
838 3608 1075 3662 cunctis
1111 3608 1511 3679 dogmatibus,
1545 3607 1723 3662 homo
1759 3626 1873 3663 non
1933 3610 2077 3663 satis

423 3698 721 3769 eloquens,
745 3697 1082 3769 disputares
1117 3712 1129 3750 :
1166 3698 1236 3750 de
1263 3695 1564 3762 Trinitate,
1589 3697 1656 3750 de
1675 3699 2077 3769 assumptione

423 3786 699 3842 dominici
733 3785 1015 3859 corporis,
1048 3786 1119 3841 de
1154 3786 1436 3853 cruce,de
1464 3785 1682 3852 inferis
1724 3787 1789 3841 :le
1840 3787 2078 3860 angelo-

422 3892 556 3932 rum
588 3880 819 3943 natura,
852 3876 924 3931 de
958 3876 1289 3931 animarum
1322 3879 1504 3942 statu,
1537 3876 1606 3930 de
1656 3877 2076 3931 resurrectione

424 3964 766 4034 Salvatoris,
793 3970 850 4020 et
908 3970 1235 4021 nostrazet
1287 3964 1346 4019 in
1405 3970 1578 4034 terra,
1643 3982 1770 4037 quae
1831 3966 2073 4021 forsitan

428 4053 647 4110 oblitus
675 4071 737 4110 es
768 4054 1046 4121 scribere,
1080 4053 1465 4125 presentibus
1487 4053 1723 4125 populis
1767 4060 1825 4110 et
1874 4054 1975 4110 tali
2008 4073 2075 4110 ac

424 4147 589 4198 tanto
611 4142 756 4207 viro,
790 4143 1117 4214 intrepidus
1144 4142 1367 4197 diceres
1398 4148 1455 4197 et
1486 4142 1684 4199 omnia
1733 4161 1851 4199 una
1890 4142 2075 4199 saliva

426 4229 801 4286 continuares
829 4231 857 4284 ?
889 4230 992 4286 Ubi
1027 4235 1165 4285 sunt
1211 4235 1433 4285 veteres
1483 4230 1749 4286 Ecclesiae
1798 4237 2071 4288 tractato-

426 4336 539 4387 res,
573 4319 674 4391 qui
703 4319 794 4373 vix
822 4317 1089 4390 singulas
1138 4318 1491 4390 quaestiones
1534 4319 1820 4391 explicare
1870 4320 2073 4377 multis

430 4408 831 4465 voluminibus
863 4410 1233 4480 potuerunt?
1267 4406 1364 4463 ubi
1415 4407 1715 4463 electionis
1771 4427 1871 4465 vas
1930 4411 2072 4466 tuba

423 4496 743 4570 Evangelii,
776 4499 1007 4569 rugitus
1039 4496 1225 4552 leonis
1245 4496 1449 4562 nostri,
1467 4498 1759 4553 tonitruus
1782 4500 2067 4570 gentium,

422 4587 643 4643 ﬂumen
670 4586 1013 4665 eloquentiae
1044 4584 1407 4651 Christianae,
1444 4586 1545 4657 qui
1602 4589 1951 4659 mysterium
1985 4607 2070 4645 re-
2102 4616 2148 4681 Β

384 4681 514 4733 .tro
564 4676 1047 4749 generationibus
1105 4674 1437 4746 ignoratum
1471 4676 1693 4745 (Cotoss,
1752 4693 1790 4742 1,
1872 4680 1983 4747 2(3),
2018 4684 2074 4734 et

421 4767 784 4838 profundum
815 4766 1152 4821 divitiarum
1186 4763 1486 4836 sapientia:
1543 4769 1601 4818 et
1661 4765 1916 4821 scientiae
1974 4769 2076 4823 Dei

424 4856 613 4928 magis
645 4855 915 4924 miratur,
950 4872 1127 4927 quam
1168 4853 1430 4926 loquitur
1460 4853 1631 4923 (Rom.
1676 4872 1755 4923 x1,
1791 4858 1880 4926 33)
1910 4857 1936 4911 ?
1972 4859 2074 4915 Ubi

496 4982 509 5014 ¹
552 4982 693 5037 Nom
720 4982 997 5037 Dunomii.
1033 4978 1417 5035 Sorbonicum
1453 4978 1748 5049 exemplar
1788 4998 1898 5036 ms.
1932 4988 2077 5038 Num

423 5055 721 5119 Eunomii,
781 5056 840 5109 id
888 5063 966 5108 est
1020 5054 1140 5125 sine
1190 5051 1314 5120 Deo,
1372 5053 1467 5103 aut
1515 5052 1641 5125 Erii
1696 5051 1805 5125 tibi
1854 5055 2078 5125 impegit

423 5125 883 5197 haeresim.iErdili
916 5124 1199 5180 omittunt
1231 5138 1443 5197 nomen
1486 5123 1649 5197 Hirti,
1681 5122 1811 5197 Aqui
1868 5122 2078 5197 et'ipse

423 5194 676 5250 Arianus
709 5196 819 5250 fuit
838 5213 903 5251 ac
935 5196 1266 5250 haereticus.
1327 5192 1497 5265 Vide,
1530 5192 1919 5265 Epiphanium
1975 5192 2073 5252 lib.

426 5266 585 5339 uide
617 5268 844 5339 Haeres”
878 5273 934 5323 et
965 5264 1276 5339 Augustin.
1328 5265 1385 5318 in
1443 5263 1592 5320 libro
1639 5263 1721 5321 ad
1782 5268 2075 5335 Quodvult-

424 5337 610 5401 deum,
646 5337 911 5393 Maurum
925 5382 937 5393 .

498 5409 517 5481 ξ
547 5407 714 5481 Haud
747 5407 891 5481 bene
923 5408 1191 5464 Martian.
1226 5409 1376 5463 Arrii
1398 5423 1501 5478 pro
1540 5410 1704 5474 /Erii,
1752 5411 1904 5481 quod
1938 5411 2079 5467 cele-

427 5478 551 5533 bris
577 5478 835 5534 haeretici
868 5488 958 5535 est
987 5498 1220 5535 nomen.

496 5551 517 5583 ³
547 5550 669 5605 Vox
695 5552 920 5604 nutibus
951 5553 1008 5606 in
1043 5551 1212 5605 veteri
1267 5550 1403 5605 edit.
1460 5551 1844 5608 desideratur.
1906 5558 2078 5608 Porro

427 5636 495 5676 ex
519 5622 786 5694 sequenti
816 5621 941 5677 loco
973 5621 1451 5694 antiquissimum
1507 5624 1900 5683 archidiaconi
1950 5643 2079 5683 mu-

430 5709 542 5748 nus
573 5693 990 5751 animadverte.

2188 3348 2359 3419 quasi
2393 3352 2591 3419 postea
2622 3346 2930 3401 auditurus
2981 3341 3378 3415 Epiphanium
3429 3355 3559 3396 esse
3612 3335 3817 3392 detine-

2187 3437 2380 3504 batur,
2413 3435 2554 3508 quid
2600 3440 2737 3489 tunc
2792 3434 3133 3489 cocionatus
3194 3431 3296 3486 sis.
3356 3429 3577 3501 Nempe
3632 3428 3819 3482 contra

2185 3521 2955 3596 Anthropomorphitas,qui
2978 3520 3352 3592 simplicitate
3403 3517 3620 3573 rustica
3649 3514 3815 3570 Deum

2186 3615 2399 3671 habere
2434 3613 2717 3678 membra,
2751 3628 2878 3683 qua:
2913 3611 2971 3665 in
3004 3608 3218 3664 divinis
3249 3606 3419 3663 libris
3451 3606 3664 3678 scripta
3691 3602 3817 3658 sunt

2184 3704 2566 3767 arbitrantur,
2600 3702 2799 3757 furens
2830 3704 2885 3756 et
2925 3699 3240 3769 indignans
3284 3695 3619 3768 loquebaris
3650 3707 3810 3759 ;ocu-

2185 3793 2272 3849 los
2304 3798 2359 3847 et
2390 3809 2601 3847 manus
2633 3796 2690 3846 et
2721 3789 2898 3845 totius
2930 3788 3188 3860 corporis
3218 3792 3519 3851 truncum,
3544 3785 3601 3839 in
3631 3794 3815 3839 senem

2185 3882 2502 3953 dirigebas,
2533 3880 2732 3935 volens
2765 3878 2934 3933 illum
2980 3882 3320 3949 suspectum
3369 3875 3559 3930 facere
3606 3867 3815 3928 stultis-

2184 3971 2345 4027 simre
2370 3965 3201 4039 haereseospostquamlassos
3224 3981 3320 4020 ore
3342 3959 3817 4032 arido,resupina-

2185 4077 2299 4132 que
2323 4060 2543 4115 cervice
2595 4076 2661 4113 ac
2711 4055 3097 4111 trementibus
3148 4053 3320 4110 labiis
3373 4048 3721 4115 conticuisti,
3768 4048 3816 4099 et

2185 4151 2419 4205 tandem
2454 4148 2634 4203 totius
2669 4145 2867 4218 populi
2901 4149 3034 4200 vota
3063 4143 3355 4215 completa
3382 4138 3688 4213 sunt,quid
3719 4134 3815 4190 tibi

2184 4238 2317 4293 fecit
2346 4236 2567 4292 delirus
2599 4241 2654 4291 et
2685 4237 2882 4290 fatuus
2915 4252 3087 4289 senex
3117 4234 3144 4288 ?
3173 4231 3457 4297 Surrexit,
3486 4233 3551 4286 ut
3579 4245 3640 4285 so
3668 4223 3814 4281 indi-

2183 4331 2341 4384 caret
2373 4342 2558 4399 pauca
2589 4325 2883 4379 dicturum
2916 4340 3063 4389 esse,
3098 4321 3466 4392 salutataque
3512 4324 3569 4375 et
3612 4330 3741 4372 voce
3769 4313 3819 4367 et

2184 4434 2360 4472 manu
2394 4414 2649 4469 Ecclesia
2674 4416 2715 4479 δ,
2749 4437 2775 4464 ‹‹
2810 4414 3033 4469 Cuncta
3063 4411 3294 4482 (inquit)
3337 4427 3465 4481 quae
3489 4408 3711 4465 locutus
3736 4402 3816 4456 est

2181 4504 2427 4576 collegio
2462 4503 2674 4568 frater,
2710 4506 2875 4557 aetate
2910 4500 3063 4555 ﬁlius
3095 4516 3280 4566 meus,
3331 4502 3535 4554 contra
3586 4492 3817 4551 Anthro-

2180 4593 2687 4667 pomorphitarum
2720 4590 3011 4654 haeresim,
3045 4591 3191 4644 bene
3221 4592 3277 4643 et
3308 4587 3555 4643 ﬁdeliter
3599 4583 3843 4639 locutus-

2185 4688 2294 4749 est,
2328 4700 2456 4754 quae
2489 4698 2617 4736 mea
2648 4697 2884 4752 quoque
2915 4681 3233 4735 damnatur
3260 4692 3416 4733 voce.
3452 4675 3564 4732 Sed
3597 4680 3815 4743 aequum

2185 4775 2293 4839 est,
2328 4776 2392 4825 ut
2445 4770 2738 4841 quomodo
2778 4769 2929 4823 hanc
2976 4768 3249 4823 hzerestm
3301 4755 3815 4820 condemnamusb

2185 4860 2358 4914 etiam
2394 4858 2657 4930 Origenis
2692 4875 2966 4929 perversa
2994 4857 3269 4928 dogmata
3312 4854 3815 4910 cendemnemus.»

2257 4985 2277 5017 ι
2308 4984 2505 5038 Victor
2533 4990 2813 5047 ἀναστάσει,
2848 4982 3000 5052 quod
3032 4985 3121 5037 est
3149 4981 3221 5037 de
3264 4979 3387 5036 loco
3420 4970 3815 5052 illesurrectio-

2188 5055 2300 5120 nis,
2334 5056 2405 5110 ad
2440 5055 2632 5109 locum
2665 5056 2783 5110 sive
2806 5046 3121 5109 Stationem
3154 5052 3365 5108 crucis.
3416 5050 3594 5105 Vetus
3638 5046 3815 5101 autem

2187 5128 2325 5191 edit,
2362 5143 2692 5199 perperam,
2722 5127 2909 5181 Nonne
2936 5143 3062 5181 cum
3091 5143 3202 5180 una
3230 5140 3353 5179 cum
3385 5124 3481 5178 Dei
3507 5135 3657 5177 serva
3682 5120 3817 5173 Ana-

2185 5202 2347 5254 stasio
2382 5201 2703 5270 pergeretis,
2732 5203 2839 5253 etc.

2258 5266 2457 5326 l‘Manu
2488 5266 2716 5325 scilicet
2745 5270 2815 5324 ad
2847 5286 2912 5324 os
2944 5268 3081 5337 lata,
3116 5266 3325 5323 deinde
3350 5338 3353 5339 ν
3376 5267 3657 5339 porrecta,
3704 5270 3817 5328 quae

2186 5346 2355 5397 vetus
2411 5346 2534 5397 erat
2586 5340 2956 5397 salutationis
3014 5340 3189 5395 etiam
3247 5336 3644 5394 ecclesiastica:
3700 5344 3821 5389 Con-

2189 5413 2462 5501 suetudo,
2496 5414 2676 5469 Graeci
2708 5413 2911 5468 dicunt
2942 5425 3087 5483 τιμᾶν
3140 5419 3237 5475 τοῖς
3297 5419 3373 5467 διὰ
3454 5417 3627 5482 χειρῶν
3682 5405 3814 5475 φιλή-

2190 5500 2323 5548 μασι.
2824 5500 2833 5505 ”

2261 5559 2281 5591 θ
2317 5556 2497 5610 Vetus
2530 5556 2666 5609 edit.
2700 5557 2937 5625 {Equum
2980 5558 3075 5618 cst,
3121 5564 3180 5609 ut
3239 5552 3445 5624 liquido
3501 5546 3820 5622 explicem!”

2191 5628 2455 5701 quomodo
2488 5628 2627 5682 hanc
2659 5628 2918 5685 hxresim
2948 5626 3391 5683 condemnemus.
