3958 6398
169 347 270 421 381

1267 351 1584 434 CONTRA
1626 347 1997 423 JOANNEM
2041 347 2456 423 HIEROSOL.

3431 360 3570 446 .338

172 487 269 556 Qui
295 480 449 549 risus
479 487 768 561 omnium,
801 509 930 566 quae
987 491 1324 552 acclamatio
1355 501 1668 553 consecuta
1705 496 1804 564 sit,
1833 493 1890 562 Α
1992 494 2078 550 l3.
2115 494 2447 552 Consuetudo
2476 495 2725 553 Ecclesia:
2749 513 2851 570 pro
2893 495 3259 569 baptizandis.
3294 529 3361 543 -—
3393 498 3568 570 Quis-

170 586 297 655 puto
327 582 480 654 quod
512 583 786 640 retineas.
819 588 937 640 Hoc
967 589 1056 641 est
1085 583 1228 640 illud
1274 587 1429 658 quod
1462 585 1521 642 in
1555 586 1811 659 Epistola

170 676 262 729 tua
287 672 450 740 dicis,
485 673 819 745 loquentem
851 674 1018 730 illum
1041 675 1114 730 ad
1148 677 1428 749 populum
1462 694 1586 750 quae
1617 677 1807 744 vellet,

170 766 221 818 et
247 761 438 834 qualia
468 760 656 818 vellet.
693 763 923 820 Scilicet
955 763 1257 832 deliberat,
1281 765 1381 837 qui
1408 767 1467 821 in
1498 783 1676 840 regno
1707 771 1807 822 tuo

171 855 360 908 contra
381 855 546 908 tuam
587 854 935 909 sententiam
989 854 1359 927 loquebatur.
1419 857 1554 921 Quae
1612 856 1804 922 vellet,

169 941 372 1013 inquis,
402 944 460 997 et
489 941 688 1014 qualia
724 942 911 999 vellet.
972 943 1074 998 Vel
1132 943 1328 1011 lauda,
1389 944 1477 1001 vel
1539 947 1804 1018 reproba.

171 1029 310 1096 Quid
339 1034 392 1086 et
418 1029 513 1086 hic
543 1031 761 1087 dubius
791 1031 1014 1089 incedis
1061 1033 1089 1088 ‘?
1149 1034 1206 1089 Si
1266 1036 1420 1090 bona
1451 1040 1621 1090 erant
1677 1051 1805 1107 quae

169 1118 522 1192 loquebatur,
555 1136 660 1175 cur
691 1137 805 1177 non
853 1125 1053 1194 aperte
1112 1123 1390 1194 praedicas
1435 1126 1462 1178 ’ἶ
1518 1124 1577 1179 Si
1629 1124 1804 1193 mala,

173 1224 266 1263 cur
289 1223 402 1264 non
453 1212 791 1265 constanter
845 1210 1270 1282 reprehendis?
1298 1213 1474 1284 Atqui
1534 1213 1807 1268 columna

168 1297 411 1354 veritatis
441 1315 508 1354 ac
537 1297 693 1366 fidei,
727 1299 829 1370 qui
859 1301 930 1356 de
962 1305 1124 1357 tanto
1182 1301 1304 1357 viro
1357 1303 1534 1359 audet
1592 1303 1804 1371 dicere,

169 1386 424 1460 loquente
484 1385 584 1442 illo
615 1388 684 1443 ad
744 1388 1027 1461 populum
1060 1407 1187 1463 quae
1234 1390 1428 1459 vellet,
1487 1393 1559 1448 de
1613 1393 1807 1465 seipso

170 1493 330 1550 quam
358 1477 677 1549 prudenter
705 1482 762 1533 et
790 1480 1134 1547 verecunde,
1169 1497 1346 1552 quam
1388 1481 1688 1538 humiliter
1718 1498 1806 1538 re-

169 1566 318 1634 ferat,
350 1566 814 1624 consideremus.
840 1567 1058 1636 «Cum,
1090 1569 1301 1642 inquit,
1328 1575 1386 1626 et
1416 1587 1520 1626 nos
1553 1572 1806 1644 quadam

167 1656 250 1713 die
275 1659 403 1712 ante
461 1673 598 1712 eum
653 1655 832 1713 locuti
881 1674 1168 1726 essemus,
1217 1664 1273 1716 et
1321 1677 1577 1732 praesens
1637 1662 1807 1719 lectio

165 1744 488 1818 [Evangelii]
519 1751 908 1818 provocasset,
970 1748 1242 1806 audiente
1280 1749 1380 1804 illo
1425 1755 1481 1806 et
1539 1752 1808 1808 universa

1921 602 2176 658 quamne
2208 588 2561 658 prudentum
2592 591 2650 643 et
2680 589 2807 644 sani
2841 589 3048 661 capitis
3073 590 3130 644 in
3155 607 3270 645 uno
3300 589 3566 647 Ecclesiae

1919 678 2194 746 tractatu,
2225 677 2296 731 de
2328 677 2441 731 line
2477 680 2532 732 et
2563 677 2633 732 de
2664 677 2940 733 omnibus
2973 678 3386 735 ecclesiasticis
3427 681 3569 752 dog-

1920 764 2179 820 matibus
2212 782 2273 821 se
2303 771 2526 821 asserat
2556 767 2890 839 disputasse
2909 768 2936 822 ‘l
2966 769 3170 832 Quaeso
3192 774 3246 824 te
3279 774 3343 824 ut
3371 775 3566 825 osten-

1919 855 2024 909 das
2056 854 2221 920 mihi,
2256 871 2383 926 quae
2415 856 2491 910 sit
2548 855 2647 912 illa
2703 856 2894 922 lectio,
2953 862 3071 912 toto
3130 858 3565 930 Scripturarum

1918 960 2124 1014 sapore
2155 944 2405 1013 condita,
2436 945 2693 1015 cujus‘fte
2725 947 2953 1002 occasio
2986 948 3330 1018 provocarit,
3367 953 3429 1002 ut
3487 966 3572 1004 re-

1918 1037 2090 1103 pente
2120 1033 2191 1088 ad
2247 1033 2569 1105 periculum
2628 1035 2847 1107 ingenii
2898 1037 3329 1093 descenderes?
3359 1042 3425 1092 Et
3455 1038 3568 1093 nisi

1918 1120 2020 1176 tibi
2055 1121 2483 1179 discrtitudinis
2517 1129 2629 1179 tua:
2661 1125 2870 1180 ﬂuvius
2926 1125 3294 1188 inundasset,
3338 1131 3567 1198 poteras

1917 1211 2107 1282 argui,
2149 1213 2302 1283 quod
2337 1229 2451 1268 non
2489 1230 2688 1284 posses
2711 1231 2779 1269 ex
2801 1219 3060 1286 tempore
3083 1217 3154 1271 de
3175 1216 3401 1272 cunctis
3433 1218 3571 1288 dog-

1917 1300 2174 1355 matibus
2204 1302 2412 1357 dicere.
2446 1302 2659 1357 Verum
2691 1304 2831 1374 quid
2864 1304 2972 1359 hoc
3004 1309 3093 1360 est
3127 1305 3155 1358 ‘?
3213 1304 3372 1360 aliud
3432 1324 3572 1378 pro-

1918 1390 2125 1455 mittis,
2184 1396 2239 1445 et
2270 1391 2427 1446 aliud
2462 1391 2721 1448 exhibes.
2747 1393 3120 1450 Consuetudo
3171 1398 3366 1449 autem
3414 1396 3566 1466 apud

1918 1497 2025 1535 nos
2055 1479 2389 1536 istiusmodi
2448 1486 2555 1550 est,
2614 1488 2676 1537 ut
2732 1483 2824 1539 his
2863 1483 2963 1555 qui
3022 1483 3354 1556 baptizandi
3407 1489 3566 1552 sunt,

1919 1569 2075 1625 420
2105 1586 2206 1641 per
2237 1570 2628 1642 quadraginta
2656 1571 2801 1637 dies,
2834 1572 3064 1644 publice
3095 1575 3400 1630 tradamus
3433 1590 3568 1628 san-

1916 1663 2071 1714 ctam
2124 1663 2180 1714 et
2220 1660 2576 1715 adorandam
2608 1661 2951 1717 Trinitatem
2991 1662 3148 1730 (ﬁdei
3180 1662 3567 1734 Symbolum).

1917 1749 1976 1804 Si
2008 1754 2064 1805 te
2096 1767 2352 1823 praesens
2382 1749 2551 1806 lectio
2584 1751 2931 1822 provocavit,
2967 1755 3030 1806 ut
3061 1752 3131 1807 de
3161 1752 3390 1807 cunctis
3424 1753 3571 1825 dog-

166 1833 426 1901 Ecclesia,
459 1835 533 1892 de
569 1836 684 1892 fide
736 1840 794 1892 et
848 1837 1125 1894 omnibus
1181 1840 1336 1894 419
1395 1839 1808 1896 ecclesiasticis
1838 1871 1886 1936 B
1919 1839 2177 1894 matibus
2208 1855 2326 1894 una
2356 1839 2500 1894 hora
2532 1839 2780 1906 diceres,
2814 1839 2956 1910 quid
2987 1855 3224 1895 necesse
3254 1839 3367 1893 fuit
3420 1855 3570 1910 qua-

165 1923 523 1996 dogmatibus
576 1924 697 1980 haec
753 1923 933 1982 locuti
992 1943 1224 1994 sumus,
1281 1944 1406 1999 quae
1439 1932 1496 1984 et
1553 1945 1806 2002 semper,

164 2012 334 2086 gratia
363 2013 488 2084 Dei,
522 2013 920 2071 indesinenter
960 2016 1020 2072 in
1081 2016 1339 2074 Ecclesia
1395 2019 1695 2087 docemus,
1756 2025 1809 2075 et

162 2102 216 2158 in
243 2102 660 2160 catechesibus.

230 2196 304 2250 l2.
337 2195 500 2250 Pater
527 2195 905 2267 episcmporum
933 2197 1292 2268 Epiphanius.
1351 2229 1419 2239 -—-
1473 2199 1630 2273 Rogo
1679 2218 1806 2272 quae

163 2286 243 2338 est
267 2282 377 2339 ista
405 2282 782 2351 conﬁdentia,
815 2285 914 2356 qui
945 2290 1145 2342 tantus
1169 2287 1350 2343 animi
1384 2293 1579 2345 tumor
1605 2294 1627 2345 Ρ
1664 2291 1806 2346 Gor-

164 2371 302 2444 giam
333 2373 899 2429 Leontinumcuncti
923 2375 1256 2448 philosophi
1281 2381 1338 2433 et
1367 2383 1625 2435 oratores
1657 2379 1804 2436 lace-

163 2466 295 2534 rant,
323 2463 482 2534 quod
513 2479 695 2519 ausus
728 2464 820 2531 sit,
861 2464 1093 2535 publice
1125 2466 1268 2522 sella
1302 2468 1512 2538 posita,
1547 2468 1804 2540 polliceri

164 2564 572 2624 responsurum
605 2569 688 2618 se,
711 2553 782 2607 de
812 2569 930 2624 qua
951 2553 1204 2627 quisque
1235 2573 1294 2612 re
1324 2557 1682 2630 interrogare
1712 2577 1806 2615 vo-

161 2637 365 2696 luisset.
393 2641 516 2696 Nisi
542 2657 635 2696 me
667 2641 852 2697 honor
879 2644 1188 2700 sacerdotii
1246 2651 1302 2701 et
1355 2648 1644 2704 veneratio
1703 2667 1804 2706 no-

162 2729 319 2787 minis
347 2732 688 2799 refrenaret,
721 2736 777 2787 et
808 2731 1020 2789 scirem
1082 2733 1227 2790 illud
1279 2737 1538 2808 Apostoli
1572 2757 1584 2794 :
1623 2763 1649 2790 «
1686 2741 1800 2796 Ne—

160 2819 417 2888 sciebam,
453 2821 685 2889 fratres,
721 2821 860 2894 quia
890 2823 1150 2894 pontifex
1207 2831 1296 2881 est
1330 2844 1341 2882 :
1377 2827 1662 2900 scriptum
1717 2835 1805 2886 est

158 2909 296 2964 enim
331 2927 343 2966 :
376 2909 710 2982 Principem
740 2912 940 2984 populi
985 2913 1071 2968 tui
1133 2931 1248 2970 non
1310 2915 1622 2974 maledices
1655 2921 1799 2991 (Act.

157 3014 300 3054 mu.
329 3000 400 3067 5;
431 2999 604 3056 Exod.
641 3017 780 3069 xxn,
811 3002 924 3073 28),
963 3025 988 3050 υ
1023 3019 1140 3074 qua
1165 3005 1576 3063 vociferatione
1605 3014 1663 3064 et
1722 3010 1805 3065 in-

158 3086 475 3160 dignatione
518 3090 848 3158 verborum,
909 3092 981 3146 de
1038 3095 1139 3148 tua
1192 3095 1525 3152 narratione
1549 3113 1802 3170 conque-

160 3177 331 3233 rererl
368 3178 536 3234 Licet
558 3177 685 3251 ipse
713 3179 973 3235 nominis
1001 3181 1085 3235 tui
1115 3185 1392 3238 extenues
1431 3183 1798 3268 dignitatem,

158 3280 274 3322 cum
305 3271 534 3339 patrem
557 3283 702 3340 pene
732 3269 999 3325 omnium
1026 3271 1518 3343 episcoporum,et
1547 3248 1801 3346 antiqua;
1835 3248 1876 3315 C

159 3354 418 3429 reliquias
445 3357 783 3415 sanctitatis
811 3364 868 3414 et
900 3376 1074 3432 opere
1108 3365 1164 3415 et
1192 3377 1461 3419 sermone
1491 3365 1801 3436 despicias.

160 3441 294 3502 Dicis
313 3451 365 3502 te
385 3446 649 3518 quadam
672 3446 930 3512 die,cum
954 3449 1390 3521 przesenslectio
1412 3459 1802 3524 provocasset,

159 3533 407 3590 audiente
429 3535 531 3592 illo
560 3540 614 3592 et
646 3536 919 3594 universa
939 3537 1295 3609 Ecclesia,de
1319 3542 1429 3596 fide
1453 3547 1504 3597 et
1528 3543 1804 3602 omnibus

156 3622 550 3682 ecclesiasticis
563 3625 941 3699 dogmatibus
956 3628 1127 3701 dispu
1137 3631 1486 3687 tasse.Nunc
1501 3634 1513 3666 ¹
1531 3638 1617 3688 est
1632 3635 1805 3691 mira-

157 3711 198 3765 ri
208 3711 778 3788 Demosthenem,qui
793 3715 1248 3789 pulcherrimam
1266 3721 1584 3778 orationem
1603 3727 1804 3780 contra

158 3801 470 3860 Eachinem
503 3803 688 3860 multo
727 3809 989 3879 tempore
1010 3807 1231 3864 dicitur
1266 3813 1804 3870 exarasse.Frustra

157 3889 497 3961 suspicimus
529 3891 637 3962 (Al.
669 3894 1054 3966 suscipimus)
1086 3897 1345 3953 Tullium
1373 3917 1386 3965 ;
1421 3901 1596 3956 refert
1644 3903 1800 3958 enim

157 3978 435 4036 Cornelius
465 3981 660 4052 Nepos
693 3983 734 4048 ³,
769 3998 832 4037 se
863 3989 1170 4054 praesente,
1194 3985 1404 4043 iisdem
1437 4005 1581 4060 pene
1610 3992 1801 4048 verbis

163 4067 358 4138 quibus
387 4069 571 4126 editia
599 4075 710 4138 est,
765 4087 895 4127 eam
945 4090 1048 4146 pro
1079 4075 1344 4132 Cornelio
1400 4079 1677 4135 seditioso
1707 4081 1800 4136 tri.

155 4155 292 4214 buno
323 4159 727 4216 defensionem
790 4167 1144 4234 peroratum.
1203 4166 1287 4221 En
1342 4168 1544 4240 Lysias
1582 4175 1798 4240 noster,

153 4259 211 4302 en
237 4247 550 4317 Gracchus,
585 4253 644 4305 et
674 4255 738 4305 ut
792 4250 1012 4322 aliquid
1045 4253 1116 4308 de
1173 4256 1480 4311 neotericis
1530 4258 1796 4336 inferam,

153 4334 242 4400 Qu.
274 4339 527 4410 Aterius,
563 4339 665 4411 qui
695 4339 1003 4412 ingenium
1061 4343 1152 4397 in'
1185 4351 1492 4402 numerato
1526 4334 1796 4409 habebat,

149 4427 202 4478 ut
226 4424 344 4483 sine
375 4428 667 4485 monitore
700 4432 891 4490 tacere
924 4448 1040 4488 non
1072 4439 1306 4505 posset:
1333 4435 1404 4492 de
1431 4453 1546 4508 quo
1569 4438 1799 4510 egregie

144 4512 311 4571 Casar
335 4519 663 4591 Augustus,
694 4541 722 4570 ‹‹
761 4519 1034 4590 Quintus,
1069 4521 1282 4596 inquit,
1344 4530 1540 4583 noster
1587 4526 1795 4586 suffla-

150 4600 442 4663 minandus
474 4612 566 4663 est
593 4607 634 4663 ³.
670 4630 698 4657 ››

206 4727 219 4761 ¹
251 4728 330 4786 Ita
358 4748 528 4807 mss,
563 4750 666 4806 pro
697 4751 812 4807 quo
835 4735 1087 4793 editores
1137 4739 1507 4796 substituunt
1554 4758 1686 4806 non,
1722 4759 1792 4799 ex

151 4804 630 4886 consequentihut
659 4804 845 4875 aiunt,
874 4809 1027 4865 serie
1057 4811 1365 4868 orationis.
1398 4815 1473 4869 At
1502 4820 1645 4886 puta
1676 4804 1792 4872 iro-

153 4873 453 4958 nicehloqui
486 4873 929 4958 Hieronymum.
990 4957 997 4958 ί
1213 4955 1221 4958 _
1326 4956 1357 4958 μ
1391 4929 1406 4953 .

213 4943 232 4977 ²
261 4943 723 5027 ξοςξρεετὶῐβξεὸ
754 4958 955 5027 noster
984 4957 1178 5026 Nepos
1210 4955 1266 5010 in
1325 4943 1505 5013 libros
1535 4958 1600 5013 de
1645 4961 1791 5014 Cice-

156 5019 293 5097 ronis
329 5019 470 5097 Vita,
504 5021 604 5093 qui
636 5021 955 5097 intercidit.
1006 5019 1276 5082 Attamen
1333 5045 1464 5084 eum
1502 5029 1676 5084 Plinii
1706 5036 1788 5084 tc-

159 5090 412 5148 stimonio
440 5090 725 5170 pugnant,
759 5095 860 5170 qui
891 5095 1025 5150 libr.
1060 5113 1097 5161 ι,
1133 5100 1304 5170 epist.
1338 5103 1427 5167 20,
1463 5103 1643 5157 tradit
1701 5101 1790 5156 Ci-

157 5171 549 5242 cemnem_pro
606 5167 868 5242 Cornelio
930 5167 1244 5240 quatriduo
1323 5173 1532 5242 egisse,
1597 5197 1623 5221 ‹‹
1686 5174 1788 5240 Ne,

159 5237 346 5316 inquit,
380 5237 1002 5316 dubitarepossimus,
1039 5258 1165 5313 quae
1199 5260 1301 5314 per
1333 5237 1529 5316 plures
1563 5237 1792 5311 dics,ut

158 5313 370 5389 {tegeaee
399 5313 544 5389 erat,
575 5309 1012 5389 latiu_s_dixerit,
1048 5309 1250 5389 postea
1288 5309 1472 5372 recisa
1528 5334 1593 5372 ac
1651 5309 1791 5389 pur-

159 5377 272 5460 gata
323 5378 382 5434 in
415 5379 476 5436 in
507 5397 688 5460 unum
716 5382 932 5460 librum
979 5377 1263 5460 grandem
1310 5389 1570 5460 quidem,
1605 5377 1790 5445 unum

157 5447 348 5528 tamen,
387 5456 734 5528 coarctasse.
771 5477 798 5502 ››
834 5456 893 5510 In
924 5447 1103 5512 veteri
1135 5447 1490 5516 autem'edit.
1527 5447 1791 5517 absolute

159 5520 409 5601 scribitur
437 5525 644 5601 Iisdem;
663 5529 883 5594 verbis;
917 5533 976 5584 et
1006 5528 1180 5601 paulo
1213 5536 1367 5596 ante,
1425 5549 1594 5589 voces
1644 5535 1790 5589 mul-

177 5601 202 5642 ο
219 5593 456 5664 tempore
485 5597 915 5654 desiderantur.

217 5661 1084 5750 illeswlsufﬂamiaandusgest.
1135 5675 1416 5750 Erasmus
1471 5675 1612 5750 legit
1665 5694 1789 5733 eor-

166 5738 308 5820 :ltp‘te
333 5738 796 5820 sufﬂaminandus
821 5762 847 5820 ;_
881 5747 1047 5820 vetus
1087 5747 1266 5820 codex
1312 5738 1786 5820 in/ﬂamhmndus.

167 5801 355 5870 De‘hoc
381 5801 558 5872 verba
588 5814 789 5877 isthaac
822 5801 947 5890 legi
1006 5801 1792 5895 apua’a‘ua'i'éas'"?sima;

1920 1928 2195 2000 draginta
2223 1928 2451 1984 dierum
2494 1927 2773 2000 replicare
2832 1928 3157 1984 doctrinam
3178 1929 3206 1984 ἱ)
3235 1928 3334 1983 Sin
3371 1932 3570 1984 autem

1919 2035 1986 2074 ea
2018 2017 2326 2088 referebas,
2362 2035 2488 2090 qua:
2521 2035 2624 2090 per
2654 2023 2834 2073 totam
2867 2019 3380 2091 quadragesimum
3413 2019 3570 2074 locu-

1917 2113 2016 2164 tus
2042 2126 2124 2177 es,
2154 2108 2447 2182 quomodo
2505 2113 2558 2162 te
2607 2109 2862 2180 quadam
2917 2108 3030 2174 die,
3091 2111 3155 2163 ut
3213 2109 3282 2164 de
3341 2110 3568 2164 cunctis

1917 2199 2291 2271 dogmatibus
2325 2197 2568 2265 diceres,
2613 2214 2729 2252 una
2787 2197 2955 2253 lectio
2981 2273 2986 2276 _
3014 2197 3342 2270 provocavit
3372 2199 3400 2252 ?
3460 2199 3568 2254 Sed

1916 2293 1972 2344 et
2002 2289 2096 2344 hic
2127 2289 2401 2359 ambigue
2432 2287 2694 2358 loquitur
2727 2304 2738 2341 :
2777 2292 2967 2358 potest
2997 2288 3152 2342 enim
3187 2288 3330 2353 ﬁeri,
3357 2292 3420 2342 ut
3443 2305 3568 2359 qua:

1917 2395 2020 2450 per
2051 2377 2442 2450 qnadraginta
2473 2377 2596 2431 dies
2649 2376 2876 2431 tradere
2911 2375 3134 2432 solebat
3183 2376 3243 2430 in
3311 2376 3567 2432 Ecclesia

1917 2466 2432 2540 baptizandis,hwc
2464 2465 2574 2520 sub
2605 2465 2780 2520 unius
2813 2464 3076 2520 lectionis
3111 2465 3412 2520 occasione
3446 2482 3568 2536 per-

1916 2557 2232 2613 strinxerit.
2271 2557 2546 2627 Ejusdem
2578 2554 2732 2610 enim
2765 2553 3112 2626 eloquentiae
3140 2559 3248 2618 est,
3295 2559 3351 2610 et
3382 2571 3569 2625 pauca

1916 2645 2139 2716 multis,
2173 2651 2230 2701 et
2261 2645 2446 2701 multa
2475 2643 2678 2717 paucis
2709 2643 2900 2698 verbis
2958 2660 3129 2714 posse
3178 2643 3389 2698 dicere.
3451 2643 3566 2697 Hoc

1915 2753 2146 2808 quoque
2179 2734 2422 2806 intelligi
2456 2735 2647 2800 datur,
2681 2734 2836 2805 quod
2898 2737 3210 2806 postquam
3251 2732 3415 2787 illum
3451 2750 3567 2787 una

1914 2825 2082 2882 lectio
2114 2825 2468 2899 provocavit,
2506 2823 2909 2879 inflammatus
2943 2824 3147 2878 ardore
3179 2823 3432 2888 dicendi,
3467 2840 3568 2894 per

1913 2914 2301 2988 quadraginta
2329 2914 2454 2969 dies
2487 2930 2790 2985 nunquam
2814 2913 3079 2968 tacuerit.
3113 2913 3225 2968 Sed
3256 2915 3313 2968 et
3343 2912 3568 2968 otiosus

1913 3022 2108 3071 senex,
2141 3022 2210 3060 ex
2240 3006 2368 3074 ejus
2397 3020 2494 3060 ore
2525 3003 2880 3075 dependens,
2915 3003 3055 3057 dum
3116 3019 3207 3057 res
3266 3001 3561 3056 inauditas

1913 3094 2061 3150 scire
2091 3094 2403 3156 desiderat,
2438 3108 2583 3164 pene
2641 3090 2939 3146 dormiens
2993 3090 3285 3144 ceciderit.
3347 3089 3565 3145 Utcun-

1913 3200 2027 3255 que
2058 3181 2362 3239 toleranda
2391 3185 2575 3236 sunt:
2628 3180 2870 3236 fortisan
2930 3184 2986 3234 et
3042 3178 3162 3234 haec
3221 3177 3568 3250 simpliciter

1915 3290 2075 3329 more
2114 3289 2221 3328 suo
2254 3272 2329 3326 sit
2357 3271 2607 3326 locutus.

1986 3364 2073 3418 44.
2101 3364 2338 3418 Joannes
2368 3364 2553 3416 tacere
2599 3361 2765 3432 jussit
2817 3359 3207 3431 Epiphaniam.
3271 3358 3568 3430 Epiphaniz'

1916 3455 2101 3508 lzttera
2127 3451 2197 3506 ad
2228 3451 2508 3506 Sirz'cz'um.
2537 3481 2605 3489 ——
2639 3448 2930 3504 Ponamus
2963 3448 3206 3521 reliqua,
3253 3447 3308 3502 in
3344 3448 3564 3520 quibus

1916 3547 2047 3615 post
2076 3541 2362 3597 laciniosa:
2419 3537 2836 3612 disputationis
2897 3537 3282 3610 lahyrinthos,
3343 3555 3563 3610 nequa-

1915 3649 2092 3705 quam
2149 3631 2412 3697 dubiam,
2448 3630 2547 3684 sed
2583 3632 2842 3701 apertam
2897 3628 3063 3701 ponit
3094 3626 3470 3692 sententiam,
3512 3630 3569 3682 et

1916 3722 2095 3777 miros
2127 3724 2413 3776 tractatus
2447 3734 2585 3774 suos
2643 3717 2754 3772 hoc
2813 3717 2926 3772 fine
2984 3715 3326 3772 concludit:
3363 3738 3390 3763 ‹‹
3425 3720 3566 3768 Cum

1914 3811 2035 3866 hzec
2062 3811 2191 3883 ipso
2225 3813 2509 3881 praesente
2539 3807 2715 3862 locuti
2749 3821 3037 3872 essemus,
3059 3813 3112 3860 et
3142 3805 3266 3875 ipse
3295 3808 3428 3874 post
3460 3820 3567 3858 nos

1911 3917 2092 3956 causa
2120 3899 2380 3962 honoris,
2414 3913 2588 3968 quem
2621 3897 2670 3951 ei
2705 3912 2882 3968 super
2937 3910 3172 3950 omnem
3225 3908 3562 3948 mensuram

1912 3988 2310 4052 exhibuimus,
2341 3991 2692 4058 provocatus
2751 3989 2905 4040 esset
2937 3987 3000 4038 ut
3047 3982 3265 4038 diceret
3301 3999 3313 4037 :
3350 3981 3562 4053 praedi-

1911 4080 2198 4136 cationem
2231 4081 2497 4133 nostram
2530 4074 2808 4139 laudavit,
2841 4079 3017 4146 atque
3076 4073 3325 4128 miratus
3367 4078 3477 4138 est,
3510 4078 3566 4126 et

1911 4167 2258 4225 catholicam
2293 4167 2467 4221 {idem
2501 4182 2630 4221 esse
2676 4164 2954 4220 omnibus
2997 4162 3334 4219 declavavit.
3367 4165 3564 4228 Quan-

1910 4263 2037 4314 tum
2070 4256 2120 4312 ei
2155 4272 2333 4328 super
2362 4271 2596 4310 omnem
2630 4270 2966 4310 mensuram
3003 4253 3243 4308 honoris
3283 4250 3562 4307 exhibue-

1911 4349 2012 4414 ris,
2044 4345 2343 4402 declarant
2373 4361 2553 4416 supra
2585 4359 2922 4400 mensuram
2952 4342 3220 4399 exhibita:
3257 4346 3560 4398 contume-

1909 4438 1998 4493 lia:
2025 4455 2038 4505 ;
2060 4435 2294 4508 quando
2319 4451 2452 4491 eum
2478 4432 3072 4505 perarchidiaconum
3095 4430 3552 4502 tacerejussisti,

1908 4533 1965 4585 et
1981 4529 2308 4583 morantem
2331 4524 2390 4579 in
2413 4521 2867 4595 populis,laudis
2880 4523 3161 4593 cupidum
3188 4519 3557 4592 pertonabas.

1818 4625 1866 4690 Ι)
1898 4619 2115 4674 Docent
2145 4614 2456 4687 praesentia
2488 4613 2558 4666 de
2590 4611 2918 4683 praeteritis.
2956 4611 3053 4665 Ille
3105 4627 3208 4681 per
3247 4612 3432 4664 totum
3461 4623 3561 4661 ex-

1901 4745 2073 4809 mino,
2107 4740 2401 4813 signiﬁcat
2431 4735 2764 4813 sufflamine
2811 4733 3285 4813 comprimere‘et
3344 4731 3560 4813 retineo

1903 4833 1984 4871 re.
2017 4805 2234 4870 Seneca
2263 4813 2292 4866 4
2334 4809 2764 4884 Declamatione
2798 4825 2810 4862 :
2864 4805 3148 4884 «ATanta_
3171 4805 3254 4860 illi
3287 4808 3444 4884 erat“
3467 4819 3559 4856 ve-

1902 4887 2108 4943 locitas
2149 4884 2452 4947 orationis,
2497 4888 2561 4935 ut
2616 4881 2822 4934 vitium
2887 4880 3066 4934 fieret.
3131 4875 3560 4948 Itaqueidivus

1904 4962 2207 5031 Augustus
2239 4951 2630 5031 optimedixit
2664 4971 2674 5006 :
2710 4950 2962 5031 Alterius
3025 4947 3560 5031 nostepsufllanii-

1907 5017 2139 5086 ualidus
2169 5017 2344 5083 cst.'«
2406 5026 2512 5080 Ubi
2554 5025 2699 5080 alias
2759 5025 3014 5093 legitur:
3076 5017 3559 5098 stt/ﬂammmalus,

1903 5102 2050 5158 alias
2110 5099 2538 5172 su/ﬁbulandus.
2572 5098 2707 5172 Erat
2778 5094 3307 5172 porro_su_ff1arnen
3341 5094 3561 5172 retina-

1903 5173 2102 5229 culum
2161 5164 2298 5227 rotas
2349 5169 2735 5231 decurrentis,
2774 5164 2841 5222 ne
2899 5165 3154 5221 velocius
3193 5164 3556 5218 ducurreret.

1903 5245 2121 5302 Gallice
2177 5239 2899 5318 sufﬂamz'ne__intelligitur
2976 5253 3212 5318 enrayer
3253 5237 3345 5318 .lcs
3405 5252 3560 5318 relics

1900 5318 2032 5372 d’nn
2057 5312 2325 5380 carros“,
2359 5321 2466 5368 etc.
2505 5313 2619 5367 llac
2652 5329 2786 5366 voce
2821 5313 3044 5366 abusus
3101 5314 3191 5363 est
3251 5312 3560 5379 imperitus

1899 5391 2158 5446 Joannes
2189 5386 2436 5443 clericus
2490 5385 2544 5461 in
2609 5384 3042 5461 Quaestionibus
3098 5380 3558 5461 liierop.,‘qua.si

1901 5461 2197 5517 timuisset
2255 5475 2324 5512 ne
2381 5460 2569 5512 rotatu
2611 5455 2866 5526 quodam
2927 5455 3217 5526 ferrentur
3272 5451 3444 5506 hodie
3500 5451 3558 5504 in

1901 5549 2158 5626 princeps.
2191 5531 2387 5626 studlla
2417 5544 2718 5626 s‘acrarum
2768 5527 3132 5626 litterar'p‘m.‘
3152 5525 3558 5626 hi..}lrt'riﬁ;n::—

1901 5595 2119 5661 Seneca
2145 5603 2202 5657 in
2239 5619 2292 5655 1v
2328 5599 2827 5655 Declamationum
2866 5617 2876 5654 :
2912 5625 2936 5648 ‹‹
2989 5599 3174 5653 Tanta
3207 5595 3311 5664 illi,
3343 5595 3555 5653 Aterio.

1901 5683 2028 5734 erat
2057 5674 2336 5732 velocitas
2367 5670 2669 5739 orationis,
2727 5676 2791 5724 ut
2851 5670 3056 5726 vitium
3110 5671 3293 5724 ﬁeret.
3357 5669 3557 5738 itaque

1901 5750 2072 5807 divus
2105 5749 2409 5816 Augustus
2439 5743 2656 5816 optime
2713 5742 2858 5816 dixit
2891 5759 2903 5796 :
2938 5743 3173 5816 Aterius
3204 5743 3404 5816 noster
3434 5739 3555 5794 suf-

1901 5810 2301 5884 ﬂaminand’us
2327 5821 2440 5895 est.
2477 5810 2504 5868 ῐ›
2539 5814 2667 5872 Vid.
2704 5818 2761 5874 et
2790 5815 2861 5877 de
2891 5818 3077 5890 morte
3106 5810 3353 5871 Claudii.
