3958 6392
1654 372 1719 438 S.
1765 368 2078 439 EUSEBII
2120 371 2591 439 HIERONYMI.

420 504 560 564 inde
601 502 916 564 triennium
974 522 1113 565 suas
1142 505 1391 578 injurias
1423 508 1675 577 devorat,
1738 510 2079 582 privataque
2106 512 2161 579 Α
2190 509 2280 583 pie
2313 510 2671 583 praedicant),
2702 507 2803 566 sed
2832 505 3128 582 propriam
3184 503 3603 563 conditionem.
3662 501 3737 558 Β
3764 498 3837 559 de

422 595 721 654 simultate
775 600 1126 669 contempta,
1166 597 1299 653 fidei
1358 602 1589 654 tantum
1654 600 2068 654 correctionem

422 685 698 760 postulat.
730 686 814 742 Tu
847 686 947 759 qui
998 687 1334 760 sumptibus
1391 688 1659 743 abundas
1715 689 1818 757 (Al.
1884 688 2068 743 abun-

422 774 613 845 dans),
647 780 705 831 et
733 775 917 831 totius
942 774 1100 831 orbis
1129 775 1331 849 religio
1390 778 1404 811 ¹
1458 777 1686 831 lucrum
1746 782 1913 833 tuum
1956 782 2065 843 est,

419 864 798 936 gravissimos
828 864 960 920 illos
989 865 1211 938 legatos
1252 871 1382 921 tuos
1445 866 1554 921 huc
1585 865 1840 938 illucque
1871 871 2067 921 trans-

421 954 628 1021 mittis,
659 959 717 1009 et
768 954 1156 1009 dormientem
1210 972 1406 1010 senem
1468 956 1537 1010 ad
1593 955 2062 1027 respondendum

418 1043 692 1099 suscitas.
724 1043 794 1098 Et
826 1059 1022 1098 revera
1051 1044 1142 1098 cui
1201 1048 1427 1099 tantum
1479 1043 1717 1099 honoris
1748 1044 2061 1111 detuleras,

410 1132 644 1202 justum
677 1133 822 1189 421
861 1137 1003 1199 erat,
1049 1137 1112 1187 ut
1141 1136 1242 1187 tua
1272 1133 1592 1205 prmsertim
1648 1134 2065 1205 extemporalia

418 1221 575 1277 dicta
603 1219 884 1277 laudaret.
916 1222 1023 1285 Qui
1051 1238 1184 1277 vero
1242 1222 1429 1278 solent
1461 1223 1757 1277 interdum
1800 1222 2063 1278 homines

417 1308 657 1365 laudare
682 1310 837 1382 quod
878 1326 993 1365 non
1023 1310 1272 1382 probant
1328 1316 1385 1366 et
1440 1310 1689 1366 alienam
1751 1311 2059 1366 stultitiam

414 1398 597 1453 cassis
622 1398 846 1454 nutrire
877 1399 1201 1471 praeconiis,
1236 1416 1349 1455 non
1400 1399 1593 1455 solum
1626 1405 1727 1455 tua
1756 1401 1910 1455 dicta
1938 1400 2061 1455 lau-

412 1486 589 1555 davit,
617 1488 719 1542 sed
749 1485 1009 1543 laudavit
1029 1492 1204 1560 atque
1235 1488 1482 1544 miratus
1522 1493 1609 1544 est
1668 1506 1681 1543 :
1741 1493 1797 1543 et
1830 1506 1899 1544 ne
1951 1489 2059 1544 mi-

410 1573 677 1631 raculum
712 1590 944 1648 quoque
975 1593 1218 1648 parvum
1250 1582 1422 1647 esset,
1448 1576 1740 1633 catholicae
1772 1595 1900 1633 esse
1927 1578 2059 1633 fidei

410 1664 572 1718 omni
605 1662 821 1737 populo
855 1664 1191 1721 declaravit.
1214 1669 1344 1721 Haec
1375 1683 1551 1738 quam
1583 1683 1712 1724 vero
1743 1668 1971 1731 dixerit,
2004 1673 2060 1722 et

410 1768 519 1807 nos
551 1756 731 1808 testes
761 1766 971 1809 sumus
1003 1755 1105 1826 qui
1139 1754 1495 1823 audivimus,
1526 1757 1595 1811 ad
1630 1773 1778 1828 quos
1810 1758 1928 1813 tuis
1960 1774 2055 1813 vo-

410 1840 579 1896 cibus
650 1843 1025 1913 perturbatus
1081 1844 1239 1899 venit
1298 1844 1607 1912 exanimis,
1706 1850 1918 1901 temere
1996 1863 2056 1902 se

410 1929 898 2001 communicasse,
932 1931 1132 1987 dicens
1169 1950 1182 1987 :
1219 1931 1597 2005 [togatosque
1627 1934 1699 1989 ab
1732 1934 1890 1989 omni
1940 1951 2059 1990 mo-

410 2018 687 2087 nasterio,
719 2023 785 2075 ut
815 2020 887 2074 ad
919 2024 974 2075 te
1005 2020 1076 2076 de
1106 2020 1399 2078 Bethleem
1433 2026 1836 2089 reverteretur,
1868 2028 2056 2078 tanto-

408 2122 541 2162 rum
571 2123 769 2181 preees
800 2124 914 2164 non
948 2109 1166 2180 ferens,
1196 2100 1281 2165 sic
1328 2126 1595 2166 reversus
1653 2115 1742 2166 est
1794 2127 2057 2183 vespere,

408 2200 477 2250 ut
505 2195 697 2253 medio
727 2197 915 2253 noctis
965 2199 1286 2271 aufugeret,
1347 2203 1403 2254 et
1455 2198 1656 2256 litterze
1714 2201 1785 2255 ad
1843 2217 2054 2273 papam

407 2284 679 2341 Siricium
710 2286 965 2359 probant
997 2305 1011 2343 :
1046 2304 1194 2359 quas
1220 2286 1271 2342 si
1305 2286 2057 2361 legeris,pervidebi-,quo-

409 2374 583 2430 modo
611 2379 717 2431 tua
740 2375 897 2431 dicta
925 2377 1174 2432 miratus
1204 2377 1299 2445 sit,
1334 2381 1389 2432 et
1419 2377 1705 2433 catholica
1736 2377 2058 2433 declarave-

409 2463 503 2518 rit.
535 2462 752 2520 Verum
784 2481 971 2537 nugas
1000 2466 1267 2533 terimus,
1299 2471 1355 2522 et
1384 2466 1568 2522 aniles
1626 2471 1684 2523 et
1729 2468 2057 2540 superﬂuas

411 2552 737 2609 cantilenas
768 2553 938 2625 longo
968 2571 1237 2611 sermone
1267 2556 1646 2612 convicimus.
2034 2547 2040 2552 ’

481 2641 576 2699 45.
611 2641 1005 2697 Transeamus
1053 2644 1125 2698 ad
1184 2644 1505 2699 secundum
1559 2644 1964 2716 quaestionem,
1998 2644 2055 2699 in

410 2745 527 2801 qua
556 2731 725 2801 quasi
746 2729 895 2785 nihil
950 2731 1061 2787 sibi
1119 2732 1485 2804 propositum
1543 2734 1641 2799 sit,
1704 2751 1947 2789 securus
2002 2738 2059 2788 et

410 2822 655 2874 ructans
695 2819 950 2875 dormire
1004 2838 1065 2876 se
1125 2819 1386 2888 simulat,
1448 2827 1514 2876 ut
1569 2821 1829 2894 legentes
1887 2823 2060 2878 faciat

408 2906 744 2963 dormitare.
786 2908 894 2963 Sed
956 2909 1025 2964 de
1085 2909 1330 2982 reliquis
1385 2927 1510 2982 quae
1563 2912 1632 2965 ad
1696 2911 1871 2966 finem
1927 2927 2057 2983 per-

407 2997 596 3052 tinent
617 2998 657 3067 ²,
691 3012 882 3053 sermo
916 2999 1083 3054 nobis
1111 3004 1252 3067 erat,
1287 2999 1343 3053 id
1376 3004 1483 3067 est,
1541 3000 1806 3055 omnium
1864 3000 2058 3055 visibi-

408 3084 577 3153 lium,
612 3091 670 3141 et
698 3085 1109 3154 invisibilium,
1140 3087 1464 3144 omlestium
1510 3089 1942 3157 fortitudinum,
2002 3094 2059 3144 et

406 3175 771 3232 terrestrium
802 3183 1207 3233 creaturarum
1248 3195 1437 3233 unum
1487 3183 1543 3234 et
1598 3179 1869 3235 eumdem
1928 3195 2058 3234 esse

407 3265 768 3321 conditorem
829 3266 1012 3321 Deum
1042 3268 1084 3337 ³,
1146 3268 1203 3322 id
1236 3273 1326 3323 est
1368 3274 1629 3324 sanctam
1680 3268 2051 3336 Trinitatem,
2084 3254 2127 3322 C

410 3374 440 3403 ‹‹
471 3354 634 3422 iuxta
661 3354 901 3410 beatum
959 3355 1136 3410 David
1169 3356 1458 3413 dicentem
1495 3374 1507 3411 :
1542 3381 1569 3406 ‹‹
1609 3356 1790 3413 Verbo
1826 3358 2053 3413 Domini

409 3440 537 3497 cmli
568 3441 782 3497 ﬁrmati
813 3447 970 3511 sunt,
1004 3449 1060 3499 et
1088 3444 1297 3516 spiritu
1338 3447 1458 3501 oris
1494 3447 1622 3517 ejus
1652 3447 1844 3503 omnis
1869 3447 2054 3502 virtus

407 3546 611 3587 eorum
638 3530 814 3601 (Psal.
847 3548 984 3599 xxn,
1017 3533 1070 3603 6)
1110 3549 1123 3587 :
1158 3556 1182 3581 υ
1243 3534 1399 3606 quod
1459 3535 1804 3608 simpliciter
1856 3541 2054 3592 osten-

408 3617 495 3675 dit
521 3622 579 3675 et
608 3619 865 3677 hominis
896 3622 1128 3678 creatio.
1164 3623 1291 3694 Ipse
1329 3627 1419 3681 est
1464 3624 1619 3680 enim
1653 3625 1775 3697 qui,
1821 3630 2054 3699 accepto

405 3707 547 3763 limo
576 3708 662 3764 de'
675 3713 851 3777 terra,
912 3710 1223 3783 plasmavit
1250 3711 1635 3780 hominem,et
1656 3730 1757 3786 per
1800 3716 2051 3788 gratiam

405 3797 651 3870 proprias
666 3797 1085 3855 insufflationis
1106 3800 1366 3856 animam
1386 3802 1623 3857 donavit
1646 3804 2051 3861 rationabilem

407 3888 514 3958 (Al,
569 3887 962 3957 rationalem),
1021 3892 1077 3945 et
1145 3888 1310 3946 liberi
1358 3892 1603 3960 arbitrii,
1664 3909 1777 3949 non
1828 3899 2050 3967 partem

404 3974 663 4048 aliquam
686 3994 805 4033 sua:
837 3983 1057 4034 naturae
1078 3980 1263 4050 (juxta
1292 3980 1580 4051 quosdam
1610 3984 1766 4054 ‘,qui
1799 3982 1909 4039 hoc
1941 3984 2050 4040 im-

464 4135 491 4215 f
527 4135 703 4191 Totius
729 4138 877 4217 orbis
907 4138 1125 4217 religio.
1154 4139 1330 4217 Vides
1367 4139 1503 4217 locu
1513 4141 1758 4213 pletatos
1784 4149 2051 4217 tempore

406 4208 743 4288 llieronymi
774 4211 1103 4288 sacerdotes
1131 4226 1199 4288 ex
1218 4208 1706 4288 “(thristianorum
1740 4208 2049 4272 oblationi-

408 4277 650 4402 lﬁisqui
682 4295 860 4335 causa
891 4281 1186 4355 religionis
1215 4282 1675 4358 Hierosolymam
1708 4289 2046 4359 pergebant,

473 4365 702 4402 manu.

473 4365 702 4405 ARTIAN.

477 4421 499 4453 ³
530 4420 607 4495 Ex
640 4420 737 4495 his
792 4421 997 4495 incipit
1052 4423 1504 4495 antiquissimus
1546 4428 1603 4483 S.
1638 4428 1839 4484 Crucis
1865 4430 1924 4485 in
1952 4432 2047 4485 Je-

403 4491 662 4572 rusalem
706 4493 780 4572 de
799 4491 959 4572 _Urbe
989 4510 1100 4550 ms.
1131 4491 1318 4552 literis
1349 4499 1465 4552 fere
1516 4501 1874 4572 papyraceis,
1927 4502 2046 4558 sive
2150 4506 2228 4558 At
2257 4520 2373 4559 non
2392 4491 2750 4567 ‘catholicus,
2786 4503 2886 4557 sed
2917 4500 3182 4572 Origenis
3211 4512 3424 4572 sensus

403 4569 469 4640 Et
494 4563 555 4640 in
581 4564 850 4640 (Egyptia
879 4582 1095 4640 papyro
1124 4574 1437 4623 occurrunt
1456 4563 1746 4640 cx'aratus,
1781 4563 1889 4628 sub
1938 4573 2044 4629 hac

406 4634 779 4711 Epigraph'e':
815 4634 1013 4711 lucile
1039 4640 1259 4695 Eusebii
1303 4641 1623 4711 Hieronymi
1674 4634 1742 4699 de
1784 4645 2041 4699 Resurre-

400 4708 583 4782 ctione
607 4711 811 4782 carnis.
827 4708 963 4765 Tale
983 4710 1379 4782 fragmentum
1412 4708 1713 4770 studiosus
1736 4731 1850 4770 non
1882 4733 2054 4773 nemo

401 4778 606 4855 sibiex
633 4780 859 4855 integro
889 4778 1495 4855 opereexscripserat.

470 4850 493 4884 ³
517 4850 645 4930 Δνοις
674 4850 946 4930 ηερξηιηὶτὶ
1005 4854 1240 4930 laudato
1280 4850 1400 4910 'ms.
1433 4856 1839 4930 desideratur;
1875 4858 2048 4930 paulo

403 4926 534 4993 post
560 4924 703 4995 quod
734 4926 993 4980 similiter
1012 4925 1189 4981 habet
1217 4940 1319 4997 pro
1347 4929 1691 4998 simpliciter.
1875 4924 1891 4930 ’

471 4994 669 5073 ‘_Puta
706 4995 1076 5073 Manichzeps.
1133 4998 1262 5053 Mox
1306 5000 1433 5073 cod.
1482 5000 1542 5054 S.
1594 5001 1818 5069 Crucis,
1880 5004 2052 5073 [Eque

400 5065 717 5140 credentes;
746 5073 907 5123 vetus
936 5069 1074 5124 edit.
1107 5085 1261 5140 aeque
1289 5070 1599 5126 ordiuntur.
1805 5044 1818 5069 ’

473 5137 495 5170 ⁵
526 5137 800 5216 Mendose
821 5140 1126 5216 hactemus
1147 5137 1483 5216 obtinuerat
1504 5144 1603 5198 Dei
1624 5159 1725 5213 pro
1740 5144 1876 5216 diei,
1893 5146 2044 5216 quod

404 5209 789 5288 emendamus
817 5228 885 5266 ex
912 5214 1040 5268 cod.
1083 5214 1141 5288 _S.
1201 5214 1422 5282 Crucis,
1476 5209 1681 5284 praeter
1737 5209 2051 5288 Vulgatum

402 5278 999 5361 interpretemurch
1029 5284 1203 5361 etiam
1238 5278 1416 5361 textu,
1440 5278 1646 5357 ἡξιέρας,
1673 5278 2047 5361 assentiente.

403 5351 758 5407 Concinnius
789 5354 998 5410 deinde
1050 5356 1175 5411 cod.
1237 5355 1413 5419 idem.
1474 5351 1705 5412 temetsi
1764 5376 1879 5414 non
1938 5360 2051 5415 alio

405 5426 766 5503 sensu,_quiu
794 5430 1150 5503 mntqlisiul.
1184 5429 1334 5483 Tum
1361 5433 1531 5503 vetus
1588 5430 1750 5495 edit.,
1809 5434 1891 5485 Ex
1918 5448 2052 5503 pro-

401 5495 532 5565 pria
568 5495 840 5565 dignitate
881 5502 931 5551 cl
957 5499 1156 5568 gloria,
1218 5502 1393 5570 magis
1434 5516 1623 5571 quam,
1652 5503 1768 5568 Dei,
1828 5506 1885 5557 in
1918 5495 2048 5559 ἰιαε-

407 5582 637 5633 monun,
670 5571 780 5623 etc.

472 5639 492 5671 ⁸
522 5638 662 5694 Cod.
696 5639 1313 5713 S.Grucis,Corporibus
1332 5659 1457 5698 cum
1482 5646 2052 5713 circumdatasnwvis-

400 5710 537 5789 sime
586 5712 759 5789 etiam
784 5781 797 5789 _
832 5710 1103 5769 Immanis
1144 5714 1427 5789 carnibus,
1458 5715 1738 5789 alligatas,
1778 5710 2048 5789 ipsosque,

402 5786 511 5854 etc,
537 5800 551 5856 ;
576 5787 637 5841 et
663 5781 837 5857 paulo
866 5790 1020 5859 post,
1049 5793 1110 5844 ul
1147 5794 1366 5860 accepta
1393 5781 1652 5861 deinceps
1695 5781 2047 5862 posuerim;

2180 601 2396 656 sanctis
2429 598 2650 673 angelis
2681 615 2843 671 mque
2871 598 3138 663 credunt,
3180 595 3508 653 secundum
3566 591 3834 649 divinam

2180 690 2539 762 Scripturam
2588 688 2741 745 422
2773 689 2843 743 de
2874 689 2989 743 Deo
3017 687 3304 742 dicentem
3362 701 3374 739 :
3440 706 3469 734 ‹‹
3528 681 3636 749 Qui
3697 680 3837 737 facit

2178 777 2416 850 angelos
2471 795 2609 832 suos
2657 776 2919 848 spiritus,
2975 780 3030 831 et
3085 774 3391 830 ministros
3441 786 3581 829 suos
3628 772 3829 844 ignem

2176 872 2444 923 urentem
2477 870 2491 937 (
2526 867 2654 921 Psal
2683 884 2804 933 cm,
2838 868 2898 936 ις)
2933 883 2945 921 :
2984 889 3004 916 ι
3038 866 3110 920 de
3140 864 3358 936 quibus
3410 864 3644 919 credere
3671 862 3828 934 quod

2176 956 2562 1012 immutabilis
2594 955 2704 1026 [AL
2750 954 3166 1021 immutabiles]
3229 957 3452 1009 natura)
3508 952 3648 1015 sint,
3711 964 3829 1007 non

2173 1044 2620 1101 cenceditnobis
2642 1044 2965 1114 Scriptura,
2996 1043 3197 1097 dicens
3231 1058 3243 1097 ε
3300 1064 3327 1091 ‹‹
3382 1040 3635 1114 Angelos
3686 1054 3830 1112 quo-

2175 1134 2404 1206 quiqui
2464 1151 2576 1189 non
2620 1132 3217 1188 custodieruntsuum
3261 1129 3824 1203 principatum;sed

2175 1223 2611 1296 dercliquerunt
2671 1222 2971 1294 proprium
3023 1220 3387 1276 domicilium
3421 1218 3480 1273 in
3523 1218 3822 1289 judicium

2175 1312 2370 1383 magni
2401 1311 2513 1366 diei
2544 1311 2583 1376 ⁸,
2619 1308 2867 1365 vinculis
2897 1308 3129 1363 aeternis
3160 1308 3220 1362 in
3252 1304 3511 1363 tenebris
3561 1304 3827 1361 custodi-

2172 1401 2252 1455 vit
2282 1401 2461 1471 (ludio
2487 1401 2579 1469 6):
2619 1421 2645 1447 υ
2677 1396 3134 1471 quiaimmutati
3171 1400 3332 1461 sunt,
3380 1400 3440 1450 et
3491 1408 3559 1450 ex
3590 1394 3831 1465 propria

2172 1488 2456 1561 dignitate
2485 1492 2542 1543 et
2574 1487 2779 1559 gloria,
2813 1486 2999 1557 magis
3032 1485 3093 1540 in
3153 1486 3486 1539 daemonum
3547 1482 3820 1538 ordinem

2171 1578 2384 1633 abiisse
2404 1595 2499 1633 eos
2526 1577 2906 1649 cognovimus
2936 1576 3043 1643 (Al.
3076 1573 3530 1646 cognoscimus).
3579 1571 3827 1627 Animas

2168 1682 2301 1723 vero
2329 1667 2634 1722 hominum
2665 1681 2734 1719 ex
2769 1664 3111 1736 angelorum
3143 1662 3336 1728 ruina,
3357 1665 3461 1717 aut
3482 1676 3557 1716 ex
3585 1674 3826 1716 conmo-

2168 1756 2333 1811 sione
2389 1754 2534 1821 ﬁeri,
2595 1768 2785 1825 neque
2842 1751 3201 1807 credidimus
3255 1744 3598 1820 aliquando,
3630 1760 3828 1821 neque

2164 1845 2477 1901 docuimus
2507 1842 2683 1912 (absit
2711 1842 2983 1913 enim),et
3010 1840 3268 1896 alienum
3302 1838 3409 1895 hoc
3439 1852 3572 1895 esse
3604 1852 3638 1893 ι
3671 1850 3817 1911 ρων

2167 1934 2455 1990 dicatione
2486 1932 2883 1988 ecclesiastica
2910 1931 3284 1986 confitemur.
3323 1950 3351 1977 »

2238 2115 2324 2170 i6.
2361 2115 2610 2185 Origenis
2634 2127 2865 2167 errores.
2899 2142 2966 2150 —
2999 2109 3325 2176 Quaarimus
3374 2112 3573 2165 utrum
3605 2106 3819 2163 animo

2168 2209 2481 2277 antequam
2513 2204 2687 2258 homo
2720 2203 2777 2257 in
2811 2199 3081 2273 paradiso
3116 2200 3296 2263 fieret,
3328 2201 3388 2253 et
3426 2196 3831 2269 plasmaretur

2168 2294 2353 2349 Adam
2384 2293 2455 2348 de
2482 2291 2815 2359 terra,inter
2837 2288 3213 2346 rationabiles
3236 2287 3453 2343 fuerint
3478 2290 3785 2342 creaturas
3814 2303 3828 2353 ;

2167 2386 2366 2437 utrum
2399 2382 2702 2454 proprium
2734 2385 2954 2435 statum
3012 2377 3348 2442 habuerint,
3391 2374 3659 2442 vixerint,
3688 2386 3831 2431 mo-

2167 2475 2301 2527 ratae
2353 2472 2491 2537 sint,
2550 2474 2725 2541 atque
2757 2468 3151 2534 substiterint,
3203 2471 3259 2521 et
3287 2481 3360 2521 an
3391 2464 3657 2534 Origenis
3719 2464 3830 2519 do-

2167 2560 2356 2616 ctrina
2385 2560 2459 2615 sit
2500 2574 2652 2623 vera,
2686 2558 2787 2630 qui
2817 2558 2965 2612 dixit
2995 2560 3237 2612 cunctas
3267 2551 3644 2610 rationabiles
3665 2567 3828 2609 croo-

2166 2653 2351 2715 turas,
2384 2647 2779 2719 incorporalcs
2811 2651 2867 2701 et
2896 2643 3245 2711 invisibiles,
3282 2643 3331 2698 si
3366 2641 3826 2715 negligentioros

2166 2737 2403 2802 fuerint,
2437 2735 2718 2809 paulatim
2751 2735 2821 2791 ad
2859 2734 3132 2790 inferiora
3162 2731 3302 2801 labi,
3348 2736 3407 2787 et
3448 2731 3620 2801 juxta
3677 2744 3830 2802 qua-

2167 2826 2362 2882 litates
2422 2825 2681 2882 locorum
2738 2825 2809 2879 ad
2869 2840 2997 2896 quas
3020 2823 3308 2887 defluunt,
3343 2810 3647 2876 assumere
3698 2819 3820 2875 sibi

2167 2931 2427 2988 corpora.
2490 2915 2660 2970 Verbi
2719 2913 2929 2987 gratia,
2982 2912 3240 2984 primum
3292 2908 3560 2973 zetherea,
3608 2906 3830 2965 deinde

2168 3020 2353 3060 aerea.
2388 3008 2646 3074 Cumque
2668 3004 2740 3058 ad
2772 3002 3049 3057 viciniam
3073 3004 3234 3055 terra;
3269 2996 3826 3069 pervenerinucru-

2167 3094 2420 3150 sioribus
2451 3092 2793 3164 corporibus
2824 3088 3175 3147 circumdari
3205 3089 3247 3155 ⁸,
3274 3084 3590 3142 novissime
3618 3084 3832 3141 huma-

2168 3183 2259 3238 nis
2290 3182 2568 3238 carnibus
2598 3181 2845 3254 alligari,
2874 3180 3119 3252 ipsoque
3149 3178 3465 3243 dmmones,
3525 3173 3629 3247 qui
3683 3190 3823 3247 pro—

2165 3272 2291 3345 prio
2334 3271 2571 3327 arbitrio
2602 3287 2734 3326 cum
2768 3268 3030 3341 principe
3059 3283 3167 3322 suo
3197 3264 3432 3321 diabolo
3464 3265 3535 3319 de
3566 3264 3666 3319 Dei
3716 3264 3830 3320 mi-

2164 3361 2404 3417 nisterio
2437 3363 2823 3425 recesserunt,
2856 3358 2903 3413 si
2940 3353 3267 3430 paupulum
3324 3352 3669 3425 resipiscere
3708 3368 3826 3409 cm-

2164 3451 2376 3523 perint,
2419 3449 2681 3505 humana
2736 3464 2913 3504 carne
2957 3444 3180 3512 vestiri,
3242 3447 3308 3499 ut
3364 3447 3496 3500 acta
3542 3441 3826 3515 deinceps

2163 3538 2504 3613 poenitentia
2531 3542 2664 3610 post
2692 3535 3179 3593 resurrectionem
3206 3534 3411 3589 eodem
3434 3530 3817 3604 circulo,qno

2162 3630 2223 3685 in
2255 3645 2487 3685 carnem
2519 3630 2816 3697 venerant,
2846 3629 3212 3681 revertantur
3264 3623 3338 3678 ad
3379 3620 3657 3678 viciniam
3684 3618 3819 3689 Dei,

2159 3718 2387 3773 liberati
2417 3718 2595 3774 etiam
2643 3716 2826 3772 aereis
2859 3713 3242 3785 aethereisque
3268 3709 3617 3783 corporibus
3657 3710 3701 3777 ⁷,
3758 3714 3828 3767 σι

2159 3812 2303 3863 tunc
2332 3806 2529 3862 omnia
2559 3822 2749 3879 genua
2782 3809 3024 3860 curvent
3054 3803 3193 3869 Deo,
3225 3798 3577 3866 caelestium,
3607 3802 3827 3856 terres-

2160 3896 2361 3961 trium,
2393 3900 2452 3951 et
2478 3896 2864 3963 infernorum,
2900 3898 2955 3949 et
2983 3893 3061 3949 sit
3090 3897 3251 3947 Deus
3293 3889 3493 3945 omnia
3516 3886 3826 3945 omnibus.

2156 3987 2303 4043 Cum
2334 4002 2469 4058 ergo
2494 3985 2648 4042 428
2678 3984 2793 4040 ista
2819 3985 3178 4055 quaerantur,
3206 3994 3316 4036 cur
3345 3982 3408 4034 tu
3439 3976 3680 4035 omissis
3706 3993 3805 4033 su-

2231 4147 2249 4180 ⁷
2284 4146 2658 4220 Martianaeus
2690 4144 2790 4209 ait,
2852 4163 2874 4192 «
2925 4147 3044 4220 tice
3098 4140 3537 4220 loco_error_em
3574 4136 3822 4220 theplo:

2200 4218 2629 4273 icuminferunt
2653 4208 2874 4271 veteres
2902 4214 3190 4270 editiones
3226 4210 3454 4267 Erasmi
3484 4214 3541 4265 et
3570 4208 3824 4265 Mariani

2200 4235 2629 4273 tcumlnleruut
2653 4235 2874 4271 veteres
2902 4235 3190 4270 editiones
3226 4235 3454 4267 nruauu
3484 4235 3541 4265 UL
3570 4235 3823 4265 manuni

2156 4235 2401 4344 gictorii
2452 4290 2690 4359 (addare
2722 4288 3009 4359 potuisset
3049 4291 3107 4340 et
3137 4281 3479 4359 vetustiores
3507 4279 3679 4359 aliae),
3715 4279 3823 4335 ubi

2158 4360 2376 4436 legitur
2406 4351 2751 4436 revertantur
2780 4359 2849 4436 ad
2885 4356 3320 4436 _vi.siouem_Deiz
3367 4351 3558 4436 quasi.
3594 4352 3820 4436 damo-

2162 4426 2264 4487 ne's
2294 4432 2610 4502 aliquando
2641 4430 2741 4486 Dei
2788 4432 3012 4485 visione
3070 4430 3240 4483 beata
3293 4426 3408 4481 frui
3467 4426 3822 4551 potuissent.

2162 4506 2228 4551 At.
2257 4520 2371 4551 nnn
2406 4504 2750 4551 catholicus-
2786 4503 2885 4551 sed
2917 4500 3182 4551 Brittanis
3211 4512 3424 4551 sensus
3510 4512 3564 4551 ιο
3591 4495 3819 4551 edisse-

3510 4512 3564 4551 10
3591 4509 3819 4551 θαιεδο-

2157 4574 2325 4630 ritur.
2363 4574 2514 4630 Num
2544 4592 2711 4646 porro
2744 4574 2943 4646 leviori
2968 4569 3059 4646 est
3111 4586 3290 4646 error,
3334 4569 3630 4646 daemones
3686 4570 3826 4646 aeta

2077 4632 2121 4697 D
2152 4646 2493 4718 poenitentia
2523 4632 2594 4701 ad
2626 4647 2892 4718 viciniam
2924 4644 3035 4718 Dei
3070 4632 3285 4698 reverti
3318 4654 3497 4718 quam
3545 4637 3619 4694 ad
3647 4638 3821 4718 yigip-

2160 4707 2331 4773 item?
2358 4717 2449 4772 Sic
2478 4722 2675 4772 autem
2707 4734 2768 4771 re
2790 4717 2920 4787 ipsa
2941 4714 3223 4787 Origenes
3254 4707 3442 4769 sensit
3472 4714 3620 4767 tom.
3650 4709 3726 4787 I_II
3754 4707 3819 4764 in

2161 4788 2498 4865 Mathuum,
2534 4779 2853 4865 pag._332':
2888 4779 3260 4865 EieArivposse
3294 4787 3382 4865 ,ιιι
3436 4779 3823 4865 (ιίῃθωᾳᾴιηοῖ

2160 4862 2303 4936 dum
2323 4861 2394 4915 de
2427 4852 2832 4936 incredulitate
2862 4860 2934 4914 ad
2967 4852 3165 4936 fidem,
3182 4857 3267 4936 _ab
3291 4852 3716 4936 incontinentis
3738 4852 3821 4915 ad

2159 4932 2577 4999 castitatem,et
2604 4932 2877 4987 universo
2908 4946 2944 4985 a
2973 4928 3235 4999 nequitia
3254 4927 3327 4984 ad
3348 4926 3625 4982 virtutem
3641 4923 3821 4999 homo

2159 4995 2544 5077 convertitur,
2576 5004 2659 5077 ita
2714 5010 2772 5059 et
2804 4995 3173 5077 angelus—cui
3196 4999 3417 5077 animo:
3446 5010 3590 5053 cura
3618 4995 3823 5077 statim

2161 5076 2391 5150 abortu
2422 5069 2738 5131 commissa
2780 5069 2914 5140 est,‘
2947 5072 3142 5150 malus
3193 5070 3363 5150 initio
3405 5084 3552 5150 esse
3608 5069 3819 5150 possit,

2160 5147 2372 5220 deinde
2416 5164 2549 5204 vero
2598 5164 2715 5220 qua
2771 5137 3145 5220 proportione
3186 5142 3260 5220 is
3292 5137 3659 5220 credit,‘qiii‘
3703 5137 3824 5220 sibi

2159 5219 2412 5275 traditus
2444 5225 2551 5285 est,
2578 5209 2791 5293 eadem
2812 5209 3026 5293 tat-ipse
3070 5215 3297 5293 credat...
3322 5217 3381 5268 et
3408 5209 3601 5293 tantos
3630 5209 3816 5293 faciat

2162 5277 2549 5377 progressus;
2578 5290 2663 5377 Idi;
2732 5277 3006 5377 ysvésilau‘
3043 5286 3199 5377 αὐτῷ
3269 5277 3516 5369 tineam:
3564 5277 3666 5377 ἕνα
3695 5283 3818 5369 ςιῶν

2162 5350 2528 5421 BLV-mm:
2578 5350 2889 5434 βλεπόντων
2954 5359 3015 5414 τὸ
3072 5350 3365 5442 πρρσυιξπόᾗ
3422 5358 3527 5442 τοιΞ
3561 5350 3827 5442 ξνρῦρατ

2158 5437 2275 5493 νοῖς
2315 5434 2541 5508 πατρὸς,
2578 5428 2643 5489 ἰιι
2673 5450 2817 5490 unus
2870 5450 2941 5489 ea:
2969 5428 3183 5502 angelis
3231 5428 3439 5503 faciem
3484 5428 3670 5483 Patris
3718 5428 3825 5508 qui

2161 5509 2219 5582 in
2239 5507 2388 5561 cadis
2418 5510 2727 5582 estsemper
2753 5506 3116 5582 spectantibus
3157 5503 3457 5582 efficiatur.
3520 5522 3549 5547 ιο
3573 5569 3583 5582 _
3608 5500 3819 5582 Nescio

2162 5578 2358 5650 itaque
2383 5595 2456 5632 an
2486 5569 2681 5633 verius
2713 5569 2970 5650 viéioneoz
3000 5569 3226 5631 veteres
3252 5571 3537 5650 editiones
3570 5569 3769 5641 legant
3802 5586 3817 5636 ;

2161 5646 2397 5705 tametsi
2425 5652 2710 5717 viciniam,
2744 5665 2848 5705 nec
2897 5648 3128 5705 diveeso
3170 5646 3413 5719 quidem
3434 5658 3645 5712 sensu,
3675 5655 3819 5713 prae-

2158 5722 2272 5780 fert
2299 5726 2497 5781 noster
2526 5737 2763 5795 quoque
2789 5736 2904 5777 ms.
