3958 6394
155 360 261 435 ω

1236 362 1549 430 CONTRA
1590 363 1959 433 JOANNEM
2003 364 2421 437 HlEROSOIJ.

3419 372 3545 449 386

156 515 245 573 per
268 497 479 571 quibus
506 511 706 573 pugna
733 502 845 566 est,
878 496 949 556 de
978 503 1298 556 scammate
1330 502 1346 535 ¹
1380 506 1436 556 et
1481 502 1607 558 loco
1648 519 1776 558 cer-
1806 505 1860 570 Α
1892 519 2030 558 cens
2064 519 2077 560 :
2113 528 2139 551 ‹‹
2176 504 2378 560 Infelix
2407 521 2513 578 ego
2546 505 2743 576 homo,
2776 503 2907 579 quis
2939 522 3033 562 me
3081 507 3238 564 424
3267 507 3541 567 liberabit

151 587 716 661 taminissgrediens,
751 588 811 643 in
844 588 1168 661 peregrinis
1226 595 1284 646 et
1342 590 1512 663 longe
1569 591 1778 649 alienis

150 677 625 750 disputationibus
657 677 931 735 imoraris
961 678 989 733 ?

212 770 288 823 t7.
318 766 455 835 Quid
510 769 574 823 in
628 768 789 823 libris
844 778 955 839 περὶ
987 776 1176 843 Ἀρχῶν
1222 769 1435 826 dicebat
1495 770 1772 843 Origenes.

147 859 243 926 Quo
290 861 524 929 tempore
581 856 1010 914 Commentarios
1066 858 1239 913 edidit
1294 862 1355 914 in
1413 862 1777 917 Ecclesiasten

149 948 503 1018 Hieronymus.
548 977 616 987 ——
663 946 875 1003 Credis
920 947 1076 1020 quod
1125 953 1366 1004 cunctas
1414 950 1675 1006 visibiles
1718 955 1776 1007 et

142 1033 441 1092 invisibiles
494 1039 796 1093 creaturas
821 1051 976 1093 unus
1039 1036 1196 1092 Deus
1245 1037 1443 1093 fecerit
1499 1056 1510 1095 :
1562 1038 1671 1094 hoc
1719 1042 1776 1095 et

142 1123 297 1183 Arius
322 1124 718 1193 conﬁteretur,
755 1125 853 1198 qui
889 1124 1031 1182 dicit
1059 1130 1273 1182 cuncta
1302 1131 1495 1183 creata
1543 1144 1647 1199 per
1679 1127 1772 1183 Fi-

143 1212 289 1273 lium.
321 1214 379 1270 Si
410 1213 481 1270 de
512 1213 825 1271 Marcionis
855 1215 1188 1287 arguereris
1220 1215 1450 1283 haeresi,
1475 1233 1602 1288 quae
1635 1216 1773 1272 alte-

150 1318 262 1361 rum
290 1302 531 1372 bonum,
588 1301 842 1360 alterum
903 1304 1135 1375 justum
1194 1304 1379 1361 Deum
1439 1304 1697 1362 inferens
1727 1308 1769 1373 ³,

146 1390 290 1449 illum
318 1391 724 1461 invisibilium,
759 1392 919 1449 hunc
945 1392 1270 1449 visibilium
1303 1394 1515 1449 asserit
1544 1394 1773 1451 Creato-

142 1497 266 1547 rem,
295 1486 444 1538 recte
476 1480 621 1538 mihi
654 1482 725 1538 de
756 1481 1098 1553 huiusmodi
1120 1482 1476 1539 satisfeceris
1501 1481 1770 1556 quaestio-

141 1585 219 1626 ns.
242 1568 433 1627 Credis
465 1571 622 1643 quod
657 1569 1057 1628 universitatis
1088 1570 1349 1628 Trinitas
1392 1572 1471 1628 sit
1502 1574 1768 1629 creatrix.

141 1658 275 1715 istud
319 1658 522 1715 Ariani
575 1664 634 1716 et
689 1659 1047 1716 Hemiariani
1102 1661 1123 1693 ³
1181 1666 1418 1733 negant,
1483 1662 1775 1733 Spiritum

141 1752 379 1805 anetum
417 1763 535 1805 non
569 1748 958 1820 conditorem,
989 1749 1092 1805 sed
1144 1750 1446 1806 conditum
1492 1751 1769 1824 blasphe-

141 1838 359 1894 mautes.
388 1837 502 1893 Sed
534 1841 591 1893 te
621 1837 758 1911 quis
785 1836 895 1893 hoc
935 1841 1198 1910 tempore
1251 1838 1562 1895 insimulat
1605 1839 1769 1899 Aria-

140 1942 260 1982 num
288 1924 314 1979 ?
346 1926 501 1983 Dicis
532 1925 1085 1984 animashominum
1108 1944 1225 1984 non
1264 1932 1489 2001 partem
1512 1928 1616 1985 Dei
1637 1946 1767 1986 esse

142 2018 331 2071 naturae
365 2033 379 2083 ;
410 2014 584 2089 quasi
606 2015 963 2072 Manichacus
994 2032 1149 2071 nunc
1180 2016 1253 2072 ab
1310 2016 1638 2090 Epiphanio
1687 2018 1769 2075 sis

139 2108 369 2161 vocatus.
401 2103 725 2162 Detestaris
756 2120 877 2175 eos,
909 2105 1012 2177 qui
1043 2105 1275 2162 animas
1308 2122 1376 2162 ex
1418 2106 1644 2178 angelis
1673 2124 1769 2163 ns-

139 2198 314 2255 serunt
340 2193 552 2261 fieri,et
574 2193 812 2250 illorum
844 2194 1076 2253 ruinam
1108 2200 1374 2251 nostram
1408 2195 1611 2252 dicunt
1639 2213 1770 2253 esse

149 2282 537 2340 substantiam.
597 2282 721 2339 Noli
781 2282 1157 2340 dissimulare
1217 2285 1370 2356 quod
1432 2286 1609 2351 nosti,
1668 2302 1772 2341 nec

148 2370 503 2444 simplicitate
534 2380 550 2411 ι
581 2373 735 2446 quod
769 2389 884 2430 non
916 2372 1099 2430 habes
1130 2374 1369 2446 ﬁngere.
1411 2378 1525 2429 Nec
1573 2375 1770 2448 Orige-

141 2476 227 2518 nes
258 2478 516 2534 unquam
566 2461 712 2517 dixit
756 2479 824 2518 ex
870 2461 1094 2534 angelis
1142 2464 1372 2520 animas
1428 2464 1579 2532 ﬁeri,
1632 2481 1768 2522 cum

143 2550 276 2623 ipsos
303 2550 549 2624 angelos
570 2567 785 2609 nomen
814 2567 946 2608 esse
975 2551 1153 2608 ofﬁcii
1186 2553 1417 2622 doceat,
1452 2571 1566 2610 non
1600 2561 1771 2611 natu-

139 2656 217 2696 ra.
268 2640 328 2699 In
382 2640 556 2698 libris
613 2640 770 2699 enim
829 2652 941 2714 περί
1003 2653 1217 2715 ’Λρχῶν,
1274 2650 1326 2698 et
1382 2643 1655 2715 Angelos,
1718 2650 1776 2702 et

137 2728 390 2797 Thronos,
420 2733 483 2787 et
511 2729 971 2793 Dominationes,
1025 2730 1371 2803 Potestates,
1420 2737 1477 2789 et
1521 2739 1774 2792 rectores

143 2819 343 2887 mundi,
373 2824 433 2876 et
460 2820 863 2889 tenebrarum,
896 2824 955 2877 et
984 2836 1157 2877 omne
1187 2837 1404 2878 nomen
1457 2823 1614 2899 quod
1670 2841 1775 2881 no-

142 2908 368 2965 minatur
396 2908 630 2981 (Ephes.
663 2926 705 2979 ι,
733 2909 845 2978 2|),
879 2926 993 2966 non
1029 2908 1221 2966 solum
1250 2910 1310 2966 in
1343 2912 1615 2983 praesenti
1667 2929 1774 2969 sae-

148 2996 279 3068 culo,
307 2999 405 3057 sed
436 2997 506 3055 in
536 2999 753 3066 futuro,
786 2998 927 3055 dicit
973 2998 1204 3056 animas
1241 3016 1370 3057 esse
1415 3018 1618 3058 eorum
1649 3018 1772 3058 cor-

147 3102 347 3157 porum,
378 3104 515 3161 quas
542 3086 632 3144 vel
661 3087 974 3157 desiderio,
1002 3088 1091 3145 vel
1134 3089 1461 3146 ministerio
1494 3107 1773 3165 suscepe-

145 3176 257 3233 rint.
285 3176 470 3235 Solem
509 3193 740 3251 quoque
769 3177 968 3252 ipsum
1012 3183 1072 3235 et
1120 3178 1347 3246 lunam,
1402 3184 1459 3235 et
1509 3181 1773 3238 omnium

149 3269 407 3325 astrorum
475 3266 748 3338 chorum,
816 3283 946 3324 esse
1032 3268 1262 3324 animas
1335 3252 1848 3326 rationabiliumC

151 3356 451 3425 quondam“
476 3360 539 3414 ot
554 3355 1010 3430 incorporalium
1028 3361 1429 3414 creaturarum
1448 3374 1459 3413 :
1477 3374 1602 3429 quas
1620 3375 1777 3415 nune

144 3445 351 3503 vanitati
380 3446 687 3517 subjectis,
716 3445 920 3520 ignitis
948 3445 1218 3502 videlicet
1246 3447 1623 3520 corporibus,
1647 3464 1777 3519 qua

143 3550 231 3591 nos
253 3534 579 3608 ipmeritiet
602 3535 776 3592 rudes
799 3534 1116 3592 luminaria
1136 3536 1344 3592 mundi
1385 3535 1776 3613 appellamus,

145 3620 529 3683 liberabuntur
556 3641 591 3681 ο.
618 3625 897 3681 servitute
925 3625 1319 3697 corruptionis
1351 3625 1411 3681 in
1442 3625 1772 3684 libertatem

147 3709 315 3782 glorias
339 3713 602 3771 ﬁliorum
634 3713 758 3771 Dei.
795 3713 961 3770 Unde
991 3719 1050 3771 et
1079 3714 1272 3771 omnis
1320 3720 1589 3772 creatura
1635 3734 1778 3774 con-

154 3802 396 3872 gemiscit
423 3808 484 3865 et
513 3802 788 3876 parturit.
840 3803 907 3859 Et
959 3803 1276 3877 Apostolus
1335 3804 1623 3878 deplorat,
1685 3807 1777 3862 di-

219 3942 328 4001 ‘De
354 3954 675 4001 scammate.
709 3949 863 4001 Bene
893 3950 1094 4002 monet
1140 3945 1460 4013 Marianus,
1497 3951 1553 4003 et
1606 3947 1778 4004 casti-

161 4017 243 4086 gat
280 4016 593 4090 Erasmum
643 4016 931 4090 legentem
979 4018 1046 4073 de
1091 4024 1404 4086 stemmate,
1453 4023 1587 4085 etc.,
1642 4036 1778 4076 cum

161 4101 283 4162 mss.
314 4105 519 4162 omnes
550 4089 749 4162 legant
773 4094 1089 4146 scammate.
1124 4090 1413 4147 Maurum.
1446 4123 1514 4131 -—
1559 4091 1654 4147 Sic
1682 4109 1777 4148 ve-

159 4160 309 4219 teres.
339 4160 691 4234 appelabant
711 4161 952 4234 fossam,
977 4178 1094 4234 qua
1113 4163 1371 4219 stadium
1398 4162 1780 4220 claudebatur

160 4232 605 4307 etquamiultra
657 4232 1328 4307 progredicer‘tantibus
1379 4252 1493 4291 non
1541 4234 1774 4307 licebat.

163 4299 318 4360 Vetus
346 4304 485 4362 edit.
520 4306 586 4362 de
618 4299 839 4362 numEri
857 4306 948 4361 tui
975 4304 1167 4363 ordine
1194 4323 1213 4361 :
1244 4306 1470 4364 Erasm.
1521 4306 1586 4361 de
1612 4314 1777 4363 stam-

211 4446 414 4524 ?Deum
444 4451 713 4524 inferens.
770 4448 899 4524 _Non
954 4464 1136 4524 serens
1184 4465 1376 4524 neque
1431 4450 1775 4524 ferens__sed

154 4516 373 4643 iit/erm
428 4516 617 4595 reperi
668 4522 956 4594 scriptum
1015 4522 1074 4577 in
1150 4516 1399 4579 vetustis
1431 4516 1773 4579 'codicibur.

196 4607 403 4643 ARTIAN.

196 4607 382 4649 ARTIAN
391 4635 403 4647 .

475 4669 527 4721 et
559 4665 905 4721 Hemiarimi.
932 4665 1018 4720 Ita
1046 4664 1187 4737 legit
1227 4681 1338 4722 ms.
1388 4665 1774 4722 Sorbonicum
1807 4635 1855 4701 Β

154 4736 419 4809 exemplar
452 4755 465 4793 :
503 4737 561 4795 in
590 4736 963 4793 Cluniacensi
995 4736 1130 4793 vero
1161 4753 1276 4792 non
1319 4737 1529 4794 iisdem
1560 4738 1773 4806 verbis,

156 4807 239 4931 ἔπι
291 4807 494 4869 eodem
555 4825 755 4877 sensu,
814 4810 1019 4864 Ariani
1064 4818 1116 4865 et
1186 4810 1523 4866 Eunomiani
1575 4818 1780 4880 negant

204 4895 413 4931 ARTIAN-

160 4895 560 5077 :EACti-ucis
616 4969 727 5009 ms.
788 4953 896 5008 Nec
957 4953 1396 5024 simplicitatem,
1442 4970 1610 5025 quam
1664 4970 1773 5009 non

302 5041 451 5077 .ec.

211 5022 560 5152 ἱᾓεδῗιξίλῐῐιε.
610 5094 1003 5164 Quarumdam,
1055 5094 1184 5151 Vid.
1241 5111 1372 5164 quas
1419 5097 1777 5153 adnotamus

157 5160 203 5252 in
225 5165 395 5252 Epist.
428 5168 499 5251 ad
536 5160 1004 5252 Anvitum.‘atque
1048 5165 1187 5223 alibi
1222 5160 1319 5235 ;S.
1374 5184 1607 5241 quoque
1652 5170 1771 5224 Au-

166 5239 439 5306 gustinum
470 5240 531 5295 in
563 5239 922 5296 Enehiridio.’
1512 5239 1524 5241 ⁷

191 5309 230 5384 λ⁶
257 5312 314 5368 tn
342 5313 546 5371 eodem
578 5328 690 5384 ms.
723 5314 801 5369 An
835 5310 892 5366 id
923 5310 1112 5382 quinto
1158 5310 1249 5367 die
1290 5309 1508 5382 quando
1554 5327 1773 5384 corpus,

160 5382 348 5458 etc.,et
376 5401 512 5442 mox
541 5383 724 5458 videre
752 5400 856 5458 pro
885 5385 1087 5458 vivere.

212 5454 229 5488 τ
256 5455 467 5515 Nomen
502 5455 618 5512 Arii
652 5472 719 5527 ex
749 5452 878 5512 cod.
914 5456 973 5510 S.
1008 5453 1210 5527 Grueis
1241 5452 1569 5527 suppletur,
1594 5455 1773 5526 juxta

160 5537 302 5593 quem
333 5528 534 5585 itidem
567 5526 817 5600 legimus
846 5527 1022 5601 paulo
1054 5526 1205 5581 intra
1244 5526 1454 5595 retices,
1504 5543 1609 5600 pro
1655 5543 1771 5599 quo

163 5604 298 5655 antea
318 5605 442 5657 erat
472 5602 691 5665 retines.

214 5668 234 5703 ⁸
256 5670 310 5727 ln
341 5671 599 5745 antiquis
629 5671 983 5729 editionibus
1032 5668 1374 5745 glossatoris
1388 5686 1575 5745 manu
1610 5688 1624 5726 :
1657 5674 1775 5726 Hoc

165 5745 385 5820 cupiam
410 5741 616 5805 animae
643 5746 923 5804 sintaerei
961 5741 1225 5825 corporis,
1275 5746 1328 5803 et
1376 5741 1479 5804 hoc
1533 5746 1617 5804 est
1660 5744 1772 5806 im-

1888 592 1957 648 de
1989 608 2227 665 corpore
2259 592 2463 650 mortis
2496 594 2675 665 hujus
2705 595 2876 665 (Rom.
2922 613 3021 661 vn,
3053 595 3081 650 ?
3105 596 3174 651 24
3224 620 3253 646 ››
3274 597 3401 653 Non
3450 603 3543 655 est

1887 680 2061 737 istius
2092 685 2374 754 temporis
2405 687 2602 739 contra
2633 684 2850 759 dogma
2871 684 3265 757 gentilium,et
3285 703 3355 742 ex
3377 692 3544 759 parte

1887 768 2277 837 Platonicum,
2312 772 2584 829 scribere.
2616 774 2762 830 Ante
2792 790 2978 831 annos
3019 774 3202 830 ferme
3249 776 3447 833 decem
3479 776 3541 853 in

1886 857 2340 914 Commentariis
2369 859 2703 929 Ecclesiste,
2755 866 2811 917 et
2841 862 2899 917 in
2948 861 3356 934 explanatione
3404 865 3540 936 Epi-

1886 947 2045 1002 stolzn
2079 949 2151 1003 ad
2207 948 2513 1021 Ephesios,
2575 951 2829 1007 arbitror
2884 968 3122 1007 sensum
3184 953 3366 1009 animi
3425 955 3540 1010 mei

1884 1036 2276 1108 prudentibus
2305 1038 2678 1110 explicatum.

1963 1126 2044 1182 18.
2082 1127 2195 1181 Hoc
2228 1144 2389 1182 nunc
2438 1145 2601 1201 rogo,
2652 1128 2752 1202 qui
2803 1134 2965 1184 tanta
3011 1129 3291 1205 loqueris,
3339 1133 3437 1205 qui
3472 1133 3543 1190 de

1882 1214 2110 1270 cunctis
2143 1216 2517 1273 sermonibus
2551 1218 2661 1272 sub
2695 1234 2810 1273 uno
2841 1222 3100 1274 tractatu
3123 1219 3405 1279 edisseris
3434 1238 3537 1277 ve—

1881 1303 2138 1374 ritatem,
2171 1309 2236 1359 ut
2268 1308 2623 1378 respondeas
2672 1308 3112 1365 sciscitantibus
3171 1311 3404 1369 brevem
3438 1314 3539 1367 ab-

1882 1392 2255 1464 solutamque
2288 1396 2656 1451 sententiam.
2709 1397 2953 1460 Quando
3020 1398 3332 1471 plasmavit
3387 1401 3542 1457 Deus

1882 1481 2184 1538 hominem
2214 1500 2282 1539 ex
2312 1483 2473 1552 limo,
2507 1489 2563 1540 et
2593 1502 2693 1558 per
2714 1486 2963 1559 gratiam
2998 1487 3244 1560 propriae
3278 1489 3544 1545 insuffla-

1881 1570 2060 1626 tionis
2092 1571 2142 1627 ei
2174 1572 2430 1629 animum
2486 1574 2693 1629 tribuit
2727 1592 2739 1628 :
2774 1578 2974 1630 utrum
3009 1575 3109 1631 illa
3138 1577 3338 1634 anima
3369 1578 3544 1635 fuerit

1880 1662 2015 1713 ante
2048 1663 2105 1713 et
2126 1660 2542 1728 substiterit,et
2570 1661 2670 1717 ubi
2697 1668 2924 1718 versata
2946 1663 3176 1735 sitque
3207 1665 3309 1720 Dei
3340 1670 3545 1738 postea

1881 1746 2283 1803 insufﬂatione
2313 1749 2529 1805 donata
2560 1754 2649 1804 est
2686 1768 2697 1805 :
2732 1768 2804 1806 an
2836 1751 2894 1806 in
2945 1757 3105 1809 sexto
3153 1753 3247 1809 die
3304 1756 3539 1826 quando

1879 1852 2091 1903 corpus
2121 1838 2142 1871 ⁸
2174 1853 2243 1893 ex
2274 1837 2415 1895 limo
2448 1839 2765 1895 formatum
2797 1845 2905 1908 est,
2958 1844 3015 1896 et
3069 1858 3198 1899 esse
3228 1846 3287 1898 et
3342 1842 3538 1900 vivere

1882 1924 1982 1980 Dei
2015 1930 2300 1996 potestate
2331 1929 2680 2000 susceperit.
2715 1929 2794 1985 De
2815 1929 2925 1985 hoc
2956 1933 3201 1997 taces,et
3230 1930 3371 2004 quid
3391 1949 3547 2007 qua:-

1882 2019 2044 2069 ratur
2076 2017 2228 2071 scire
2257 2017 2627 2086 dissimulas,
2658 2018 2723 2072 in
2756 2019 3071 2091 superﬁuis
3116 2020 3543 2097 quaestionibus

1881 2104 2206 2176 occuparis.
2241 2105 2548 2179 Origenem
2581 2106 2869 2179 relinquis
2900 2107 3208 2177 intactum,
3254 2113 3311 2165 et
3341 2115 3544 2171 contra

1882 2190 2256 2259 Marcionem,
2288 2194 3100 2267 Apollinarem,Eunomium,
3135 2198 3541 2267 Manich'ezum,

1888 2280 2136 2336 Arium"
2180 2286 2641 2357 ceterorumque
2670 2284 3078 2341 haereticorum
3127 2286 3379 2359 ineptias
3435 2290 3542 2345 de-

1882 2368 2215 2428 baccharis.
2251 2373 2489 2428 Manum
2531 2373 2770 2444 poteris,
2801 2379 2860 2430 et
2918 2375 3126 2446 pedem
3157 2376 3451 2449 porrigis;
3486 2384 3544 2435 et

1880 2462 2078 2515 tamen
2123 2461 2336 2534 dogma
2364 2463 2519 2534 quod
2574 2461 2810 2530 retines,
2843 2463 3095 2519 latenter
3123 2464 3413 2523 insinuas.
3448 2467 3542 2523 Sic

1881 2564 1990 2602 nos
2015 2550 2267 2607 rusticos
2301 2550 2519 2623 placas,
2544 2555 2610 2607 ut
2637 2552 2756 2607 tuis
2788 2551 3024 2625 penitus
3054 2570 3170 2608 non
3201 2554 3537 2628 displicens.

1968 2641 2048 2695 19.
2082 2639 2237 2696 Dicis
2278 2658 2347 2696 ex
2377 2640 2600 2713 angelis
2625 2641 2920 2698 daemones
2948 2643 3145 2713 potius
3175 2659 3355 2714 quam
3414 2645 3544 2703 ani-

1883 2750 2011 2789 mas
2044 2732 2190 2798 ﬁeri,
2223 2729 2393 2802 quasi
2426 2747 2540 2785 non
2572 2735 2628 2785 et
2659 2730 2770 2801 ipsi
2807 2731 3105 2787 daamones
3138 2732 3312 2802 juxta
3341 2732 3540 2808 Orige-

1884 2839 2041 2889 nem,
2066 2820 2273 2877 anima:
2308 2818 2428 2876 sint
2449 2819 2601 2875 aerei
2634 2820 2917 2891 corporis,
2938 2824 2994 2875 et
3023 2837 3093 2875 ex
3120 2821 3489 2880 dremonibus
3518 2824 3540 2858 ⁸

1884 2917 2086 2985 postea
2116 2910 2165 2965 si
2196 2908 2569 2980 resipuerint,
2602 2907 2874 2965 humanae
2896 2909 3106 2966 animae
3136 2911 3257 2967 sint
3282 2912 3302 2946 ⁹
3332 2912 3542 2968 futuri.

1886 3024 1914 3052 «
1949 2998 2201 3073 Angelos
2234 2997 2445 3053 scribis
2477 3014 2605 3054 esse
2634 2996 2970 3066 mutabiles,
2997 3023 3020 3051 ι
3056 3002 3117 3054 et
3144 3000 3254 3054 sub
3285 3016 3352 3059 eo
3385 3002 3541 3072 quod

1885 3089 2048 3163 pium
2081 3093 2191 3156 est,
2223 3085 2367 3142 illud
2395 3086 2551 3158 quod
2582 3086 2830 3159 impium
2872 3091 2961 3142 est
3016 3087 3340 3144 introducis
3400 3107 3413 3145 :
3478 3093 3545 3145 ut

1888 3177 2092 3235 multis
2125 3176 2382 3250 periodis
2414 3174 2622 3231 anima:
2656 3176 2799 3230 ﬁant
2828 3191 2945 3230 non
2990 3191 3059 3230 ex
3088 3175 3441 3249 angelis,sed
3476 3194 3545 3245 ex

1888 3268 1982 3324 his
2013 3263 2332 3333 vocabulis,
2390 3263 2449 3318 in
2482 3280 2607 3336 quae
2657 3262 2820 3335 prius
2864 3263 3055 3337 angeli
3105 3265 3314 3320 mutati
3374 3271 3553 3339 sunt,

1886 3356 2030 3414 Volo
2061 3356 2217 3428 quod
2250 3354 2401 3420 dico,
2452 3352 2821 3409 manifestius
2878 3353 3003 3410 ﬁeri
3062 3354 3224 3428 :ﬁge
3279 3354 3537 3433 aliquem

1887 3446 2208 3503 tribunitiae
2257 3442 2564 3515 potestatis
2620 3460 2727 3499 suo
2782 3442 2920 3497 vitio
2978 3444 3377 3516 regradatum,
3439 3463 3542 3523 per

1887 3534 2122 3608 singula
2152 3531 2370 3588 militiae
2402 3531 2692 3603 equestris
2723 3532 2766 3566 ¹⁰
2797 3531 3009 3599 ofﬁcia,
3031 3533 3103 3588 ad
3134 3533 3344 3589 tironis
3369 3551 3539 3592 voca-

1887 3624 2094 3681 bulum
2126 3622 2485 3689 devolutum,
2513 3620 2782 3694 nunquid
2813 3638 2883 3677 ex
2924 3621 3158 3677 tribuno
3218 3624 3418 3679 statim
3477 3625 3543 3680 ﬁt

1888 3714 2043 3771 tiro?
2070 3713 2195 3769 Non
2226 3730 2240 3780 ;
2272 3712 2374 3768 sed
2408 3714 2540 3766 ante
2562 3710 3173 3783 primicerius,dcinde
3204 3715 3442 3769 senator
3472 3712 3537 3789 η,

1888 3802 2262 3870 ducenarius,
2295 3799 2686 3865 centonarius,
2720 3800 2873 3856 425
2924 3798 3223 3866 biarchus,
3281 3800 3538 3871 circiter,

1882 3940 2527 4018 piumexdwmonzous,
2586 3945 2700 4018 etc.
2761 3940 2987 4018 Deinde
3039 3939 3262 4018 isthme,
3317 3942 3543 4018 angelos

1886 4012 2077 4072 scribis
2105 4032 2216 4072 esse
2245 4014 2559 4080 mutabiles,
2583 4013 2642 4068 in
2672 4012 2798 4069 cod.
2829 4013 2887 4068 S.
2919 4012 3120 4069 Crucis
3149 4029 3266 4069 non
3324 4013 3540 4075 haben,

1889 4095 2003 4145 tur.

1957 4162 1979 4195 ⁹
2009 4161 2219 4215 Animae
2274 4159 2406 4224 sint,
2440 4160 2539 4212 etc.
2574 4155 2730 4211 Idem
2762 4154 3058 4227 exemplar
3073 4155 3331 4213 Cluniae.
3366 4158 3542 4214 omit-

1887 4233 1957 4288 tit
1987 4231 2109 4286 haec
2134 4230 2328 4297 verba,
2361 4228 2459 4284 hoc
2513 4231 2591 4284 est
2644 4229 2819 4298 pium,
2876 4245 3002 4300 quae
3060 4228 3119 4284 in
3176 4228 3309 4286 aliis
3367 4229 3533 4287 libris

1887 4303 2182 4374 superﬂue
2211 4300 2507 4374 leguntur.
2541 4304 2822 4374 Maurus.

1980 4376 2004 4409 °
2032 4371 2342 4447 Equestrém
2369 4374 2536 4447 vocat
2565 4371 2906 4447 palatinum,
2938 4375 3026 4447 ut
3055 4377 3219 4447 puto,
3264 4372 3538 4435 militiam

1887 4447 2007 4525 sive
2034 4443 2311 4525 militum,
2344 4444 2444 4517 qui
2477 4443 2578 4515 pro
2610 4443 2825 4525 palatio
2867 4443 3253 4525 eacubabant.

1956 4521 1998 4555 “
2031 4514 2376 4574 Senatorem
2406 4514 2521 4570 non
2550 4514 2860 4588 militarem
2894 4515 3262 4588 dignitatem,
3294 4518 3395 4588 sed
3439 4532 3538 4588 ur-

1886 4591 2077 4646 bicam
2108 4606 2236 4648 esse
2266 4592 2543 4644 causatus
2570 4587 2659 4641 vir
2689 4587 2916 4653 doctus,
2968 4587 3276 4659 perperam
3305 4587 3397 4643 hic
3443 4587 3542 4644 in-

1886 4669 2118 4719 trusum
2140 4677 2362 4741 nomen
2394 4659 2553 4741 istud
2586 4659 2831 4730 putavit,
2862 4663 2964 4713 aut
2986 4660 3272 4741 mendose
3298 4659 3433 4741 legi.

1887 4752 2002 4791 non
2033 4737 2158 4790 erat
2187 4730 2523 4804 suspicioni
2543 4729 2739 4796 locus;
2775 4729 3041 4804 occurrit
3066 4729 3541 4804 ne_mpe,tametsi

1886 4823 2036 4873 raro,
2070 4800 2479 4878 apudveteres
2512 4801 2685 4878 inter
2710 4800 2929 4857 militia:
2984 4800 3538 4878 dignita'tes_sena-

1884 4883 1995 4945 tor,
2025 4871 2087 4932 in
2108 4871 2276 4932 'Actis
2308 4875 2629 4946 Martyrum
2660 4871 3101 4945 Agaunensium
3153 4890 3187 4927 a
3222 4877 3279 4928 S.
3313 4871 3539 4946 Euche-

1886 4944 1989 5006 rio
2021 4947 2275 5021 scriptis.
2326 4944 2753 5021 [incitamentum
2801 4946 3354 5021 tamen‘mam’mum
3410 4944 3544 5021 fidei

1885 5024 1945 5078 in
1976 5022 2079 5077 illo
2111 5017 2347 5091 tempore
2364 5035 2522 5090 penes
2554 5017 2609 5073 S.
2633 5018 2956 5091 Mauricium
2983 5018 3117 5091 fuit,
3146 5017 3537 5091 primicerium

1886 5104 2015 5149 tunc
2051 5095 2192 5148 sicut
2215 5086 2459 5146 traditur
2511 5091 2740 5160 legionis
2787 5089 2926 5158 ejus,
2980 5086 3076 5159 qui
3121 5086 3244 5160 cum
3291 5086 3543 5160 Exsupe-

1884 5169 1989 5231 rio,
2050 5174 2110 5244 ut
2167 5166 2228 5219 in
2274 5164 2518 5244 exercitu
2564 5158 2901 5244 Vappetlant‘
2933 5158 3333 5244 campiductore
3379 5158 3539 5244 ‘(le‘ge

1882 5226 2296 5309 campidoctore,
2328 5226 2689 5309 Crsce._enim
2728 5226 3152 5309 ὁςπλοδιδαῃέὴς,
3203 5236 3260 5287 et
3302 5226 3541 5309 anpB't-f

1886 5304 2176 5375 δάσδὶπιλος)
2221 5312 2271 5363 et
2328 5305 2568 5362 Candido
2624 5306 2869 5359 senatore
2924 5304 3166 5358 militum
3224 5304 3541 5375 accenderat

1884 5374 2221 5438 exhortando
2250 5375 2810 5449 singulos,ete._Sed
2870 5375 3044 5449 etiam
3106 5375 3164 5430 in
3200 5374 3536 5449 Theodosii

1886 5451 2139 5517 Novella,
2173 5450 2262 5505 tit.
2296 5446 2384 5504 29.
2420 5450 2491 5504 de
2518 5446 3032 5512 Scholaribus,ubi
3066 5448 3357 5503 comitibus
3384 5450 3538 5505 scho-

1884 5526 2069 5581 larum
2100 5521 2423 5579 rerberandi
2449 5518 2884 5591 regradandique
2928 5524 3203 5576 senatores
3262 5536 3329 5576 ac
3377 5518 3536 5579 duce-

1882 5598 2072 5652 narios
2103 5596 2333 5650 licentia
2361 5593 2677 5663 denegatur,
2695 5594 2753 5647 et
2782 5607 2915 5646 mox
2941 5591 3152 5648 iterum
3175 5595 3535 5661 senatorum,

1886 5668 2336 5745 ducenariorum
2370 5662 2957 5745 centenariorumque
2982 5663 3348 5745 ‘menti’ouest.
3378 5665 3539 5745 90n-

1882 5739 2179 5801 stantinus
2210 5737 2288 5799 M.
2320 5754 2371 5797 c.
2403 5736 2427 5799 l
2456 5734 2595 5797 Cod.
2640 5734 2997 5797 Justineiani
3027 5736 3099 5798 de
3155 5734 3319 5799 Ollic.
3377 5735 3533 5831 Meg.
