3958 6416
348 496 353 500 _
414 397 535 478 387

411 637 582 693 miles
614 636 916 708 gregarius
949 635 1043 701 sit,
1077 641 1274 690 tamen
1304 651 1371 690 ex
1400 633 1639 689 tribuno
1670 650 1785 688 non
1815 632 2057 699 tiro,sed

412 724 780 798 primicerius
809 723 997 778 factus
1029 726 1137 779 est.
1172 723 1350 778 Docet
1379 722 1656 795 Origenes
1704 737 1807 793 per
1837 719 2056 776 scalam

408 814 585 870 Jacob
616 811 899 885 paulatim
930 811 1307 868 rationabiles
1337 815 1634 867 creaturas
1677 810 1748 864 ad
1780 808 2055 865 ultimum

409 902 677 975 gradum,
712 900 769 955 id
801 904 909 968 est,
943 901 1014 955 ad
1048 916 1282 955 carnem
1331 903 1386 954 et
1441 898 1785 971 sanguinem
1817 898 2056 954 descen-

408 993 543 1047 dere
570 1008 582 1047 :
622 1006 727 1045 nec
759 989 882 1043 fieri
913 1006 1085 1061 posse
1117 992 1180 1043 ut
1209 989 1278 1044 de
1310 988 1640 1044 centenario
1668 1003 1911 1043 numero
1952 1004 2056 1041 su-

408 1081 528 1135 bito
558 1079 691 1152 quis
723 1078 796 1133 ad
827 1094 1012 1133 unum
1045 1094 1353 1132 numerum
1378 1075 1790 1149 prmeipitetur,
1815 1074 1927 1131 nisi
1956 1093 2057 1147 per

408 1167 672 1241 singulos
700 1184 974 1223 numeros
1005 1165 1174 1238 quasi
1204 1182 1308 1238 per
1343 1164 1510 1221 scalae
1542 1164 1782 1237 gradus,
1815 1164 1886 1219 ad
1920 1162 2057 1218 ulti-

407 1274 569 1313 mum
600 1273 789 1328 usque
820 1255 1152 1328 perveniat;
1186 1259 1243 1310 et
1271 1258 1358 1310 tot
1388 1257 1614 1309 mutare
1646 1255 2057 1325 corpora,quot

404 1334 473 1401 de
501 1344 641 1400 cmlo
664 1344 735 1400 ad
765 1348 978 1399 terram
1014 1342 1366 1398 mutaverint
1395 1341 1755 1398 mansiones.
1790 1340 1884 1395 Ha:
1914 1345 2055 1395 sunt

404 1432 653 1505 strophae
685 1436 886 1487 vestra:
914 1436 1090 1504 atque
1121 1430 1457 1504 prmstigiaa,
1483 1431 1700 1502 quibus
1731 1446 1839 1485 nos
1885 1427 2053 1483 Pelu-

402 1522 582 1577 siotas
611 1525 667 1578 et
685 1523 976 1593 jumenta,
1002 1526 1058 1575 et
1087 1520 1372 1575 animales
1403 1519 1673 1575 homines
1695 1517 2056 1589 dicitis,quia

401 1628 517 1666 non
540 1611 858 1683 recipimus
876 1626 943 1665 ea
966 1627 1091 1681 qum
1110 1608 1353 1681 spiritus
1376 1612 1516 1663 sunt
1535 1607 1678 1679 (Vid.
1696 1608 1875 1679 Epist.
1898 1607 2056 1662 Pam-

402 1699 633 1756 machio
664 1703 720 1755 et
741 1699 968 1754 Oceano
989 1697 1063 1753 ad
1089 1699 1236 1769 ﬁn.).
1255 1697 1372 1752 Vos
1395 1696 1853 1768 Hierosolymitae
1877 1693 2052 1751 etiam

401 1786 640 1860 angelos
667 1787 967 1843 deridetis.
1001 1786 1425 1842 Pertrahuntur
1456 1785 1561 1855 [AL
1607 1784 2051 1858 protrahuntur]

400 1877 462 1931 in
494 1876 754 1933 medium
775 1880 968 1931 vestra
989 1875 1289 1947 mysteria,
1321 1878 1376 1930 et
1405 1875 1475 1929 de
1496 1874 1804 1946 gentilium
1838 1872 2051 1928 fabulis

400 1966 617 2038 dogma
645 1967 998 2032 contextum,
1033 1964 1380 2019 Christianis
1413 1964 1663 2019 auribaes
1694 1962 2047 2036 publicatur.

399 2054 517 2110 Hoc
547 2054 702 2126 quod
731 2070 833 2109 vos
864 2052 1160 2107 miramini
1222 2052 1328 2124 [AL
1384 2052 1730 2123 imitamur],
1790 2051 1927 2109 olim
1988 2052 2049 2108 in

400 2142 635 2199 Platone
666 2141 1146 2213 contempsimus.
1180 2140 1650 2213 Contempsimus
1681 2141 2052 2213 autem,quia

400 2231 616 2287 Christi
647 2229 958 2287 stultitiam
991 2228 1318 2301 recepimus
1376 2231 1482 2301 [AL
1544 2230 1904 2302 recipimus].
1941 2230 2045 2285 ite-

400 2320 665 2392 cepimus
694 2318 909 2373 Christi
952 2316 1429 2389 stultitiam,quia
1452 2318 1679 2373 fatuum
1699 2317 1798 2373 Dei
1818 2318 2047 2389 sapien—

397 2409 516 2465 tius
537 2412 629 2464 est
644 2406 986 2463 hominibus
1006 2408 1050 2477 (Ι
1071 2408 1195 2462 Cor.
1219 2423 1258 2473 ι,
1282 2406 1529 2474 25).Non
1554 2407 1733 2478 pudet
1768 2406 2044 2461 Christia-

397 2514 504 2553 nos
534 2499 591 2554 et
621 2495 956 2552 sacerdotes
991 2495 1109 2563 Dei,
1141 2494 1311 2567 quasi
1342 2495 1411 2549 de
1443 2493 1880 2551 rebusludicris
1909 2511 2046 2567 aga-

398 2589 515 2653 tur,
545 2584 735 2641 verbis
767 2583 962 2640 dubiis
1013 2583 1228 2639 haerere
1258 2587 1298 2652 ³,
1357 2588 1413 2639 et
1470 2583 1778 2656 ambiguas
1833 2582 2046 2639 librare
2086 2592 2089 2595 '

400 2674 740 2740 sententias,
764 2672 977 2743 quibus
1000 2671 1247 2744 loquens
1279 2673 1466 2745 magis
1489 2689 1662 2743 quam
1686 2672 1930 2728 audiens
1952 2673 2046 2728 de-

403 2764 641 2834 cipitur.

468 2852 558 2907 20.
590 2852 665 2906 De
692 2850 921 2921 quodam
952 2849 1258 2920 Origenista
1289 2849 1406 2905 haec
1434 2848 1596 2904 dicta.
1629 2879 1699 2889 —
1756 2848 1920 2905 Unus
1977 2867 2045 2906 ex

398 2940 576 2996 choro
604 2943 794 2994 vestro
825 2954 958 2993 cum
992 2954 1025 2993 a
1057 2953 1147 2992 me
1176 2942 1488 3003 teneretur,
1524 2941 1587 2992 ut
1625 2938 1843 2994 diceret
1898 2938 2041 3010 quid

404 3028 647 3084 Sentiret
671 3028 741 3083 de
774 3027 989 3095 anima,
1026 3026 1308 3081 fuissetne
1365 3029 1498 3083 ante
1518 3041 1778 3093 carnem,
1824 3044 1895 3081 an
1927 3044 2042 3083 non

396 3119 637 3186 luisset;
674 3117 854 3173 fuisse
885 3116 1185 3187 respondit
1216 3115 1412 3182 simul,
1469 3120 1526 3171 et
1577 3131 1787 3188 corpus
1818 3121 1875 3172 et
1916 3116 2043 3172 ani-

394 3222 572 3262 mam.
631 3206 891 3261 Sciebam
948 3204 1245 3260 hominem
1302 3204 1639 3260 hacreticum
1692 3204 1931 3277 laqueos
1980 3205 2040 3261 in

1608 384 1613 391 ’
1661 406 1727 473 s.
1772 382 2086 474 nessem
2130 386 2597 473 sinaonvm.

412 563 594 620 eques
625 546 757 601 dein
781 545 925 611 tiro;
958 548 1015 600 et
1043 561 1382 617 quanpuam
1441 544 1715 599 tribunus
1764 542 2062 615 quondam
2092 545 2146 610 Α
2177 542 2275 597 {iet
2306 541 2652 598 resurrectio
2682 545 2885 597 contra
2916 545 3189 597 naturam

3245 556 3259 607 ;
3319 553 3451 611 ergo
3489 538 3650 610 juxta
3670 555 3789 596 sen-

2168 631 2411 686 tentiam
2443 636 2694 686 vestram
2722 646 2934 703 corpus
2987 630 3140 701 quod
3173 632 3373 685 contra
3402 632 3659 684 naturam
3711 634 3791 686 est

2166 735 2481 792 resurgens
2510 721 2552 783 ³,
2586 718 2843 773 animam
2884 734 2999 773 non
3027 717 3285 773 habebit.

2234 809 2324 863 21.
2359 807 2724 863 Μαηίεὴωατη
2772 809 3061 864 nominare
3088 808 3322 879 pollutio
3380 810 3473 861 est.
3530 836 3596 846 -—
3648 805 3791 863 Dicis

2166 896 2427 951 animam
2460 913 2575 953 non
2610 912 2738 952 esse
2768 896 2839 952 de
2871 896 2966 952 Dei
3000 894 3350 952 substantia.
3377 894 3790 952 Pulchre.Dam-

2166 1000 2273 1040 nas
2304 985 2462 1040 enim
2496 984 2919 1057 impiissimum
2943 984 3525 1056 Manichaeum,quem
3549 983 3789 1039 nomina~

2164 1089 2226 1127 re
2257 1073 2499 1146 pollulio
2532 1079 2639 1130 est.
2674 1074 2830 1129 Dicis
2860 1092 2928 1130 ex
2980 1074 3203 1147 angelis
3258 1074 3486 1130 animas
3515 1088 3625 1129 non
3657 1072 3786 1129 fieri.

2164 1162 2493 1233 Acquiesco
2524 1160 2843 1235 paulisper,
2868 1161 3000 1218 licet
3028 1162 3289 1217 noverim
3311 1178 3427 1234 quo
3449 1177 3619 1217 sensu
3647 1159 3789 1216 dixe-

2165 1249 2265 1305 ris.
2290 1249 2437 1316 Quia
2466 1265 2601 1322 ergo
2635 1249 2952 1307 didicimus
2975 1251 3117 1323 quid
3140 1266 3339 1323 neges,
3371 1248 3638 1306 volumus
3657 1248 3791 1306 scire

2164 1339 2307 1410 quid
2338 1339 2563 1395 credas.
2598 1362 2625 1389 «
2660 1341 2930 1412 Accepto,
2964 1340 3184 1411 inquis,
3209 1340 3281 1395 de
3308 1343 3463 1395 terra
3492 1336 3793 1409 limo,plas-

2165 1426 2348 1482 mavit
2377 1427 2531 1483 Deus
2562 1427 2884 1495 hominem,
2919 1432 2975 1483 et
3005 1443 3109 1499 per
3164 1427 3412 1499 gratiam
3444 1426 3665 1499 proprie
3712 1425 3791 1481 in-

2162 1515 2521 1572 sufﬂationis
2542 1516 2804 1572 animam
2835 1517 3073 1573 donavit
3093 1515 3496 1572 rationabilem
3521 1533 3533 1583 ;
3566 1518 3621 1570 et
3642 1513 3796 1570 liberi

2163 1605 2386 1659 arbitrii
2399 1621 2534 1673 ,non
2550 1609 2776 1678 partem
2793 1605 3051 1677 aliquam
3071 1621 3192 1661 suae
3215 1609 3433 1661 naturae
3451 1606 3797 1676 (juxtaquos-

2162 1693 2427 1765 dam,qui
2453 1694 2562 1749 hoc
2592 1695 2771 1766 impie
2803 1694 3272 1767 praedicant),sed
3294 1693 3591 1767 propriam
3616 1690 3797 1747 condi-

2159 1782 2402 1838 tionem.
2435 1805 2462 1831 ››
2495 1782 2697 1837 Videte
2727 1787 2946 1854 quanto
2976 1783 3308 1851 circumitu,
3341 1783 3496 1856 quod
3516 1799 3628 1838 non
3657 1796 3797 1854 quae-

2162 1870 2370 1938 rimus,
2389 1870 2716 1943 eloquatur.
2742 1870 2975 1927 Scimus
3005 1871 3162 1943 quod
3185 1871 3255 1927 de
3286 1875 3445 1927 terra
3477 1872 3625 1927 Deus
3643 1868 3798 1942 plas-

2160 1958 2342 2014 mavit
2364 1958 2964 2028 hominem,novimus
2990 1960 3143 2031 quod
3170 1959 3495 2016 insuﬂlavit
3514 1958 3572 2014 in
3597 1958 3790 2014 faciem

2158 2048 2309 2118 ejus,
2341 2051 2398 2103 et
2429 2049 2617 2104 factus
2646 2054 2735 2104 est
2769 2048 2826 2104 in
2851 2048 3109 2104 animam
3139 2049 3429 2105 viventem
3455 2065 3467 2103 :
3502 2064 3617 2104 non
3642 2048 3798 2119 igno-

2159 2154 2361 2193 ramus
2394 2138 2550 2210 quod
2583 2138 2781 2193 anima
2811 2137 3053 2193 rationis
3085 2138 3181 2205 sit,
3216 2143 3273 2194 et
3302 2138 3521 2210 pr0prii
3563 2134 3795 2205 arbitrii,

2159 2232 2215 2281 et
2246 2228 2466 2283 scimus
2497 2228 2651 2299 quod
2692 2227 2794 2283 Dei
2820 2226 2921 2283 illa
2950 2227 3205 2283 conditio
3236 2228 3312 2283 sit
3340 2228 3382 2282 ⁴.
3418 2227 3598 2283 Nemo
3638 2223 3799 2282 dubi-

2156 2319 2242 2370 tat
2270 2330 2465 2371 errars
2496 2315 2907 2381 Manichaenm,
2940 2315 3040 2387 qui
3071 2314 3213 2371 dicit
3242 2331 3373 2372 eam
3397 2331 3525 2372 esse
3546 2314 3645 2370 Dei
3675 2312 3800 2370 sub-

2156 2404 2427 2460 tentiam.
2460 2406 2578 2459 Hoc
2638 2421 2794 2459 nunc
2853 2404 3148 2476 interrogo
3200 2421 3213 2459 :
3270 2403 3484 2460 Anima
3541 2403 3653 2459 ista
3704 2400 3798 2458 Dei

2156 2492 2430 2561 conditio,
2464 2492 2631 2549 liberi
2664 2492 2914 2561 arbitrii,
2967 2492 3291 2561 rationalis,
3324 2509 3518 2566 neque
3573 2494 3643 2549 de
3672 2489 3799 2547 sub-

2154 2581 2339 2638 tantia
2366 2581 2677 2649 Creatoris,
2710 2582 2946 2653 quando
2978 2583 3129 2639 facta
3160 2582 3237 2637 sit
3268 2599 3281 2638 :
3315 2586 3520 2638 utrum
3566 2598 3631 2638 eo
3658 2584 3798 2637 tem-

2155 2686 2295 2741 pore
2324 2686 2441 2741 quo
2470 2670 2541 2726 de
2570 2670 2710 2726 limo
2741 2671 2930 2727 factus
2959 2677 3048 2727 est
3075 2670 3273 2741 homo,
3318 2677 3379 2728 et
3436 2671 3797 2727 insufﬂatum

2154 2763 2242 2814 est
2272 2758 2632 2832 spiraculum
2664 2760 2793 2815 vitae
2825 2760 2883 2815 in
2915 2760 3121 2816 faciem
3151 2762 3280 2833 ejus
3313 2778 3327 2817 :
3363 2778 3440 2817 an
3482 2777 3611 2833 quas
3640 2760 3794 2832 prius

2152 2849 2340 2904 fuerat
2371 2849 2478 2921 [AL
2512 2852 2684 2904 antea
2713 2849 2869 2905 facta
2895 2848 3126 2922 fuerat],
3185 2854 3242 2905 et
3280 2849 3438 2906 inter
3489 2846 3795 2905 rationabi-

2151 2935 2237 2992 les
2266 2942 2562 2993 creaturas
2619 2942 2675 2992 et
2729 2938 3099 3011 incorporeas
3157 2941 3283 2994 erat
3338 2943 3519 3010 atque
3559 2936 3796 3001 vivebat,

2151 3026 2251 3081 Dei
2273 3030 2475 3098 postea
2505 3026 2900 3082 insufﬂatione
2930 3028 3146 3083 donata
3194 3025 3316 3082 sit?
3347 3027 3455 3083 Hic
3484 3031 3661 3096 taces,
3711 3022 3800 3079 hic

2151 3113 2477 3186 simplicem
2512 3130 2578 3171 ac
2628 3115 2918 3170 rusticum
2952 3120 3005 3171 te
3048 3113 3337 3181 simulas;
3372 3119 3431 3171 et
3462 3116 3574 3171 sub
3614 3110 3799 3168 verbis

2147 3202 2476 3275 Seripturaa,
2508 3219 2577 3259 ea
2605 3220 2732 3275 quas
2760 3203 3055 3276 Scriptura
3084 3220 3200 3259 non
3233 3203 3435 3270 sentit,
3468 3198 3799 3260 abscondis.

395 3311 663 3352 sermone
693 3310 971 3366 quaerere.
1015 3292 1274 3350 Tandem
1333 3294 1519 3363 reperi
1579 3310 1736 3361 eum,
1798 3311 1864 3350 ex
1924 3285 2115 3365 quoC
2157 3294 2217 3346 ln
2250 3308 2316 3347 eo
2348 3291 2473 3347 loco
2532 3292 2632 3346 ubi
2688 3292 2859 3361 dicis,
2910 3293 3066 3363 quod
3126 3291 3330 3348 nullus
3392 3292 3627 3365 quierit,
3687 3304 3795 3345 non

391 3400 605 3455 corpus
634 3382 977 3452 animasset,
1022 3399 1090 3437 ex
1143 3386 1285 3438 tunc
1343 3398 1471 3437 eam
1529 3382 1722 3437 dicere
1780 3382 2037 3438 animam

392 3475 815 3543 nuncupatam,
849 3487 975 3541 qua;
1006 3472 1170 3543 prius
1225 3471 1311 3526 vel
1376 3472 1623 3540 daemon,
1656 3471 1744 3527 vel
1794 3471 2039 3545 angelus

394 3561 644 3630 Satanae,
669 3558 756 3614 vel
789 3558 1031 3630 spiritus
1057 3558 1475 3625 fornicationis,
1529 3560 1572 3627 ¹,
1610 3564 1711 3614 aut
1765 3560 1824 3614 in
1877 3566 2041 3632 parte

393 3648 705 3719 contraria,
733 3647 1075 3715 dominatio,
1103 3650 1381 3718 potestas,
1403 3648 1844 3704 administrator
1874 3650 2042 3721 spiri-

388 3742 507 3807 tus,
540 3739 644 3793 aut
671 3734 913 3792 nuntius
948 3735 1237 3808 appellata
1266 3734 1362 3791 sit.
1398 3736 1456 3791 Si
1490 3736 1600 3791 fuit
1648 3736 1845 3792 anima
1875 3741 2042 3792 ante-

391 3828 567 3899 quam
597 3827 780 3881 Adam
814 3825 870 3880 in
904 3825 1175 3897 paradiso
1230 3825 1599 3893 formaretur,
1663 3826 1719 3879 in
1781 3825 2041 3897 quolibet

390 3920 547 3973 statu
578 3920 635 3972 et
662 3914 883 3985 ordine,
912 3918 970 3969 et
997 3914 1159 3983 vixit,
1187 3918 1245 3969 et
1298 3913 1417 3987 egit
1472 3914 1577 3986 [AL
1641 3916 1786 3985 erat]
1817 3914 2038 3986 aliquid
2066 3982 2071 3988 _

390 4011 601 4078 (neque
629 4004 786 4060 enim
816 4019 1130 4075 possumus
1174 4002 1593 4075 incorporalem
1653 4009 1708 4059 et
1766 4008 2037 4059 aeternam

389 4094 449 4149 in
481 4094 724 4149 modum
756 4091 1386 4165 gliriumimmobilem
1427 4096 1874 4166 torpentemque
1914 4110 2041 4149 sen-

394 4182 551 4253 tire),
583 4196 820 4236 necesse
848 4184 933 4235 est
966 4184 1031 4235 ut
1060 4178 1262 4252 aliqua
1292 4197 1473 4236 causa
1502 4182 1883 4253 praecesserit,
1937 4198 2041 4237 cur

393 4285 522 4341 quae
552 4268 715 4341 prius
748 4267 872 4324 sine
929 4283 1169 4340 corpore
1228 4269 1360 4337 fuit,
1420 4273 1623 4340 postea
1680 4270 2041 4326 circumdata

390 4359 470 4414 sit
499 4374 754 4429 corpore.
789 4358 859 4412 Et
888 4356 938 4412 si
970 4358 1124 4414 426
1179 4357 1387 4414 animae
1444 4364 1532 4413 est
1590 4359 1857 4416 naturale
1912 4376 2041 4417 esse

390 4448 517 4504 sine
547 4462 807 4519 corpore,
841 4462 976 4519 ergo
1008 4449 1207 4502 contra
1240 4453 1510 4503 naturam
1539 4452 1624 4503 est
1658 4464 1786 4504 esse
1820 4449 1879 4504 in
1913 4466 2040 4504 cor-

390 4554 547 4611 pore.
581 4536 640 4592 Si
674 4539 879 4591 contra
909 4539 1180 4591 naturam
1211 4541 1300 4592 est
1327 4553 1455 4594 esse
1483 4536 1544 4591 in
1595 4554 1858 4612 corpore,
1903 4553 2040 4611 ergo

388 4625 736 4682 resurrectio
768 4625 1029 4697 corporis
1058 4628 1261 4681 contra
1316 4630 1588 4682 naturam
1618 4626 1747 4686 erit.
1780 4626 1891 4682 Sed
1923 4643 2039 4683 non
2071 4654 2119 4720 D

388 4749 500 4824 (ΜΤἰ
527 4750 853 4824 Agentibus
896 4750 957 4804 in
988 4751 1293 4824 rebusqita
1326 4751 1684 4824 respondet»:
1718 4750 2039 4824 Privilegiis

389 4820 623 4893 dudum,
639 4822 848 4877 scholae
871 4826 1070 4877 vestrae
1087 4821 1331 4876 indultis
1368 4820 1687 4893 et‘integris
1708 4820 2035 4893 reservatis,

388 4893 458 4947 ad
531 4892 1031 4961 DUCENARIAM,
1102 4892 1642 4961 CENTENARIAM,
1725 4898 1782 4949 et
1848 4892 2039 4951 BIAR-

388 4964 628 5037 CHIAM,
664 4981 835 5022 nemo
868 4964 1167 5037 suffragio,
1221 4965 1322 5019 sed
1361 4964 1579 5037 [labore
1614 4966 2040 5037 unusquisque

388 5036 707 5117 perveniat,
740 5041 849 5092 etc.
882 5035 1072 5117 Erant
1105 5036 1300 5117 itaque
1356 5035 1669 5117 i_n_.schola
1712 5035 2038 5117 agentium

388 5106 461 5188 in_
508 5108 682 5163 rebus
734 5107 1025 5188 equestris
1086 5106 1221 5188 sive
1294 5106 1562 5188 palatinas
1647 5106 2038 5188 militite,_.vel

390 5177 636 5251 aliorum
664 5177 993 5251 cohortium
1070 5177 1171 5250 qui
1226 5177 1507 5251 principis
1592 5195 1684 5234 res
1770 5179 2038 5251 publicas

387 5248 488 5323 vel
509 5251 762 5323 privatas
788 5248 1137 5323 tractabant,
1171 5248 1310 5323 certi
1340 5248 1559 5321 gradus
1591 5266 1692 5322 per
1721 5248 1869 5321 quos
1899 5267 2040 5323 pau-

389 5318 555 5375 latim
588 5320 700 5393 fuit
728 5321 1184 5393 ascendendnm,
1218 5318 1406 5393 primo
1437 5318 1660 5393 equites,
1709 5318 1845 5377 mox
1872 5318 2039 5379 circi-

390 5401 529 5447 tores
604 5391 738 5445 dein
790 5392 1027 5459 biarchi,
1088 5391 1489 5448 etchomen—
1539 5392 1893 5450 Centenarius
1947 5395 2040 5451 hic

391 5433 551 5518 apud
606 5461 1023 5518 Hieronvmum
1079 5465 1298 5518 deerat.
1356 5471 1413 5518 et
1468 5464 1776 5518 sunnletnr
1833 5483 1865 5518 e
1921 5483 2036 5518 ms.

391 5461 548 5534 apud
606 5461 1023 5544 Hieronymum
1079 5465 1298 5545 deerat.
1356 5471 1413 5546 et
1468 5464 1776 5591 suppletur
1833 5483 1865 5521 e
1921 5483 2036 5523 ms.

391 5534 462 5615 S.
484 5532 704 5615 Crucis.
737 5533 846 5589 Pro
875 5537 1097 5615 circiter
1125 5535 1222 5615 alii
1253 5535 1406 5615 docti
1436 5552 1540 5615 viri
1571 5542 1787 5615 __egant
1821 5540 2040 5615 cinni-

388 5606 547 5680 citor,
580 5605 752 5680 cujus
783 5620 887 5660 nec
921 5604 1174 5680 nominis
1206 5622 1309 5680 nec
1338 5604 1893 5680 dignitatisvmentio
1915 5609 2041 5666 ulla

389 5679 545 5748 quod
579 5677 760 5749 sciam
791 5676 1074 5732 occurrrit
1123 5679 1279 5749 apud
1330 5676 1614 5736 auctores.
1668 5681 1910 5737 Circitor
1940 5699 2040 5739 au-

387 5751 506 5841 tam
568 5748 748 5810 Graec.
807 5755 1121 5827 περιοδιυτὴς
1151 5748 1211 5808 et
1235 5757 1556 5825 κνλευθήτης,
1614 5759 1737 5812 erat
1795 5756 1897 5829 qui
1953 5754 2041 5812 vi-

2149 3380 2312 3436 illam
2344 3385 2567 3452 partem
2599 3380 2860 3453 aliquam
2891 3397 3019 3437 esse
3050 3398 3167 3437 suae
3203 3382 3305 3448 [AL
3368 3382 3602 3448 divinae]
3633 3382 3796 3436 natu-

2148 3485 2224 3525 ris
2250 3470 2432 3541 (juxta
2461 3470 2749 3541 quosdam
2781 3469 2882 3541 qui
2911 3470 3022 3526 hoc
3045 3469 3224 3542 impie
3260 3471 3627 3543 praedicant),
3660 3466 3800 3524 illud

2146 3561 2334 3631 magis
2365 3560 2653 3615 debueras
2709 3560 2927 3625 dicere,
2982 3560 3140 3632 quod
3199 3577 3409 3617 omnes
3467 3558 3806 3633 quaerimus,

2148 3664 2263 3703 non
2295 3664 2446 3716 eam,
2483 3665 2609 3720 quae
2643 3648 2808 3720 prius
2838 3649 3047 3718 fuerat,
3106 3665 3220 3705 non
3252 3665 3387 3705 eam
3449 3664 3633 3722 quam
3676 3649 3805 3703 ante

2149 3737 2511 3806 condiderat,
2546 3754 2671 3809 quae
2703 3737 2856 3793 inter
2884 3736 3262 3794 rationabiles
3321 3743 3506 3811 atque
3546 3737 3810 3809 incorpo-

2149 3842 2279 3882 reas
2309 3830 2366 3881 et
2395 3825 2718 3883 invisibiles
2769 3831 3068 3883 creaturas
3126 3826 3311 3883 multo
3366 3829 3500 3899 jam
3553 3831 3812 3899 tempore

2150 3915 2509 3972 versabatur.
2542 3914 2700 3971 Nihil
2731 3915 2940 3972 horum
2972 3915 3251 3989 lequeris,
3314 3917 3473 3974 427
3540 3912 3811 3990 producis

2148 4003 2317 4060 nobis
2336 4005 2742 4074 Manichzeum,
2772 4010 2830 4060 et
2857 4006 3171 4062 abscondis
3200 4005 3543 4079 Origenem,
3568 4010 3631 4062 et
3661 4005 3811 4061 sicut

2149 4092 2406 4165 parvulis
2436 4094 2636 4150 cibum
2667 4095 3065 4166 poscentibus,
3097 4093 3325 4152 ludicra
3356 4097 3640 4169 quaedam
3673 4093 3805 4151 affe-

2147 4187 2284 4238 runt
2312 4181 2550 4256 gerulae,
2583 4186 2647 4237 ut
2678 4188 2919 4239 avocent
2950 4188 3173 4240 mentes
3203 4199 3441 4255 eorum,
3473 4184 3564 4241 sic
3594 4189 3659 4240 tu
3708 4195 3813 4238 nos

2148 4271 2399 4327 rusticos
2455 4288 2662 4328 avocas
2692 4272 2763 4327 ad
2795 4272 2929 4342 alia,
2961 4277 3027 4327 ut
3058 4289 3200 4328 num
3233 4272 3483 4330 alterius
3549 4284 3810 4347 personas

2149 4360 2400 4416 novitate
2429 4364 2719 4431 tenemur,
2752 4362 2907 4433 quod
2938 4361 3209 4419 volumus
3238 4379 3355 4419 non
3391 4377 3738 4436 quaeramus
3772 4360 3814 4415 ⁸.

2218 4453 2307 4505 2‘).
2344 4452 2457 4505 Eva
2486 4450 2547 4504 in
2577 4454 2704 4522 typo
2752 4451 3019 4509 Ecclesia.
3076 4452 3327 4519 Quotidie
3375 4453 3523 4509 Deus
3570 4452 3814 4525 fabrica-

2150 4542 2241 4594 tur
2294 4540 2512 4595 animas
2571 4539 2886 4596 rationales.
2940 4541 3135 4597 Libera
3211 4543 3483 4613 confessio
3544 4540 3694 4615 ﬁdei.
3750 4563 3820 4582 —-

2150 4632 2305 4695 Esto,
2336 4627 2449 4684 hoc
2481 4644 2595 4684 non
2629 4627 2913 4701 loquaris,
2944 4634 3003 4686 et
3030 4628 3383 4703 simplicitas
3414 4634 3526 4688 tua
3585 4627 3729 4685 nihil
3760 4626 3818 4681 in

2147 4752 2319 4834 gilias
2359 4751 3220 4834 circumibat,renuntiabatque
3251 4754 3300 4810 si
3323 4770 3447 4827 qua
3469 4755 3651 4836 culpa
3670 4753 3823 4832 esset

2148 4824 2427 4879 admissa.
2456 4824 2653 4882 Venet.
2689 4823 2790 4880 11b.
2821 4842 2907 4882 III.
2939 4843 2988 4881 c.
3013 4828 3047 4882 8
3089 4843 3102 4881 :
3163 4849 3190 4876 «
3246 4826 3441 4882 Nunc.
3478 4826 3682 4882 inquit
3712 4839 3820 4879 m1-

2415 4866 2427 4878 .
2467 4843 2653 4881 νειζθι.
2689 4843 2790 4880 llD.
2821 4843 2907 4881 Ill.
2939 4843 2988 4881 Ο.
3013 4843 3047 4881 δ
3089 4843 3102 4881 ἶ
3163 4849 3190 4876 ((
3246 4843 3441 4881 nunc.
3478 4843 3682 4881 ιησιιιι
3712 4843 3820 4879 ωι-

2148 4840 2427 4879 aamissa.
2466 4840 2653 4895 veget.
2689 4840 2790 4880 un.
2821 4842 2907 4892 III,
2939 4843 2988 4881 c.
3013 4840 3047 4882 δ
3089 4843 3102 4881 :
3163 4849 3190 4876 «
3246 4840 3441 4896 mune,
3478 4840 3682 4899 inquit
3712 4840 3817 4879 mh

2146 4894 2505 4977 litigetactus
2533 4901 2623 4977 est
2651 4896 2869 4968 gradus
2902 4914 2915 4953 :
2949 4903 3007 4953 et
3063 4898 3364 4955 circitores
3410 4901 3729 4957 vocantur.
3793 4915 3817 4944 ι

2146 4966 2257 5022 Alii
2288 4965 2492 5023 legunt
2517 4965 2828 5023 circulorcs.

2220 5039 2235 5072 ⁸
2267 5034 2406 5114 Cod.
2438 5038 2496 5093 S.
2531 5039 2753 5114 Crucis,
2774 5039 2961 5096 vcrbia
2982 5038 3149 5097 dubia
3172 5056 3419 5114 quaerere
3449 5059 3470 5096 :
3502 5041 3726 5099 leviora
3745 5034 3818 5094 ad

2148 5110 2474 5181 marginem
2504 5110 2881 5167 adnotantur.

2216 5182 2330 5258 ’_ln_
2366 5198 2509 5258 mss.
2545 5184 2723 5238 etiam
2754 5200 2789 5258 a
2822 5183 2879 5238 P.
2908 5185 3243 5258 [Martianazo
3295 5182 3595 5258 inspectis
3645 5181 3812 5258 forti-

2148 5253 2356 5326 tudinis
2384 5253 2595 5326 legitur
2624 5271 2728 5326 pro
2756 5256 3161 5324 fornicationis.

2218 5325 2238 5358 ³
2269 5324 2776 5396 ΙΙΙιιάίνθδανρθηδ,
2810 5326 2870 5381 in
2902 5343 3045 5383 mss.
3072 5326 3347 5384 S.Crucis
3380 5344 3506 5384 non
3540 5327 3821 5385 habetur.

2218 5397 2239 5429 ⁴
2299 5397 2458 5468 Idem
2512 5412 2623 5452 ms.
2677 5400 2855 5468 factus
2898 5401 2971 5455 sit
3027 5398 3184 5455 homo
3238 5401 3295 5454 in
3349 5402 3639 5467 animam,
3700 5401 3810 5454 etc.

2384 5467 2597 5592 Scizrms
2653 5467 2796 5541 quod
2850 5471 2992 5526 Deus
3020 5472 3182 5526 illam
3233 5473 3539 5543 creaverit,
3598 5473 3824 5544 ejusque

2175 5554 2241 5592 on
2286 5557 2303 5592 ι
2332 5555 2385 5592 ιο
2415 5555 2461 5592 sz
2503 5580 2517 5592 .

2145 5553 2385 5594 conamo
2415 5555 2461 5594 81
2476 5553 2517 5593 τ.

2218 5612 2238 5645 ⁵
2270 5610 2445 5666 Ms.S.
2479 5609 2679 5667 Crucis
2710 5620 2998 5668 terremur.
3026 5613 3203 5670 Paulo
3225 5614 3375 5671 infra
3406 5618 3588 5671 vetus
3613 5611 3822 5681 editio,

2145 5683 2211 5737 Et
2257 5698 2427 5758 causa
2475 5683 2536 5758 in
2582 5683 2758 5758 medio
2807 5687 3201 5758 przlermissa,
3261 5702 3367 5743 non
3422 5686 3597 5745 solvis
3654 5685 3824 5748 dubia

2146 5757 2354 5827 nostra,
2379 5770 2476 5817 seu
2505 5756 2568 5819 in
2596 5756 2730 5831 luto,
2762 5756 2871 5819 etc.
