3958 6390
149 372 242 445 389
266 384 271 389 ’
1222 379 1536 443 CONTRA
1576 368 1946 444 JOANNEM
1990 372 2408 444 HIEROSOL.
3406 378 3556 446 390'

148 512 411 570 sehabeat
441 510 596 585 quod
631 508 838 568 callide
869 515 1082 569 taceas.
1126 514 1232 579 Qui
1273 531 1410 586 ergo
1460 516 1532 570 de
1563 515 1761 569 anima
1790 514 1843 579 Α
1876 513 2083 568 animas
2139 514 2393 570 Creator.
2447 513 2573 570 Noli
2629 510 2927 586 despicere
2989 510 3310 569 bonitatem
3361 513 3525 588 ﬁguli

148 601 297 659 semel
322 600 504 657 dicere
534 617 814 674 coeperas,
858 605 913 656 et
960 603 1031 657 de
1079 620 1139 658 re
1185 607 1350 659 tanta
1403 604 1475 659 ab
1524 604 1758 659 exordio
1873 604 1977 670 tui,
2014 604 2113 676 qui
2147 608 2200 659 te
2232 603 2564 676 plasmavit,
2617 609 2675 660 et
2723 603 2858 659 fecit
2910 606 2975 658 ut
3020 601 3226 659 voluit.
3279 603 3408 675 Ipse
3439 609 3526 660 est

149 691 459 748 conditionis
507 691 777 747 humana:
830 696 1122 763 repetere:
1185 709 1310 762 cur,
1361 692 1759 765 disputatione
1871 692 1972 747 Dei
2031 692 2215 749 virtus
2268 697 2325 749 et
2380 694 2482 749 Dei
2546 693 2837 765 sapientia
2901 692 3002 764 qui
3068 693 3173 763 [ΑΙ.
3256 694 3408 766 quas]
3467 694 3527 750 in

148 781 418 853 pendente,
447 780 517 835 ad
550 779 789 854 angelos
820 785 875 836 et
906 781 977 835 ad
1026 781 1527 853 dispensationem
1562 780 1759 836 Domi-
1874 786 2037 838 utero
2069 782 2329 854 Virginis
2362 783 2668 839 aediﬁcavit
2699 782 2809 837 sibi
2842 782 3109 837 domum.
3133 781 3347 855 Jephte
3376 783 3532 839 inter

149 869 244 925 nici
272 870 515 942 corporis
547 875 783 941 repente
814 870 1183 925 transcendis
1210 888 1221 925 :
1277 874 1332 925 et
1380 874 1500 925 tam
1552 869 1762 943 grandi
1870 871 2025 927 viros
2044 876 2278 927 sanctos
2298 871 2701 942 Apostolivoce
2724 871 3283 941 numeratus(Hebr.
3308 888 3388 939 x1,
3412 872 3525 942 32),

150 960 198 1013 in
226 958 396 1014 medio
425 958 817 1030 praetermissa
846 958 1096 1026 salebra,
1130 960 1341 1014 dubios
1390 976 1499 1014 nos
1550 960 1609 1015 in
1639 959 1760 1014 luto
1874 960 2193 1015 meretricis
2225 964 2311 1014 est
2345 960 2644 1015 filius.Sed
2680 960 2874 1027 audi",
2892 976 2962 1015 ex
2984 959 3242 1015 Rebecca
3257 964 3313 1015 et
3344 960 3524 1027 Isaac,

151 1048 339 1109 haerere
364 1046 624 1119 pateris?
652 1047 710 1103 Si
755 1047 1075 1103 insufflatio
1118 1048 1219 1103 Dei
1269 1050 1447 1120 (quod
1501 1065 1617 1103 non
1648 1048 1759 1115 vis,
1871 1050 2021 1103 Esau
2054 1050 2309 1122 genitus,
2343 1049 2633 1121 hispidus,
2668 1054 2788 1104 tam
2822 1053 3015 1105 mente
3047 1066 3224 1121 quam
3258 1065 3518 1121 corpore,

152 1136 348 1208 etquod
370 1153 520 1191 nunc
542 1136 828 1208 relinquis
850 1136 1219 1209 ambiguum)
1254 1137 1526 1191 humanae
1552 1137 1761 1192 animai
1873 1139 2042 1209 quasi
2075 1139 2291 1193 bonum
2319 1138 2580 1193 triticum
2630 1139 2686 1193 in
2740 1138 2941 1193 lolium
2997 1154 3327 1211 avenasque
3357 1139 3531 1210 dege-

153 1224 370 1283 conditio
399 1230 523 1281 est:
558 1226 692 1295 Eva,
724 1225 784 1280 in
817 1226 984 1296 cujus
1016 1226 1223 1281 faciem
1274 1243 1389 1281 non
1443 1226 1765 1281 insufﬂavit
1874 1232 2074 1282 nerat:
2111 1227 2249 1299 quia
2299 1244 2413 1282 non
2466 1227 2523 1281 in
2572 1226 2927 1295 seminibus,
2980 1228 3078 1283 scd
3130 1227 3188 1297 in
3237 1227 3532 1283 voluntate

154 1315 299 1382 Deus,
328 1314 478 1371 unde
510 1315 771 1371 animam
803 1315 1058 1371 habuit?
1092 1315 1277 1371 Taceo
1326 1316 1396 1370 de
1446 1316 1581 1381 Eva,
1636 1332 1763 1387 qure
1875 1316 2191 1381 nascentis,
2224 1333 2402 1372 causa
2442 1322 2531 1371 est
2580 1315 2853 1371 vitiorum
2904 1320 3080 1388 atque
3126 1316 3437 1373 virtutum.
3472 1316 3532 1371 Si

153 1404 198 1458 in
224 1408 343 1476 typo
374 1404 642 1460 Ecclesia:
675 1406 744 1460 de
775 1410 936 1461 costa
966 1404 1071 1459 viri
1106 1405 1413 1469 aediﬁcata,
1447 1423 1563 1459 non
1595 1405 1767 1460 debet
1876 1406 2095 1461 offensa
2136 1410 2225 1461 est
2275 1406 2433 1461 nasci
2487 1405 2830 1477 corporibus
2879 1404 3187 1472 humanis,
3238 1406 3532 1477 quomodo

153 1498 261 1564 post
288 1497 439 1549 tanta
483 1494 698 1549 saecula
743 1499 1020 1566 nepotum
1071 1493 1400 1551 calumnias
1450 1494 1761 1551 sustinere.
1879 1496 2037 1550 Isaac
2086 1495 2237 1567 (Gen.
2290 1496 2472 1566 xvm),
2524 1496 2771 1551 Samson
2824 1494 3025 1562 (ludio.
3078 1494 3228 1565 xm),
3276 1493 3533 1551 Joannes

152 1582 265 1636 Cain
293 1586 344 1638 et
373 1582 533 1651 Abel,
583 1582 790 1654 primis
841 1600 909 1639 ex
955 1582 1163 1655 primis
1214 1583 1577 1651 hominibus,
1612 1584 1766 1639 unde
1880 1584 2142 1655 Baptista
2172 1584 2325 1654 (Luc.
2362 1586 2425 1655 ι),
2461 1585 2530 1639 de
2556 1584 3010 1655 repromissione
3041 1583 3416 1639 nascuntur?
3441 1585 3534 1639 Ιη-

151 1670 372 1726 habuere
401 1670 632 1726 animas
652 1671 679 1726 ?
700 1671 881 1727 Omne
903 1673 1179 1745 deinceps
1200 1673 1530 1728 humanum
1557 1689 1764 1744 genus,
1878 1672 2094 1745 telligis
2126 1673 2265 1745 quid
2300 1674 2374 1727 sit
2406 1673 2576 1727 {idem
2612 1689 2778 1727 suam
2813 1673 3090 1727 audacter
3111 1689 3178 1727 ac
3201 1671 3382 1728 libere
3406 1689 3538 1745 pro-

152 1760 336 1831 quibus
382 1759 714 1816 animarum
764 1764 1035 1817 censetur
1092 1760 1395 1817 exordiis?
1446 1761 1654 1817 Utrum
1701 1778 1769 1817 ex
1880 1762 2081 1816 ﬁteri?
2115 1762 2265 1817 Pone
2299 1778 2490 1817 errare
2521 1778 2636 1827 me,
2688 1768 2889 1833 aperte
2941 1762 3070 1817 dico
3120 1762 3273 1833 quod
3323 1763 3533 1817 sentio.

149 1850 373 1918 traduce,
398 1852 572 1921 juxta
600 1851 771 1906 bruta
820 1849 1136 1907 animalia:
1188 1856 1255 1906 ut
1310 1852 1601 1923 quomodo
1639 1869 1766 1907 cor—
1798 1884 1844 1949 Β
1882 1851 1947 1906 Et
1978 1856 2039 1906 tu
2074 1852 2253 1924 igitur
2299 1856 2398 1906 aut
2449 1850 2626 1906 libere
2676 1855 2876 1906 nostra
2927 1851 3220 1923 profitere,
3271 1856 3371 1907 aut
3400 1867 3537 1906 con-

151 1955 239 2009 pus
257 1956 320 1994 ex
338 1955 596 2012 corpore,
623 1941 706 1996 sic
728 1940 987 1995 animam
1011 1945 1320 2011 generetur
1343 1956 1410 1995 ex
1434 1940 1671 1996 anima?
1694 1959 1766 1997 an
1800 1939 1841 1949 ”
1879 1945 2103 1995 stanter
2128 1945 2231 1995 tua
2284 1939 2541 2011 loquere.
2575 1939 2703 1995 Noli
2735 1940 3027 1995 statuere“
3056 1945 3112 1995 te
3147 1940 3206 1995 in
3238 1940 3360 1996 acie
3384 1957 3538 2011 mea,

150 2027 495 2083 rationabiles
525 2032 815 2084 creatura:
856 2029 1144 2085 desiderio
1193 2046 1506 2101 corporum
1562 2030 1767 2102 paula-
1881 2034 1944 2085 ut
1975 2030 2294 2085 rusticitate
2326 2029 2605 2085 simulata
2638 2030 2694 2084 in
2722 2033 2848 2085 tuto
2881 2029 3122 2097 habeas,
3169 2046 3305 2086 cum
3333 2029 3535 2085 voluc-

150 2116 235 2171 tim
258 2119 319 2172 ad
353 2121 567 2173 terram
615 2118 864 2189 delapsae
885 2120 922 2185 ί,
976 2118 1296 2174 novissime
1344 2120 1524 2175 etiam
1557 2120 1767 2175 huma-
1881 2119 1981 2185 ris,
2017 2118 2305 2191 pugnanti
2334 2124 2495 2189 terga
2526 2119 2850 2173 confodere.
2883 2118 3007 2173 Non
3065 2122 3154 2173 est
3185 2117 3357 2173 istius
3389 2122 3535 2173 tern-

151 2205 224 2261 nis
251 2204 477 2277 illigatae
508 2207 851 2278 corporibus
886 2206 1001 2262 sint
1036 2210 1058 2261 Ρ
1088 2213 1173 2261 An
1207 2210 1361 2262 certe
1391 2207 1567 2278 (quod
1588 2207 1768 2263 eccle-
1880 2209 2039 2280 poris
2070 2212 2272 2263 contra
2301 2208 2569 2279 Origenis
2602 2208 2881 2280 dogmata
2926 2206 3336 2264 conscribere:
3370 2205 3539 2263 alteri

151 2295 420 2350 siasticum
453 2300 548 2352 est
588 2297 911 2352 secundum
962 2295 1196 2367 eloquia
1241 2295 1575 2367 Salvatoris)
1608 2298 1772 2352 Pater
1882 2299 2060 2365 istud,
2082 2299 2127 2352 si
2154 2298 2420 2353 Christus
2442 2297 2620 2352 vitam
2641 2297 2887 2363 dederit,
2919 2297 3079 2369 operi
3102 2296 3534 2362 dedicabimus,

152 2400 273 2439 meus
299 2401 464 2456 usque
490 2386 655 2441 modo
680 2387 997 2457 operatur",
1030 2394 1081 2441 et
1119 2402 1213 2456 ego
1258 2401 1451 2455 operor
1502 2386 1682 2456 (Joan.
1715 2403 1767 2453 ν,
1881 2387 2046 2442 Nunc
2088 2386 2389 2457 quaeritur,
2444 2403 2518 2441 an
2566 2385 2667 2457 qui
2718 2385 3008 2457 arguitur,
3060 2386 3131 2439 ad
3181 2384 3539 2456 interrogata

152 2475 219 2545 17)
243 2499 256 2541 ς
284 2478 335 2530 et
360 2474 505 2530 illud
540 2474 732 2531 lsaize3
760 2491 772 2530 :
810 2475 914 2543 Qui
951 2478 1155 2547 format
1209 2476 1471 2546 spiritum
1522 2476 1770 2531 hominis
1885 2475 2271 2546 responderit,
2307 2479 2361 2529 et
2383 2473 2629 2546 simplex
2654 2472 2731 2529 sit
2751 2478 2809 2528 et
2830 2479 3031 2545 aperta
3056 2474 3185 2545 ejus
3208 2472 3534 2545 responsio.

151 2565 195 2617 in
223 2565 324 2635 ipso
355 2580 367 2619 :
400 2568 458 2620 et
491 2564 550 2620 in
578 2564 857 2637 psalmis:
894 2565 1001 2633 Qui
1029 2563 1191 2633 ﬁngit
1216 2580 1309 2630 per
1340 2565 1588 2633 singulos
1611 2564 1772 2620 corda
1952 2566 2042 2619 23.
2078 2564 2212 2619 Cum
2244 2566 2441 2620 timore
2472 2565 2568 2619 Dei
2598 2564 2841 2635 loquitur
2869 2565 2918 2618 et
2952 2564 3068 2617 vult
3115 2562 3323 2618 audiri.
3353 2567 3536 2621 Joan-

151 2668 307 2708 eorum
336 2653 508 2725 (Psal.
559 2671 731 2719 xxxii,
784 2654 895 2725 45),
944 2652 1203 2726 quotidie
1255 2654 1407 2709 Deus
1456 2654 1776 2709 fabricatur
1881 2656 1971 2709 nis
1990 2656 2273 2725 confessio.
2310 2654 2799 2708 —Transeamus
2821 2652 2956 2707 hinc
2979 2651 3051 2707 ad
3078 2651 3539 2708 famosissimum

154 2742 351 2798 animas
379 2759 391 2797 :
425 2743 599 2813 cujus
642 2741 787 2797 velle
836 2742 1041 2798 fecisse
1087 2747 1195 2810 est,
1246 2746 1302 2798 et
1349 2743 1617 2798 conditor
1646 2759 1776 2799 esse
1885 2744 1953 2798 de
1987 2744 2408 2799 resurrectione
2443 2742 2634 2798 carnis
2666 2746 2721 2797 et
2751 2741 3012 2814 corporis
3045 2742 3454 2813 quaestionem,
3480 2741 3540 2796 in

152 2846 247 2886 non
276 2831 511 2887 cessat?
539 2830 671 2887 Scio
704 2847 830 2903 qum
862 2836 1064 2887 contra
1103 2830 1225 2886 haec
1275 2830 1512 2887 soleatis
1562 2832 1773 2900 dicere,
1885 2851 2002 2905 qua
2050 2838 2105 2889 te
2153 2848 2413 2897 rursum,
2464 2831 2661 2896 lector,
2715 2831 3087 2887 admonitum
3134 2829 3263 2886 volo
3307 2835 3373 2885 ut
3403 2846 3539 2885 cum

152 2924 197 2973 et
220 2919 500 2977 adulteria
538 2920 708 2976 nobis
759 2925 934 2992 atque
982 2921 1205 2975 incesta
1254 2938 1614 2993 pr0ponere;
1646 2939 1773 2993 qua:
1885 2923 2093 2979 timore
2125 2923 2429 2994 etjudicio
2460 2921 2557 2977 Dei
2594 2939 2685 2977 me
2717 2920 2871 2977 scias
2902 2920 3087 2992 loqui,
3140 2924 3197 2975 et
3249 2924 3306 2976 te
3338 2920 3541 2976 audire

155 3007 356 3081 longior
381 3026 585 3083 pugna
614 3014 725 3078 est,
757 3027 861 3066 nec
887 3010 1068 3081 hujus
1098 3010 1382 3083 temporis
1422 3012 1643 3083 patitur
1671 3029 1774 3067 an-
1886 3014 2117 3068 debere.
2150 3012 2348 3083 Neque
2380 3012 2536 3067 enim
2570 3015 2742 3066 tanta;
2773 3008 3033 3065 stultitia:
3079 3025 3234 3076 sum,
3287 3012 3352 3063 ut
3399 3009 3447 3064 si
3478 3009 3538 3063 in

154 3099 370 3169 gestias.
405 3101 624 3156 Eadem
656 3100 1049 3155 controversia
1091 3104 1147 3154 et
1194 3100 1252 3154 in
1302 3117 1402 3156 vos
1453 3102 1775 3173 retorqueri
1887 3101 2246 3175 expositione
2276 3099 2437 3156 illius
2468 3100 2609 3155 fides
2642 3116 2805 3155 mera
2837 3101 2925 3153 est
2956 3115 2967 3153 :
3003 3103 3060 3153 et
3089 3096 3344 3169 perﬁdiis
3376 3097 3539 3153 nulla

153 3192 346 3259 potest:
383 3194 439 3245 et
470 3190 901 3262 quodecunque
940 3190 998 3244 in
1048 3189 1419 3245 Conditorem
1470 3191 1775 3261 praesentis
1811 3252 1846 3263 η
1887 3190 2164 3263 suspicio,
2198 3206 2455 3262 quarram
2486 3186 2800 3244 accusandi
2834 3186 3200 3242 occasionem
3230 3202 3243 3241 :
3297 3191 3353 3241 et
3381 3187 3535 3243 429

153 3280 401 3351 temporis
430 3279 667 3334 videtur
693 3278 1058 3352 indignum‘,
1092 3278 1199 3335 hoc
1230 3279 1403 3334 etiam
1432 3296 1497 3335 eo
1520 3280 1774 3337 donante
1804 3252 1848 3320 Ο
1885 3281 2027 3336 dum
2058 3279 2185 3334 volo
2207 3277 2389 3334 alium
2418 3282 2619 3332 notare
2646 3274 2851 3347 culpae,
2872 3276 2997 3347 ipse
3019 3279 3187 3330 noter
3207 3273 3537 3331 calumniae.

153 3382 246 3423 non
293 3372 381 3424 est
426 3367 764 3440 indignum.
818 3368 984 3425 Nesci
1030 3369 1100 3422 de
1140 3367 1448 3434 adulterio,
1502 3386 1616 3424 non
1648 3370 1776 3440 ejus
1887 3371 2033 3441 Lege
2051 3385 2186 3440 ergo
2209 3365 2712 3423 deresurrectione
2742 3365 2936 3420 carnis
2955 3380 3084 3437 qua?
3102 3363 3339 3420 subdita
3361 3369 3537 3433 sunt;

154 3459 301 3529 culpa
321 3463 408 3515 est
436 3458 543 3531 qui
575 3457 856 3525 nascitur,
890 3458 990 3513 sed
1022 3456 1183 3512 illius
1212 3458 1364 3513 428
1398 3458 1773 3530 quigenerat.
1886 3464 1943 3514 et
1977 3475 2111 3513 cum
2145 3456 2377 3529 legeris,
2411 3460 2467 3511 et
2498 3453 2858 3528 placuerint"
2893 3453 3033 3527 (scio
3064 3454 3221 3509 enim
3255 3452 3543 3527 placitura

152 3542 419 3607 Quomodo
451 3548 516 3603 in
553 3547 882 3604 seminibus
913 3564 1028 3602 non
1052 3552 1254 3619 peccat
1276 3552 1426 3602 terra
1450 3565 1579 3619 qua:
1603 3548 1774 3616 fovet,
1889 3547 2346 3619 ignorantibus),
2413 3545 2707 3618 suspende
2745 3544 3061 3615 judicium,
3113 3549 3353 3616 expecta
3404 3561 3543 3616 pau-

154 3648 247 3690 non
274 3653 467 3693 semen
507 3638 662 3709 quod
693 3637 751 3692 in
785 3636 981 3692 sulcos
1020 3637 1260 3707 jacitur,
1317 3655 1431 3692 non
1480 3637 1693 3694 humor
1721 3643 1778 3695 et
1889 3635 2088 3709 lisper,
2126 3652 2312 3707 usque
2347 3636 2417 3691 ad
2448 3636 2625 3691 ﬁnem
2657 3634 3056 3707 responsionis
3088 3638 3299 3689 nostris
3333 3634 3541 3690 cohibe

153 3722 303 3795 calor,
334 3710 555 3798 quibus
586 3731 906 3798 temperata
936 3726 1227 3781 frumenta
1266 3727 1324 3781 in
1375 3744 1611 3799 germen
1645 3729 1777 3800 pul-
1892 3725 2241 3781 sententiam
2270 3743 2281 3779 :
2332 3729 2389 3780 et
2414 3723 2588 3780 sitibi
2614 3728 2814 3795 postea
2863 3721 3210 3796 placuerint,
3260 3726 3399 3777 tunc
3434 3738 3543 3777 nos

154 3811 316 3871 lntant
346 3816 469 3885 (sed
521 3815 679 3871 verbi
728 3815 937 3887 gratia,
984 3815 1076 3870 fur
1125 3821 1181 3871 et
1228 3816 1376 3873 latro
1426 3819 1527 3889 qui
1575 3819 1777 3876 fraude
1893 3814 2198 3871 calumniae
2238 3814 2563 3869 denotabis.
2610 3835 2637 3862 ‹‹
2670 3812 3007 3868 Passionem
3059 3825 3292 3881 quoque
3321 3810 3448 3880 ejus
3481 3810 3541 3865 in

155 3910 197 3959 et
223 3903 319 3974 [Αἰ.
371 3906 608 3977 exinde]
660 3905 712 3959 vi
759 3904 931 3977 eripit
982 3904 1251 3976 semina),
1300 3906 1383 3962 sic
1434 3907 1493 3962 in
1538 3924 1779 3980 genera-
1894 3920 2064 3959 cruce
2094 3907 2149 3959 et
2180 3906 2425 3957 mortem
2459 3918 2525 3957 ac
2555 3900 2943 3972 sepulturam,
2975 3915 3105 3971 quae
3126 3897 3396 3953 universa
3418 3913 3542 3953 ser-

157 3989 291 4048 tione
316 3993 628 4050 hominum
660 3994 761 4059 [Αἰ.
793 4010 979 4066 genus
1004 3993 1356 4066 humanum]
1381 3996 1585 4068 recipit
1607 4001 1779 4068 terra,
1891 3993 2063 4059 vavit,
2097 4009 2163 4047 ac
2192 3992 2676 4047 resurrectionem
2718 3990 2979 4053 veritate,
3028 3993 3085 4042 et
3134 4004 3247 4043 non
3280 3986 3542 4059 putative

154 4078 201 4135 id
227 4087 325 4147 est,
356 4084 529 4139 vulva
557 4084 714 4155 quod
738 4100 913 4139 suum
939 4088 1028 4139 est
1058 4102 1070 4151 ;
1096 4088 1152 4139 et
1175 4090 1471 4157 receptum
1496 4088 1779 4155 confovet,
1891 4082 2239 4137 confitemur
2266 4097 2277 4135 :
2312 4081 2411 4152 qui
2446 4079 2671 4151 (Coloss.
2703 4096 2741 4146 ι,
2773 4080 2860 4150 18)
2904 4084 2960 4133 et
3014 4077 3441 4151 primogenitus
3475 4093 3543 4133 ex

153 4172 430 4229 confotum
462 4177 752 4244 corporat,
785 4177 1156 4244 corporatum
1188 4172 1246 4229 in
1282 4175 1547 4230 membra
1576 4176 1781 4231 dislin-
1893 4172 2162 4237 mortuis,
2214 4169 2503 4242 primitias
2546 4186 2753 4224 massae
2818 4184 3127 4241 corporum
3178 4169 3542 4237 nostrorum,

153 4258 274 4329 guit.
308 4261 371 4317 Et
397 4261 554 4317 inter
583 4261 713 4317 illas
753 4267 1006 4318 secretas
1054 4263 1272 4318 ventris
1322 4264 1650 4336 angustias,
1681 4266 1781 4322 Dei
1893 4278 2038 4333 quas
2068 4260 2126 4315 in
2159 4257 2425 4332 sepulcro
2457 4258 2679 4331 positas
2712 4257 3035 4323 suscitavit,
3066 4256 3324 4329 pervexit
3350 4256 3418 4311 ad
3437 4274 3547 4311 ca:-

155 4363 339 4406 manus
369 4368 606 4424 semper
635 4356 947 4424 operatur:
987 4352 1260 4424 idemque
1300 4357 1391 4408 est
1438 4355 1697 4427 corporis
1726 4361 1784 4413 et
1892 4351 2038 4420 lum,
2082 4366 2245 4421 spem
2297 4348 2466 4405 nobis
2515 4348 2958 4404 resurrectionis
3011 4346 3069 4402 in
3121 4345 3545 4403 resurrectione

211 4473 377 4548 ‘_Vid.
406 4476 463 4531 si
492 4475 657 4548 lubet
686 4454 855 4548 epist.
890 4476 953 4531 81
991 4475 1048 4531 in
1091 4481 1291 4531 nostra
1343 4478 1681 4535 recensione
1713 4480 1783 4535 de
1962 4478 1983 4509 θ
2014 4475 2151 4531 Cod.
2185 4478 2241 4528 S.
2274 4474 2497 4548 Crucis,
2531 4475 2662 4530 Nolo
2691 4481 2945 4548 statuere,
2981 4478 3093 4529 etc.
3136 4543 3167 4548 r_
3337 4538 3377 4548 Γ

152 4545 461 4623 animarum
491 4539 739 4619 origine:
772 4548 899 4604 Mox
926 4549 1053 4603 cod.
1089 4548 1148 4603 S.
1191 4548 1392 4605 Crucis
1419 4551 1695 4621 paulatim
1715 4552 1784 4607 ad
1892 4620 1901 4623 _
1961 4550 1979 4582 ⁷
2008 4539 2658 4623 Ρθιιίοὰυῳνζιειῐιόνοιῃη
2710 4545 2922 4617 triplici
2973 4543 3285 4623 negatione
3336 4539 3543 4623 legunt

154 4625 345 4699 terrena
375 4614 637 4699 delapsae,
669 4623 778 4676 etc.
867 4692 881 4699 _
1088 4691 1100 4699 _
1149 4696 1156 4699 Δ
1386 4614 1432 4699 ῥ’
1814 4632 1858 4696 D
1892 4620 2194 4699 hchsq‘ue
2216 4617 2365 4699 .cditi
2400 4622 2549 4699 post“
2578 4614 2907 4699 Erasmum,
2955 4620 3032 4698 et.
3054 4614 3176 4699 non.
3207 4614 3540 4699 placuerint.

208 4690 226 4722 ²
251 4689 456 4767 Deerat
501 4686 680 4767 'meus,
729 4692 883 4767 quod
931 4691 1326 4767 supplet__ms.
1363 4692 1574 4767 Graeco
1622 4698 1781 4751 textu
1817 4686 1852 4696 “’
1891 4695 2005 4767 scio
2034 4686 2181 4767 enim
2209 4689 2357 4767 hu‘ud
2383 4686 2681 4767 placitura,
2709 4694 2767 4743 et
2798 4704 2954 4767 mox,
2982 4688 3032 4741 si
3072 4686 3176 4741 tibi
3220 4688 3404 4767 postea
3430 4698 3544 4767 non

153 4763 508 4842 gssentiente.
570 4758 679 4819 Pro
727 4758 890 4842 licia:
936 4758 1131 4819 autem
1162 4764 1451 4842 Victorius
1498 4767 1786 4824 Zacharia:
1887 4766 2218 4842 placuerint.
2256 4758 2481 4842 Extoto
2509 4764 2702 4842 autem
2735 4764 3102 4842 contextuac
3138 4758 3295 4842 serie
3323 4758 3546 4842 oratio-

150 4827 286 4905 legit.
320 4835 525 4913 sicque
555 4836 955 4913 reponendum
990 4840 1190 4913 monet
1234 4836 1606 4913 Martianaeus
1637 4855 1780 4913 quo-
1887 4826 1984 4890 'nis
2015 4842 2071 4890 et
2093 4832 2395 4913 scriptoris
2427 4837 2618 4887 mente
2646 4832 2850 4913 liquet,
2894 4828 3189 4913 contrario
3228 4826 3545 4913 legendum

155 4896 265 4986 que,
298 4896 452 4978 quod
491 4896 676 4986 hujug
701 4907 995 4986 propheta:
1027 4908 1148 4963 sint
1192 4909 1366 4963 verba
1415 4926 1542 4981 cap.
1593 4896 1696 4981 xxi,
1734 4912 1781 4966 t.
1893 4924 2021 4963 esse
2054 4896 2251 4986 sensu}
2303 4904 2636 4986 trinamque
2684 4896 2846 4986 illam
2893 4899 3146 4986 negandi
3195 4896 3546 4986 particulam

156 4972 989 5058 Atinas._non_su_ifragahtur._
1088 5048 1099 5058 ‘
1275 5050 1289 5058 _
1461 4972 1503 5058 _'
1574 5055 1585 5058 _
1893 4978 2361 5058 expungendum.
2398 4972 2594 5058 Neque
2620 4976 2797 5058 enim,
2822 4972 3197 5058 gaudeatis
3231 4972 3549 5058 oscitanter

210 5047 229 5082 ³
254 5051 316 5105 Et
345 5051 501 5125 illud
525 5052 702 5125 Isaia.
738 5040 845 5125 pro
877 5052 1035 5125 [sane
1086 5048 1397 5125 legendum
1448 5055 1782 5125 chharz‘az:
1896 5040 2270 5125 Martiavnzeus
2307 5040 2791 5125 scripsit,7‘l_"ides'
2816 5040 3070 5125 Ecctcsim
3116 5046 3205 5125 est
3244 5040 3547 5125 quaa‘sub:

156 5114 253 5175 hinc
286 5123 443 5198 enim
476 5124 650 5198 verba
682 5124 836 5198 apud
868 5110 1227 5198 Zachariam
1270 5122 1461 5198 posita
1509 5110 1786 5197 leguntur
1894 5123 2147 5198 nectitur
2188 5126 2361 5193 atque
2425 5110 2966 5198 eveptilaturtsed‘
2994 5110 3546 5198 Joannis,"subdoli

155 5203 260 5262 cap.
288 5209 386 5262 xu,
420 5194 475 5263 i,
509 5194 646 5270 licet
676 5189 1072 5270 apudlsaiam
1098 5189 1297 5270 multa
1347 5189 1621 5270 dicantin
1653 5215 1779 5270 cap.
1894 5194 2169 5270 haeretici,
2222 5189 2347 5264 quae
2398 5191 2720 5270 artificiose
2762 5190 2903 5245 adeo
2954 5189 3186 5270 texitur,
3230 5189 3301 5270 ut
3347 5189 3548 5270 prima

157 5255 247 5317 ιιῐι
275 5271 328 5320 et
372 5255 505 5330 imi,
559 5266 629 5322 de
676 5255 968 5323 creatione
1016 5264 1223 5320 animos
1274 5270 1331 5321 et
1384 5255 1783 5326 insuiﬂatione
1896 5270 2082 5322 fronte
2114 5255 2359 5336 placeat,
2402 5263 2657 5318 maxime
2710 5260 3137 5333 ignorantibus,
3192 5261 3250 5312 et
3292 5255 3393 5328 qni
3426 5255 3547 5338 doli

159 5334 395 5387 Spiritus-
430 5338 720 5387 Murrum.
1894 5339 2037 5387 nihil
2072 5337 2464 5387 susniccntur.
2499 5335 2597 5387 sed
2652 5339 2785 5387 post
2829 5330 3166 5387 Hieronvmi
3213 5344 3547 5387 resnonsio-

159 5347 180 5383 ε
218 5338 395 5393 iritus.
430 5338 720 5394 ΜΑιιτιΑΝ.

184 5348 231 5440 p‘
259 5406 533 5481 Legimus
564 5427 629 5465 ex
680 5427 788 5465 ms.
842 5410 901 5465 S.
953 5409 1177 5475 Crucis,
1231 5425 1364 5465 cum
1415 5415 1587 5466 antea
1626 5429 1720 5467 ess

1988 5339 2038 5392 iil
2072 5338 2464 5407 suspicentur,
2499 5338 2597 5389 sed
2652 5339 2785 5405 post
2829 5338 3166 5401 Hieronymi
3213 5344 3550 5401 responsio-

1988 5427 2049 5476 η,
2085 5410 2131 5463 si
2169 5408 2472 5481 placuerit,
2505 5408 2641 5481 ipse
2657 5404 2794 5481 velit
2815 5402 3122 5481 calumniae
3146 5400 3436 5481 deputari.
3463 5401 3551 5457 Ita

159 5472 419 5558 coptrario
453 5499 655 5558 sensu,
688 5484 749 5558 In
795 5482 1138 5558 Conditorem
1166 5472 1481 5558 prementis
1526 5488 1783 5556 temporis
1892 5472 2361 5558 praztcreii'legit,
2395 5472 2894 5558 quem-admodum
2933 5480 2990 5530 et
3040 5472 3364 5558 emendavi,
3399 5488 3549 5558 pra:-

160 5548 344 5607 videlur
370 5555 690 5625 indignum,
721 5555 818 5609 hoc
853 5556 1020 5611 etiam
1059 5570 1118 5609 eo
1166 5548 1404 5609 donante
1448 5570 1557 5609 non
1586 5548 1664 5611 θέε
1694 5559 1781 5611 in-
1893 5548 2297 5609 stantissimu‘s
2326 5556 2381 5605 S.
2412 5548 2615 5605 Crucis
2646 5565 2781 5614 ms.,
2816 5549 3063 5619 duaeque
3094 5549 3317 5601 veteres
3347 5548 3550 5625 editio-

161 5620 378 5678 ἀίηπιιτη.
1892 5643 2017 5678 nes.
2047 5624 2229 5678 altera
2253 5622 2511 5677 Venetiis
2546 5622 2703 5678 1496.
2737 5622 2919 5675 altera
2948 5635 3043 5674 an.
3087 5618 3421 5678 insequenti
3452 5616 3550 5671 Ni-

191 5637 378 5673 mnum-

1986 5644 2015 5673 t-
2047 5637 2229 5673 altera
2262 5637 2511 5673 VBDCLIIS
2546 5637 2703 5673 ιιίυυ.
2737 5637 2919 5673 altera
2948 5637 3043 5673 an.
3087 5637 3421 5673 Insequenti
3452 5637 3549 5671 αι·

207 5639 440 5753 ῗπκᾳέῗτῦα
472 5698 579 5753 Sed
607 5697 742 5753 audi
770 5697 829 5753 in
863 5715 972 5754 ms.
1009 5698 1066 5753 S.
1100 5696 1301 5754 Crucis
1350 5698 1770 5757 desiderantur.

1989 5644 2017 5691 ἱ,
2047 5630 2229 5680 altera
2258 5630 2511 5677 Venetus
2546 5630 2703 5687 meo,
2737 5630 2919 5675 altera
2948 5635 3043 5674 an.
3087 5630 3421 5688 insequenti
3452 5630 3550 5671 m-

1989 5695 2037 5752 ai
2089 5694 2285 5750 Keslet
2333 5694 2473 5748 civis
2531 5692 2918 5757 Basileensis,
2979 5707 3107 5764 qua:
3156 5694 3213 5746 ct
3258 5686 3552 5764 superiori

165 5759 294 5826 infra
317 5768 537 5829 leviora
563 5770 828 5846 quaedam
860 5787 929 5829 ex
956 5772 1161 5829 eodem
1190 5770 1600 5831 emendantur.
1890 5786 2063 5830 versu
2094 5767 2332 5838 habent,
2361 5766 2424 5825 de
2446 5767 2850 5824 resurrectione
2877 5759 3178 5824 Βοιὴἱηίσκ
3205 5759 3415 5821 carnis.
3506 5800 3513 5811 ρ
