3958 6404
398 353 526 432 3,91

1648 355 1713 416 S.
1758 348 2072 420 EUSEBII
2118 347 2581 416 HIERONYMI.

3675 349 3788 412 393

405 491 625 564 proprii
657 486 914 562 corporis
945 488 1248 544 tribuens:
1286 490 1438 544 unde
1469 493 1526 544 et
1557 503 1758 542 omnes
1801 487 1883 542 sic
1930 500 2056 556 spe-
2087 485 2138 549 Α
2169 483 2297 538 dias
2329 483 2680 554 suspicatur.
2715 481 2906 536 Credit
2932 496 3058 537 esse
3089 480 3245 551 quod
3274 477 3502 536 dicitur.
3542 480 3787 538 Sanctio-

405 598 607 638 ramus
639 595 938 650 resurgere
969 594 1037 632 ex
1066 578 1334 644 mortuis,
1369 578 1521 632 sicut
1570 575 1666 631 ille
1717 574 2049 631 resurrexit.

401 671 527 727 Non
559 670 620 724 in
651 667 782 724 aliis
813 667 1170 742 quibusdam
1197 666 1521 739 peregrinis
1544 670 1602 721 et
1621 665 1679 720 in
1705 663 1911 720 alienis
1933 681 2057 718 cor-

407 757 669 830 poribus,
693 773 819 827 qua:
853 760 1240 811 assumuntur
1270 756 1326 810 in
1360 755 1805 828 phantasmate:
1850 753 1951 808 sed
1975 752 2054 808 si-

407 852 504 903 cut
528 847 651 918 ipse
681 845 740 900 in
776 843 874 900 illo
906 861 1166 916 corpore,
1201 845 1356 916 quod
1404 845 1557 915 apud
1611 859 1716 897 nos
1767 843 1825 898 in
1854 846 2054 898 sancto

408 935 675 1008 sepulcro
709 933 1012 988 conditum
1045 932 1399 989 resurrexit:
1434 934 1514 988 ita
1543 936 1601 987 et
1645 949 1750 986 nos
1801 930 1858 985 in
1910 929 2055 1001 ipsis

407 1024 773 1097 corporibus.
809 1023 1021 1094 quibus
1056 1039 1210 1078 nunc
1244 1022 1698 1086 circumdamur,
1733 1025 1790 1076 et
1831 1019 1888 1073 in
1923 1017 2052 1090 qui-

409 1115 520 1170 bus
553 1130 709 1168 nunc
741 1110 1076 1185 sepelimur,
1110 1111 1312 1166 eadem
1348 1110 1569 1166 ratione
1604 1113 1659 1164 et
1687 1109 1905 1164 visione
1929 1123 2056 1180 spe-

406 1219 612 1258 ramus
663 1203 1021 1272 resurgere'.
1073 1202 1204 1266 Qua:
1276 1198 1432 1255 enim
1487 1200 1660 1270 juxta
1707 1197 2052 1270 Apostolum

407 1291 775 1347 seminantur
820 1289 878 1344 in
929 1289 1322 1360 corruptione,
1376 1293 1622 1359 surgent
1680 1288 1738 1342 in
1788 1287 2055 1342 incorru-

407 1381 636 1452 ptione;
671 1396 795 1452 quae
827 1378 1200 1434 seminantur
1233 1378 1288 1432 in
1323 1377 1708 1450 ignobilitate,
1732 1380 1974 1448 surgent
1996 1375 2052 1430 in

404 1468 608 1540 gloria.
652 1487 673 1517 ι
707 1468 1042 1522 Seminatur
1073 1484 1285 1538 corpus
1317 1464 1595 1529 animale,
1621 1469 1822 1536 surget
1843 1481 2054 1535 corpus

403 1555 706 1627 spirituale
739 1558 783 1626 (ι
824 1555 943 1611 Cor.
993 1572 1086 1609 xv.
1135 1555 1258 1624 411);
1307 1555 1376 1608 de
1425 1552 1641 1624 quibus
1687 1557 1744 1608 et
1792 1552 2055 1607 Salvator

402 1646 618 1713 docens
644 1645 874 1701 locutus
891 1650 1015 1700 est:
1049 1668 1068 1693 ι
1097 1643 1202 1708 Qui
1226 1642 1381 1698 enim
1415 1643 1576 1714 digni
1603 1641 1819 1697 fuerint
1843 1640 2053 1696 saeculo

402 1734 519 1802 illo,
561 1738 618 1790 et
667 1732 1092 1790 resurrectione
1141 1748 1208 1786 ex
1267 1732 1535 1798 mortuis,
1593 1748 1780 1802 neque
1831 1731 2054 1786 nubent

404 1839 592 1896 neque
626 1823 956 1889 nubentur;
989 1837 1177 1893 neque
1208 1820 1362 1877 enim
1397 1819 1549 1874 ultra
1582 1819 1727 1876 mori
1759 1825 2050 1892 poterunt,
2085 1855 2130 1919 Β

405 1913 504 1967 sed
539 1915 711 1968 erunt
736 1912 886 1966 sicut
918 1911 1108 1982 angeli
1140 1910 1262 1974 Dei,
1297 1926 1429 1965 cum
1464 1909 1616 1964 sint’
1652 1908 1755 1962 filii
1796 1925 2052 1964 resurre-

404 1999 615 2056 ctionis
648 2000 796 2069 (Luc.
830 2017 924 2069 xx,
955 2000 1045 2061 35,
1088 1998 1202 2068 36).
1241 2020 1266 2045 ››

474 2090 564 2144 24.
598 2089 850 2143 Rursum
885 2087 943 2141 in
978 2085 1093 2142 alia
1133 2090 1294 2157 parte
1356 2084 1643 2157 Epistolis,
1692 2084 1801 2139 hoc
1851 2090 1960 2151 est,
1994 2083 2053 2138 in
2089 2119 2092 2122 ~

404 2178 518 2234 ﬁne
547 2194 788 2234 suorum
838 2179 1309 2241 tractatuum,ut
1338 2174 1580 2230 auribus
1631 2173 1900 2230 illuderet
1949 2189 2054 2229 ne-

407 2265 737 2334 scientium,
762 2265 1072 2337 strepitum
1091 2262 1532 2320 resurrectionis
1555 2279 1620 2318 ac
1644 2279 1919 2335 pompam
1947 2261 2054 2317 hac

405 2355 714 2411 verborum
765 2354 1148 2425 ambiguitate
1205 2352 1474 2407 libravit:
1529 2375 1555 2402 «
1587 2353 1696 2407 Sed
1749 2367 1935 2422 neque
1984 2352 2053 2406 de

404 2446 658 2500 secundo
690 2442 942 2516 glorioso
975 2443 1223 2498 adventu
1259 2441 1486 2497 Domini
1525 2441 1706 2496 nostri
1728 2440 1866 2495 Jesu
1890 2439 2052 2496 Chri-

403 2534 476 2589 sti
510 2533 959 2600 intermisimus,
997 2531 1398 2604 quiventurus
1422 2530 1590 2586 estin
1613 2530 1799 2602 gloria
1835 2530 2052 2600 suaju-

401 2623 596 2678 dicare
625 2623 783 2678 vivos
815 2626 873 2676 et
905 2625 1167 2676 mortuos
1195 2639 1208 2687 ;
1248 2621 1372 2692 ipse
1403 2620 1560 2676 enim
1593 2618 1902 2674 suscitabit
1925 2635 2055 2673 om-

412 2728 513 2766 nes
545 2714 827 2776 mortuos,
855 2715 912 2765 et
941 2713 1075 2764 ante
1106 2726 1277 2764 suum
1306 2707 1564 2763 tribunal
1613 2709 1768 2764 430
1817 2724 1939 2762 esse
1970 2708 2053 2761 fa-

407 2800 520 2854 ciet
551 2818 563 2868 ;
598 2805 654 2855 et
686 2798 1003 2869 unicuique
1033 2799 1236 2853 reddet
1267 2798 1594 2852 secundum
1628 2797 1781 2868 quod
1815 2796 1934 2868 egit
1954 2813 2057 2869 per

409 2905 643 2960 corpus,
677 2887 795 2943 sive
829 2888 1048 2942 bonum
1081 2887 1199 2942 sive
1233 2885 1453 2942 malum
1483 2904 1496 2952 ;
1553 2885 1775 2940 scilicet
1822 2890 1924 2940 aut
1955 2901 2055 2940 co-

411 2977 709 3032 ronandus
741 2977 800 3030 in
833 2991 1088 3047 corpore,
1125 2975 1278 3047 quod
1310 2979 1466 3030 caste
1505 2973 1622 3046 egit
1652 2978 1708 3029 et
1729 2975 1922 3044 juste;
1957 2979 2056 3029 aut

412 3065 916 3131 condemnandus,
948 3064 1101 3136 quod
1129 3063 1521 3133 voluptatibus
1546 3063 1762 3134 pariter
1785 3062 2055 3133 iniquita-

411 3156 686 3227 tibusque
710 3154 964 3211 servivit.
995 3177 1019 3202 »
1042 3153 1156 3208 Hoc
1178 3153 1331 3224 quod
1356 3152 1414 3206 in
1439 3151 1744 3223 Evangelio
1769 3150 2052 3224 legimus:

2169 589 2259 627 res
2289 571 2445 627 enim
2478 576 2616 627 sunt
2646 587 2817 626 aures
2847 569 3069 643 populi.
3109 586 3285 642 quam
3333 568 3640 625 sacerdotis
3669 569 3790 627 ani-

2169 677 2322 717 IDUS.

2235 753 2323 804 25.
2362 752 2576 805 Iterum
2611 755 2783 822 atque
2828 748 3040 804 iterum
3091 753 3168 816 te,
3215 748 3414 812 lector,
3469 764 3790 806 commoneo

2167 843 2231 894 ut
2261 838 2604 911 patientiam
2641 843 2856 903 teneas,
2891 842 2949 892 et
2999 837 3192 894 discas
3243 837 3396 909 quod
3444 853 3546 910 ego
3575 852 3789 910 quoque

2167 945 2268 998 per
2298 928 2675 1000 patientiam5
2702 927 2877 982 didici
2907 945 2917 993 ;
2955 931 3010 982 et
3031 931 3224 984 tamen
3249 931 3559 999 antequam
3581 926 3789 984 vultum

2165 1016 2434 1071 draconis
2465 1015 2745 1084 evolvam,
2779 1021 2836 1072 et
2865 1017 3077 1088 dogma
3118 1015 3385 1088 Origenis
3431 1016 3500 1072 de
3549 1031 3788 1072 resurre-

2163 1105 2351 1160 ctione
2402 1105 2654 1160 breviter
2699 1122 2984 1178 exponam
3036 1106 3170 1175 (non
3221 1105 3376 1161 enim
3429 1105 3639 1177 poteris
3684 1103 3791 1164 vim

2165 1195 2313 1250 scire
2342 1195 2610 1261 antidoti,
2641 1195 2753 1250 nisi
2783 1209 3006 1249 venena
3036 1192 3443 1266 perspexeris),
3494 1191 3635 1249 illud
3667 1191 3790 1250 dili-

2164 1289 2365 1354 genter
2393 1284 2636 1339 observa
2666 1288 2723 1338 et
2744 1289 2911 1338 caute
2938 1283 3199 1354 relegens
3228 1299 3472 1339 numera
3496 1300 3508 1338 :
3533 1281 3682 1355 quod
3706 1298 3792 1340 no~

2163 1372 2284 1427 vies
2312 1373 2794 1428 resurrectionem
2829 1372 3139 1428 nominans
3180 1370 3462 1442 corporis,
3511 1386 3580 1426 ne
3627 1367 3791 1428 semel

2165 1462 2401 1532 quidem
2449 1462 2642 1518 carnis
2692 1460 2972 1516 inseruit:
3041 1465 3499 1532 suspectumque
3557 1459 3658 1514 tibi
3701 1457 3792 1525 sit,

2164 1550 2316 1621 quod
2349 1550 2416 1604 de
2451 1549 2739 1604 industria
2767 1549 3156 1619 praetermisit.
3190 1548 3340 1604 Dicit
3369 1565 3504 1620 ergo
3535 1548 3793 1620 Origenes

2163 1639 2308 1695 481
2346 1637 2404 1693 in
2441 1638 2707 1710 pluribus
2734 1637 2899 1703 locis,
2935 1643 2989 1693 et
3023 1637 3275 1693 maxime
3305 1637 3364 1693 in
3416 1635 3564 1694 libro
3609 1637 3673 1693 de
3700 1637 3792 1692 Re-

2149 1731 2497 1786 .surrectione
2526 1733 2754 1800 quarto,
2787 1734 2843 1783 et
2864 1728 2922 1782 in
2956 1727 3326 1800 Expositione
3367 1727 3540 1800 primi
3572 1723 3792 1798 psalmi,

2163 1821 2219 1872 et
2251 1817 2309 1872 in
2339 1818 2724 1885 Stromatibus,
2759 1816 3051 1888 duplicem
3082 1833 3336 1872 errorem
3368 1815 3582 1872 versari
3613 1814 3671 1874 in
3701 1815 3793 1870 Ec-

2165 1905 2338 1962 clesia
2368 1925 2380 1972 ;
2417 1912 2748 1962 nostrorum
2780 1910 2836 1961 et
2879 1905 3279 1962 bmreticorum
3308 1922 3320 1960 :
3374 1929 3399 1955 «
3435 1906 3550 1962 Nos
3580 1901 3795 1976 simpli-

2165 2011 2258 2050 ces
2310 2001 2366 2049 et
2413 1995 2804 2067 philosarcas"
2850 1995 3061 2062 dicere,
3111 1995 3265 2065 quod
3315 1995 3518 2051 eadem
3569 2009 3715 2061 ossa,
3744 1994 3795 2048 et

2165 2085 2428 2156 sanguis,
2463 2090 2517 2140 et
2548 2101 2703 2151 caro,
2743 2084 2800 2139 id
2832 2091 2942 2152 est,
2974 2084 3171 2140 vultus
3204 2089 3261 2141 et
3292 2085 3575 2152 membra,
3607 2082 3796 2138 totius-

2167 2192 2276 2246 que
2309 2191 2588 2246 compago
2622 2175 2879 2245 corporis
2913 2178 3179 2246 resurgat
3221 2174 3278 2232 in
3323 2174 3642 2230 novissima
3670 2171 3791 2230 die:

2166 2263 2386 2320 scilicet
2409 2268 2471 2318 ut
2489 2263 2739 2334 pedibus
2764 2263 3156 2330 ambulemus,
3182 2279 3493 2335 operemur
3513 2261 3793 2328 manibus,

2163 2352 2468 2407 videamus
2500 2351 2704 2420 oculis,
2758 2352 3000 2407 auribus
3052 2352 3382 2419 audiamus,
3439 2351 3794 2410 circumfera-

2166 2459 2414 2512 musque
2442 2445 2702 2496 ventrem
2734 2440 3149 2511 insatiabilem,
3180 2446 3235 2498 et
3257 2441 3629 2498 stomachum
3649 2439 3798 2496 cibos

2165 2534 2648 2602 concoquentem.
2701 2528 3074 2603 Consequens
3121 2534 3317 2586 autem
3366 2546 3516 2596 esse,
3568 2529 3665 2602 qui
3693 2529 3797 2586 ista

2166 2621 2496 2685 credamus,
2528 2620 2718 2674 dicere
2751 2637 2856 2674 nos
2889 2620 3043 2691 quod
3083 2623 3139 2675 et
3185 2619 3610 2676 comedendum
3641 2615 3798 2676 nobis

2167 2711 2262 2777 sit,
2297 2714 2352 2766 et
2382 2709 2726 2776 bibendum,
2754 2708 3071 2782 digerenda
3101 2713 3378 2776 stercora,
3421 2707 3796 2766 edundendus

2166 2798 2398 2864 humor,
2442 2798 2720 2852 ducenda:
2771 2814 3000 2865 uxores,
3055 2796 3221 2852 liberi
3269 2797 3637 2870 procreandi.
3683 2795 3794 2860 Quo

2167 2887 2320 2943 enim
2356 2887 2620 2941 membra
2649 2885 2946 2958 genitalia,
2981 2886 3030 2941 si
3058 2887 3276 2958 nuptiae
3309 2904 3426 2942 non
3450 2891 3619 2944 erunt
3638 2885 3664 2940 ?
3683 2884 3796 2948 Quo

2167 2977 2391 3042 dentes,
2421 2974 2468 3030 si
2501 2975 2614 3030 cibi
2653 2991 2766 3030 non
2823 2973 3074 3030 molendi
3125 2976 3310 3030 sunt?
3356 2976 3483 3040 Quo
3530 2978 3721 3031 venter
3747 2974 3799 3028 et

2167 3064 2302 3130 cibi,
2338 3063 2385 3119 si
2408 3065 2578 3134 juxta
2609 3062 2956 3134 Apostolum
2989 3069 3045 3119 et
3075 3063 3170 3120 hic
3202 3071 3252 3120 et
3277 3063 3358 3118 illi
3383 3060 3796 3120 destruentur?

2169 3153 2295 3224 ipso
2326 3152 2537 3208 iterum
2570 3152 2894 3206 clamante:
2932 3176 2957 3201 ‹‹
2995 3152 3136 3207 Caro
3167 3156 3224 3208 et
3268 3153 3514 3225 sanguis
3562 3165 3796 3224 regnum

407 3245 471 3300 In
522 3224 1027 3301 consummatione
1079 3241 1304 3308 mundi,
1359 3243 1408 3296 si
1454 3243 1578 3311 ﬁeri
1630 3249 1800 3313 potest
1844 3242 2050 3312 (Matth.
2085 3224 2126 3290 C
2167 3241 2266 3296 Dei
2300 3259 2413 3296 non
2447 3241 2850 3314 possidebunt,
2884 3259 3069 3313 neque
3100 3224 3394 3314 corruptio
3428 3240 3802 3314 incorruptio-

406 3351 558 3401 xxxv,
607 3334 718 3402 24),
771 3332 970 3387 seduci
1019 3332 1193 3388 etiam
1244 3331 1477 3395 electos,
1530 3331 1587 3385 in
1638 3330 1744 3386 hoc
1795 3329 2048 3402 capitulo

404 3421 910 3493 comprobamus3.
959 3421 1136 3476 Audit
1179 3419 1392 3491 vulgus
1439 3420 1742 3475 indoctum
1788 3425 2048 3475 mortuos

405 3515 460 3565 et
492 3509 789 3581 sepultos:
823 3509 986 3565 audit
1017 3510 1502 3565 resurrectionem
1535 3514 1922 3575 mortuorum,
1955 3525 2048 3563 ve-

405 3599 575 3654 ritate
602 3603 659 3654 et
689 3615 802 3652 non
836 3599 1130 3671 putative:
1167 3598 1330 3654 audit
1370 3597 1658 3670 primitias
1712 3614 1915 3652 massa:
1948 3614 2048 3652 no-

404 3693 661 3744 strorum
702 3704 1032 3760 corporum,
1067 3687 1122 3742 in
1156 3687 1386 3742 Domini
1419 3702 1657 3758 corpore
1690 3687 1761 3741 ad
1794 3685 2051 3741 ccelestia

405 3777 739 3850 pervenisse
769 3795 781 3833 :
817 3776 982 3833 audit
1013 3781 1463 3842 resurrecturos,
1499 3792 1614 3830 non
1647 3777 1703 3829 in
1729 3774 2050 3847 peregrinis

404 3866 727 3938 alienisque
744 3865 1111 3938 corporibus,
1140 3881 1265 3936 qua:
1288 3867 1674 3919 assumuntur
1695 3863 1753 3918 iu
1779 3863 2051 3935 phantas-

405 3959 580 4023 mate,
614 3955 716 4010 sed
747 3953 899 4010 sicut
929 3953 1180 4008 surrexit
1209 3951 1495 4008 Dominus
1528 3951 1586 4006 in
1609 3969 1866 4024 corpore,
1891 3953 2046 4024 quod

405 4044 559 4114 apud
592 4059 700 4098 nos
729 4041 786 4096 in
819 4045 1020 4097 sancto
1053 4040 1321 4114 sepulcro
1366 4041 1666 4096 conditum
1709 4041 1933 4111 jacuit:
1970 4041 2048 4098 ita

405 4137 462 4187 et
491 4148 598 4187 nos
627 4131 685 4185 in
719 4130 861 4202 ipsis
893 4130 1258 4202 corporibus,
1291 4129 1504 4201 quibus
1547 4147 1700 4185 nunc
1721 4130 2047 4186 circumda-

407 4237 540 4275 mur
569 4225 625 4276 et
653 4218 988 4290 sepelimur,
1020 4218 1080 4273 in
1113 4218 1205 4274 die
1239 4218 1445 4290 judicii
1496 4224 1946 4276 resurrecturos.
1982 4221 2049 4276 Et

409 4326 478 4364 ne
503 4308 611 4363 hoc
641 4324 849 4380 parum
880 4307 1013 4380 quis
1051 4308 1432 4375 existimaret,
1479 4309 1641 4364 addit
1689 4309 1747 4364 in
1792 4314 2048 4366 extremo

407 4395 700 4470 capitulo:
735 4420 762 4445 ‹‹
799 4398 866 4452 Et
910 4395 1223 4467 unicuique
1269 4397 1469 4452 reddet
1516 4399 1841 4454 secundum
1891 4399 2047 4470 quod

406 4485 522 4558 egit
551 4503 653 4559 per
683 4486 944 4558 corpus‘,
980 4484 1097 4541 sive
1139 4486 1378 4552 bonum,
1424 4486 1540 4542 sive
1592 4485 1853 4542 malum:
1887 4488 2050 4543 scili-

2162 3348 2294 3386 nezn
2326 3333 2372 3400 (I
2401 3331 2521 3386 Cor.
2564 3348 2656 3397 xv,
2707 3331 2821 3399 58).
2862 3354 2887 3380 ››
2919 3331 3049 3386 Haec
3095 3348 3201 3386 nos
3253 3332 3595 3388 innocentes
3627 3335 3681 3387 et
3709 3345 3796 3385 ru-

2161 3421 2337 3476 sticos
2370 3419 2580 3475 asserit
2610 3420 2820 3475 dicere.
2852 3443 2877 3469 ‹‹
2914 3421 3225 3476 Hmreticos
3269 3437 3425 3489 vero,
3463 3423 3520 3477 in
3554 3433 3793 3493 quarum

2161 3515 2322 3582 parte
2357 3514 2494 3564 sunt
2526 3509 2806 3577 Marcion,
2844 3508 3096 3581 Apelles,
3146 3509 3522 3578 Valentinus,
3554 3507 3794 3568 Manes".

2160 3615 2370 3654 nomen
2404 3598 2642 3653 insania:
2675 3597 2906 3670 penitus
2937 3605 2993 3654 et
3021 3600 3214 3655 carnis
3239 3604 3296 3655 et
3326 3600 3590 3674 corporis
3620 3613 3798 3655 resur-

2159 3688 2476 3744 rectionem
2540 3703 2786 3760 negare:
2853 3693 2908 3742 et
2959 3687 3208 3745 salutem
3265 3693 3501 3746 tantum
3553 3689 3798 3746 tribuere

2159 3776 2387 3847 animae,
2422 3777 2754 3848 frustraque
2786 3793 2891 3833 nos
2913 3776 3106 3833 dicere
3127 3778 3198 3833 ad
3221 3778 3557 3851 exemplum
3579 3773 3799 3834 Domini

2157 3870 2609 3933 resurrecturos,
2643 3881 2768 3920 cvm
2802 3865 2926 3938 ipse
2958 3883 3190 3938 quoque
3220 3866 3507 3925 Dominus
3527 3867 3586 3923 in
3619 3865 3796 3940 phan-

2157 3958 2406 4010 tasmate
2457 3953 2875 4011 resurrexerit:
2926 3959 2981 4010 et
3031 3972 3147 4010 non
3199 3955 3390 4012 solum
3456 3952 3797 4013 resurrectio

2158 4045 2306 4113 ejus,
2343 4043 2443 4098 sed
2476 4047 2532 4098 et
2560 4041 2688 4113 ipsa
2719 4041 2992 4099 nativitas
3012 4045 3091 4113 τῷ
3123 4039 3298 4097 δοκεῖν
3322 4043 3380 4099 id
3404 4049 3516 4111 est,
3549 4041 3798 4118 putative

2155 4132 2280 4188 visa
2312 4131 2502 4204 magis
2535 4131 2630 4197 sit,
2663 4148 2838 4203 quam
2874 4131 3066 4187 fuerit.
3101 4133 3222 4188 Sibi
3267 4138 3464 4190 autem
3497 4138 3800 4205 utramque

2159 4221 2465 4294 displicere
2497 4221 2869 4287 sententiam,
2905 4221 3101 4294 fugere
3132 4239 3193 4278 se
3224 4227 3280 4278 et
3319 4230 3656 4280 nostrorum
3683 4237 3800 4277 car-

2158 4327 2283 4378 nes,
2315 4315 2372 4366 et
2411 4310 2816 4366 haereticorum
2869 4310 3320 4383 phantasmata:
3369 4313 3511 4386 quia
3561 4316 3802 4383 utraque

2158 4417 2294 4471 pars
2312 4399 2370 4454 in
2392 4399 2752 4455 contrarium
2777 4400 2962 4456 nimia
2985 4401 3062 4457 sit
3088 4421 3100 4469 ;
3121 4401 3251 4457 aliis
3283 4401 3463 4459 iidem
3481 4400 3804 4459 volentibus

2159 4505 2221 4544 se
2251 4505 2379 4545 esse
2411 4489 2564 4560 quod
2598 4489 2815 4544 fuerint
2850 4490 2950 4558 [Αι.
2979 4507 3093 4547 non
3126 4491 3320 4562 erunt]
3347 4510 3359 4559 ;
3393 4492 3527 4548 aliis
3555 4503 3806 4549 resurre-

405 4580 494 4632 cet
523 4578 621 4632 aut
655 4575 1021 4630 coronandus
1054 4574 1112 4629 in
1158 4591 1396 4647 corpore
1440 4577 1595 4648 quod
1641 4581 1797 4631 caste
1845 4577 1962 4649 egit
1993 4581 2051 4633 et
2081 4597 2128 4662 Β
2162 4577 2413 4634 ctionem
2447 4594 2759 4649 corporum
2790 4579 3028 4635 omnino
3059 4580 3507 4654 denegantibus.
3534 4583 3804 4648 Quatuor,

396 4666 593 4736 juste:
628 4668 730 4721 ant
762 4663 1263 4730 condemnandus,
1301 4665 1452 4736 quod
1507 4665 1908 4737 voluptatibus
1941 4667 2050 4721 ini-

403 4753 844 4826 quitatibusque
885 4754 1138 4810 servivit.
1181 4778 1200 4803 »
1256 4755 1383 4810 Haec
1431 4755 1699 4822 audiens,
1749 4755 2051 4812 indoctum

402 4843 632 4916 vulgus,
664 4844 723 4898 in
747 4849 907 4899 tanto
939 4848 1330 4912 mortuorum,
1379 4843 1591 4916 sepulti
1647 4845 1926 4916 corporis,
1960 4861 2053 4901 re-

404 4932 782 4990 surrectionis
815 4932 1032 4998 sonitu,
1068 4932 1290 4988 nullam
1324 4931 1881 5004 strOpham,‘nullas
1912 4934 2054 4990 insi-

476 5095 492 5128 ι
525 5095 580 5145 S.
615 5092 817 5149 Crucis
869 5111 979 5150 ms.
1037 5093 1235 5148 Eadem
1286 5095 1499 5150 ratione
1546 5103 1597 5150 et
1630 5095 1887 5166 jussione
1931 5112 2053 5168 spe-

405 5179 593 5218 ramus
648 5169 756 5220 etc.

476 5203 680 5288 'Idem
714 5251 822 5290 ms.
875 5237 1012 5290 sicut
1057 5236 1241 5306 angeli
1287 5236 1350 5290 in
1397 5236 1548 5302 aeto,
1601 5253 1724 5292 cum
1768 5241 1900 5303 sint,
1941 5242 2050 5294 etc.

408 5305 697 5381 Integrius
755 5307 1030 5381 etujuxta
1082 5305 1349 5381 Graecum
1422 5307 1710 5380 Vulgatus
1768 5311 2056 5381 interpres

405 5376 643 5450 aequales
674 5377 885 5447 angelis
935 5382 1088 5446 sunt,
1146 5387 1197 5434 et
1242 5379 1350 5448 ﬁlii
1403 5376 1568 5434 sunt"
1592 5381 1704 5448 Dei,
1757 5399 1881 5436 eum
1921 5376 2054 5448 sint,

406 5454 518 5575 cui:
553 5518 729 5574 Vetus
761 5518 901 5573 edit.
935 5520 994 5592 tn
1027 5519 1126 5574 hoc
1153 5521 1393 5591 rapitulo
1423 5525 1700 5592 operatur,
1743 5540 1867 5578 cum
1893 5526 2057 5581 turba

408 5592 688 5666 imperita,
730 5598 824 5644 aut
872 5591 1086 5666 vulgus,
1133 5596 1285 5658 etc.;
1339 5597 1394 5647 et
1443 5591 1595 5657 mox,
1647 5601 1768 5651 Non
1807 5597 2057 5666 putative

407 5663 678 5741 conﬁteri,
709 5678 773 5715 ac
815 5665 1097 5741 primitias
1145 5681 1336 5720 massae
1384 5671 1700 5723 nostrorum
1742 5663 2051 5741 corporum,

408 5745 462 5814 et
493 5737 663 5795 Deum
679 5748 922 5809 corpore,
950 5739 1060 5795 etc.

2165 4666 2373 4738 inquit,
2405 4666 2693 4724 elementa
2715 4672 2874 4734 sunt,
2908 4667 3276 4740 philosophis
3325 4687 3563 4743 quoque
3597 4673 3732 4727 nota
3757 4667 3810 4722 et

2165 4755 2429 4823 medicis,
2464 4757 2535 4811 de
2573 4757 2787 4828 quibus
2819 4774 3022 4813 omnes
3053 4775 3148 4814 res
3175 4763 3232 4815 et
3279 4776 3526 4833 corpora
3555 4760 3808 4815 humana

2164 4849 2434 4918 compata
2459 4851 2620 4916 sunt,
2652 4850 2826 4915 terra,
2874 4863 3047 4919 aqua,
3082 4863 3199 4917 aer,
3246 4853 3303 4904 et
3350 4849 3526 4922 ignis.
3576 4849 3804 4904 Terram

2165 4935 2223 4990 in
2255 4934 2556 5001 carnibus,
2589 4951 2781 4991 aerem
2814 4934 2873 4990 in
2913 4935 3122 5004 halitu,
3166 4953 3380 5009 aquam
3430 4938 3493 4994 in
3544 4938 3804 5000 humore,

2235 5095 2257 5128 ι
2285 5097 2467 5150 Antea
2497 5098 2642 5161 erat,
2671 5098 2729 5150 in
2761 5111 2997 5166 corpore.

2236 5167 2255 5198 ⁵
2288 5167 2423 5222 Cod.
2459 5167 2516 5222 S.
2550 5167 2771 5222 Crucis.
2819 5163 2925 5222 Per
2971 5167 3208 5240 multum
3251 5171 3601 5240 patientiam.
3635 5163 3811 5223 Paulo

2167 5241 2297 5309 post
2326 5243 2470 5302 erat,
2502 5240 2576 5293 De
2606 5241 3024 5295 resurrectionis
3057 5239 3310 5296 breviter.
3341 5247 3449 5296 etc.

2235 5311 2275 5364 θ.
2310 5311 2492 5377 Idem,
2541 5309 2908 5375 Philosarcas,
2973 5311 3027 5365 id
3077 5319 3150 5366 est
3215 5321 3483 5370 amatores
3533 5311 3807 5374 carnium,

2167 5379 2390 5456 scilicet
2420 5398 2453 5456 a
2485 5377 2644 5456 φίλος
2675 5380 2821 5454 σάρξ.

2238 5453 2255 5485 7
2290 5453 2583 5525 Persicum
2616 5453 2828 5508 nomen
2861 5458 2948 5509 est
2988 5454 3209 5521 Manes,
3260 5455 3412 5525 quod
3463 5470 3682 5512 servum
3711 5465 3812 5525 no-

2166 5527 2409 5600 tatz‘at
2467 5524 2985 5600 llieronymfus‘ad
3033 5523 3297 5583 Grmeum
3332 5524 3495 5600 μανία
3556 5523 3810 5600 respicit,

2167 5595 2321 5665 quod
2381 5599 2560 5669 furor,
2597 5598 2818 5654 insania
2872 5595 3342 5671 interpretatum
3371 5599 3491 5655 sive
3527 5595 3692 5672 mea;
3725 5597 3808 5653 in-

2165 5683 2349 5726 sanus.
