3958 6412
418 403 537 468 395

1656 400 1724 464 S.
1765 396 2075 467 EUSEBII
2117 396 2584 467 HIERONYMI.

3687 392 3797 465 396

418 554 549 594 sum
580 552 837 604 carnem,
864 552 1017 603 ossa,
1049 536 1419 609 sanguinem,
1480 535 1763 603 membra,
1823 539 1889 590 ut
1942 551 2063 590 cre-
2093 537 2147 602 Α
2177 535 2520 608 simpliciter
2550 552 2682 592 sum
2712 535 2961 592 locutus.
2996 534 3182 600 Quare
3211 549 3328 589 non
3357 546 3586 589 carnem
3615 534 3798 607 potius

419 626 718 683 scentibus
750 624 978 698 capillis
1036 630 1271 682 tonsore
1330 641 1518 697 egeas,
1582 640 1761 679 nasus
1820 622 2064 694 pituitas

416 716 663 789 digerat,
694 715 1055 771 incrementa
1096 715 1380 787 unguium
1434 713 1749 769 resecanda
1806 711 1942 780 sint,
2000 715 2065 766 ut

416 820 521 877 per
548 803 849 860 inferiores
881 811 1078 876 partes
1106 802 1194 859 vel
1227 808 1498 870 stercora,
1522 801 1607 857 vel
1645 800 1920 856 libidines
1977 799 2062 857 ef-

417 891 648 948 ﬂuant?
676 892 735 948 Si
769 892 941 949 affers
969 893 1116 948 istas
1148 890 1393 964 ineptias
1426 890 1804 956 rusticorum,
1835 892 1893 943 et
1939 904 2063 943 car-

399 975 530 1050 inis,
580 981 640 1036 in
671 998 789 1053 qua
815 981 931 1037 Deo
963 981 1189 1053 placere
1236 998 1350 1036 non
1384 995 1719 1051 possumus;
1752 976 1919 1049 quasi
1953 976 2061 1031 ini-

415 1070 579 1127 mica;
609 1070 990 1137 Oblivisceris,
1037 1075 1095 1125 et
1153 1069 1599 1125 resurrectionis
1648 1070 2060 1122 mortuorum:

418 1180 448 1211 «
480 1159 816 1215 Seminatur
844 1159 903 1214 in
926 1158 1528 1229 corruptione,surget
1550 1156 1607 1210 in
1628 1154 2065 1226 incorruptione

414 1248 749 1305 Seminatur
776 1248 837 1303 in
859 1246 1233 1313 contumelia,
1288 1250 1490 1316 surget
1539 1244 1600 1300 in
1640 1244 1842 1317 gloria.
1880 1242 2064 1298 Semi-

416 1341 591 1393 natur
618 1337 678 1391 in
708 1336 1066 1401 inﬁrmitate,
1095 1338 1296 1407 surget
1327 1335 1385 1389 in
1443 1333 1673 1389 virtute.
1734 1332 2069 1387 Seminatur

412 1441 623 1497 corpus
653 1424 925 1493 animale,
984 1429 1184 1497 surget
1240 1440 1451 1496 corpus
1485 1421 1787 1493 spirituale
1847 1422 1894 1490 (1
1944 1420 2064 1474 Cor.

412 1514 769 1586 was-44).»
800 1514 966 1569 Nunc
995 1513 1180 1568 oculis
1202 1511 1741 1577 videmus,auribus
1772 1508 2069 1576 audimus,

414 1603 694 1659 manibus
724 1602 983 1675 agimus,
1013 1602 1263 1674 pedibus
1295 1599 1693 1657 ambulamus.
1729 1600 1790 1653 In
1842 1598 1941 1652 illo
1972 1614 2069 1652 au-

414 1696 535 1749 tem
564 1707 805 1763 corpore
836 1689 1131 1763 spirituali
1161 1690 1267 1745 toti
1319 1689 1670 1755 videbimus,
1731 1686 1837 1741 toti
1871 1684 2067 1740 audie-

417 1778 1217 1852 mus,totioperabimur,toti
1250 1775 1687 1833 ambulabimus
1728 1792 1742 1829 :
1793 1779 1847 1829 et
1887 1779 2074 1830 trans-

415 1868 695 1942 ﬁgurabit
727 1868 1007 1924 Dominus
1038 1884 1248 1939 corpus
1278 1865 1629 1921 humilitatis
1667 1869 1898 1931 nostrae,
1932 1880 2070 1917 con-

413 1959 602 2014 forme
631 1956 891 2029 corporis
921 1973 1038 2012 suae
1061 1955 1280 2029 gloriaz.
1311 1954 1551 2018 Quando
1610 1953 1773 2019 dixit,
1853 1950 2075 2020 trans/l-

415 2047 683 2119 gurabit1
718 2046 984 2118 (Philipp.
1037 2062 1123 2115 ιιι,
1184 2045 1296 2115 21),
1354 2044 1509 2100 484
1566 2042 1623 2097 id
1672 2046 1760 2097 est
1794 2059 2071 2114 μετασχη-

423 2133 635 2209 ματίσει
666 2136 1087 2201 membrorum,
1123 2134 1339 2205 quibus
1362 2148 1517 2187 nunc
1549 2130 1791 2199 utimur,
1840 2130 2074 2185 diversi-

419 2230 512 2281 tas
543 2225 883 2297 denegatur.
939 2222 1105 2279 Aliud
1140 2222 1309 2277 nobis
1340 2220 1644 2293 spirituale
1674 2224 1731 2275 et
1760 2219 2073 2274 aathereum

419 2314 783 2386 promittitur
814 2329 827 2368 :
864 2312 1019 2384 quod
1069 2328 1172 2366 nec
1230 2310 1409 2366 tactui
1442 2310 1726 2378 subiacet,
1753 2325 1857 2364 nec
1889 2306 2074 2363 oculis

419 2403 697 2470 cernitur,
730 2418 834 2458 nec
864 2401 1118 2473 pondere
1151 2403 1554 2472 praegravatur
1615 2416 1628 2453 ε
1690 2402 1745 2453 et
1794 2414 1896 2469 pro
1928 2396 2076 2452 loco-

417 2508 576 2561 rum,
605 2491 666 2546 in
699 2490 915 2564 quibus
945 2490 1211 2545 futurum
1254 2494 1361 2557 est,
1399 2487 1675 2543 varietate
1728 2486 2072 2541 mutabitur.

419 2579 648 2652 Alioqui
683 2580 733 2635 si
764 2579 982 2635 eaedem
1018 2593 1225 2633 cornes
1283 2583 1475 2643 erunt,
1538 2581 1595 2631 et
1653 2592 1896 2647 corpora
1945 2590 2073 2645 quae

422 2669 683 2734 fuerunt,
716 2683 955 2723 rursum
980 2683 1172 2723 mares
1204 2670 1261 2722 et
1290 2665 1784 2732 feminaa,rursum
1818 2666 2034 2734 nuptiae
2060 2694 2073 2732 ε

421 2756 564 2814 viris
592 2756 891 2811 hirsutum
922 2753 1328 2826 supercilium,
1356 2754 1541 2809 barba
1570 2752 1794 2824 prolixa
1820 2770 1834 2820 ;
1870 2750 2076 2807 mulie-

433 2845 606 2902 ribus
633 2843 802 2901 laeves
830 2846 852 2878 ²
881 2859 1060 2917 genae,
1088 2849 1145 2899 et
1174 2846 1425 2914 angusta
1463 2846 1716 2913 pectora,
1777 2841 1849 2896 ad
1890 2841 2079 2896 conci-

426 2934 678 3008 piendos
708 2938 764 2989 et
792 2933 1104 3006 pariendos
1136 2932 1287 2988 fetus
1314 2934 1513 2987 venter
1568 2935 1625 2985 ct
1684 2931 1902 2985 femora
1932 2930 2076 2986 dila-

427 3024 609 3080 tanda
640 3027 801 3080 sunt.
846 3022 1174 3095 Resurgent
1229 3020 1401 3077 etiam
1452 3018 1744 3088 infantuli,
1775 3023 2081 3091 resurgant

430 3118 491 3170 et
521 3111 855 3170 senes:illi
914 3110 1230 3179 nutriendi,
1286 3110 1345 3165 hi
1402 3108 1628 3165 baculis
1687 3109 2075 3164 sustentandi.

425 3202 543 3259 Nec
574 3219 697 3271 vos,
732 3219 764 3258 ο
789 3200 1106 3273 simplices,
1142 3199 1491 3255 resurrectio
1523 3197 1753 3254 Domini
1805 3198 2075 3269 decipiat,

2174 626 2465 695 nominas,
2490 629 2555 681 ut
2574 642 2787 697 corpus
2808 624 3125 696 signiﬁces,
3150 628 3208 679 et
3237 622 3630 678 indifferenter
3653 639 3795 680 nunc

2172 731 2428 777 carnem.
2463 732 2617 769 nunc
2650 731 2882 786 corpus,
2914 717 2978 768 ut
3035 729 3247 785 corpus
3278 712 3335 766 in
3368 726 3558 778 carne,
3582 715 3638 767 et
3675 728 3796 767 caro

2173 802 2231 857 in
2263 819 2501 874 corpore
2531 804 2967 859 demonstretur
2994 802 3021 856 ?
3052 802 3185 871 Sed,
3215 800 3359 857 mihi
3390 801 3692 866 crede,non
3719 804 3802 857 est

2175 890 2425 963 simplex
2481 892 2781 947 silentium
2815 896 3007 947 tuum.
3042 891 3193 948 435
3224 890 3351 946 Alia
3403 888 3557 945 enim
3602 888 3800 957 carnis,

2174 977 2291 1033 alia
2320 980 2578 1051 corporis
2608 980 2870 1036 deﬁnitio
2901 984 2990 1035 est
3021 996 3033 1033 :
3068 978 3260 1035 omnis
3308 994 3441 1034 caro
3470 980 3557 1034 est
3584 993 3798 1049 corpus,

2175 1084 2289 1122 non
2323 1085 2495 1124 omne
2527 1086 2738 1139 corpus
2770 1074 2859 1124 est
2890 1086 3043 1124 caro.
3076 1072 3220 1124 Caro
3267 1071 3356 1123 est
3386 1067 3633 1139 proprie,
3683 1082 3798 1139 qua

2175 1156 2481 1227 sanguine,
2515 1158 2700 1222 venis,
2733 1158 2987 1225 ossibus,
3023 1156 3334 1229 nervisque
3380 1154 3797 1228 constringitur.

2175 1246 2397 1317 Corpus
2428 1263 2767 1319 quanquam
2789 1251 2846 1303 et
2867 1264 2998 1302 caro
3024 1246 3272 1311 dicatur,
3306 1245 3599 1301 interdum
3622 1248 3803 1300 tamen

2177 1334 2489 1390 aethereum
2523 1336 2609 1390 vel
2642 1353 2875 1391 aereum
2908 1335 3265 1400 nominatur,
3299 1334 3454 1407 quod
3511 1332 3686 1389 tactui
3729 1331 3805 1388 vi-

2178 1423 2384 1494 suique
2417 1441 2529 1479 non
2560 1426 2843 1493 subjacet,
2878 1430 2934 1480 et
2964 1424 3309 1496 plerumque
3339 1422 3566 1479 visibile
3612 1423 3697 1477 est
3723 1424 3806 1477 at-

2180 1529 2290 1583 que
2320 1512 2618 1584 tangibile.
2653 1513 2847 1568 Paries
2904 1517 2993 1568 est
3022 1529 3255 1584 corpus,
3314 1512 3417 1567 sed
3467 1528 3581 1567 non
3638 1522 3807 1565 caro:

2178 1599 2330 1672 iapis
2389 1618 2601 1673 corpus
2627 1607 2733 1671 est,
2783 1602 2883 1657 sed
2943 1618 3059 1657 non
3113 1618 3245 1656 caro
3295 1600 3511 1656 dicitur
3564 1600 3605 1656 ⁸.
3663 1597 3810 1653 Unde

2181 1689 2479 1761 apostolus
2530 1707 2773 1762 corpora
2829 1690 3089 1746 cmlestia
3143 1688 3417 1762 appellat,
3477 1692 3534 1745 et
3587 1701 3814 1759 corpora

2181 1779 2495 1834 terrestria.
2529 1780 2770 1836 leeste
2804 1796 3015 1853 corpus
3045 1778 3210 1847 solis,
3270 1777 3446 1845 lunae,
3479 1775 3768 1834 stellarum
3796 1790 3811 1829 :

2182 1870 2475 1932 terrestre,
2509 1868 2684 1941 ignis,
2711 1869 2882 1933 aeris,
2909 1873 3122 1940 atquae,
3145 1872 3333 1931 terra),
3362 1872 3417 1922 et
3450 1866 3812 1938 reliquorum,

2186 1971 2313 2026 quae
2346 1956 2569 2028 absque
2599 1957 2796 2013 anima
2826 1957 2919 2013 his
2949 1960 3263 2012 censentur
3299 1954 3622 2011 elementis.
3654 1948 3817 2008 Vides

2185 2061 2292 2099 nos
2323 2043 2643 2116 intelligere
2671 2044 3027 2101 subtilitates
3058 2049 3304 2110 vestras,
3352 2049 3409 2101 et
3441 2060 3672 2113 arcana,
3700 2054 3817 2114 qua

2186 2133 2242 2187 in
2276 2131 2564 2189 cubiculis
2594 2139 2648 2188 et
2679 2134 2830 2189 inter
2874 2134 3156 2207 perfectos
3204 2132 3539 2205 loquimini,
3595 2136 3651 2187 et
3703 2144 3817 2203 qua

2186 2221 2439 2294 populus
2473 2222 2613 2278 foris
2644 2227 2830 2289 stans,
2864 2239 2969 2278 nec
2996 2225 3255 2278 meretur
3301 2221 3525 2291 audire,
3583 2219 3822 2293 proferre

2184 2310 2243 2364 in
2278 2311 2537 2366 medium
2559 2311 2586 2366 ‘l
2617 2311 2733 2367 Hoc
2763 2316 2850 2367 est
2878 2310 3023 2366 illud
3055 2311 3210 2383 quod
3244 2311 3485 2367 reducta
3512 2310 3585 2366 ad
3615 2307 3824 2364 auricu-

2183 2399 2302 2455 lam
2335 2416 2534 2467 manu,
2566 2404 2623 2455 et
2651 2399 3136 2471 concrepantibus
3158 2398 3381 2471 digitis,
3413 2398 3667 2455 ridentes
3696 2392 3826 2452 (1ίοὶ-

2186 2489 2301 2544 tis:
2338 2512 2363 2537 ‹‹
2400 2489 2603 2544 Omnis
2632 2488 2818 2561 gloria
2848 2488 2977 2543 ﬁlice
3029 2488 3183 2559 regis
3240 2488 3605 2544 intrinsecus
3658 2482 3824 2556 (Psal.

2184 2594 2337 2643 XLIV,
2374 2578 2479 2648 1-4).
2516 2600 2543 2626 ››
2576 2579 2642 2632 Et
2676 2576 3048 2633 «introduxit
3076 2593 3169 2633 me
3229 2594 3329 2633 rex
3377 2577 3440 2632 in
3500 2572 3821 2633 cubiculum

2186 2683 2361 2721 suum
2394 2665 2573 2737 (Cant.
2606 2683 2644 2733 1,
2679 2666 2755 2737 3).
2794 2688 2820 2714 ››
2852 2666 3013 2722 Patet
3056 2681 3238 2739 quare
3295 2664 3581 2739 corporis,
3611 2668 3666 2721 et
3719 2676 3824 2718 non

2186 2753 2377 2809 carnis
2410 2754 2897 2810 resurrectionem
2928 2754 3142 2810 dixeris
3168 2772 3180 2809 :
3206 2753 3433 2810 scilicet
3468 2758 3533 2809 ut
3590 2769 3693 2809 nos
3747 2765 3832 2805 ru-

2186 2844 2291 2898 des
2322 2860 2555 2899 carnem
2583 2848 2638 2899 te
2669 2844 2859 2899 dicere
2881 2847 3224 2915 putaremus
3276 2844 3337 2899 in
3371 2858 3636 2916 corpore,
3669 2844 3722 2897 et
3770 2836 3827 2894 hi

2186 2932 2286 3003 qui
2318 2932 2555 3004 perfecti
2587 2936 2743 2999 sunt,
2779 2931 3172 3004 intelligerent
3226 2948 3468 2987 carnem
3511 2931 3573 2987 in
3604 2942 3829 3001 corpore

2185 3020 2481 3093 denegari.
2516 3022 2777 3093 Denique
2804 3020 3122 3094 Apostolus
3178 3021 3240 3077 in
3298 3021 3563 3093 Epistola
3615 3036 3720 3077 sua
3761 3016 3826 3077 td

2189 3109 2585 3181 Colossenses,
2619 3109 2817 3166 volens
2847 3127 3059 3182 corpus
3090 3109 3303 3166 Christi
3334 3112 3699 3179 carneum,et
3721 3112 3827 3162 nan

2186 3199 2511 3271 Spirituale,
2545 3216 2801 3268 aereum,
2824 3204 3020 3269 tenue,
3052 3200 3482 3268 demonstrare,
3506 3197 3830 3271 signiﬁcan-

428 3289 589 3361 quod
622 3287 779 3344 latus
810 3292 867 3343 et
895 3304 1107 3343 manus
1156 3286 1653 3353 monstraverit,in
1686 3284 1877 3341 littore
1910 3290 2077 3341 stetc-
2106 3281 2148 3347 C
2185 3293 2274 3343 ter
2308 3287 2539 3344 locutus
2560 3294 2668 3355 est,
2702 3289 2901 3343 dicens
2938 3305 2949 3343 :
2987 3309 3015 3339 ‹‹
3045 3288 3114 3343 Et
3170 3304 3271 3343 vos
3332 3305 3471 3344 cum
3499 3287 3704 3344 essetis
3730 3282 3831 3340 ali-

427 3377 526 3445 rit,
559 3376 619 3431 in
641 3376 849 3432 itinere
880 3392 1012 3431 cum
1036 3374 1290 3448 Cleopha
1319 3375 1725 3442 ambulaverit,
1758 3380 1814 3429 et
1872 3391 2076 3430 carnes

425 3469 483 3521 et
513 3482 648 3522 ossa
680 3464 894 3520 habere
925 3480 987 3521 se
1015 3465 1244 3520 dixerit.
1289 3462 1439 3519 lllud
1471 3480 1685 3535 corpus
1741 3463 1872 3519 aliis
1902 3464 2079 3536 pollet

428 3552 774 3627 privilegiis,
814 3554 968 3625 quod
998 3553 1070 3608 de
1100 3553 1207 3607 viri
1234 3553 1455 3608 semine
1477 3556 1535 3607 et
1556 3552 1749 3607 carnis
1780 3552 2075 3625 voluptate

423 3660 540 3699 non
570 3638 772 3699 natum
802 3647 911 3698 est.
944 3642 1206 3698 Comedit
1228 3645 1359 3714 post
1390 3641 1871 3696 resurrectionem
1903 3658 2072 3698 suam

422 3737 479 3789 et
504 3731 670 3800 bibit,
702 3736 760 3787 et
780 3732 1027 3787 vestitus
1084 3730 1358 3803 apraruit
1416 3730 1775 3801 tangendum
1811 3747 1871 3785 se
1928 3748 2073 3802 prai-

418 3821 568 3892 buit,
601 3825 669 3876 ut
695 3820 1107 3877 dubitantibus
1136 3818 1419 3892 apostolis
1442 3818 1615 3875 ﬁdem
1648 3820 1859 3875 iaceret
1887 3836 2074 3875 resur-

418 3910 718 3968 rectionis.
744 3910 855 3967 Sed
884 3913 1083 3965 tamen
1116 3926 1232 3964 non
1260 3907 1599 3964 dissimulat
1624 3912 1892 3963 naturam
1920 3909 2071 3965 aerei

414 3999 673 4072 corporis
723 4003 781 4055 et
835 3997 1180 4071 spiritualis.
1240 3996 1468 4054 Clausis
1529 3998 1685 4053 enim
1744 3997 2070 4069 ingreditur

415 4087 603 4156 ostiis,
620 4092 677 4144 et
698 4088 754 4143 in
776 4088 1057 4144 fractione
1079 4087 1246 4159 panis
1268 4104 1335 4143 ex
1357 4086 1543 4143 oculis
1575 4088 1884 4143 evanescit.
1919 4087 2066 4159 Ergo

414 4180 473 4232 et
502 4174 671 4232 nobis
700 4180 833 4248 post
860 4177 1344 4233 resurrectionem
1376 4175 1697 4232 bibendum
1749 4175 1858 4232 erit
1888 4181 1944 4230 et
1975 4193 2066 4231 co-

421 4265 800 4333 medendum,
832 4270 889 4320 et
918 4269 1050 4337 post
1078 4266 1276 4320 cibum
1326 4269 1580 4321 stercora
1611 4266 1903 4337 egerenda
1926 4265 1954 4319 ?
1998 4266 2066 4321 Et

414 4353 517 4409 ubi
539 4353 649 4409 erit
677 4353 776 4409 illa
803 4354 1115 4426 promissio
1150 4371 1162 4409 :
1200 4376 1226 4404 ί(
1260 4353 1497 4426 Oportet
1517 4355 1538 4389 ³
1570 4355 1813 4410 mortale
1844 4355 1951 4410 hoc
1982 4355 2064 4410 in-

412 4442 596 4499 duere
624 4442 1127 4499 immortalitatem
1159 4444 1208 4515 (Ι
1236 4446 1361 4500 Cor.
1396 4461 1486 4512 xv,
1508 4444 1599 4515 53)
1620 4443 1693 4498 Ἰ»

480 4532 576 4589 27.
612 4532 747 4587 Caro
776 4540 826 4588 et
854 4549 1044 4605 corpus
1073 4530 1357 4606 differunt.
1394 4534 1615 4588 dstutia
1640 4532 2049 4590 haereticorum.

409 4650 480 4663 --
514 4620 646 4677 Haec
677 4626 765 4678 est
793 4622 986 4678 omnis
1044 4639 1221 4679 causa
1267 4641 1371 4679 cur
1420 4623 1477 4678 in
1512 4623 1869 4694 expositione
1924 4625 2059 4681 ﬁdei
2096 4648 2143 4714 D

409 4708 545 4783 tum,
606 4712 678 4767 ad
739 4711 1110 4784 decipiendas
1169 4728 1341 4769 aures
1390 4712 1814 4785 ignorantium,
1866 4713 2062 4769 novies

410 4817 644 4873 corpus,
679 4805 734 4855 et
763 4817 836 4857 ne
861 4800 1039 4857 semel
1072 4802 1310 4872 quidem
1330 4817 1567 4856 carnem
1589 4800 1893 4858 nominas:
1920 4803 2060 4859 dum

408 4888 676 4946 homines
707 4893 917 4963 putant
944 4893 1001 4945 te
1031 4906 1236 4945 carnes
1277 4889 1337 4944 in
1381 4890 1723 4961 corporibus
1778 4892 2061 4961 conﬁteri,

407 4983 464 5037 et
492 4980 645 5036 idem
708 4996 944 5035 carnem
993 4995 1122 5034 esse
1152 4979 1305 5051 quod
1367 4994 1601 5050 corpus.
1656 4979 1711 5034 Si
1764 4980 1919 5036 idem
1953 4986 2060 5048 est,

405 5085 524 5125 non
555 5069 854 5125 diversum
900 5068 1195 5141 signiﬁcat
1222 5069 1262 5123 ⁴.
1298 5067 1427 5123 Scio
1476 5068 1630 5123 enim
1662 5072 1718 5124 te
1778 5069 1885 5125 hoc
1934 5087 2063 5127 esse

406 5157 704 5213 dicturum
739 5156 982 5213 :Putavi
1004 5157 1160 5212 idem
1193 5173 1403 5227 corpus
1435 5173 1561 5212 esse
1592 5158 1747 5229 quod
1778 5174 2011 5214 carnem
2046 5176 2058 5213 :

480 5300 498 5376 ξ
535 5299 695 5376 Idem
721 5315 833 5355 ms.
866 5301 1310 5376 transﬁguravit,
1361 5299 1414 5353 id
1474 5305 1564 5356 est
1625 5302 2062 5376 μετεσχημάτιᾳε

479 5371 510 5443 ξ
534 5374 714 5443 Antea
737 5377 868 5443 erat
898 5368 1081 5426 leves}
1127 5372 1297 5443 paulo
1351 5376 1501 5443 post,
1564 5368 1691 5427 eod.
1750 5368 2063 5430 SI'VCrucis

407 5465 436 5494 «
472 5441 562 5497 llli
593 5441 886 5498 nutriendi
918 5441 1144 5509 eruntf
1170 5443 1227 5498 hi
1260 5441 1485 5498 baculis
1517 5446 1911 5500 sustentandi.
1946 5446 2061 5501 Nec

408 5531 534 5581 vos,
570 5512 871 5583 simplices
902 5514 1130 5578 animae,
1163 5514 1530 5582 resurrectio,
1567 5538 1594 5564 ››
1651 5522 1760 5570 etc.

405 5586 428 5621 ⁸
462 5586 521 5640 In
573 5585 777 5639 eodem
810 5600 947 5652 ms.,
1010 5585 1220 5656 Oportet
1278 5588 1657 5657 corruptivum
1712 5587 1945 5646 induere
1974 5590 2060 5644 in-

394 5657 836 5725 corruptionem,
870 5664 920 5711 et
950 5658 1182 5713 mortale
1214 5657 1326 5725 hoc,
1361 5663 1470 5715 etc.

472 5731 498 5813 ᾖ
528 5727 660 5799 Ms.,
689 5728 753 5785 Et
782 5743 889 5786 non
920 5727 1196 5786 diversum
1221 5730 1524 5807 signiﬁcas.

2184 3378 2417 3448 quando
2441 3377 2676 3433 alienati
2708 3394 2741 3432 a
2769 3376 3086 3443 Christo,et
3108 3376 3329 3432 inimici
3354 3394 3570 3435 sensus
3601 3376 3724 3447 ejus
3774 3371 3827 3428 in

2184 3466 2458 3538 operibus
2489 3465 2682 3536 malis,
2716 3465 3112 3521 reconciliavit
3142 3466 3201 3520 in
3234 3481 3479 3539 corpore
3511 3465 3701 3522 carnis
3721 3476 3829 3519 suis

2184 3570 2288 3626 per
2318 3558 2565 3610 mortem
2610 3555 2836 3623 (Coloss.
2892 3572 2931 3622 1,
2990 3556 3080 3622 2i,
3112 3557 3225 3624 22).
3286 3577 3313 3605 »
3374 3556 3749 3626 Rursumque
3772 3550 3829 3606 in

2186 3645 2390 3699 eadem
2422 3643 2679 3715 Epistola
2713 3661 2725 3699 :
2766 3663 2793 3694 α
2826 3644 2882 3698 In
2917 3660 3030 3715 quo
3062 3643 3397 3700 circumcisi
3423 3645 3569 3701 estis
3599 3643 3831 3699 circum-

2183 3732 2402 3788 cisione
2434 3750 2547 3788 non
2594 3748 2773 3788 manu
2834 3732 2984 3788 facta
3040 3730 3100 3787 in
3159 3733 3528 3805 expositione
3586 3727 3832 3804 corporis

2181 3821 2372 3877 carnis
2402 3822 2624 3891 (Coloss.
2660 3839 2722 3886 ιι,
2746 3821 2856 3893 tl).
2892 3842 2919 3870 »
2947 3821 3006 3875 Si
3040 3837 3252 3894 corpus
3274 3838 3516 3879 carnem
3549 3820 3738 3878 solum
3765 3816 3834 3874 si-

2178 3910 2436 3982 gniﬁcat,
2469 3915 2525 3966 et
2555 3928 2671 3967 non
2702 3915 2791 3967 est
2839 3926 3052 3966 nomen
3082 3910 3456 3984 ambiguum,
3508 3927 3615 3967 nec
3644 3909 3715 3966 ad
3741 3906 3822 3964 di-

2177 4016 2375 4056 versas
2405 3998 2823 4073 intelligentias
2853 3999 3003 4055 trahi
3063 4004 3255 4072 potest
3283 4018 3297 4056 :
3332 4000 3483 4058 satis
3543 3997 3827 4072 superﬂue

2176 4104 2517 4161 corporeum
2547 4093 2603 4143 et
2633 4104 2910 4143 carneum
2941 4086 3104 4155 dicit,
3138 4089 3308 4161 quasi
3342 4106 3483 4146 caro
3515 4106 3636 4147 non
3666 4082 3826 4144 intel-

2175 4177 2398 4250 ligatur
2429 4178 2488 4233 in
2521 4194 2760 4248 corpore
2789 4178 2829 4231 ⁸.
3810 4220 3817 4223 .

2243 4268 2329 4323 28.
2364 4267 2689 4338 Symbolum
2716 4267 2848 4338 ﬁdei
2878 4266 2949 4323 ab
2979 4268 3235 4339 apostolis
3291 4268 3591 4325 traditum.
3651 4296 3717 4308 —
3770 4264 3830 4319 In

2172 4355 2446 4428 Symbolo
2480 4355 2611 4411 ﬁdei
2641 4359 2697 4410 et
2728 4354 2849 4427 spei
2901 4360 3132 4423 nostrae,
3193 4356 3349 4428 quod
3411 4357 3486 4413 ab
3545 4351 3825 4430 apostolis

2171 4445 2475 4511 traditum,
2494 4462 2604 4500 non
2637 4444 2913 4500 scribitur
2934 4444 2992 4500 in
3015 4444 3217 4501 charta
3237 4450 3294 4501 et
3323 4449 3658 4503 atramento
3684 4463 3698 4514 ;
3723 4438 3829 4499 Sed

2171 4537 2228 4591 in
2286 4535 2503 4591 tabulis
2551 4535 2741 4590 cordis
2798 4533 3158 4602 carnalibus,
3218 4539 3353 4608 post
3396 4534 3825 4593 confessionem

2173 4624 2478 4679 Trinitatis
2510 4629 2566 4678 et
2596 4623 2881 4679 unitatem
2921 4623 3209 4693 Ecclesiae,
3270 4641 3449 4682 omne
3508 4620 3828 4684 Christiani

2172 4712 2466 4784 dogmatis
2496 4717 2954 4783 sacramentum,
2986 4713 3179 4769 carnis
3211 4715 3645 4773 resurrectione
3697 4727 3829 4768 con-

2173 4802 2434 4858 cluditur
2462 4802 2503 4856 “¹.
2533 4801 2601 4855 Et
2631 4805 2692 4855 tu
2727 4801 2785 4857 in
2810 4805 3040 4857 tantum
3072 4800 3131 4856 in
3165 4803 3448 4875 corporis,
3506 4808 3566 4861 et
3620 4802 3827 4859 iterum

2172 4891 2325 4946 436
2357 4891 2636 4963 corporis,
2669 4894 2724 4945 et
2752 4890 2920 4946 tertio
2961 4891 3243 4964 corporis,
3298 4898 3357 4948 et
3381 4910 3580 4966 usque
3637 4888 3830 4948 novies

2171 4981 2453 5052 corporis,
2477 4979 2564 5034 vel
2597 4995 2865 5035 sermone
2896 4979 2981 5035 vel
3022 4997 3266 5035 numero
3299 4981 3669 5052 immoraris,
3727 4992 3828 5033 nec

2170 5069 2348 5125 semel
2370 5069 2642 5125 nominas
2662 5085 2893 5125 carnem
2919 5087 2931 5137 ;
2967 5070 3122 5141 quod
3144 5068 3228 5124 illi
3261 5086 3501 5143 semper
3520 5068 3830 5128 nominant

2170 5175 2428 5226 carnem,
2459 5174 2669 5232 corpus
2699 5173 2831 5212 vero
2863 5161 3076 5214 tacent.
3106 5159 3218 5214 Sed
3248 5163 3305 5215 et
3332 5158 3486 5215 illud
3519 5158 3681 5231 quod
3737 5172 3825 5213 ar-

2241 5303 2262 5336 ⁵
2291 5303 2541 5357 Deerant
2570 5301 2789 5373 isthacc,
2823 5302 2988 5371 Lapis
3016 5317 3212 5373 corpus
3259 5310 3358 5367 est,
3419 5302 3515 5359 sed
3554 5319 3669 5359 non
3707 5313 3829 5357 caro

2170 5374 2390 5443 dicitur,
2423 5390 2654 5447 quiec);
2678 5372 2990 5447 archetypo
3025 5373 3081 5428 S.
3109 5372 3319 5429 ’Crucis
3349 5374 3731 5447 supplentur.

2240 5448 2261 5480 θ
2294 5450 2357 5527 In
2391 5461 2503 5499 ms.
2534 5444 2679 5526 Satis
2708 5446 2944 5527 superﬁt:
2970 5447 3194 5527 corpori
3238 5444 3446 5515 iunxit‘
3472 5444 3529 5502 et
3587 5459 3831 5510 carnem,

2170 5518 2330 5587 quasi
2355 5530 2481 5569 caro
2510 5532 2619 5570 non
2652 5515 3053 5583 intelligeretur
3083 5517 3141 5571 in
3171 5533 3412 5588 corpore.
3793 5550 3796 5555 ·
3824 5570 3830 5579 ,

2216 5590 2257 5668 ,⁷
2291 5587 2524 5642 Scilicet
2653 5586 3324 5668 mterna'vitasrticulus
3351 5587 3413 5642 in
3447 5586 3562 5668 ille
3582 5588 3674 5668 de
3705 5601 3829 5668 car:

2171 5658 2263 5715 nis
2293 5659 2715 5717 resurrectione
2744 5657 3027 5725 contineri
3059 5660 3430 5721 credebatur.
3452 5659 3605 5719 Vide
3634 5658 3806 5718 Ruﬁn

2171 5730 2619 5807 expositionem.
3803 5762 3820 5771 -
