3958 6432
184 424 287 515 tm

1283 443 1598 514 CONTRA
1627 441 1993 512 JOANNEM
2039 440 2451 512 HIEROSOL.

3448 422 3572 514 '398

189 589 307 659 gute
324 580 644 653 snbnectis,
672 584 731 640 et
757 578 1075 657 prudenter
1109 600 1441 657 prmcavens
1463 582 1806 639 dissimulas
1833 582 1888 648 Α
1920 581 2218 638 firmitatis
2248 586 2426 654 atque
2453 558 2688 638 virtutis
2720 580 3034 639 beatudine
3066 581 3387 640 induamur
3415 602 3427 653 ;
3467 601 3572 641 vo-

190 673 314 731 scito
342 687 441 728 nos
480 670 824 744 intelligere.
848 672 954 729 His
978 672 1135 729 enim
1186 671 1542 729 testimoniis
1600 673 1810 728 verita-

184 766 287 820 tem
309 762 743 819 resurrectionis
784 762 1020 835 probas,
1050 762 1267 834 quibus
1311 761 1581 836 Origines
1614 765 1808 834 negat,

184 852 318 910 etde
346 849 538 907 dubiis
569 850 793 907 incerta
834 852 1222 921 confirmans,
1254 856 1469 908 certam
1526 851 1662 908 fidei
1715 852 1815 907 do-

181 932 342 1007 mum,
374 940 571 997 subita
598 944 949 1013 tempestate
998 941 1310 997 subvertis.
1364 964 1393 991 ‹‹
1446 940 1811 1007 Seminatur,

180 1020 369 1104 inquit,
407 1045 621 1102 corpus
670 1028 961 1086 animale:
1013 1034 1215 1103 surget
1236 1046 1448 1103 corpus
1480 1028 1809 1102 spirituale.

180 1116 356 1191 Neque
381 1118 539 1175 enim
573 1118 820 1186 nubent,
850 1135 1040 1191 neque
1092 1119 1394 1174 nubentur
1426 1135 1439 1174 :
1499 1118 1600 1174 sed
1640 1121 1815 1174 erunt

179 1208 312 1264 sicut
329 1206 517 1280 angeli
546 1207 607 1263 in
639 1205 868 1281 coelis(l
886 1207 989 1265 Cor
1009 1225 1103 1277 xv,
1126 1208 1233 1275 lit;
1297 1207 1493 1263 Matth.
1526 1223 1668 1274 χχιι,
1701 1208 1809 1275 50;

184 1299 300 1354 Luc.
320 1313 410 1366 xx,
433 1296 547 1369 35).
577 1318 605 1346 »
638 1298 773 1364 Qua
805 1295 923 1353 alia
954 1295 1222 1368 exempla
1252 1312 1611 1366 assumeres,
1645 1296 1695 1351 si
1722 1313 1810 1352 re-

178 1385 584 1443 surrectionem
616 1402 861 1459 negares
883 1385 911 1441 ?
938 1385 1042 1441 Vis
1073 1385 1564 1442 resurrectionem
1596 1385 1812 1453 carnis,

179 1474 405 1530 veritate
424 1478 485 1531 et
510 1489 627 1532 non
651 1473 930 1547 putative,
954 1478 1021 1530 ut
1048 1473 1331 1546 loqueris,
1364 1476 1649 1531 conﬁteri.
1679 1475 1816 1531 Post

176 1562 289 1632 illa,
339 1563 557 1635 quibus
608 1563 1009 1637 ignorantium
1067 1563 1374 1620 blanditus
1431 1580 1494 1620 es
1548 1564 1812 1633 auribus,

174 1652 308 1725 quod
329 1651 387 1708 in
417 1652 570 1725 ipsis
593 1653 964 1724 corporibus,
997 1653 1057 1709 in
1089 1653 1312 1725 quibus
1342 1653 1559 1709 mortui
1607 1671 1814 1710 sumus

169 1734 218 1798 et
235 1740 461 1815 sepulti,
487 1757 890 1815 resurgamus,
917 1743 1025 1798 hoc
1053 1742 1251 1815 potius
1280 1743 1628 1817 adjunge,et
1649 1744 1810 1799 dict:

169 1827 448 1893 Quomodo
508 1828 793 1885 Dominus
846 1833 981 1902 post
1034 1830 1531 1887 resurrectionem
1591 1831 1813 1887 fixuras

1920 669 2108 726 lentes
2131 688 2244 725 non
2264 670 2506 743 spoliari
2528 688 2720 739 carne,
2745 672 2847 728 sed
2878 672 3254 745 supervestiri
3272 673 3333 729 in
3359 671 3569 746 gloria,

1922 763 1977 815 et
1997 758 2362 815 domicilium
2396 764 2687 826 nostrum,
2716 761 2870 834 quod
2894 762 2965 817 de
2997 761 3138 818 cmlo
3167 766 3276 828 est,
3297 761 3573 834 superin-

1921 848 2023 903 dui
2050 848 2472 917 desiderantes,
2504 854 2570 906 ut
2600 852 2906 907 devoretur
2935 851 3181 907 mortale
3211 868 3245 907 a
3271 851 3408 906 vita.
3433 851 3573 907 Cer—

1921 942 1976 993 te
1998 954 2169 995 nemo
2192 938 2658 1011 superinduitur,
2701 940 2815 996 nisi
2840 940 2941 1012 qui
2968 944 3101 997 ante
3160 940 3409 996 vestitus
3464 943 3575 996 est.

1922 1026 2017 1082 Sic
2039 1032 2096 1082 et
2115 1026 2397 1084 Dominus
2417 1033 2618 1085 noster
2638 1029 2695 1084 in
2717 1035 2916 1086 monte
2938 1030 3395 1104 transﬁguratus
3411 1028 3578 1086 estin

1922 1115 2109 1187 gloria
2132 1116 2342 1188 (Matth.
2367 1120 2579 1186 xvn,et
2609 1122 2783 1175 Marc.
2836 1120 2936 1189 ιχ),
2970 1136 3085 1175 non
3142 1123 3209 1174 ut
3240 1135 3455 1174 manus
3514 1133 3580 1173 ac

1922 1205 2100 1277 pedes
2130 1210 2453 1279 czeteraque
2481 1207 2747 1263 membra
2776 1209 3065 1279 perderet,
3098 1212 3156 1264 et
3186 1207 3381 1265 subito
3412 1208 3468 1262 in
3492 1223 3583 1262 ro-

1921 1294 2214 1351 tunditate
2270 1286 2565 1365 vel'solis,
2597 1295 2686 1352 vel
2745 1296 2987 1369 sphaerae
3044 1297 3417 1353 volveretur:
3477 1296 3577 1352 sed

1923 1383 2129 1439 eadem
2162 1384 2429 1440 membra
2458 1384 2600 1441 solis
2632 1383 2859 1458 fulgore
2889 1384 3216 1453 rutilantia,
3277 1384 3578 1458 apostolo-

1925 1488 2057 1528 rum
2108 1472 2309 1529 oculos
2367 1474 2891 1546 praestringerent:
2929 1475 3085 1530 unde
3117 1478 3172 1530 et
3227 1474 3583 1531 vestimenta

1923 1561 2051 1632 eius
2078 1565 2304 1617 mutata
2336 1567 2478 1617 sunt
2506 1563 2567 1617 in
2598 1564 2931 1629 candorem,
2965 1581 3083 1619 non
3117 1565 3177 1619 in
3228 1580 3421 1619 aerem
3450 1581 3463 1629 ;
3503 1579 3578 1618 ne

1924 1650 2072 1706 forte
2102 1654 2158 1705 et
2186 1656 2377 1707 vestes
2406 1652 2531 1723 ejus
2561 1668 2791 1708 asseras
2832 1652 3169 1725 spirituales
3205 1671 3217 1708 :
3278 1656 3344 1709 Et
3402 1653 3577 1723 facies

1922 1740 2057 1811 ejus,
2091 1738 2303 1812 inquit,
2336 1742 2579 1812 fulgebat
2596 1743 2737 1797 sicut
2766 1742 2847 1797 sol
2877 1742 3082 1813 (Matth.
3151 1759 3292 1809 xvu,
3323 1742 3403 1813 2).
3466 1741 3576 1797 Ubi

1925 1836 2122 1885 autem
2154 1828 2330 1885 facies
2369 1829 2727 1898 nominatur,
2775 1832 3001 1886 aestimo
3033 1831 3190 1903 quod
3252 1834 3310 1887 et
3365 1834 3577 1887 caetera

172 1916 451 1975 clavorum
482 1918 739 1975 ostendit
768 1918 827 1973 in
843 1918 1142 1989 manibus,
1166 1918 1385 1977 vulnus
1407 1920 1621 1977 lancea
1643 1937 1809 1977 mon-
1841 1946 1891 2012 Β
1923 1919 2191 1974 membra
2212 1924 2526 1991 conspecta
2556 1919 2693 1988 sint,
2756 1919 2951 1976 Enoch
2984 1918 3312 1976 translatus
3372 1925 3462 1976 est
3511 1919 3573 1976 in

164 2006 356 2064 ‘stravit
382 2008 445 2064 in
468 2007 735 2078 latere,et
753 2007 1170 2066 dubitantibus
1190 2008 1496 2082 apostolis,
1522 2010 1677 2083 quod
1703 2027 1809 2084 pu-

162 2101 337 2154 tarent
367 2097 730 2171 phantasma
759 2112 822 2153 se
859 2097 1077 2168 videre,
1128 2098 1454 2171 respondit,
1496 2121 1524 2148 «
1577 2098 1811 2172 Palpate

156 2176 247 2243 ine
273 2190 329 2243 et
349 2187 566 2256 videte,
589 2187 873 2259 quoniam
905 2186 1150 2259 spiritus
1185 2203 1392 2244 carnes
1424 2192 1483 2244 et
1513 2204 1650 2244 ossa
1691 2205 1808 2244 non

160 2268 341 2344 habet,
365 2275 527 2332 sicut
556 2290 651 2331 me
669 2274 882 2332 videtis
903 2275 1118 2332 habere
1166 2276 1318 2348 (Luc.
1346 2293 1504 2345 χχιν,
1556 2278 1668 2347 39).
1691 2300 1720 2327 ››
1752 2282 1809 2334 et

158 2356 378 2437 proprie
398 2365 476 2420 ad
497 2363 783 2420 Thomam
810 2379 824 2418 :
855 2387 877 2415 ι
914 2363 1069 2420 Infer
1085 2363 1340 2438 digitum
1388 2370 1561 2421 tuum
1587 2365 1648 2421 in
1680 2382 1803 2423 ma-

159 2469 259 2510 nus
280 2458 463 2523 meas,
492 2457 550 2509 et
579 2470 824 2509 manum
852 2457 1017 2510 tuam
1048 2454 1108 2509 in
1135 2453 1293 2510 latus
1325 2469 1545 2525 meum,
1573 2459 1629 2511 et
1685 2454 1804 2512 noli

156 2557 271 2598 esse
290 2541 665 2612 incredulus,
688 2542 789 2598 sed
818 2542 1007 2599 fidelis
1038 2546 1226 2616 (Joan,
1248 2561 1345 2611 χχ,
1366 2544 1458 2617 27)
1482 2565 1497 2615 ς
1526 2567 1554 2595 ››
1611 2544 1695 2601 sic
1746 2549 1805 2601 et

155 2648 248 2688 nos
273 2635 407 2705 post
432 2632 927 2689 resurrectionem
957 2633 1165 2689 eadem
1199 2632 1557 2690 habebimus
1616 2650 1802 2691 mem-

154 2715 266 2788 bra,
297 2722 527 2794 quibus
550 2737 704 2777 nunc
724 2720 967 2791 utimur,
990 2721 1228 2779 easdem
1250 2738 1458 2779 carnes
1490 2727 1548 2779 et
1569 2724 1805 2798 sangui-

153 2820 272 2866 nem
294 2814 352 2867 et
381 2825 564 2868 ossa:
590 2826 841 2882 quorum
873 2810 932 2865 in
967 2810 1289 2882 Scripturis
1321 2812 1543 2868 sanctis
1603 2829 1799 2885 opera,

150 2914 255 2955 non
284 2904 511 2956 natura
538 2900 874 2955 damnatur.
889 2900 1154 2972 Denique
1174 2900 1232 2956 in
1256 2900 1467 2958 Genesi
1516 2902 1800 2975 scriptum

150 2992 229 3044 est
250 3004 265 3045 :
289 3010 317 3039 «
337 2988 471 3045 Non
501 2988 868 3061 permanebit
888 2987 1146 3061 Spiritus
1168 3006 1335 3046 meus
1358 2990 1419 3046 in
1458 2990 1801 3048 hominibus

146 3075 285 3145 istis,
312 3077 461 3151 quia
479 3093 621 3135 caro
642 3082 782 3135 sunt
801 3076 954 3149 (Gen.
976 3094 1055 3147 v1,
1083 3078 1162 3150 3).
1190 3100 1218 3129 »
1243 3083 1311 3134 Et
1331 3079 1549 3136 Paulus
1570 3085 1799 3154 aposto-

146 3164 231 3222 lus
295 3167 369 3224 de
426 3183 617 3241 prava
672 3166 942 3223 doctrina
999 3171 1054 3223 et
1075 3167 1355 3241 operibus
1414 3169 1796 3227 Judaeorum:

151 3258 301 3312 «Non
327 3255 630 3330 acquievi,
651 3254 752 3325 ait,
776 3255 940 3312 carni
967 3260 1023 3312 et
1044 3257 1320 3330 sanguini
1347 3258 1551 3331 (Galat.
1579 3276 1620 3326 ι,
1646 3260 1793 3330 16).»

144 3343 206 3400 Et
224 3346 291 3402 ad
324 3348 598 3415 sanctos,
641 3344 742 3418 qui
768 3344 972 3418 utique
1027 3345 1085 3401 in
1121 3363 1297 3403 carne
1351 3352 1540 3416 erant,
1601 3348 1789 3404 dicit:

148 3452 169 3482 ι
188 3434 299 3493 Vos
328 3440 544 3493 autem
572 3434 632 3490 in
666 3451 840 3491 carne
866 3452 983 3491 non
1013 3435 1158 3492 estis
1184 3453 1198 3505 ;
1234 3437 1337 3493 sed
1364 3437 1423 3493 in
1455 3438 1666 3511 spiritu
1694 3456 1707 3493 :
1744 3438 1793 3495 si

138 3526 324 3582 tamen
340 3525 447 3583 Dei
472 3523 726 3597 spiritus
756 3524 983 3580 habitat
1011 3525 1070 3580 in
1100 3525 1266 3581 vobis
1298 3526 1472 3597 (Rom.
1505 3543 1629 3596 vm,
1657 3528 1736 3599 9).
1766 3550 1794 3577 »

138 3611 360 3688 Negans
392 3614 569 3671 enim
600 3629 699 3671 eos
729 3613 789 3669 in
810 3629 1005 3683 carne,
1030 3631 1180 3687 quos
1207 3614 1267 3670 in
1302 3631 1476 3673 carne
1507 3633 1635 3674 esse
1656 3634 1794 3674 con-

141 3704 344 3775 stabat,
379 3721 509 3762 non
548 3703 741 3761 carnis
771 3704 1188 3774 substantiam,
1226 3705 1327 3761 sed
1360 3710 1598 3778 peccata
1628 3707 1793 3764 dam-

138 3794 328 3851 nabat.

194 3883 281 3941 29.
312 3886 462 3943 Vera
492 3885 921 3942 resurrectionis
959 3886 1245 3956 confessio.
1282 3886 1435 3942 Elius
1491 3894 1542 3942 et
1589 3887 1792 3943 Enoch.

136 3992 195 4015 -ι-
221 3974 354 4033 Ηωο
370 3979 471 4033 est
500 3989 645 4031 vera
672 3974 1120 4031 resurrectionis
1180 3975 1493 4045 confessio,
1526 3993 1653 4049 quae
1711 3977 1796 4034 sic

135 4059 373 4133 gloriam
411 4063 592 4122 carni
621 4062 850 4131 tribuit,
910 4066 977 4119 ut
1017 4079 1133 4119 non
1194 4064 1421 4121 auferat
1469 4064 1792 4123 veritatem.

135 4151 287 4216 Quod
317 4145 463 4212 vero
499 4152 652 4210 dicit
676 4151 1014 4226 Apostolus,
1075 4172 1098 4202 α
1132 4153 1526 4227 Corruptibile
1574 4154 1683 4211 hoc
1741 4160 1797 4212 et

134 4243 374 4301 mortale
396 4244 452 4316 (Ι
472 4242 604 4300 Cor.
638 4260 732 4312 xv,
763 4242 874 4315 53).
903 4264 932 4291 »
954 4242 1104 4299 487
1139 4242 1248 4299 hoc
1306 4243 1503 4316 ipsum
1559 4261 1794 4317 corpus,

131 4326 184 4386 id
213 4338 325 4405 est,
356 4348 638 4401 carnem,
670 4348 799 4404 qum
829 4335 971 4389 tunc
998 4332 1607 4399 videbatur,ostendit.
1632 4337 1796 4400 Quod

134 4425 321 4480 autem
353 4422 632 4496 copulat,
670 4441 697 4472 α
728 4421 973 4479 induere
1013 4420 1513 4496 incorruptionem
1567 4428 1624 4480 et
1680 4424 1797 4481 im-

131 4512 588 4581 mortalitatem,
616 4532 644 4560 »
662 4509 807 4566 illud
836 4511 1275 4581 indumentum,
1297 4512 1355 4568 id
1378 4518 1470 4569 est
1490 4513 1798 4572 vestimen-

130 4602 267 4669 tum,
301 4618 430 4659 non
466 4600 621 4657 dicit
650 4616 864 4673 corpus
892 4599 1123 4658 abolere
1154 4601 1308 4675 quod
1341 4607 1512 4659 ornat
1552 4603 1611 4659 in
1672 4604 1798 4678 glo-

1923 2024 2097 2064 carne
2128 2008 2281 2079 (Gen.
2303 2025 2358 2077 v,
2381 2009 2493 2081 24).
2524 2008 2675 2065 Elias
2703 2026 2951 2065 carneus
2978 2014 3183 2082 raptus
3231 2013 3321 2067 est
3351 2010 3410 2065 in
3465 2027 3572 2066 css-

1920 2096 2043 2152 lum
2076 2098 2171 2169 (IV
2196 2099 2321 2169 Reg.
2346 2114 2408 2163 ιι,
2443 2097 2533 2170 lt)
2569 2116 2582 2154 :
2616 2098 2867 2155 necdum
2926 2098 3165 2168 mortui,
3199 2102 3257 2155 et
3314 2098 3572 2170 paradisi

1911 2187 2038 2258 jam
2057 2185 2501 2252 coloni,habent
2532 2188 2796 2243 membra
2825 2204 2959 2243 cum
2991 2187 3209 2260 quibus
3241 2187 3392 2259 rapti
3434 2190 3576 2244 sunt

1917 2278 2095 2347 atque
2152 2276 2446 2332 translati.
2508 2277 2669 2342 Quod
2702 2294 2808 2333 nos
2860 2276 3129 2333 imitatur
3171 2276 3425 2348 jejunio,
3486 2275 3574 2331 illi

1917 2365 2219 2436 possident
2248 2364 2350 2421 Dei
2383 2366 2695 2421 consortio.
2728 2366 3058 2421 Vescuntur
3111 2364 3331 2421 caelesti
3392 2352 3570 2437 pane,

1915 2457 1972 2509 et
2002 2458 2345 2510 saturantur
2375 2454 2534 2510 omni
2566 2455 2738 2511 verbo
2791 2454 2913 2518 Dei,
2946 2454 3221 2512 eumdem
3277 2453 3567 2511 habentes

1914 2544 2253 2615 Dominum,
2287 2561 2463 2617 quem
2496 2548 2553 2600 et
2583 2544 2803 2599 cibum.
2864 2542 3015 2599 Audi
3066 2542 3425 2599 Salvatorem
3478 2543 3568 2598 di-

1914 2637 2139 2688 centem
2175 2651 2187 2688 :
2224 2656 2251 2682 ‹‹
2284 2634 2355 2689 Et
2384 2649 2518 2688 caro
2549 2649 2677 2689 mea
2709 2632 3024 2706 requiescit
3053 2633 3112 2688 in
3147 2648 3250 2706 spe
3272 2633 3445 2701 (Psal.
3471 2649 3564 2700 xv,

1911 2724 1986 2794 9).
2020 2743 2048 2775 ιο
2085 2724 2154 2778 Et.
2182 2722 2243 2778 in
2276 2722 2388 2778 alio
2412 2721 2538 2779 loco
2573 2739 2586 2778 :
2626 2746 2647 2772 α
2677 2722 2820 2778 Caro
2852 2725 2981 2793 ejus
3012 2739 3128 2777 non
3158 2721 3306 2777 vidit
3360 2738 3564 2778 corru-

1910 2800 2169 2885 ptionem
2197 2812 2331 2884 (Act.
2363 2828 2429 2880 ιι,
2460 2812 2573 2881 31).
2613 2833 2634 2863 ι
2672 2814 2741 2868 Et
2771 2829 3009 2868 rursum
3044 2831 3057 2868 :
3102 2836 3130 2862 ‹‹
3168 2811 3377 2867 Omnis
3433 2827 3566 2868 caro

1907 2902 2127 2959 videbit
2156 2902 2412 2958 salutare
2443 2902 2544 2958 Dei
2590 2902 2701 2975 (Isa
2755 2919 2847 2971 xc,
2877 2902 2954 2973 5).
3022 2925 3042 2951 υ
3108 2906 3175 2957 Et
3203 2904 3267 2957 tu
3328 2917 3565 2973 semper

1910 2991 2472 3065 corpusingeminas
2500 2991 2529 3046 ?
2560 2991 2759 3047 Profer
2788 2991 2978 3062 magis
3011 2990 3293 3059 Ezechiel,
3327 2990 3427 3062 qui
3463 2994 3558 3046 os-

1909 3100 1975 3139 sa
1998 3083 2258 3154 jungens
2288 3081 2525 3137 ossibus
2546 3084 2602 3136 et
2622 3081 2878 3136 educens
2904 3096 2972 3135 ea
3000 3079 3071 3135 de
3095 3078 3382 3151 sepulcris
3405 3080 3556 3147 suis,

1906 3175 1965 3227 et
1993 3188 2172 3243 super
2198 3170 2376 3242 pedes
2417 3174 2571 3225 stare
2602 3169 2841 3234 faciens,
2900 3167 3174 3223 carnibus
3233 3168 3549 3239 nervisque

1908 3259 2279 3331 constringit,
2312 3262 2369 3316 et
2398 3262 2529 3314 cute
2558 3258 2811 3330 desuper
2837 3256 2984 3330 tegit
3010 3257 3031 3291 ²
3062 3257 3280 3328 (Ezech.
3331 3273 3549 3324 xxxvu,

1908 3351 1933 3404 1
1967 3349 2190 3495 :31.ng
2213 3437 2421 3493 athleta
2442 3437 2700 3493 Ecclesiae
2727 3440 2854 3492 ante
2876 3435 3174 3491 Christum.
3199 3435 3294 3492 Job
3322 3436 3555 3492 videtur

1902 3536 2095 3585 contra
2130 3530 2385 3598 futurum
2442 3525 2737 3596 Origenem
2784 3526 3038 3581 scribere.
3072 3558 3137 3564 —
3196 3526 3380 3581 Tonet
3439 3525 3550 3582 Job

1903 3620 2329 3674 tormentorum
2360 3616 2565 3685 victor,
2590 3618 2644 3671 et
2679 3618 2825 3671 testa
2856 3616 3067 3670 radens
3125 3614 3372 3687 putrida:
3423 3630 3549 3670 car-

1905 3707 1998 3763 nis
2024 3706 2270 3775 saniem,
2296 3703 2564 3762 miserias
2581 3722 2721 3761 suas
2743 3703 3189 3761 resurrectionis
3212 3721 3313 3775 spe
3335 3708 3390 3758 et
3412 3701 3555 3758 veri-1

1903 3800 2022 3853 tate
2045 3795 2304 3853 soletur:
2335 3818 2355 3845 α
2390 3794 2530 3859 Quis
2551 3794 2691 3850 mihi
2725 3794 2840 3862 det,
2866 3794 3076 3864 inquit,
3102 3797 3166 3847 ut
3208 3791 3545 3847 scribantur

1906 3904 2207 3945 sermones
2239 3886 2397 3942 mei?
2414 3885 2553 3952 Quis
2575 3884 2718 3941 mihi
2741 3887 2858 3951 det,
2883 3888 2947 3940 ut
2967 3886 3276 3940 oxarentur
3296 3883 3355 3937 in
3394 3882 3547 3938 libro

1906 3977 2053 4050 style
2076 3977 2280 4040 ferreo,
2304 3979 2360 4030 et
2391 3974 2618 4047 plumbi
2637 3973 2882 4040 lamina,
2906 3972 2994 4028 vel
3038 3970 3186 4027 celte
3204 3973 3225 4006 ²
3274 3970 3558 4043 sculpan-

1905 4070 2002 4122 tur
2026 4066 2085 4121 in
2115 4064 2314 4121 silice?
2344 4064 2474 4120 Scio
2505 4063 2662 4119 enim
2695 4063 2850 4135 quod
2882 4062 3236 4134 Redemptor
3266 4078 3434 4118 meus
3467 4062 3548 4117 vi-

1903 4156 2005 4225 vit,
2027 4160 2084 4211 et
2112 4155 2170 4210 in
2203 4153 2523 4210 novissimo
2556 4153 2708 4210 438
2758 4153 2851 4208 die
2881 4152 2952 4208 de
2983 4156 3139 4208 terra
3177 4156 3553 4208 surrecturus

1906 4262 2060 4314 sum,
2085 4249 2142 4301 et
2162 4260 2400 4299 rursum
2434 4241 2840 4298 circumdabor
2871 4240 3018 4315 pelle
3050 4258 3201 4309 mea,
3226 4246 3283 4296 et
3314 4242 3373 4297 in
3425 4258 3555 4297 car-

1906 4352 1979 4391 ne
2013 4350 2145 4391 mea
2176 4333 2382 4389 videbo
2418 4334 2597 4388 Deum
2632 4348 2644 4386 :
2680 4348 2856 4404 quem
2883 4332 3120 4388 visurus
3167 4347 3299 4387 sum
3333 4348 3440 4404 ego
3472 4331 3561 4403 ip-

1907 4440 1994 4493 se,
2014 4429 2071 4480 et
2099 4422 2253 4480 oculi
2285 4422 2398 4479 mei
2419 4421 2789 4495 conspecturi
2822 4426 2982 4490 sunt,
3016 4425 3071 4477 et
3103 4438 3218 4477 non
3251 4420 3420 4477 alius.
3449 4421 3558 4476 Re-

1906 4512 2097 4586 posita
2127 4516 2217 4569 est
2245 4512 2365 4567 haec
2397 4528 2533 4584 spes
2564 4527 2696 4566 mea
2725 4511 2783 4566 in
2807 4511 2941 4567 sinu
2975 4527 3103 4567 meo
3136 4511 3273 4582 (Job.
3324 4527 3441 4579 χιχ,
3485 4509 3554 4563 23

1906 4604 2095 4676 seqq.)
2134 4625 2155 4651 ι
2218 4601 2367 4667 Quid
2398 4600 2506 4656 hac
2542 4600 2849 4673 prophetia
2879 4597 3299 4656 manifestius?
3345 4596 3555 4653 Nullus

133 4687 228 4762 ria,
248 4691 354 4750 sed
386 4691 564 4765 quod
598 4694 734 4746 ante
761 4688 1078 4764 inglorium
1121 4691 1255 4759 fuit,
1313 4692 1543 4750 efﬁcere
1592 4692 1802 4767 glorio»
1832 4691 1879 4756 D
1909 4696 2030 4747 tam
2065 4695 2262 4765 aperte
2291 4694 2423 4763 post
2452 4688 2749 4758 Chrstum,
2776 4704 2951 4760 quam
2975 4688 3085 4744 iste
3103 4691 3235 4743 ante
3255 4684 3559 4743 Christum

133 4794 294 4851 sum;
334 4786 409 4838 ut
459 4778 852 4837 mortalitatis
882 4783 941 4836 et
968 4779 1335 4838 infirmitatis
1389 4781 1591 4839 viliore
1651 4789 1808 4842 veste

140 4867 430 4944 deposita,
484 4865 958 4925 immortalitatis
1017 4884 1180 4936 auro,
1212 4873 1292 4938 et,
1352 4874 1417 4926 ut
1452 4869 1535 4927 ita
1590 4870 1803 4942 dicam,

198 5069 213 5104 ¹
247 5069 367 5128 Sex
396 5081 659 5125 versum
692 5063 964 5122 lacunam
996 5064 1092 5121 hic
1118 5064 1485 5128 explevimus
1511 5085 1542 5125 e
1572 5069 1630 5125 S.
1665 5072 1805 5125 Cru-

135 5139 210 5197 eis
236 5158 383 5205 ms.,
413 5155 572 5197 cum
603 5140 776 5193 antea
803 5136 943 5195 editi
973 5136 1395 5195 omneshiulco
1418 5155 1595 5196 sensu
1628 5141 1805 5198 habe-

138 5217 275 5286 rent,
299 5213 576 5287 adjunge
601 5216 653 5264 et
679 5208 784 5277 die,
833 5211 1104 5287 Quoniam
1131 5211 1361 5287 spiritus
1408 5227 1617 5287 carnes,
1669 5218 1803 5287 etc.,

137 5282 557 5357 omissisque
592 5296 748 5336 nunc
778 5283 1034 5357 primum
1074 5282 1416 5357 sAuti‘ecimus
1441 5283 1513 5339 de
1548 5284 1804 5357 Domini

139 5353 821 5432 comparatione,_quam
863 5353 1147 5432 orationis
1178 5358 1484 5432 contextus
1543 5355 1802 5432 inferior,

139 5422 304 5504 atqu'e
331 5429 560 5504 ipsum
595 5422 1000 5481 similitudinis
1039 5426 1387 5504 adverbium
1450 5422 1803 5504 postulabat,

137 5498 626 5574 et'sine'quibus
656 5511 900 5553 mancus
932 5500 1076 5566 erat,
1109 5498 1228 5554 imo
1259 5502 1316 5554 et
1336 5498 1592 5556 auctoris
1623 5502 1804 5557 menti

136 5574 477 5632 contrarius
513 5584 756 5625 sensus.

144 5648 170 5707 ζ’
198 5648 221 5682 ²
247 5649 314 5704 Et
343 5650 486 5704 cute
515 5640 759 5713 desuper
781 5642 930 5713 tegit.
962 5639 1134 5697 Nullo
1168 5657 1345 5698 sensu
1377 5642 1670 5704 inEeditis
1730 5643 1803 5699 li-

136 5714 251 5776 bris
278 5716 602 5793 legimua,_
622 5718 674 5769 et
694 5711 932 5793 desuper
962 5715 1094 5793 tegit
1120 5732 1139 5771 :
1178 5713 1347 5793 donec
1367 5714 1479 5793 JQb_
1509 5718 1805 5793 tormento-

142 5806 256 5854 rum
281 5782 496 5863 vi'étor,
544 5786 662 5847 etc.
694 5782 911 5845 Dein'de
967 5782 1033 5845 in
1077 5788 1351 5847 contextu
1392 5785 1545 5860 Jobi,
1602 5785 1805 5864 legen-

1916 4781 1987 4837 de
2004 4780 2427 4837 resurrectione
2449 4778 2729 4852 loquitur.
2756 4777 2898 4833 Vult
2916 4778 3093 4833 verba
3123 4793 3231 4833 sua
3266 4776 3323 4830 in
3360 4790 3564 4847 perpe-

1915 4874 2085 4927 tuum
2117 4871 2329 4927 durare
2355 4888 2367 4925 :
2391 4873 2447 4926 et
2470 4874 2534 4925 ut
2565 4867 2734 4925 nulla
2754 4867 2985 4941 possint
3010 4869 3302 4923 vetustate
3361 4864 3565 4934 deleri,

1918 5069 2060 5145 dum
2093 5067 2500 5145 pu_tan_t__docti
2521 5066 2738 5145 pariter
2766 5064 3082 5145 etindocti,
3114 5064 3369 5145 vetcerle
3412 5061 3562 5115 scul-

1914 5136 2122 5212 pantur
2152 5142 2211 5194 in
2238 5142 2413 5195 silice.
2468 5136 2730 5212 Sédhnon
2782 5136 3093 5193 attendunt
3148 5136 3568 5212 Hieronymum

1916 5206 2275 5283 expressisse
2324 5227 2523 5267 vocem
2570 5210 2895 5283 Hebraeam
2941 5217 3128 5269 mam?
3218 5206 3567 5283 iehhatsburt,

1913 5274 2047 5341 cette
2075 5283 2442 5356 sculpantur;
2472 5287 2538 5337 ut
2565 5282 2851 5337 indicaret
2881 5279 3345 5335 instrumentum
3404 5274 3566 5333 scul-

1914 5362 2119 5428 pturar.
2155 5373 2432 5428 summa.

1986 5428 2009 5463 ⁸
2034 5431 2182 5482 Sunt
2210 5426 2392 5483 critici
2427 5425 2592 5498 haud
2616 5423 2809 5498 exigui
2842 5422 3121 5489 nominis,
3157 5422 3256 5494 qui
3285 5425 3457 5498 certe
3486 5422 3568 5476 le-

1918 5499 1973 5571 gi
2008 5500 2373 5571 contendunt
2402 5497 2600 5571 deberi
2647 5495 2913 5571 promite
2943 5513 2961 5549 :
3011 5500 3067 5550 et
3108 5512 3261 5571 mss.
3323 5495 3562 5571 quidem

1915 5567 2153 5643 plurimi
2182 5575 2320 5625 sunt
2351 5570 2481 5643 libri
2513 5567 2780 5643 Job,‘qui
2808 5576 2950 5623 certe
2981 5568 3315 5643 praeferunt,
3337 5584 3448 5639 qua
3476 5567 3571 5643 _de

1916 5638 1977 5699 ie
2009 5643 2178 5707 plura
2206 5641 2455 5697 dicenda
2485 5641 2654 5696 nobis
2685 5638 2824 5696 sunt
2856 5638 3012 5695 tomo
3044 5640 3139 5707 IX,
3173 5640 3245 5696 ad
3276 5638 3436 5695 hunc
3467 5638 3564 5695 J0-

1916 5661 1977 5699 re
2051 5661 2178 5699 iura
2206 5661 2455 5697 alconua
2485 5661 2654 5696 DODIS
2685 5661 2824 5696 sunt
2857 5661 3012 5695 torno
3044 5661 3099 5694 1))

1912 5714 1973 5777 bi
2003 5661 2196 5790 fecum
2229 5729 2297 5772 ex
2326 5712 2782 5789 Hieronymiana
2807 5713 3099 5773 versione.
