3958 6440
400 546 625 605 exarari
653 563 722 605 ea
747 546 873 603 vult
902 547 960 602 in
981 543 1209 619 plumbi
1230 544 1467 616 lamina,
1493 551 1549 603 et
1580 546 1767 618 sculpi
1796 546 1855 601 in
1917 546 2039 602 sili-
2074 553 2127 617 Α

404 652 487 693 ce.
508 637 717 709 Sperat
763 635 1271 704 resurrectionem,
1306 637 1424 691 imo
1478 636 1639 691 novit
1695 641 1752 689 et
1806 635 1952 688 vidit
2002 645 2042 702 ι,

405 725 561 798 quod
590 723 728 781 vivit
755 724 1024 781 Christus
1055 726 1389 797 redemptor
1421 726 1571 795 ejus,
1596 729 1653 779 et
1682 724 1741 779 in
1793 723 2046 778 novissi-

406 830 504 869 mo
533 812 626 868 die
645 813 717 868 de
743 816 902 869 terra
917 818 1356 870 resurrecturus
1388 812 1746 869 sit.Necdum
1780 816 2049 867 mortuus

405 906 531 958 erat
575 902 879 973 Dominus,
913 908 970 958 et
1024 902 1241 958 athleta
1298 902 1567 958 Ecclesiae
1619 902 2045 973 redemptorem

405 1007 581 1048 suum
606 990 843 1048 videbat
870 992 942 1047 ab
973 991 1175 1047 inferis
1224 995 1645 1063 resurgentem.
1705 989 1855 1045 Illud
1914 1006 2047 1044 vero

407 1080 566 1153 quod
594 1079 770 1136 infert
801 1096 814 1134 :
856 1102 875 1129 α
913 1081 982 1135 Et
1013 1096 1251 1135 rursum
1284 1079 1693 1134 circumdabor
1724 1077 1871 1150 pelle
1896 1094 2046 1143 mea,

408 1173 466 1226 et
490 1169 551 1224 in
584 1185 756 1225 carne
789 1184 919 1224 mea
960 1168 1167 1223 videbo
1194 1168 1399 1236 Deum,
1433 1190 1460 1218 »
1515 1172 1656 1240 puto
1714 1168 1891 1239 quod'
1932 1183 2049 1222 non

408 1256 685 1330 loquatur
731 1256 898 1329 quasi
956 1261 1184 1311 amator
1232 1255 1521 1323 carnium,
1578 1273 1727 1328 quas
1785 1254 2050 1328 putridas

409 1346 771 1417 fetentesque
801 1344 1076 1401 cernebat
1109 1363 1121 1414 ;
1184 1346 1285 1400 sed
1319 1362 1387 1400 ex
1419 1345 1634 1400 ﬁducia
1684 1342 2050 1416 resurgendi,

408 1434 729 1492 contemnit
752 1433 1082 1507 praesentia,
1116 1432 1324 1490 solatio
1375 1434 1731 1489 futurorum.
1794 1433 2049 1487 Rursum

407 1524 490 1582 ait
523 1542 535 1580 :
574 1546 596 1574 ι
630 1523 1050 1579 Circumdabor
1079 1521 1229 1595 pelle
1269 1539 1419 1578 mea.
1460 1545 1485 1571 »
1520 1523 1627 1578 Ubi
1688 1522 1781 1577 hic
1841 1538 2053 1593 corpus

406 1612 725 1669 aethereum
759 1614 782 1667 Ρ
811 1611 910 1667 ubi
939 1628 1201 1680 aereum,
1232 1617 1289 1667 et
1319 1611 1552 1683 spiritui
1593 1616 1650 1667 et
1681 1629 1835 1666 aurae
1894 1609 2053 1665 simi-

404 1700 462 1758 le
487 1701 515 1756 ?
535 1700 700 1756 Certe
731 1700 832 1755 ubi
863 1699 1033 1771 pellis
1065 1704 1123 1756 et
1152 1716 1307 1766 caro,
1342 1700 1441 1754 ubi
1471 1717 1608 1755 ossa
1635 1705 1691 1755 et
1743 1699 1900 1755 nervi
1932 1700 1975 1764 ²,
1997 1703 2054 1755 et

409 1789 655 1862 sanguis
684 1792 741 1844 et
778 1804 955 1855 venre,
978 1788 1060 1844 ibi
1108 1789 1302 1845 carnis
1360 1793 1679 1855 structura,
1744 1788 1821 1844 ibi
1881 1805 2053 1844 sexus

402 1877 754 1950 proprietas.
811 1898 832 1928 ι
887 1879 955 1932 Et
1012 1876 1071 1932 in
1131 1894 1324 1942 carne,
1385 1879 1597 1950 inquit,
1656 1894 1786 1933 mea
1846 1877 2050 1933 videbo

409 1967 618 2023 Deum.
644 1987 672 2016 »
697 1966 939 2030 Quando
970 1966 1163 2022 omnis
1197 1983 1329 2022 caro
1360 1966 1579 2023 videbit
1624 1966 1881 2023 salutare
1931 1966 2049 2033 Dei,

411 2060 469 2111 et
495 2055 698 2111 Jesum
733 2057 933 2122 Deum,
965 2060 1105 2110 tunc
1136 2060 1191 2111 et
1221 2072 1324 2128 ego
1355 2056 1561 2112 videbo
1607 2057 2052 2128 Redemptorem

412 2149 469 2202 et
499 2143 878 2212 Salvatorem,
911 2149 969 2199 et
1006 2144 1190 2200 Deum
1224 2162 1441 2200 meum.
1498 2145 1719 2201 Videbo
1771 2149 1963 2200 autem
1992 2144 2051 2198 in

402 2235 524 2291 ista
544 2249 735 2301 carne,
769 2251 895 2306 quae
925 2249 1021 2289 me
1067 2251 1222 2289 nunc
1249 2235 1494 2301 cruciat,
1532 2252 1660 2306 quae
1722 2250 1879 2289 nunc
1938 2250 2051 2305 pre:

410 2323 609 2379 dolore
639 2321 904 2379 distillat.
930 2321 1147 2378 Idcirco
1179 2323 1365 2379 Deum
1391 2323 1448 2377 in
1473 2340 1646 2379 carne
1671 2322 2051 2395 conspiciam,

396 2412 549 2485 .quia
576 2428 781 2468 omnes
811 2411 1137 2468 inﬁrmates
1168 2428 1327 2468 meas
1354 2429 1461 2468 sua
1492 2413 1913 2468 resurrectione
1955 2429 2052 2466 sa-

410 2501 588 2557 navit.
620 2501 823 2556 Nonne
852 2500 957 2557 tibi
990 2501 1219 2556 videtur
1240 2502 1367 2573 jam
1399 2505 1538 2556 tunc
1568 2501 1680 2557 Job
1706 2505 1909 2556 contra
1929 2499 2052 2556 Ori-

410 2606 620 2663 genem
651 2589 922 2658 scribere,
954 2596 1012 2646 et
1038 2607 1140 2662 pro
1171 2591 1364 2646 carnis
1397 2591 1659 2656 veritate,
1693 2590 1752 2645 in
1787 2608 1905 2662 qua
1937 2595 2053 2646 tor-

411 2683 612 2736 menta
642 2678 943 2749 sustinuit,
977 2680 1225 2734 alterum
1258 2684 1458 2735 contra
1487 2679 1788 2735 haereticos
1839 2680 2055 2735 habere

410 2771 707 2824 certamen
736 2766 764 2821 ?
794 2767 960 2823 Dolet
986 2767 1165 2835 enim,
1200 2768 1246 2823 si
1281 2773 1442 2823 tanta
1473 2769 1551 2823 sit
1592 2768 1808 2823 frustra
1829 2785 2056 2840 perpes-

412 2873 539 2927 sus,
569 2860 627 2912 et
651 2856 765 2913 alia
802 2855 1184 2930 spiritualiter
1239 2862 1602 2929 resurgente,
1637 2857 1750 2913 ista
1806 2857 2054 2913 carnali-

413 2948 503 3002 ter
530 2944 787 3002 cruciata
816 2945 911 3002 sit.
947 2944 1108 3000 Unde
1138 2944 1396 3000 inculcat
1424 2950 1480 3001 et
1511 2950 1837 3017 exaggerat,
1861 2952 1915 3000 et
1937 2962 2056 3001 om-

413 3035 512 3091 nia
552 3032 786 3090 lubricce
845 3034 1231 3090 confessionis
1288 3051 1502 3090 arcana
1557 3035 1870 3091 manifesta
1919 3051 2056 3089 voce

414 3122 731 3191 concludit,
756 3123 956 3180 dicens
988 3142 1000 3179 :
1038 3146 1065 3175 «
1098 3125 1279 3189 Quem
1309 3124 1547 3179 visurus
1578 3141 1710 3179 sum
1770 3141 1874 3195 ego
1908 3123 2053 3195 ipse,

412 3217 469 3271 et
498 3212 649 3270 oculi
682 3212 795 3269 mei
813 3212 1179 3285 conspecturi
1212 3217 1370 3280 sunt,
1399 3219 1454 3269 et
1485 3231 1599 3269 non
1635 3212 1806 3269 alius.
1852 3232 1878 3264 ι)
1921 3215 1973 3268 Is
2005 3212 2054 3267 si

414 3320 532 3360 non
562 3318 703 3358 sexu
734 3319 840 3358 suo
870 3303 892 3337 ³
922 3307 1358 3359 resurrecturus
1413 3307 1519 3368 est,
1549 3303 1598 3358 si
1661 3320 1775 3358 non
1833 3304 2054 3359 eisdem
2088 3295 2131 3361 C

415 3391 700 3448 membris
731 3408 856 3462 quae
881 3392 1118 3462 jacuere
1150 3390 1208 3446 in
1240 3396 1513 3458 stercore,
1546 3392 1593 3447 si
1643 3409 1757 3447 non
1818 3392 2054 3449 eosdem

412 3478 614 3536 oculos
643 3478 865 3552 aperiat
892 3480 963 3534 ad
993 3480 1308 3535 videndum
1339 3480 1782 3552 Deum,quibus
1815 3487 1951 3535 tunc
1972 3481 2054 3536 vi-

413 3568 589 3626 debat
614 3567 1019 3635 vermiculos‘,
1054 3569 1150 3623 ubi
1185 3569 1295 3624 erit
1324 3570 1477 3625 439
1505 3585 1639 3641 ergo
1670 3570 1821 3624 Job?
1872 3569 2055 3626 Tollis

413 3672 481 3714 ea
511 3656 571 3712 in
601 3644 819 3728 quibus
848 3656 1113 3713 substitit
1140 3656 1270 3725 Job,
1300 3662 1358 3711 et
1386 3657 1569 3711 donas
1587 3656 1731 3711 mihi
1764 3658 1936 3712 inane
1955 3673 2052 3712 vo-

410 3745 688 3802 cabulum
719 3745 1077 3819 resurgentis
1102 3762 1114 3800 :
1151 3746 1441 3818 quomodo
1468 3745 1516 3801 si
1541 3745 1732 3800 navim
1746 3750 1877 3817 post
1905 3762 2046 3801 nau-

409 3835 669 3908 fragium
700 3835 1035 3891 restitutam
1064 3834 1227 3899 velis,
1261 3851 1326 3890 ac
1349 3851 1526 3906 neges
1559 3833 1793 3907 singula
1825 3835 1895 3889 de
1918 3834 2052 3908 qui-

410 3925 523 3982 bus
555 3925 721 3982 navis
750 3925 1129 3981 construitur.

479 4014 569 4071 31.
607 4016 810 4071 Veritas
852 4016 1266 4070 resurrectionis
1295 4015 1355 4068 in.
1412 4031 1515 4085 quo
1570 4016 1664 4071 sit.
1726 4015 2048 4071 Similitudo

409 4104 733 4174 angelorum
759 4104 913 4160 nobis
939 4105 1207 4175 promissu
1237 4106 1296 4158 in
1325 4119 1429 4175 quo
1458 4105 1548 4158 sit.
1597 4135 1661 4143 --
1695 4105 1812 4175 Ego
1872 4104 2052 4160 libere

412 4192 626 4261 dicam,
651 4198 708 4249 et
737 4209 1072 4264 quanquam
1105 4192 1429 4265 torqueatis
1461 4209 1582 4259 ora,
1602 4193 1853 4249 trahatis
1877 4193 2053 4266 capil-

408 4281 556 4349 lum,
579 4282 948 4355 applaudatis
978 4282 1122 4353 pede
1144 4283 1185 4348 ⁵,
1216 4282 1551 4337 Judazorum
1582 4282 1805 4354 lapides
1857 4283 2049 4355 requi-

409 4370 576 4437 ratis,
606 4369 782 4426 ﬁdem
812 4368 1079 4425 Ecclesiae
1112 4368 1481 4441 apertissime
1533 4372 1873 4426 conﬁtebor.
1938 4372 2050 4427 Re-

410 4458 791 4517 surrectionis
820 4459 1032 4515 veritas
1061 4458 1186 4514 sine
1218 4475 1388 4514 carne
1410 4464 1465 4514 et
1495 4460 1751 4526 ossibus,
1771 4460 1895 4516 sine
1918 4477 2049 4516 san-

409 4549 587 4624 guine
615 4553 672 4605 et
702 4548 1264 4621 membris,intelligi
1288 4566 1405 4604 non
1427 4553 1639 4621 potest.
1698 4550 1798 4605 Ubi
1831 4566 1965 4605 caro
1996 4556 2053 4605 et

407 4655 563 4708 ossa,
588 4645 644 4696 et
665 4638 906 4712 sanguis
938 4642 995 4694 et
1015 4640 1279 4694 membra
1307 4644 1466 4706 sunt,
1502 4638 1577 4693 ibi
1615 4654 1852 4693 necesse
1873 4643 1962 4694 est
1987 4643 2052 4695 ut
2082 4666 2127 4731 Β

407 4744 582 4785 sexus
629 4729 936 4784 diversitas
979 4728 1075 4783 sit.
1100 4727 1207 4783 Ubi
1240 4744 1413 4784 sexus
1461 4727 1770 4783 diversitas
1826 4732 1934 4796 est,
1969 4728 2051 4784 ibi

403 4817 665 4875 Joannes
682 4818 960 4886 Joannes,
995 4817 1178 4874 Maria
1208 4817 1410 4873 Maria.
1444 4817 1571 4872 Noli
1601 4816 1807 4873 timere
1849 4834 2051 4873 eorum

2085 1925 2130 1990 B

478 5034 497 5069 ¹
530 5034 594 5090 In
625 5034 824 5091 codice
852 5033 911 5089 S.
944 5033 1167 5102 Crucis,
1198 5034 1356 5089 Novit
1382 5036 1433 5089 et
1487 5032 1627 5105 ﬁdus
1653 5037 1752 5100 est,
1805 5038 1863 5088 et
1917 5050 2051 5091 mox

408 5105 729 5175 Redemptor
758 5114 901 5163 tuus.

441 5252 452 5260 Δ
479 5178 500 5210 ²
531 5177 595 5260 In
625 5178 969 5260 eademnlbi
998 5179 1383 5260 ossa-et‘neroi
1472 5176 1679 5260 deinde
1710 5178 1807 5260 ubi:
1858 5180 2045 5260 carnis

405 5252 703 5331 structura.
737 5247 915 5331 Paulo
946 5254 1097 5321 post,
1132 5248 1335 5305 Videbit
1360 5250 1659 5304 salutarem
1710 5249 1824 5313 Dei,
1860 5248 1916 5302 id
1972 5252 2048 5304 est

404 5325 594 5378 Jesum
625 5320 963 5375 Dominum.’

478 5390 500 5426 ³
532 5390 639 5446 Ms.
664 5390 725 5445 Si
750 5408 857 5447 non
892 5393 952 5445 in
978 5407 1115 5446 sexu
1141 5408 1257 5448 suo.

474 5464 497 5497 ⁴
527 5462 687 5517 Idem
727 5460 869 5516 Tunc
904 5463 1115 5519 videbat
1139 5463 1481 5528 vermiculos,
1506 5466 1556 5516 et
1587 5461 1831 5518 radebat.

475 5534 495 5568 ⁵
521 5533 606 5590 Sac
652 5548 684 5588 e
706 5531 841 5588 alibi
869 5533 1255 5607 Hieronymus
1311 5534 1603 5605 applodere
1627 5534 1821 5605 pedem
1879 5536 2043 5606 dixit,

475 5621 579 5659 aue
609 5549 703 5659 gic
733 5604 971 5659 quidem
1002 5607 1309 5659 avalodaiis
1339 5624 1442 5659 nro
1473 5607 1829 5659 applaudatis
1861 5608 2043 5659 liben-

404 5610 579 5677 atque
609 5604 703 5659 hic
733 5604 971 5676 quidem
1002 5604 1309 5679 applodarz's
1338 5604 1442 5680 pro
1473 5604 1829 5678 applaudatis
1861 5604 2043 5664 liben4

403 5677 521 5736 tius
552 5677 821 5736 legerem.

395 5753 399 5757 ’
468 5748 785 5835 ροοάθκε.
819 5748 1040 5824 Crucis,
1090 5749 1237 5823 Quid
1290 5752 1440 5809 enim
1485 5749 1636 5825 juvit
1677 5766 1807 5809 eum
1862 5749 2045 5827 gloria

1636 414 1698 475 S.
1746 410 2059 477 EUSEBII
2099 410 2571 478 HIERONYMI.

3660 409 3768 481 109

2159 548 2415 620 nuptias,
2450 546 2551 618 qui
2580 546 2756 601 etiam
2783 548 2917 599 ante
2951 546 3195 598 mortem
3222 540 3284 597 in
3335 554 3473 597 sexu
3501 557 3600 598 suo
3655 542 3771 599 sine

2156 654 2329 691 sexus
2361 652 2533 707 opere
2562 636 2850 689 vixerunt.
2875 632 3116 697 Quando
3135 631 3353 686 dicitur
3378 647 3389 685 :
3418 652 3443 678 ‹‹
3469 631 3530 685 In
3552 629 3647 685 illa
3688 630 3771 687 die

2155 742 2343 797 neque
2374 726 2614 789 nubent,
2648 739 2838 795 neque
2870 723 3164 777 nubentur
3195 719 3425 791 (Matth.
3465 736 3596 788 XXII,
3626 720 3767 791 30).-

2156 815 2226 869 de
2259 814 2350 868 his
2381 813 2613 878 dicitur,
2647 811 2743 883 qui
2774 815 3020 883 possunt
3052 809 3290 874 nubere,
3322 812 3380 863 et
3426 812 3614 864 tamen
3670 824 3776 881 non

2157 903 2397 957 nubent.
2433 902 2612 956 Nemo
2643 901 2797 956 enim
2830 900 2973 955 dicit
3002 900 3071 955 de
3121 897 3346 971 angelis
3378 915 3390 952 :
3430 920 3452 947 α
3506 897 3627 953 Non
3675 912 3775 952 nu-

2156 992 2315 1058 bent,
2349 1007 2536 1063 neque
2567 991 2879 1045 nubentur.
2918 1011 2944 1038 »
2980 990 3094 1062 Ego
3130 1003 3432 1059 nunquam
3455 985 3642 1042 audivi
3663 984 3777 1058 spi-

2157 1079 2460 1135 ritualium
2496 1079 2786 1134 Virtutum
2820 1078 2878 1131 in
2910 1078 3051 1133 cmlo
3096 1076 3336 1149 nuptias
3366 1073 3779 1137 celebrarizsed

2158 1169 2258 1225 ubi
2290 1185 2462 1224 sexus
2493 1174 2602 1237 est,
2637 1167 2715 1223 ibi
2744 1168 2829 1221 vir
2850 1172 2905 1222 et
2939 1166 3173 1221 femina.
3217 1164 3381 1220 Unde
3411 1168 3467 1221 et
3489 1169 3551 1219 tu
3579 1162 3782 1220 invitus

2158 1257 2314 1325 licet,
2373 1263 2612 1328 cogente
2666 1255 2928 1323 veritate,
2961 1256 3267 1310 confessus
3327 1270 3410 1321 es,
3442 1256 3502 1309 et
3556 1250 3780 1307 dixisti:

2162 1370 2186 1394 ‹‹
2221 1350 2335 1400 Aut
2366 1345 2734 1400 coronandus
2767 1346 2823 1398 in
2884 1359 3143 1415 corpore,
3178 1343 3336 1414 quod
3385 1344 3540 1396 caste
3586 1339 3698 1413 egit
3735 1344 3789 1396 et

2154 1436 2335 1507 juste,
2368 1440 2470 1490 aut
2499 1434 2983 1489 condemnandus
3035 1433 3092 1487 in
3125 1448 3386 1504 corpore,
3444 1430 3597 1501 quod
3634 1427 3786 1485 volu-

2162 1524 2430 1596 ptatibus
2460 1523 2875 1595 iniquitatique
2903 1521 3198 1577 servivit.»
3212 1519 3375 1576 Tolle
3397 1536 3608 1592 corpus
3625 1522 3682 1574 et
3698 1534 3791 1591 po-

2161 1629 2233 1667 ne
2282 1628 2535 1679 carnem,
2567 1618 2625 1667 et
2677 1612 2866 1667 virum
2915 1628 2982 1665 ac
3043 1610 3318 1665 feminam
3380 1623 3497 1664 non
3554 1607 3786 1680 negasti.

2161 1701 2300 1765 Quis
2328 1701 2483 1759 enim
2517 1700 2656 1755 vivit
2686 1718 2819 1755 cum
2852 1698 3038 1769 gloria
3068 1698 3365 1770 pudicitiae
3400 1696 3500 1770 qui
3532 1713 3645 1753 non
3689 1695 3791 1753 ha-

2165 1791 2294 1846 bet6
2325 1806 2549 1851 sexum,
2584 1806 2686 1860 per
2715 1805 2890 1861 quem
2923 1788 3208 1844 committi
3244 1787 3435 1859 potuit
3487 1784 3792 1859 impudici-

2162 1878 2243 1934 tia
2268 1878 2295 1933 ?
2324 1878 2463 1941 Quis
2495 1878 2650 1934 enim
2685 1894 2946 1949 unquam
2978 1876 3233 1949 lapidem
3294 1873 3611 1941 coronavit,
3666 1872 3797 1946 quia

2160 1968 2321 2039 virgo
2354 1967 2794 2039 permanserit?
2850 1967 3209 2038 Angelorum
3253 1964 3425 2020 nobis
3485 1961 3796 2020 similitudo

2163 2056 2542 2130 promittitur,
2575 2056 2632 2111 id
2665 2061 2753 2111 est
2783 2055 3084 2111 beatitudo
3119 2055 3218 2110 illa
3249 2054 3308 2109 in
3340 2071 3459 2126 qua
3480 2054 3605 2109 sine
3632 2065 3795 2108 carne

2163 2152 2221 2202 et
2247 2163 2385 2201 sexu
2420 2151 2557 2201 sunt
2586 2145 2798 2217 angeli,
2832 2146 3001 2200 nobis
3034 2146 3089 2198 in
3123 2160 3297 2199 carne
3330 2148 3387 2199 et
3410 2159 3551 2199 sexu
3609 2144 3800 2197 nostro

2165 2234 2499 2290 donabitur.
2538 2238 2661 2289 Mea
2692 2234 2990 2289 rusticitas
3022 2234 3106 2288 sic
3129 2232 3338 2300 credit,
3373 2236 3431 2288 et
3479 2231 3565 2288 sic
3594 2228 3798 2286 intelli-

2163 2324 2247 2395 git
2278 2340 2479 2378 sexum
2514 2323 2774 2379 conﬁteri
2809 2323 2933 2378 sine
2966 2339 3209 2377 sexuum
3241 2320 3523 2394 operibus
3557 2337 3569 2376 :
3621 2317 3799 2374 homi-

2167 2428 2269 2466 nes
2298 2428 2617 2483 resurgere,
2655 2416 2711 2466 et
2743 2413 2824 2465 sic
2872 2428 2969 2467 eos
3026 2409 3250 2481 angelis
3311 2406 3634 2481 adaequari.
3690 2409 3798 2461 Nec

2165 2502 2359 2555 statim
2382 2500 2675 2572 superflua
2697 2500 2988 2554 videbitur
3011 2499 3418 2554 membrorum
3441 2496 3801 2561 resurrectio,

2165 2607 2291 2661 quae
2327 2590 2579 2645 caritura
2610 2589 2728 2644 sint
2760 2589 2950 2644 ofﬁcio
2983 2605 3088 2644 suo
3122 2606 3135 2655 ;
3182 2604 3316 2642 cum
3352 2587 3548 2643 adhuc
3588 2585 3648 2641 in
3702 2583 3804 2640 hac

2164 2680 2281 2733 vita
2313 2678 2508 2751 positi,
2537 2679 2798 2734 nitamur
2834 2694 3010 2751 opera
3042 2695 3157 2733 non
3210 2676 3462 2750 implere
3521 2676 3805 2732 membro-

2167 2786 2317 2823 rum.
2344 2768 2678 2823 Similitudo
2710 2773 2905 2823 autem
2937 2768 3008 2823 ad
3041 2767 3303 2839 angelos,
3342 2784 3463 2822 non
3506 2765 3806 2821 hominum

2166 2857 2223 2912 in
2256 2859 2497 2929 angelos
2524 2857 2868 2923 demutatio,
2901 2857 3001 2912 sed
3064 2857 3365 2926 profectus
3405 2852 3813 2912 immortalita-

2166 2946 2240 3002 tis
2277 2951 2333 3001 et
2363 2945 2559 3018 gloria
2591 2953 2700 3001 est.

2236 3037 2324 3090 3'2.
2350 3036 2528 3091 Enoch
2559 3044 2609 3091 et
2634 3038 2784 3091 Elius
2816 3038 3034 3093 iterum.
3057 3067 3125 3075 ——
3146 3039 3523 3107 Argumenta
3551 3050 3685 3091 vero
3716 3030 3813 3089 illa

2167 3143 2503 3198 puerorum,
2536 3134 2591 3180 et
2639 3125 2972 3193 infantium,
3001 3131 3059 3181 et
3117 3142 3355 3192 senum,
3412 3129 3472 3181 et
3531 3123 3814 3188 ciborum,

2166 3217 2320 3271 440
2352 3220 2408 3271 et
2430 3214 2999 3286 stercorum,quibus
3023 3215 3336 3270 adversum
3375 3213 3667 3271 Ecclesias
3700 3214 3819 3268 ute-

2170 3305 2275 3372 ris,
2306 3322 2420 3360 non
2455 3308 2594 3359 sunt
2624 3309 2723 3360 tua
2756 3320 2768 3358 :
2804 3305 2873 3359 de
2894 3304 3203 3376 gentilium
3241 3304 3404 3361 fonte
3465 3304 3807 3361 manarunt.

2167 3394 2380 3449 Eadem
2411 3394 2569 3449 enim
2601 3398 2903 3465 opponunt
2935 3392 3103 3448 nobis
3135 3393 3382 3449 ethnici.
3410 3392 3526 3461 Qui
3549 3388 3818 3448 Christia-

2166 3500 2306 3537 num
2340 3500 2466 3538 esse
2496 3488 2552 3537 te
2585 3483 2753 3549 dicis,
2785 3482 3091 3554 gentilium
3119 3499 3285 3538 arma
3303 3483 3560 3554 depone.
3583 3481 3814 3539 Discant

2167 3571 2251 3625 illi
2289 3572 2477 3643 magis
2520 3589 2553 3626 a
2611 3576 2665 3626 te
2725 3573 3212 3626 resurrectionem
3272 3571 3475 3628 carnis
3534 3567 3817 3635 conﬁteri,

2166 3677 2342 3731 quam
2378 3665 2438 3715 tu
2471 3660 2542 3716 ub
2575 3659 2693 3715 illis
2724 3675 2956 3732 negare.
2989 3661 3105 3715 Aut
3135 3658 3183 3714 si
3215 3664 3272 3715 et
3329 3665 3396 3715 tu
3428 3660 3504 3716 de
3558 3657 3818 3715 hostium

2166 3765 2409 3804 numero
2441 3749 2779 3817 es,ostende
2810 3753 2865 3804 te
2898 3749 3075 3804 libere
3108 3749 3547 3819 adversarium,
3584 3752 3654 3805 ut
3705 3745 3823 3803 eth-

2163 3839 2427 3894 nicorum
2460 3837 2748 3909 suscipias
2803 3837 3065 3893 vulnera.
3100 3838 3261 3893 Dono
3323 3838 3437 3895 tibi
3490 3836 3820 3895 nutriculae

2161 3931 2313 3991 tuas,
2348 3944 2419 3982 ne
2446 3927 2680 3999 vagiant
2705 3927 2960 3982 infantes
2994 3947 3007 3990 ς
3041 3928 3193 3983 dono
3225 3927 3568 4002 decrepitos
3622 3942 3815 4001 senes,

2164 4033 2233 4072 ne
2266 4017 2509 4072 hiberno
2560 4016 2772 4088 frigore
2829 4017 3269 4072 contrahantur.
3335 4019 3589 4075 Frustra
3646 4017 3822 4075 etiam

2160 4111 2426 4161 tonsores
2456 4106 2702 4160 artiﬁcia
2733 4106 3087 4173 didicerunt,
3122 4107 3378 4163 scientes
3426 4106 3824 4164 Israeliticum

2161 4195 2442 4267 populum
2476 4211 2575 4267 per
2595 4194 2987 4266 quadraginta
3037 4213 3245 4263 annos,
3278 4213 3389 4253 nec
3452 4197 3757 4270 unguium
3777 4197 3821 4266 7,

2162 4302 2265 4340 nec
2289 4283 2637 4357 capillorum
2670 4284 3031 4341 incrementa
3053 4285 3350 4342 sensisse:
3408 4291 3469 4343 et
3519 4287 3682 4359 quod
3734 4283 3825 4341 his

2160 4375 2355 4446 majus
2374 4378 2460 4429 est
2486 4391 2595 4429 non
2613 4377 2750 4429 sunt
2768 4374 2970 4430 attrita
3007 4374 3362 4431 vestimenta
3414 4391 3672 4444 eorum;
3725 4388 3828 4433 nec

2157 4463 2625 4519 inveteraverunt
2645 4461 3039 4520 calceamenta
3059 4479 3284 4520 eorum.
3308 4464 3517 4521 Enoch
3540 4470 3602 4523 et
3650 4462 3829 4533 Elias,

2158 4554 2228 4607 de
2251 4552 2465 4625 quibus
2488 4552 2715 4606 dudum
2737 4552 3016 4619 diximus,
3041 4556 3202 4609 tanto
3226 4558 3502 4626 tempore
3527 4555 3591 4611 in
3619 4553 3827 4612 eadem

2160 4644 2703 4716 permanentaetate,
2729 4658 2845 4713 qua
2875 4643 3023 4715 rapti
3073 4645 3230 4697 sunt.
3284 4642 3529 4701 Habent
3590 4644 3823 4708 dentes,

2160 4734 2445 4795 ventrem,
2471 4727 2770 4798 genitalia,
2804 4736 2860 4783 et
2888 4734 3087 4785 tamen
3118 4745 3225 4786 nec
3254 4729 3438 4801 cibis,
3477 4747 3594 4789 nec
3629 4729 3834 4789 uxori-

2161 4819 2272 4874 bus
2304 4817 2569 4889 indigent
2591 4817 2631 4872 ⁸.
2683 4816 2831 4883 Quid
2864 4818 3185 4889 potentiam
3220 4818 3317 4875 Dei
3355 4820 3770 4880 calumniaris
3800 4818 3828 4874 τ

2157 5034 2593 5107 ραιιὶςίιίωλτμιὶ
2620 5048 2730 5088 non
2758 5031 2971 5107 habuit,
3007 5037 3114 5089 etc.

2230 5108 2248 5139 ⁷
2281 5105 2361 5159 Ex
2395 5106 2763 5179 Hebr-reorum
2798 5104 3071 5175 opinione
3098 5105 3326 5179 dixerit,
3362 5107 3604 5179 quibus
3654 5120 3834 5179 exag-

2159 5193 2359 5253 gerere
2391 5175 2652 5253 prodigia
2682 5175 2942 5231 solemne
2965 5182 3073 5233 est.
3113 5175 3345 5250 Ungues
3381 5175 3445 5235 et
3478 5197 3692 5253 comas
3729 5175 3838 5253 per

2160 5249 2544 5375 quagragiitita
2574 5264 2761 5303 annos
2795 5264 2910 5302 non
2942 5248 3382 5305 succrescentes
3448 5252 3691 5324 passim
3729 5248 3837 5309 ‘illi

2160 5339 2273 5375 DI‘KE
2320 5337 2448 5374 108.11
2484 5360 2494 5372 .

2202 5337 2494 5376 rmalcant.

2202 5339 2494 5376 rmalcant.

2159 5339 2246 5426 p'”
2279 5392 2415 5448 Cod.
2459 5392 2517 5446 S.
2543 5389 2745 5445 Crucis
2773 5406 2873 5445 nec
2904 5391 3169 5447 uxoribus
3185 5395 3444 5449 utuntur.
3482 5395 3627 5452 Mox
3661 5398 3833 5452 vetuo

2158 5464 2295 5519 edit.
2322 5480 2424 5535 pro
2455 5464 2649 5518 ϐρωαο
2691 5463 2864 5537 verbo
2890 5460 3203 5537 ἐγτεριωνη,
3261 5467 3538 5523 interiori
3600 5466 3789 5524 habet
3819 5482 3836 5535 ;

2158 5553 2269 5591 ms.
2297 5534 2511 5600 noster,
2547 5534 3125 5608 quemadmodumet
3167 5553 3366 5608 supra,
3403 5540 3703 5595 enteriam
3761 5536 3840 5593 le-

2157 5608 2441 5680 gitferme
2472 5623 2617 5680 cum-
2638 5606 2879 5680 Erasmo
2910 5612 2967 5661 et
2993 5605 3264 5680 Victorini
3300 5608 3527 5668 Recole
3592 5609 3841 5672 Martia-

2156 5676 2265 5735 nasi
2295 5695 2422 5753 quae
2454 5676 2723 5753 sequitur
2752 5676 3209 5739 adnotationem.
