3958 6416
199 386 297 477 tot

1287 399 1597 475 CONTRA
1643 398 2013 473 JOANNEM
2055 390 2475 473 HIEBOSOL‘I

3464 394 3597 476 409

202 541 290 622 qui
314 540 495 620 potest
523 516 597 603 de
625 538 885 602 medulla
904 541 1014 602 (illa
1041 547 1098 603 et
1117 544 1189 603 de
1214 545 1529 603 seminario
1550 548 1744 601 vestro
1776 543 1820 613 ί,
1848 545 1906 613 Α
1933 542 2089 599 enim
2119 542 2281 615 quia
2309 542 2425 599 Deo
2454 546 2544 601 est
2564 539 2857 601 medicina
2874 543 2964 601 est
2983 540 3220 603 ossibus
3238 538 3525 619 ipsorum,
3544 563 3581 596 κ

206 638 455 712 impiam,
507 651 625 691 non
682 651 887 691 carnes
943 640 1175 692 tantum
1233 637 1303 692 de
1362 636 1657 701 carnibus,
1717 634 1818 690 sed

202 740 389 799 corpus
417 723 681 793 educere,
715 729 772 779 et
825 723 981 779 aliud
1042 741 1111 779 ex
1166 724 1279 780 alio
1338 725 1575 792 facere;
1635 728 1692 779 et
1747 724 1818 779 de

202 814 335 888 aqua
353 815 395 882 ³,
423 812 483 869 id
512 816 602 869 est
630 813 702 868 de
759 812 979 869 vilitate
1008 812 1296 884 carnium,
1327 814 1583 886 pretiosa
1633 818 1690 868 et
1720 829 1818 868 ae-

201 903 271 961 rei
298 900 545 975 corporis
572 901 709 957 vina
739 902 761 936 ³
797 906 1024 958 mutare
1058 921 1071 959 :
1107 908 1299 975 potest
1356 904 1560 977 utique
1615 902 1818 958 eadem

198 991 451 1071 potentia,
480 1006 597 1064 qua
626 992 697 1047 de
730 991 911 1047 nihilo
941 997 1151 1049 cuncta
1197 992 1515 1049 fabricatus
1548 997 1657 1059 est,
1690 992 1818 1047 red-

196 1082 319 1139 dere
344 1097 461 1154 quee
491 1081 730 1137 fuerunt
760 1098 773 1137 :
808 1082 947 1154 quia
976 1080 1161 1137 multo
1188 1082 1385 1139 minus
1406 1088 1495 1138 est
1515 1083 1819 1139 restituere

200 1171 333 1245 quod
361 1169 556 1239 fuerit,
591 1186 769 1243 quam
802 1171 989 1228 facere
1019 1173 1174 1244 quod
1209 1190 1324 1228 non
1356 1174 1485 1228 fuit.
1513 1173 1743 1228 Miraris
1770 1172 1814 1227 si

195 1260 261 1316 de
283 1259 598 1316 infantibus
623 1265 683 1316 et
712 1261 953 1317 senibus
984 1261 1041 1315 in
1071 1261 1306 1333 perfecti
1332 1262 1439 1317 viri
1464 1266 1693 1318 aetatem
1727 1278 1818 1317 re-

194 1347 455 1407 surrectio
478 1349 604 1416 ﬁat,
638 1365 773 1405 cum
805 1350 874 1406 de
904 1347 1044 1406 limo
1076 1358 1245 1407 terrae
1274 1352 1497 1425 absque
1530 1351 1664 1407 ullis
1685 1355 1819 1406 aeta-

194 1443 308 1494 tum
331 1436 730 1508 incrementis,
765 1444 1211 1496 consummatus
1241 1440 1416 1496 homo
1474 1441 1663 1497 factus
1694 1441 1768 1496 sit
1794 1440 1821 1494 ‘l

194 1527 346 1584 Costa
375 1530 639 1583 mutatur
666 1528 725 1582 in
757 1527 1038 1584 feminam
1064 1546 1077 1597 ;
1112 1533 1168 1585 et
1188 1530 1361 1585 tertio
1383 1529 1653 1585 humanae
1684 1547 1821 1585 con-

195 1615 410 1673 ditionis
439 1617 641 1683 modo,
673 1616 815 1673 vilia
844 1621 901 1673 et
930 1618 1204 1689 pudenda
1236 1623 1443 1675 nostrae
1502 1619 1821 1675 nativitatis

190 1704 460 1762 elementa
488 1709 752 1761 mutatur
792 1705 852 1760 in
902 1722 1145 1762 carnes:
1177 1706 1439 1780 ligantur
1470 1707 1749 1763 membris
1778 1708 1823 1774 ‘,

190 1792 513 1850 discurrunt
540 1794 600 1849 in
629 1810 828 1864 venas,
850 1794 909 1850 in
941 1811 1076 1851 ossa
1098 1796 1404 1851 durantur.
1428 1796 1528 1852 Vis
1562 1800 1618 1852 et
1648 1813 1820 1869 quar-

1929 633 2093 689 Tunc
2123 630 2464 704 implebitur
2492 634 2646 705 quod
2678 632 2963 690 Dominus
2992 633 3257 709 loquitur
3311 650 3416 709 per
3445 649 3578 708 pro-

1930 722 2166 794 phetam
2201 738 2213 776 :
2249 744 2276 771 ‹‹
2312 722 2569 795 Populus
2600 740 2787 792 meus,
2822 725 2976 780 intra
2999 724 3061 781 in
3093 724 3329 782 cellaria
3346 730 3451 782 tua
3476 723 3584 782 ali-

1929 810 2302 885 quantulum,
2336 812 2521 868 donec
2550 813 2640 869 ira
2670 830 2800 870 mea
2831 816 3091 871 transeat
3128 814 3254 887 (lsa.
3285 830 3440 882 xxvr,
3482 814 3583 883 20,

1928 916 2032 955 sec.
2066 902 2206 957 LXX.
2243 921 2272 950 »
2305 900 2549 957 Cellaria
2578 902 2848 974 sepulcra
2906 902 3265 976 signiﬁcant,
3323 904 3395 961 de
3446 903 3583 976 qui-

1930 989 2041 1045 bus
2072 988 2181 1045 hoc
2214 989 2416 1063 utique
2463 991 2773 1063 profertur,
2827 993 2984 1065 quod
3022 992 3323 1049 conditum
3372 993 3582 1050 fuerat.

1930 1078 2008 1134 Ex
2037 1077 2277 1135 exibunt
2307 1080 2377 1134 de
2409 1079 2693 1152 sepulcris
2722 1081 3063 1149 suis,veluti
3090 1082 3324 1139 hinnuli
3355 1083 3425 1139 de
3453 1083 3581 1138 vin-

1929 1167 2077 1224 culis
2108 1167 2305 1224 soluti.
2340 1169 2628 1225 Gaudebit
2682 1187 2782 1226 cor
2837 1188 3060 1240 eorum,
3125 1176 3184 1228 et
3208 1189 3345 1229 ossa
3371 1187 3576 1229 eorum

1928 1258 2083 1314 sicut
2108 1258 2196 1315 sol
2225 1260 2522 1328 orientur;
2553 1260 2745 1317 veniet
2775 1263 2969 1318 omnis
3002 1280 3136 1319 caro
3168 1264 3227 1319 in
3260 1267 3579 1337 conspectu

1928 1347 2183 1412 Domini,
2217 1353 2274 1403 et
2302 1349 2606 1405 mandabit
2633 1350 2893 1422 piscibus
2923 1352 3126 1421 maris,
3149 1356 3206 1409 et
3235 1354 3589 1412 eructabnnt

1931 1452 2066 1493 ossa
2098 1452 2223 1507 quae
2255 1438 2652 1507 comederunt,
2673 1443 2730 1495 et
2758 1439 2931 1496 faciet
2958 1456 3302 1515 compagem
3333 1442 3406 1499 ad
3429 1457 3587 1498 com-

1930 1540 2165 1599 pagem,
2198 1528 2253 1580 et
2283 1542 2348 1581 os
2380 1526 2452 1581 ad
2486 1542 2589 1595 os;
2622 1531 2679 1583 et
2709 1528 2809 1599 qui
2866 1528 2927 1583 in
2977 1532 3144 1585 terrae
3182 1528 3423 1602 pulvere
3446 1530 3586 1587 dor-

1933 1614 2210 1683 mierunt,
2246 1618 2587 1685 resurgent;
2621 1615 2720 1671 alii
2743 1616 2803 1671 in
2854 1617 3034 1674 vitam
3065 1622 3364 1687 aeternam,
3395 1618 3586 1677 alii-in

1933 1703 2313 1776 opprobrium
2346 1708 2401 1759 et
2431 1704 2834 1761 confusionem
2867 1711 3146 1763 aeternam
3175 1708 3339 1780 (Dan,
3371 1725 3473 1777 xu,
3504 1708 3586 1781 2).

1933 1793 2099 1849 Tunc
2129 1793 2411 1849 videbunt
2437 1794 2585 1865 justi
2618 1794 2939 1867 impiorum
2990 1814 3191 1869 pmnas
3248 1801 3422 1870 atque
3451 1814 3590 1854 cru-

184 1884 300 1939 tum
319 1900 506 1956 genus
527 1883 798 1939 humanas
824 1884 1221 1957 generationis
1245 1886 1448 1941 audire
1468 1886 1494 1940 ?
1524 1906 1544 1934 α
1571 1885 1822 1957 Spiritus
1853 1923 1901 1988 B
1934 1882 2121 1938 ciatus
2160 1900 2173 1937 :
2201 1883 2482 1962 quoniam
2511 1884 2728 1940 vermis
2758 1901 2961 1941 eorum
3021 1902 3136 1942 non
3167 1886 3470 1959 morietur,
3522 1888 3591 1944 et

183 1976 411 2029 sanctus
470 1972 838 2046 superveniet
893 1973 954 2028 in
1017 1977 1093 2039 te,
1149 1980 1209 2031 et
1271 1974 1460 2031 virtus
1535 1974 1822 2031 Altissimi

185 2061 550 2119 obumbrabit
576 2061 705 2117 tibi.
739 2062 1049 2135 Propterea
1105 2065 1261 2136 quod
1321 2069 1595 2121 nascetur
1647 2081 1716 2120 ex
1766 2068 1821 2119 te

182 2155 464 2217 sanctum,
496 2152 800 2207 vocabitur
844 2151 1026 2209 Filius
1056 2153 1156 2209 Dei
1191 2154 1340 2226 (Luc.
1377 2172 1415 2221 ι,
1443 2155 1555 2226 35),
1590 2177 1618 2204 ››
1646 2153 1825 2209 Aliter

180 2238 375 2307 'Adam,
406 2239 582 2297 aliter
606 2241 738 2309 Eva,
800 2240 971 2297 aliter
997 2241 1159 2310 Abel,
1222 2242 1390 2299 aliter
1446 2243 1623 2298 homo
1654 2243 1823 2299 Jesus

164 2329 455 2387 ‘Christus.
523 2330 591 2385 Et
644 2330 703 2386 in
762 2330 1037 2387 omnibus
1096 2332 1340 2388 diversis
1398 2332 1671 2400 exordiis,
1705 2349 1825 2387 una

180 2417 424 2476 hominis
454 2424 671 2476 natura
696 2437 813 2476 non
839 2421 1055 2477 differt.

239 2509 326 2567 33.
378 2510 709 2566 Testimonza
765 2525 891 2583 quae
940 2511 1179 2582 probant
1233 2528 1415 2567 veram
1471 2514 1825 2568 resurrectio-

179 2614 308 2655 nem.
360 2600 800 2655 Resurrectionis
854 2601 1184 2655 vocabulum
1229 2602 1361 2673 quid
1405 2602 1697 2671 signiﬁcet.
1760 2633 1826 2643 ~—

177 2684 679 2742 Resurrectionem
733 2687 928 2742 carnis
986 2687 1370 2760 omniumque
1424 2693 1571 2745 441
1638 2705 1827 2744 mem-

173 2772 408 2831 brorum
438 2775 493 2831 si
521 2774 693 2830 velim
738 2776 1006 2847 probare,
1040 2780 1097 2831 et
1128 2777 1199 2831 ad
1233 2777 1466 2849 singula
1493 2778 1830 2833 testimonia

172 2863 612 2937 explanationes
643 2864 980 2938 adjungere,
1021 2863 1225 2921 multis
1256 2864 1426 2921 libris
1466 2884 1614 2940 opus
1644 2868 1755 2923 erit
1813 2887 1825 2924 :

176 2952 267 3009 sed
295 2968 563 3025 przesens
600 2969 779 3009 causa
837 2954 945 3009 hoc
1004 2972 1118 3010 non
1176 2954 1489 3012 desiderat.
1549 2957 1825 3029 Pr0posui

173 3042 340 3112 enim,
374 3060 499 3099 non
533 3042 765 3115 Origeni
793 3043 851 3098 in
875 3044 1151 3100 omnibus
1172 3046 1649 3116 respondere,sed
1680 3047 1833 3101 frau-

172 3130 410 3188 dulenta
445 3131 871 3188 satisfactionis
931 3133 1154 3204 aperire
1206 3134 1501 3205 mysteria.
1561 3137 1829 3190 Attamen

1930 1970 2084 2044 ignis
2116 1988 2317 2027 eorum
2339 1988 2456 2027 non
2482 1973 2875 2046 extinguetur,
2897 1978 2955 2031 et
2983 1979 3159 2032 erunt
3190 1975 3251 2031 in
3274 1978 3591 2049 conspectu

1931 2058 2124 2115 omnis
2155 2060 2349 2117 carnis
2380 2061 2511 2133 (Isa.
2547 2079 2695 2128 LXVI,
2751 2063 2865 2134 24).
2927 2064 3225 2136 Quotquot
3276 2065 3458 2139 igitur
3485 2064 3591 2122 ha-

1932 2149 2142 2204 bemus
2167 2149 2320 2204 hanc
2353 2166 2540 2222 spem,
2574 2150 2727 2206 sicut
2755 2152 3133 2209 exhibuimus
3172 2154 3441 2210 membra
3483 2170 3591 2212 no-

1933 2242 2057 2294 stra
2087 2236 2435 2294 famulantia
2464 2238 2606 2295 imm
2618 2240 2937 2307 unditiaa,et
2964 2241 3256 2313 iniquitati
3278 2244 3351 2299 ad
3378 2242 3596 2317 iniqui-

1932 2329 2138 2393 tatem,
2174 2328 2328 2384 442
2359 2326 2438 2382 ita
2486 2328 2865 2385 exhibeamus
2892 2346 2961 2386 ea
2989 2330 3332 2388 famulantia
3352 2331 3597 2402 justitia

1935 2416 2007 2470 ad
2034 2415 2559 2473 sanctiﬁcationem
2593 2435 2607 2473 :
2643 2422 2709 2473 ut
2740 2423 3115 2491 resurgentes
3145 2436 3213 2475 ex
3242 2419 3511 2489 mortuis,
3530 2420 3592 2477 in

1935 2504 2188 2560 novitate
2218 2505 2346 2560 vitae
2379 2504 2753 2562 ambulemus
2784 2508 2958 2579 (Rom.
3021 2526 3099 2577 v1,
3159 2510 3233 2578 4).
3294 2510 3596 2576 Quomodo

1935 2597 1994 2648 et
2021 2593 2138 2648 vita
2168 2593 2398 2649 Domini
2428 2594 2571 2650 Jesu
2605 2595 3016 2652 manifestatur
3045 2597 3106 2653 in
3128 2601 3329 2654 nostro
3360 2598 3595 2655 mortali

1935 2698 2175 2755 corpore
2209 2709 2222 2750 ;
2254 2687 2309 2738 et
2341 2684 2440 2755 qui
2467 2684 2769 2741 suscitavit
2797 2686 2828 2741 J
2837 2702 3005 2742 esum
3036 2686 3333 2744 Christum
3356 2704 3391 2744 a
3429 2704 3593 2744 mor-

1936 2772 2076 2840 tuis,
2104 2771 2418 2827 vivilicabit
2445 2778 2503 2828 et
2532 2773 2806 2830 mortalia
2835 2792 3078 2848 corpora
3102 2781 3326 2842 nostra,
3359 2780 3599 2850 propter

1935 2861 2367 2917 inhabitantem
2399 2862 2674 2933 spiritum
2707 2864 2836 2935 ejus
2894 2864 2953 2920 in
3013 2864 3183 2922 nobis
3213 2866 3390 2938 (Rom.
3442 2882 3594 2935 vm.,

1942 2951 2047 3021 11).
2080 2950 2319 3006 Justum
2347 2950 2504 3006 enim
2533 2956 2623 3007 est
2651 2956 2718 3007 ut
2749 2953 2848 3024 qui
2898 2969 3132 3027 semper
3188 2954 3598 3013 mortiﬁcatio-

1937 3056 2071 3095 nem
2104 3039 2316 3095 Christi
2352 3040 2409 3095 in
2443 3058 2685 3112 corpore
2714 3047 2916 3098 nostro
2947 3042 3442 3114 circumtulimus,
3474 3044 3596 3101 vita

1939 3145 2173 3199 quoque
2199 3129 2341 3183 Jesu
2375 3129 2785 3186 manifestatur
2831 3130 2889 3185 in
2939 3147 3180 3203 corpore
3209 3136 3408 3188 nostro
3440 3149 3598 3188 mor-

170 3220 301 3292 quia
324 3221 552 3295 longus
584 3220 665 3275 fui
699 3222 755 3275 in
788 3222 1109 3277 assertione
1165 3224 1477 3289 contraria,
1537 3229 1594 3278 et
1632 3240 1832 3279 vereor
1942 3216 2043 3272 tali
2076 3217 2131 3271 id
2165 3222 2253 3271 est
2300 3217 2358 3272 in
2420 3234 2593 3273 carne
2642 3217 2873 3274 mortali
2933 3220 3260 3276 secundum
3317 3224 3592 3278 naturam

168 3325 236 3365 ne
263 3311 404 3367 dum
436 3310 679 3367 fraudes
710 3311 962 3383 pandere
985 3311 1218 3378 studeo,
1241 3312 1585 3368 scandalum
1618 3312 1818 3369 lectori
1852 3296 1894 3363 C
1932 3310 2147 3363 aeterna
2176 3310 2369 3361 autem
2404 3307 2725 3362 secundum
2754 3307 3030 3380 gratiam.
3053 3308 3212 3365 Vidit
3258 3314 3317 3366 et
3344 3310 3587 3383 Stepha-

167 3398 531 3472 reliquerim,
567 3400 877 3455 acervatim
908 3390 1247 3456 testimonia
1277 3418 1513 3473 ponam,
1568 3402 1816 3457 cursim-

168 3503 272 3560 que
300 3488 725 3561 perstringam,
760 3492 823 3543 ut
849 3492 969 3543 toto
1000 3493 1203 3544 contra
1256 3494 1599 3545 venenatam
1646 3507 1819 3562 argu-

164 3574 591 3635 mentationem
658 3577 1092 3649 Scripturarum
1153 3579 1405 3651 pondere
1449 3579 1817 3635 dimicemus.

167 3664 266 3732 Qui
294 3672 529 3724 vestem
564 3684 679 3723 non
712 3667 886 3723 habet
916 3667 1260 3740 nuptialem,
1286 3686 1387 3724 nec
1409 3669 1656 3725 servavit
1676 3668 1818 3724 illud

162 3756 511 3814 mandatum
548 3774 561 3813 :
593 3779 621 3807 ‹‹
654 3757 913 3813 Candida
967 3756 1085 3813 sint
1142 3759 1487 3814 vestimenta
1534 3764 1635 3815 tua
1667 3775 1821 3814 sem-

163 3852 259 3916 per
285 3844 462 3917 (Eccl.
502 3863 581 3910 IX,
610 3847 685 3916 8),
738 3845 1048 3902 «manibus
1109 3847 1475 3919 pedibusque
1531 3848 1821 3903 constrin-

161 3933 334 4007 gitur,
369 3951 449 3993 ne
481 3935 792 3990 recumbat
848 3935 909 3990 in
962 3936 1243 4004 convivio,
1306 3938 1507 3993 sedeat
1561 3937 1618 3992 in
1654 3936 1819 4002 solio,

164 4026 270 4079 stet
297 4025 373 4081 ad
427 4026 703 4081 dextram
734 4023 875 4093 Dei;
909 4025 1165 4081 mittitur
1220 4026 1279 4080 in
1311 4026 1659 4099 gehennam,
1723 4026 1819 4081 ubi

162 4108 328 4170 ﬂetus
357 4113 679 4170 oculorum
712 4118 768 4168 et
797 4113 1015 4170 stridor
1036 4115 1300 4170 dentium
1322 4120 1410 4170 est
1439 4115 1659 4185 (Matth.
1682 4132 1819 4182 xxn,

140 4199 261 4273 .13).
293 4225 323 4253 ‹‹
363 4201 580 4276 Capilli
636 4202 845 4276 capitis
900 4203 1076 4259 vestri
1137 4204 1426 4260 numerati
1478 4208 1617 4260 sunt
1668 4205 1821 4273 (Luc.

154 4286 245 4361 im,
275 4291 354 4365 7).
397 4310 421 4342 ι
454 4292 518 4346 Si
554 4290 774 4363 capilli,
807 4296 949 4364 puto
1010 4291 1241 4348 facilius
1298 4293 1525 4349 dentes.
1585 4294 1826 4349 Frustra

156 4383 345 4436 autem
378 4379 714 4445 numerati,
775 4380 824 4435 si
885 4379 1202 4452 aliquando
1260 4380 1521 4453 perituri.
1563 4404 1583 4430 ιι
1620 4380 1825 4437 Veniet

156 4463 310 4538 hora,
345 4469 411 4526 in
449 4485 576 4541 qua
606 4484 813 4525 omnes
844 4470 947 4541 qui
978 4470 1038 4525 in
1072 4471 1471 4526 monumentis
1528 4476 1684 4538 sunt,
1720 4488 1823 4526 au-

156 4554 312 4613 dient
338 4573 560 4615 vocem
594 4556 723 4613 Filii
754 4557 877 4626 Dei,
910 4562 968 4614 et
998 4560 1313 4632 procedent
1342 4562 1519 4631 (Joan.
1553 4578 1607 4627 v,
1638 4563 1749 4629 25).
1794 4582 1820 4608 ››

1914 3412 2042 3450 nus
2073 3399 2324 3450 stantem
2355 3395 2558 3450 Jesum
2592 3396 2664 3452 ad
2696 3397 2991 3453 dexteram
3028 3397 3216 3455 Patris
3262 3399 3398 3471 (Act.
3428 3404 3582 3469 VIII),

1928 3489 1986 3540 et
2015 3501 2229 3539 manus
2262 3484 2445 3557 Moysi
2479 3489 2703 3541 mutata
2732 3489 2821 3542 est
2876 3486 2936 3542 in
2976 3488 3289 3544 candorem
3320 3488 3494 3557 nivis,
3523 3494 3585 3546 et

1930 3574 2205 3644 deinceps
2236 3572 2413 3629 colori
2473 3575 2722 3646 pristino
2782 3576 3053 3633 restituta
3109 3577 3300 3647 (Exod.
3364 3579 3460 3651 IV).
3518 3578 3584 3634 In

1928 3667 2177 3734 utraque
2208 3662 2545 3719 diversitate
2572 3681 2783 3720 manus
2816 3665 2944 3720 fuit.
3007 3666 3249 3738 Figulus
3278 3666 3378 3723 ille
3425 3666 3588 3723 Jers-

1933 3751 2085 3818 miae,
2119 3752 2292 3823 cujus
2337 3768 2440 3824 per
2467 3752 2743 3808 duritiam
2767 3753 3029 3825 lapidum
3053 3771 3155 3810 vas
3183 3754 3338 3826 quod
3359 3755 3596 3824 fecerat,

1930 3841 2290 3896 confractum
2326 3846 2436 3910 est,
2470 3841 2541 3897 de
2571 3843 2776 3898 eadem
2825 3859 3026 3899 massa
3053 3846 3110 3897 et
3137 3842 3209 3898 de
3235 3843 3442 3900 eodem
3473 3843 3599 3901 luto

1930 3928 2349 4001 redintegravit
2379 3931 2533 4002 quod
2569 3930 2860 3986 ceciderat
2890 3931 3116 4002 (Jerem.
3147 3931 3309 4003 xvm)
3353 3948 3368 3988 :
3411 3933 3515 3989 sed
3542 3936 3603 3989 et

1929 4016 2124 4090 ipsum
2156 4019 2570 4073 resurrectionis
2600 4018 2953 4074 vocabulum
2984 4018 3281 4092 significat
3298 4026 3419 4077 non
3438 4021 3599 4079 aliud

1932 4122 2117 4171 ruere,
2145 4105 2303 4161 aliud
2338 4106 2610 4162 suscitari
2649 4125 2661 4161 :
2698 4111 2755 4162 et
2783 4107 2939 4179 quod
2998 4107 3298 4180 adjicitur,
3338 4118 3588 4168 mortuo-

1929 4212 2073 4261 rum,
2099 4210 2333 4250 carnem
2357 4194 2658 4267 propriam
2688 4196 3057 4253 demonstrat
3089 4214 3102 4253 :
3137 4198 3295 4271 quod
3342 4200 3503 4256 enim
3533 4200 3595 4257 in

1929 4283 2171 4339 homine
2204 4283 2457 4339 moritur
2486 4284 2595 4339 hoc
2623 4288 2681 4340 et
2708 4285 3060 4354 viviﬁcatur,
3091 4286 3451 4346 Vulneratus
3502 4289 3602 4347 ille

1933 4371 2160 4428 itineris
2187 4373 2421 4429 Jericho
2460 4377 2619 4429 totus
2651 4375 2902 4431 refertur
2926 4377 2998 4432 ad
3053 4376 3378 4447 stabulum,
3412 4382 3473 4435 et
3500 4379 3604 4435 de-

1933 4460 2207 4517 lictorum
2240 4460 2423 4533 plaga:
2454 4460 2901 4521 immortalitate
2929 4470 3230 4523 sanantur.
3265 4468 3421 4539 (Luc.
3460 4467 3543 4538 x).

2004 4550 2093 4604 34.
2155 4551 2584 4606 Resurreclionis
2663 4555 2862 4608 veritas
2924 4554 3161 4625 probata
3227 4555 3601 4628 quadraginta

156 4647 413 4705 Audierit
446 4646 725 4714 auribus,
761 4648 1077 4721 procedent
1118 4650 1386 4721 pedibus.
1422 4650 1539 4705 Hoc
1569 4654 1626 4705 et
1657 4651 1821 4705 Laza-

1988 4639 2142 4694 'ebus.
2178 4640 2357 4707 Quare
2386 4639 2636 4695 Christus
2665 4642 2897 4697 comedit
2947 4647 3073 4713 post
3126 4644 3596 4700 resurrectionem.

156 4749 251 4791 rus
279 4741 428 4793 ante
449 4738 589 4809 jam
624 4735 853 4792 fecerat.
889 4737 1207 4793 Procedent
1237 4742 1433 4794 autem
1491 4740 1563 4794 de
1616 4755 1826 4794 monu-

158 4826 394 4894 mentis,
431 4825 500 4881 id
536 4828 645 4889 est,
680 4825 779 4897 qui
825 4826 1226 4882 monumentis
1282 4827 1432 4883 illati
1494 4829 1725 4884 fuerant
1783 4828 1827 4895 ⁸,

154 4914 391 4973 venient
422 4914 679 4980 mortui,
703 4919 759 4970 et
776 4919 1083 4988 resurgent
1102 4915 1172 4971 de
1193 4915 1477 4989 sepulcris
1499 4917 1643 4973 suis.
1664 4940 1691 4966 ‹‹
1714 4916 1829 4972 llos

224 5041 240 5075 ¹
279 5042 824 5113 νθεινολὲντεριῶνη.
857 5039 1099 5113 Codices
1126 5056 1270 5096 mss.
1321 5040 1524 5113 legunt
1579 5042 1674 5097 hic
1729 5061 1831 5099 en-

1935 4729 2241 4783 Marcionis
2289 4744 2445 4784 error
2473 4732 2521 4783 et
2573 4728 2931 4801 blasphemia.
2982 4732 3303 4802 Apollonius
3352 4732 3603 4802 Tyaneus

1939 4825 2070 4872 ante
2100 4818 2495 4872 Domitianum.
2529 4848 2599 4857 —
2629 4819 2841 4889 Aperta
2862 4822 3001 4873 sunt
3028 4822 3087 4874 et
3106 4817 3380 4891 sepulcra
3406 4818 3467 4875 in
3488 4819 3604 4877 Do-

1941 4905 2090 4961 mini
2124 4906 2417 4979 passione,
2450 4907 2688 4978 quando
2722 4905 2807 4962 sol
2856 4907 3026 4980 fugit,
3070 4912 3226 4963 terra
3254 4907 3515 4979 tremuit,
3546 4912 3606 4967 et

2011 5030 2033 5062 3
2065 5030 2174 5103 Ms.
2211 5031 2268 5085 S.
2304 5031 2503 5086 Crucis
2536 5032 2785 5088 Pretiosa
2837 5032 3066 5090 aetherei
3087 5033 3239 5103 vina,
3299 5035 3410 5097 etc.
3438 5049 3455 5100 ;
3485 5050 3603 5090 non

158 5113 376 5182 teriam,
421 5101 521 5169 vel
558 5101 847 5178 anteriore,
880 5111 967 5166 vel
1026 5114 1228 5166 entria.
1289 5101 1710 5179 Cluniacensis,
1770 5116 1835 5170 de
1944 5101 2284 5182 dis_13_1i_cel‘0t
2312 5104 2555 5182 ίείίιίῖνίδ·

159 5184 684 5258 SeminarioLvestro
715 5192 766 5238 et
797 5185 1019 5239 interia.
1080 5183 1295 5258 Vocem
1328 5184 1607 5258 Greecam.
1653 5204 1832 5258 quam

158 5270 269 5313 non
299 5255 752 5337 intelligeb'ant,
786 5258 1094 5310 mutarunt
1123 5254 1205 5337 in”
1234 5256 1494 5337 patinam
1538 5254 1838 5337 _excripto-

163 5341 248 5385 res
275 5325 572 5411 antiqui;
588 5325 961 5411 Yidesupra,
994 5344 1121 5399 qua:
1152 5326 1304 5382 dicta
1362 5332 1500 5383 sunt
1520 5328 1590 5384 de
1630 5325 1831 5386 eodem

163 5397 492 5458 seminario
526 5397 815 5472 Origenis.
839 5397 1138 5472 Maurus.

226 5474 249 5507 ²
273 5474 347 5530 Et
376 5472 454 5529 de
480 5468 662 5541 aqua:
688 5474 811 5541 etc._
844 5470 1002 5527 Idem
1062 5468 1319 5525 Cluniae.
1380 5470 1561 5526 codex
1615 5473 1836 5529 variam

1190 5565 1220 5615 τε
1250 5542 1320 5597 Et
1350 5541 1623 5615 deaque,
1656 5543 1714 5599 id
1748 5550 1834 5600 est

169 5613 234 5672 de
257 5613 507 5673 vilitate
536 5613 1093 5686 carnium,pretiosa
1112 5613 1532 5686 iethereavina
1563 5620 1789 5671 mutare
1823 5635 1834 5672 :

234 5691 324 5745 tes
356 5688 592 5764 utique
639 5685 853 5743 eadem
870 5685 1178 5760 sapientia,
1204 5701 1322 5758 qua
1350 5685 1422 5742 de
1437 5685 1643 5758 nihilo,
1678 5711 1704 5739 »
1728 5693 1835 5747 etc.

164 5543 374 5614 retinet
406 5539 768 5614 hujusmodi
799 5539 1103 5614 lectionem
1142 5558 1153 5596 :

295 5777 465 5823 TIAN.

2016 5174 2037 5205 ⁴
2067 5175 2224 5229 Idem
2260 5192 2375 5230 ms.
2431 5176 2701 5245 Ligantur
2725 5176 2783 5230 in
2836 5175 3120 5244 membris,
3160 5174 3485 5231 discurrunt
3542 5178 3606 5233 in

1944 5247 2136 5303 venis:
2169 5251 2225 5301 et
2255 5263 2389 5302 mox
2416 5262 2588 5315 genus
2618 5248 2871 5301 humanm
2901 5246 3252 5302 conditionis.
3304 5247 3485 5305 Paulo
3513 5246 3603 5305 in-

1947 5315 2036 5371 fra
2063 5325 2115 5372 et
2144 5318 2509 5373 nihilominus
2539 5318 2786 5374 diversus
2806 5318 3035 5372 diversis
3062 5318 3325 5385 exordiis,
3360 5323 3478 5377 etc.

2019 5388 2040 5421 ⁸
2072 5389 2289 5464 lterum
2325 5390 2479 5444 idem
2507 5405 2620 5464 ms.
2654 5391 2750 5464 qu_i
2781 5391 2842 5464 in
2887 5394 3242 5446 monumenta
3296 5391 3452 5464 illati
3476 5393 3606 5464 fue-

1948 5467 2075 5514 rant
2102 5462 2284 5534 viijent
2308 5462 2533 5534 mortui,
2566 5458 2883 5534 ethﬂPaulo
2915 5465 3047 5532 post
3078 5478 3180 5534 pro
3208 5458 3485 5534 medicina
3543 5462 3603 5519 in

1950 5547 2060 5657 gis.
2096 5530 2344 5656 aliisque
2375 5530 2596 5604 passim
2620 5530 2977 5588 editionibus
3007 5530 3095 5590 est
3124 5533 3387 5604 medulla,
3418 5534 3521 5592 sed
3542 5534 3603 5592 in

2003 5619 2148 5657 I‘éBCO
2179 5620 2239 5657 es
2297 5611 2433 5657 ἴαμα.

2003 5619 2148 5657 I‘éBCO
2179 5608 2268 5658 est
2297 5611 2433 5672 ἴαμα.
