3958 6436
403 365 530 438 403

1647 376 1713 446 S.
1749 372 2061 445 EUSEBII
2105 373 2568 451 BIERONYMI.

3675 384 3784 456 ιοι

408 517 600 575 multa
654 533 896 591 corpora
951 518 1286 574 sanctorum
1357 521 1754 584 surrexerunt,
1814 521 1869 572 et
1924 516 2049 573 visa
2077 517 2602 585 Aresurrectionis
2655 523 2958 581 veritatem
3016 522 3286 598 probaret
3333 521 3361 580 ?
3407 520 3582 582 Nemo
3634 523 3782 584 enim

408 613 551 670 sunt
580 611 638 666 in
669 615 867 667 sancta
893 609 1122 664 civitate
1143 608 1361 679 (Matth.
1384 625 1555 674 xxvu,
1579 609 1688 678 52).
1714 629 1741 658 »
1768 607 1872 671 Qui
1905 611 2050 678 est,»

410 699 604 771 inquit
632 699 832 765 Isaias,
867 721 893 747 ‹‹
925 698 1021 770 qui
1055 697 1319 753 ascendit
1349 715 1414 752 ex
1445 697 1628 752 Edom
1689 713 1700 750 :
1765 695 1989 768 fulgida
2033 697 2048 730 ¹

411 790 758 846 vestimenta
790 787 913 857 ejus
944 804 1011 842 ex
1065 788 1262 854 Bosor,
1326 787 1407 842 sic
1441 788 1732 841 formosus
1789 785 1848 840 in
1903 784 2053 841 stola

414 878 664 933 candida
695 878 817 948 (lsa.
853 894 1007 942 LXIII,
1069 879 1119 942 1,
1168 878 1334 947 juxta
1392 877 1554 944 LXX).
1617 899 1644 923 »
1703 876 1880 930 Edom
1952 877 2055 929 aut

407 969 656 1021 terrenus
687 967 1121 1038 interpretatur,
1156 970 1254 1020 aut
1276 974 1550 1032 cruentus,
1603 965 1781 1020 Bosor
1829 968 1931 1019 aut
1959 979 2050 1018 ca-

405 1072 488 1126 ro,
523 1061 621 1112 aut
651 1059 711 1111 in
739 1056 1118 1112 tribulatione.
1154 1055 1362 1111 Paucis
1393 1055 1585 1109 verbis
1615 1059 1802 1110 totum
1858 1069 2050 1108 resur-

411 1147 689 1203 rectionis
719 1146 1063 1217 mysterium
1097 1145 1474 1209 demonstrat,
1534 1142 1591 1197 id
1633 1147 1721 1196 est
1751 1146 1808 1196 et
1836 1142 2052 1196 verita-

408 1239 531 1293 tem
563 1237 754 1292 carnis
785 1240 842 1290 et
891 1239 1269 1306 augmentum
1303 1232 1522 1303 gloriae.
1559 1234 1624 1286 Et
1653 1238 1759 1298 est,
1795 1247 2003 1287 sensus
2034 1248 2046 1284 :

409 1326 550 1390 Quis
585 1329 672 1379 est
723 1324 832 1380 iste
880 1324 975 1395 qui
1035 1322 1298 1377 ascendit
1344 1323 1416 1377 de
1472 1325 1646 1384 terra,
1671 1320 1934 1375 ascendit
1983 1319 2052 1373 de

408 1414 735 1487 sanguine?
765 1415 943 1485 Cujus
974 1412 1320 1468 vestimenta
1346 1413 1510 1481 juxta
1558 1408 1922 1481 prophetiam
1955 1407 2051 1462 Ja-

409 1504 538 1574 cob,
575 1504 674 1575 qui
705 1503 965 1575 alligavit
1020 1501 1247 1573 pullum
1306 1516 1480 1555 suum
1539 1499 1609 1552 ad
1665 1498 1840 1552 vitem
1896 1495 2051 1566 (Gen.

406 1609 557 1661 xux,
591 1593 700 1664 tl),
725 1598 781 1648 et
810 1591 1064 1647 torcular
1095 1590 1334 1646 calcavit
1351 1587 1531 1654 solus,
1556 1591 1752 1642 musto
1784 1585 2053 1640 rubentia

405 1687 547 1740 sunt
577 1684 648 1737 de
680 1687 858 1738 Bosor
890 1683 995 1748 (Isa
1026 1697 1180 1745 inn,
1223 1681 1297 1748 4),
1332 1678 1388 1732 id
1419 1682 1526 1742 est,
1558 1677 1630 1731 de
1682 1693 1874 1742 carne,
1933 1674 2052 1729 sive

403 1771 783 1829 tribulatione
815 1769 1019 1825 mundi
1046 1787 1058 1824 :
1089 1769 1212 1840 ipsc
1234 1768 1388 1822 enim
1415 1767 1550 1821 vicit
1579 1765 1864 1820 mundum
1893 1765 2046 1834 (Joan

399 1861 793 1931 xw).ldeoque
823 1860 1000 1914 rubra
1028 1866 1078 1913 el
1104 1855 1326 1928 fulgida
1356 1860 1495 1909 sunt
1523 1853 2044 1924 vestimentapjus:
2079 1883 2126 1948 Β

404 1951 547 2022 quia
575 1950 874 2022 speciosus
896 1952 983 2003 est
1014 1948 1200 2001 forma
1230 1963 1342 2017 pro:
1367 1945 1504 1999 ﬁliis
1524 1943 1851 1999 homimum
1874 1945 2046 2015 (Psal.

401 2039 552 2109 κων)
587 2057 598 2093 :
635 2043 690 2093 et
720 2041 954 2110 propter
983 2035 1224 2108 gloriam
1269 2033 1687 2105 triumphantis
1717 2033 1775 2087 in
1835 2032 2044 2088 stolam

402 2128 716 2184 candidam
771 2130 1127 2181 commutata
1157 2129 1332 2188 sunt;
1363 2127 1420 2179 et
1450 2127 1588 2178 tunc
1617 2139 1746 2177 vere
1778 2124 1930 2178 448
1977 2123 2047 2177 de

400 2217 609 2273 Christi
643 2233 816 2272 carne
847 2214 1201 2286 completum
1233 2217 1320 2268 est
1349 2231 1360 2268 :
1398 2233 1423 2264 α
1457 2214 1589 2279 Qum
1648 2217 1736 2267 est
1766 2213 1877 2267 ista
1917 2229 2044 2284 qua:

402 2306 666 2362 ascendit
695 2305 980 2371 dealbata,
1013 2303 1267 2358 innitens
1299 2319 1474 2372 super
1502 2301 1832 2356 fratruelem
1868 2319 2042 2356 suum

400 2395 578 2467 (Cant.
613 2413 734 2449 vm.
759 2396 834 2464 5).
873 2417 898 2441 ››
933 2395 1000 2447 Et
1030 2393 1183 2464 quod
1215 2391 1272 2445 in
1301 2391 1502 2446 eodem
1537 2391 1683 2445 libro
1716 2391 1995 2446 scribitur
2028 2409 2040 2446 :

400 2507 430 2534 «
464 2483 780 2539 Fratruelis
813 2499 979 2537 meus
1002 2481 1367 2536 rubicundus
1398 2484 1454 2533 et
1483 2480 1771 2534 candidus
1795 2481 1984 2548 (v,-l0).
2015 2503 2042 2528 ››

397 2573 564 2629 Hunc
594 2572 922 2636 imitantur,
954 2570 1051 2640 qui
1081 2570 1426 2624 vestimenta
1477 2585 1584 2622 sua
1615 2585 1727 2623 non
1779 2569 2044 2641 coinqui-

398 2666 683 2718 naverunt
714 2677 847 2714 cum
872 2657 1218 2713 mulieribus
1276 2659 1455 2728 (Aper.
1489 2675 1602 2723 xxv,
1637 2659 1687 2728 At)
1740 2674 1752 2710 ε
1790 2658 2042 2730 virgines

398 2749 555 2808 enim
589 2751 1038 2821 permanserunt
1089 2747 1188 2817 qui
1250 2763 1310 2801 se
1363 2750 1758 2800 castraverunt
1809 2752 2043 2818 propter

395 2856 577 2912 regna
608 2837 905 2894 cmlorum.
941 2838 1137 2907 Itaque
1165 2834 1225 2889 in
1259 2834 1408 2889 albis
1438 2839 1608 2889 erunt
1646 2835 1928 2890 vestibus.
1964 2837 2040 2892 Eo

394 2933 655 2999 tempore
687 2925 975 2982 sententia
1003 2923 1227 2978 Domini
1260 2940 1430 2994 opere
1461 2924 1715 2994 perfecta
1759 2929 2042 2980 monstra-

396 3017 556 3074 bitur
589 3034 602 3071 :
638 3016 873 3071 «Omne
906 3015 1056 3086 quod
1093 3013 1251 3067 dedit
1285 3011 1428 3066 mihi
1455 3013 1764 3078 Pater,non
1800 3015 2038 3084 perdam

396 3124 464 3163 ex
493 3123 558 3162 eo
592 3105 936 3178 quidquam,
961 3104 1056 3158 sed
1095 3100 1454 3156 resuscitabo
1476 3099 1618 3154 illud
1643 3101 1699 3155 in
1722 3101 2038 3158 novissimo

395 3195 488 3252 die
544 3197 720 3265 (Joan.
770 3212 826 3248 v1
877 3194 987 3261 39).
1048 3215 1076 3242 ››
1133 3193 1341 3246 Totum
1393 3189 1657 3245 videlicet
1713 3190 2034 3259 hominem,

2161 609 2306 666 falso
2336 628 2534 667 verum
2569 615 2793 684 probat.
2827 614 2996 686 Ergo,
3046 613 3296 686 inquies,
3329 618 3387 671 et
3413 631 3516 670 nos
3547 617 3672 688 post
3699 631 3782 672 re-

2161 701 2580 756 surrectionem
2612 703 2902 758 comesuri
2933 720 3141 760 sumus
3162 704 3190 758 ?
3219 703 3444 759 Nescio.
3490 703 3609 759 Non
3638 702 3785 760 enim

2161 789 2443 862 scriptum
2475 795 2564 846 est
2593 808 2606 846 :
2641 795 2697 847 et
2725 796 2920 848 tamen
2953 793 3002 849 si
3035 795 3349 865 quaeratur,
3387 809 3497 848 non
3530 795 3664 864 puto
3693 808 3787 848 co-

2162 895 2446 934 mesuros.
2482 880 2616 952 Legi
2647 881 2825 947 enim,
2859 899 2974 938 non
3006 898 3134 938 esse
3163 897 3407 954 regnum
3465 881 3563 936 Dei
3602 880 3787 937 cibum

2161 970 2217 1020 et
2275 972 2498 1038 potum,
2552 969 2963 1041 repromittens
3021 988 3147 1042 quae
3203 969 3409 1026 oculus
3466 986 3578 1024 non
3634 969 3790 1040 vidit,

2161 1072 2266 1111 nec
2297 1058 2456 1113 auris
2487 1059 2726 1127 audivit,
2760 1076 2865 1115 nec
2898 1060 2955 1114 in
2988 1077 3087 1116 cor
3117 1060 3375 1116 hominis
3414 1059 3791 1116 ascenderunt

2161 1145 2208 1213 (l
2234 1148 2357 1202 Cor.
2390 1164 2450 1213 ιι,
2482 1148 2557 1218 9).
2591 1151 2814 1220 Moyses
2843 1151 3018 1219 (Deut.
3053 1167 3130 1218 1x,
3161 1150 3215 1219 9)
3248 1154 3305 1204 et
3362 1148 3514 1204 Elias
3544 1150 3636 1219 (III
3671 1150 3791 1216 Reg.

2160 1252 2276 1300 XIX,
2309 1238 2363 1303 8)
2415 1237 2801 1308 quadraginta
2857 1237 3066 1293 diebus
3116 1239 3537 1309 jejunaverunt
3578 1253 3642 1292 ac
3697 1253 3793 1292 no-

2161 1323 2367 1380 ctibus.
2401 1325 2517 1380 Hoc
2550 1326 2852 1382 hominum
2889 1332 3098 1382 natura
3116 1345 3227 1383 non
3261 1328 3500 1399 patitur,
3516 1326 3616 1382 sed
3648 1326 3794 1398 quod

2163 1412 2386 1468 homini
2423 1419 2578 1470 444
2612 1415 2995 1488 impossibille
3025 1420 3133 1480 est,
3159 1417 3276 1471 Deo
3297 1413 3660 1487 impossibile
3687 1430 3796 1470 non

2161 1507 2249 1557 est
2279 1503 2429 1558 sicut
2459 1503 2557 1576 qui
2595 1505 2792 1560 futura
2822 1505 3099 1578 praedicit,
3135 1522 3250 1561 non
3309 1504 3551 1560 interest
3604 1507 3797 1559 utrum

2162 1595 2292 1662 post
2322 1592 2521 1647 decem
2582 1610 2785 1659 annos,
2815 1599 2917 1649 aut
2973 1598 3104 1666 post
3133 1598 3368 1649 centum
3429 1594 3626 1648 futura
3675 1609 3798 1664 pro-

2161 1679 2407 1747 nuntiet,
2441 1681 2580 1752 quia
2600 1699 2715 1736 una
2746 1687 2832 1736 est
2862 1682 3105 1738 scientia
3135 1683 3467 1738 futurorum
3524 1698 3536 1737 :
3589 1680 3674 1736 sic
3703 1680 3796 1752 qui

2161 1769 2551 1840 quadraginta
2582 1771 2787 1827 diebus
2819 1776 3012 1843 potest
3033 1773 3303 1842 jejunare
3333 1775 3391 1826 et
3435 1770 3639 1836 vivere,
3689 1768 3800 1824 imo

2161 1874 2274 1912 non
2309 1863 2496 1930 potest
2517 1860 2810 1930 jejunare,
2846 1861 2946 1916 sed
2981 1861 3118 1915 vivit
3147 1861 3362 1916 virtute
3394 1859 3534 1926 Dei;
3561 1863 3618 1914 et
3647 1860 3801 1914 aeter-

2159 1962 2233 2000 no
2265 1950 2524 2018 tempore
2553 1949 2774 2021 poterit
2832 1949 3054 2021 absque
3101 1965 3234 2005 esca
3290 1952 3348 2004 et
3401 1952 3544 2020 potu
3596 1946 3800 2003 vivere.

2157 2035 2343 2099 Quare
2367 2035 2557 2091 favum
2589 2015 2842 2093 comedit
2863 2037 3147 2093 Dominus
3167 2037 3195 2092 ?
3228 2038 3294 2093 Ut
3319 2036 3802 2094 resurrectionem

2157 2125 2462 2196 probaret;
2499 2143 2614 2180 non
2648 2132 2712 2180 ut
2740 2125 2859 2182 tuis
2892 2127 3158 2182 faucibus
3190 2125 3368 2182 mella
3423 2125 3800 2198 permitteret.

2156 2213 2377 2269 Piscem
2411 2214 2468 2268 in
2503 2215 2706 2286 prunis
2740 2233 2940 2270 assum
2974 2216 3158 2287 petiit,
3201 2219 3266 2270 ut
3296 2215 3638 2271 dubitantes
3669 2230 3805 2269 con-

2155 2302 2414 2358 ﬁrmaret
2443 2305 2760 2374 apostolos,
2795 2305 2894 2376 qui
2927 2305 2997 2359 ad
3031 2303 3197 2359 illum
3232 2305 3511 2360 accedere
3560 2319 3676 2359 non
3708 2319 3804 2358 au-

2154 2391 2389 2460 debant,
2423 2393 2578 2462 quod
2634 2397 2908 2464 putarent
2955 2409 3017 2447 se
3073 2393 3352 2465 spiritum
3406 2393 3626 2457 videre,
3689 2407 3802 2446 non

2153 2496 2365 2551 corpus
2397 2484 2581 2550 (Joan,
2601 2499 2716 2546 xxi,
2737 2483 2791 2551 9)
2821 2481 3278 2554 Archisynagogi
3308 2481 3436 2537 ﬁlia
3466 2479 3806 2547 suscitatur,

2156 2573 2212 2622 et
2242 2569 2439 2624 cibum
2472 2571 2681 2641 accipit
2713 2571 2895 2640 (Marc.
2930 2571 2984 2640 v)
3022 2587 3034 2624 :
3067 2571 3317 2626 Lazarus
3377 2569 3808 2641 quatriduanus

2153 2664 2421 2715 mortuus
2443 2660 2716 2732 resurgit,
2751 2664 2806 2715 et
2825 2661 3120 2731 prandens
3151 2659 3456 2716 inducitur
3483 2661 3678 2733 (Joan.
3710 2659 3806 2728 x1):

2153 2763 2266 2801 non
2299 2747 2437 2818 quia
2500 2747 2653 2819 apud
2686 2746 2904 2803 inferos
2959 2747 3276 2819 esuriebat,
3335 2748 3442 2804 sed
3503 2747 3604 2819 qui
3666 2746 3811 2802 difﬁ-

2152 2833 2341 2890 cultas
2367 2836 2559 2907 operis
2583 2835 3095 2908 scrupulositatem
3121 2837 3253 2892 ﬁdei
3279 2837 3640 2909 requirebat.
3667 2836 3812 2901 Quo-

2152 2925 2325 2980 modo
2354 2941 2518 2979 veras
2554 2941 2763 2980 manus
2814 2929 2872 2980 et
2917 2940 3118 2980 verum
3173 2925 3435 2981 ostendit
3492 2925 3672 2991 latus,
3732 2922 3811 2978 ita

2149 3028 2279 3067 vere
2310 3012 2560 3067 comedit
2589 3029 2719 3067 cum
2755 3011 3098 3084 discipulis;
3130 3029 3262 3068 vere
3309 3012 3645 3069 ambulavit
3673 3028 3809 3067 cum

2148 3101 2399 3173 Cleopha
2424 3119 2437 3155 :
2469 3117 2601 3156 vere
2632 3101 2833 3172 lingua
2861 3101 3092 3157 locutus
3114 3107 3202 3157 est
3232 3119 3368 3157 cum
3393 3102 3743 3158 hominibus
3796 3117 3808 3166 ;

2149 3207 2282 3245 vero
2314 3189 2583 3246 accubitu
2617 3190 2916 3245 discubuit
2963 3191 3023 3245 in
3083 3207 3287 3258 omna;
3320 3192 3480 3246 veris
3536 3190 3813 3246 manibus

390 3250 566 3357 quem
591 3250 781 3339 totum
813 3250 1100 3336 nascendo
1132 3284 1487 3350 susceperat.
1519 3279 1680 3334 Tunc
1737 3280 1858 3334 ovis
1904 3250 2034 3352 quae
2067 3250 2109 3316 Ο
2148 3279 2300 3350 cepit
2331 3295 2562 3351 panem,
2618 3278 2933 3345 benedixit,
2993 3295 3060 3334 ac
3117 3250 3308 3350 fregit,
3368 3285 3430 3334 et
3479 3279 3820 3352 porrigebat

390 3372 726 3446 perierat,ct
748 3372 803 3424 in
838 3370 1211 3425 inferioribus
1261 3369 1590 3435 oberrabat,
1616 3369 1878 3426 humeris
1908 3372 2030 3427 Sal-

389 3460 605 3516 vatoris
629 3465 750 3514 tota
770 3459 1174 3531 portabiturzet
1191 3475 1317 3528 qua:
1342 3457 1884 3530 peccatislanguida
1903 3461 2028 3529 luit,

390 3547 931 3619 clementiajudicis
955 3546 1376 3602 sustentabitur
1397 3547 1544 3616 (Luc.
1570 3548 1678 3618 xv),
1700 3549 1862 3603 Tunc
1883 3549 2033 3605 vide-

387 3639 536 3694 bunt
563 3637 731 3692 illum
765 3635 862 3708 qui
895 3641 1380 3706 compunxerunt,
1425 3635 1522 3706 qui
1556 3635 1956 3692 clamaverunt
2015 3657 2027 3694 :

388 3750 414 3777 ‹‹
449 3725 1032 3796 Cruciﬁgc,cruciﬁge
1063 3724 1233 3779 talem
1260 3726 1416 3794 (Joan.
1437 3742 1530 3778 x1x
1560 3725 1637 3794 6).
1673 3747 1697 3773 ν
1734 3726 1947 3781 Tribus
1977 3732 2033 3782 et

384 3815 575 3871 tribus
603 3816 827 3870 caedent
857 3819 1107 3886 pectora,
1138 3813 1246 3884 ispi
1272 3818 1328 3867 et
1359 3812 1632 3868 mulieres
1662 3831 1883 3869 eorum.
1920 3815 2031 3870 Illa)

384 3903 682 3972 mulieres,
707 3905 921 3975 quibus
953 3902 1236 3958 Dominus
1269 3901 1500 3957 locutus
1521 3907 1610 3957 est
1639 3919 1871 3958 crucem
1904 3922 2035 3976 por-

383 3997 516 4048 tans
550 4011 562 4047 :
598 4017 624 4042 ‹‹
656 3993 807 4047 Filim
838 3991 1178 4056 Jerusalem,
1216 3990 1392 4046 nolite
1424 3991 1558 4046 ﬁere
1599 4008 1774 4062 super
1805 4009 1896 4047 me
1929 3995 2028 4050 sed

385 4097 562 4151 super
581 4099 680 4136 vos
704 4082 916 4147 flete,et
935 4099 1110 4152 super
1133 4081 1280 4136 ﬁlios
1302 4085 1522 4135 vestros
1542 4081 1974 4150 (Luc.xxm,28).
2000 4105 2028 4132 ››

381 4168 545 4224 Tunc
575 4169 914 4240 angelorum
943 4169 1280 4224 vaticinium
1313 4168 1721 4240 complebitur,
1755 4171 1850 4242 qui
1899 4177 2020 4226 stu-

380 4257 651 4328 pentibus
684 4257 963 4328 apostolis
1020 4261 1040 4291 ²
1098 4262 1237 4312 sunt
1281 4257 1457 4312 locuti
1493 4274 1504 4312 ε
1540 4282 1565 4307 ‹‹
1612 4258 1724 4312 Viri
1783 4259 2025 4328 Galilmi,

377 4345 518 4416 quid
552 4346 717 4400 statis
764 4351 1065 4416 stupentes
1099 4346 1156 4400 in
1215 4345 1446 4412 coelum,
1480 4347 1574 4400 hic
1627 4347 1801 4403 Jesus
1856 4348 1952 4418 qui
1993 4367 2026 4404 a

374 4434 539 4491 vobis
571 4439 917 4505 assumptus
950 4435 1116 4489 estin
1151 4434 1376 4502 caelum,
1420 4435 1501 4490 sic
1558 4436 1769 4504 veniet,
1820 4453 2023 4507 quem-

369 4524 688 4581 admodum
724 4523 916 4579 vidisti
950 4540 1084 4578 eum
1116 4529 1348 4578 euntem
1411 4524 1467 4578 in
1528 4525 1738 4580 coelum
1798 4528 1930 4594 (Act.
1983 4544 2021 4595 ι,

2141 3368 2277 3423 illis.
2311 3369 2472 3431 Quod
2505 3371 2701 3423 autem
2735 3369 2807 3422 ab
2840 3366 3028 3423 oculis
3055 3371 3290 3439 repente
3321 3367 3594 3436 evanuit,
3627 3367 3814 3422 virtus

2142 3457 2240 3512 Dei
2281 3461 2389 3521 est,
2450 3472 2565 3510 non
2627 3455 2848 3510 umbrae
2908 3454 3362 3526 phantasmatis.
3435 3455 3720 3528 Alioquin
3763 3458 3820 3510 et

2141 3550 2274 3600 ante
2306 3544 2951 3611 resurrectionem,cum
2980 3543 3321 3600 eduxissent
3347 3561 3492 3600 eum
3530 3546 3608 3600 de
3641 3544 3818 3600 Naza-

2142 3635 2291 3701 reth,
2324 3638 2389 3688 ut
2421 3632 2844 3705 praecipitarent
2874 3633 2945 3688 de
2986 3632 3294 3706 supercilio
3327 3634 3585 3700 montis,
3617 3637 3818 3690 trans-

2141 3724 2246 3778 ivit
2277 3739 2379 3794 per
2411 3722 2656 3789 medios,
2691 3723 2747 3777 id
2781 3726 2891 3786 est,
2913 3722 3148 3794 elapsus
3179 3727 3268 3778 est
3298 3723 3372 3778 de
3405 3723 3694 3780 manibus
3727 3739 3818 3779 eo-

2141 3829 2293 3867 rum.
2328 3812 2604 3884 Nunquid
2629 3812 2800 3884 juxta
2831 3811 3187 3868 Marcionem
3216 3811 3414 3867 dicere
3464 3829 3817 3884 possumus,

2141 3901 2295 3973 quod
2329 3901 2457 3956 ideo
2490 3901 2765 3956 nativitas
2824 3902 2952 3972 ejus
3010 3901 3068 3955 in
3129 3901 3556 3972 phantasmate
3618 3900 3818 3967 fuerit,

2138 3991 2278 4062 quia
2308 3995 2508 4046 contra
2539 3996 2810 4045 naturam
2843 3990 2942 4062 qui
2975 3991 3306 4057 tenebatur,
3388 3990 3643 4063 elapsus
3673 3993 3768 4046 est
3795 3989 3822 4044 ?

2137 4081 2297 4145 Quod
2334 4081 2520 4152 magis
2549 4078 2702 4145 licet,
2737 4078 2844 4134 hoc
2875 4078 3120 4135 Domino
3170 4095 3288 4134 non
3319 4078 3465 4135 licet
3493 4079 3522 4134 ?
3575 4079 3816 4152 Apollo-

2139 4168 2273 4223 nius
2295 4169 2562 4239 Tyaneus
2585 4168 2860 4222 scribitur
2881 4184 3013 4222 cum
3033 4173 3166 4223 ante
3188 4167 3610 4224 Domitianum
3635 4171 3821 4226 staret

2137 4257 2194 4311 in
2229 4255 2598 4321 consistorio,
2631 4261 2868 4327 repente
2899 4273 3012 4310 non
3073 4256 3512 4328 comparuisse.
3546 4257 3683 4313 Noli
3716 4274 3818 4329 po-

2135 4345 2390 4400 tentiam
2425 4343 2658 4399 Domini
2690 4360 2998 4417 magorum
3031 4344 3346 4416 praestigiis
3381 4346 3824 4418 adaequare,ut

2133 4434 2410 4489 videatur
2433 4433 2614 4488 fuisse
2646 4433 2801 4504 quod
2834 4450 2951 4488 non
2985 4433 3172 4499 fuit,et
3197 4438 3446 4505 putetur
3478 4435 3824 4491 comedisse

2133 4523 2259 4580 sine
2291 4521 2588 4586 dentibus,
2623 4521 2961 4578 ambulasse
3027 4522 3155 4578 sine
3210 4522 3496 4594 pedibus,
3562 4523 3829 4598 fregisse

370 4613 479 4685 11).
500 4636 525 4661 ››
552 4612 730 4676 Quale
751 4618 839 4667 est
871 4614 1311 4678 autem,idcirco
1338 4613 1528 4669 dicere
1551 4614 1864 4670 Dominum
1891 4593 2024 4686 post
2051 4619 2098 4684 Ι)
2130 4627 2341 4684 panem
2373 4610 2498 4666 sine
2530 4611 2824 4677 manibus,
2853 4611 3086 4667 locutus
3118 4593 3246 4667 esse
3277 4610 3410 4667 sine
3443 4593 3739 4687 linguav‘,
3765 4615 3827 4668 et

369 4702 854 4758 resurrectionem
882 4703 1267 4774 quadraginta
1282 4701 1488 4758 diebus
1511 4703 2014 4758 comedisse3cum

370 4790 674 4863 apostolis,
709 4807 780 4846 ne
812 4791 1164 4862 phantasma
1189 4797 1495 4863 put-aretur
1518 4792 1678 4861 (Ibid.
1711 4792 1766 4860 3)
1794 4809 1806 4857 ;
1830 4791 2016 4846 ethoc

366 4880 563 4952 ipsum
595 4881 748 4951 quod
780 4880 1052 4943 comedit,
1087 4880 1145 4933 in
1179 4895 1350 4934 carne
1381 4885 1437 4935 et
1463 4879 1520 4933 in
1545 4879 1826 4935 membris
1855 4880 2016 4936 visus

367 4972 475 5036 est,
511 4968 568 5023 in
598 4968 1008 5040 phantasmate
1067 4969 1413 5023 conﬁrmare
1445 4969 1472 5022 ‘7
1500 4970 1615 5023 Aut
1668 4985 1869 5024 verum
1929 4973 2017 5024 est

365 5057 521 5128 quod
553 5057 877 5123 videbatur,
912 5061 1013 5112 aut
1045 5056 1278 5112 falsum.
1344 5057 1403 5111 Si
1461 5072 1664 5111 verum
1717 5063 1825 5128 est,
1879 5075 2014 5130 ergo

362 5161 495 5200 vere
527 5145 798 5213 comedit,
834 5150 890 5200 et
920 5162 1052 5200 vere
1108 5146 1375 5200 membra
1428 5145 1654 5201 habuit.
1711 5147 1769 5201 Si
1820 5152 2012 5202 autem

361 5231 602 5303 falsum,
635 5235 926 5304 quomodo
959 5250 1050 5290 res
1095 5233 1275 5290 falsas
1331 5234 1636 5290 ostendere
1689 5233 1891 5301 voluit,
1953 5241 2017 5290 ut

487 5409 588 5463 Hic
616 5413 789 5481 atque
819 5410 970 5467 infra
999 5417 1333 5468 constanter
1361 5412 1538 5468 codex
1567 5413 1625 5467 S.
1655 5412 1855 5468 Crucis
1901 5416 2014 5483 [ut-

409 5498 415 5534 ι
457 5499 510 5534 a..

362 5498 510 5536 mea.

430 5553 450 5584 ²
485 5551 881 5624 Emandamus
914 5571 978 5608 ac
1008 5553 1351 5624 supplemus
1382 5572 1446 5609 ex
1480 5572 1589 5608 ms.
1651 5555 1709 5609 S.
1764 5555 1961 5610 Crucis
2000 5575 2012 5621 ;

365 5628 536 5698 antea
567 5623 720 5698 enim
745 5625 1046 5680 obtinebat
1077 5623 1413 5697 imperfecto
1433 5629 1732 5698 sensu,quz’
1751 5630 2016 5698 stupenti-

364 5694 458 5750 bus
488 5694 745 5766 apostolis
805 5700 1022 5753 euntem
1073 5698 1130 5752 in
1162 5694 1363 5753 beatum
1410 5694 1689 5755 dixerunt.
1724 5694 2014 5756 Emenda-

2127 4701 2283 4756 latus
2316 4705 2682 4755 monstrasse
2715 4699 2842 4755 sine
2872 4701 3072 4756 costis.

2195 4791 2263 4844 35
2319 4789 2388 4844 Et
2447 4789 2762 4859 quomodo,
2836 4788 3088 4860 inquies,
3165 4806 3279 4846 non
3355 4793 3825 4864 cognoscebant

2125 4895 2257 4934 eum
2289 4878 2348 4931 in
2403 4877 2630 4943 itinere,
2687 4877 2736 4932 si
2795 4876 2993 4949 ipsum
3045 4878 3297 4934 habebat
3354 4895 3593 4953 corpus
3657 4881 3824 4954 quod

2125 4970 2261 5023 ante
2294 4966 2543 5022 habuit?
2568 4966 2717 5022 Audi
2775 4967 3136 5040 Scripturam
3179 4967 3486 5025 dicentem
3525 4988 3540 5025 :
3583 4994 3613 5021 «
3651 4969 3822 5028 Oculi

2124 5073 2332 5112 eorum
2390 5056 2760 5124 tenebantur,
2841 5073 2914 5111 ne
2987 5073 3122 5112 eum
3185 5063 3598 5130 agnoscerent
3660 5059 3819 5133 (Luc.

2124 5163 2277 5212 xxxv,
2312 5145 2420 5215 l6).
2457 5167 2484 5194 ››
2517 5145 2584 5199 Et
2606 5161 2843 5200 rursum
2880 5162 2894 5200 ε
2932 5167 2958 5193 ››
2988 5145 3186 5218 Aperti
3211 5150 3350 5202 sunt
3368 5147 3543 5203 oculi
3579 5165 3818 5213 eorum,

2124 5239 2181 5290 et
2209 5237 2604 5308 cognoverunt
2647 5249 2782 5288 eum
2817 5233 2973 5303 (Ibid.
3033 5235 3146 5306 3t).
3201 5256 3230 5285 »
3289 5233 3594 5309 Nunquid
3660 5236 3821 5293 alius

2125 5413 2300 5486 tionis
2330 5412 2541 5486 veritas
2572 5427 2641 5468 ex
2671 5413 2797 5486 ipso
2823 5416 3094 5486 contextu
3128 5412 3330 5486 liquet.

2194 5485 2215 5518 ³
2243 5484 2499 5539 Verbum
2557 5484 2844 5539 comedisse
2893 5484 2952 5539 in
2984 5501 3094 5540 ms.
3128 5484 3535 5543 desideratur.
3583 5488 3825 5546 Deinde

2125 5556 2406 5632 habetur,
2428 5565 2525 5610 aut
2553 5572 2742 5611 verum
2773 5559 2848 5610 est
2878 5555 3017 5626 quod
3046 5556 3272 5632 dicitur,
3315 5566 3418 5612 aut
3450 5559 3710 5632 falsum,
3748 5574 3824 5617 ne

2128 5627 2474 5698 singillatim
2496 5643 2723 5682 errores
2755 5628 3204 5685 amanuensium
3247 5627 3622 5690 memorem.

2203 5697 2361 5755 FMs.
2397 5697 2524 5755 Sine
2555 5699 2752 5770 lingua
2778 5705 2830 5756 et
2855 5700 3049 5770 capite,
3073 5708 3124 5757 et
3151 5703 3311 5772 latus,
3339 5703 3467 5758 etc.
3523 5775 3529 5779 ‘
