3958 6430
145 364 253 439 tot
1212 366 1526 439 CONTRA
1565 367 1937 438 JOANNEM
1980 358 2404 437 HIEROSOEI
3392 355 3567 441 406..»

147 510 243 571 fuit
261 497 478 583 quando
506 502 659 567 “5
692 520 810 566 non
836 508 1285 583 agnoscebatur,
1308 515 1365 567 et
1395 510 1546 567 alius
1570 527 1751 583 quan-
1775 510 1837 579 Α
1933 508 2024 566 36.
2072 508 2407 565 Marcionita:
2453 506 2770 580 disputatio.
2805 536 2873 548 —
2913 505 3026 564 Oro
3072 508 3128 565 te
3148 504 3189 576 ‘,
3239 499 3343 580 qui
3378 505 3516 585 Itan-

148 602 211 659 do
248 597 464 673 agnitus
492 596 627 655 est?
656 598 822 654 Certe
871 615 1025 655 unus
1068 603 1244 672 atque
1282 599 1440 656 idem
1473 604 1614 656 erat.
1649 600 1754 657 Co-
1866 597 1942 654 tis
1992 602 2197 654 contra
2248 598 2734 654 resurrectionem
2782 596 2964 654 uteris
3011 596 3398 672 argumentis,
3451 597 3518 653 ut

146 704 394 767 gnoscere
428 703 587 761 ergo,
619 691 677 743 et
716 704 831 743 non
864 704 1233 762 cognoscere,
1266 690 1570 746 oculorum
1624 691 1752 757 fuit,
1865 686 2215 761 simpliciter
2257 705 2491 744 mecum
2537 687 2799 760 loquaris
2827 689 2866 743 ⁵.
2902 688 3101 744 Credis
3148 704 3281 744 vere
3318 685 3516 744 Domi-

144 797 245 838 non
270 780 388 851 ejus
415 777 515 849 qui
543 776 1025 845 videbatur,licet
1042 782 1100 834 et
1130 778 1319 851 ipsius
1344 779 1754 835 fuerit.0culos
1866 795 2009 834 num
2040 776 2449 845 resurrexisse,
2481 778 2540 833 in
2571 779 2774 834 eodem
2807 794 2921 850 quo
2952 781 3239 846 mortuus,
3274 792 3391 849 quo
3425 792 3517 834 se-

145 869 279 928 enim
317 867 546 923 tenebat
596 882 822 933 eorum,
855 883 926 922 ne
965 883 1028 923 se
1058 872 1458 941 agnoscerent.
1492 868 1754 941 Denique
1866 865 2066 939 pultus
2115 870 2203 922 est
2261 882 2522 939 corpore,
2557 883 2753 922 annon
2811 865 3041 923 credis?
3062 865 3121 923 Si
3164 865 3381 935 credis,
3412 862 3531 921 cur'

142 964 199 1017 ut
238 957 374 1014 scias
426 971 682 1012 errorem
738 955 839 1028 qui
890 957 1236 1013 versabatur
1282 956 1344 1012 in
1389 958 1603 1024 medio,
1637 975 1752 1014 non
1864 955 1981 1011 ista
2030 956 2307 1028 proponis
2356 971 2460 1027 per
2508 971 2631 1028 quaz
2680 956 3027 1012 resurrectio
3056 953 3425 1029 denegatur?
3454 953 3516 1011 Si

142 1046 370 1121 corporis
395 1043 647 1111 Domini,
682 1044 784 1100 sed
816 1045 1119 1101 oculorum
1150 1045 1333 1102 fuisse
1363 1047 1700 1103 clausorum
1737 1065 1749 1102 :
1864 1062 1980 1101 non
2014 1044 2224 1112 credis,
2259 1044 2359 1117 qui
2390 1044 2472 1100 ita
2503 1044 2912 1117 imperitorum
2943 1044 3128 1101 laetas
3175 1044 3424 1111 animas,
3457 1045 3517 1100 et

144 1160 163 1188 ι
184 1134 360 1209 Aperti
388 1138 526 1190 sunt
556 1133 709 1190 oculi
766 1151 992 1199 eorum,
1023 1135 1239 1207 inquit,
1270 1140 1329 1191 et
1359 1140 1756 1207 cognoverunt
1866 1135 2347 1190 resurrectionem
2383 1151 2550 1190 casso
2580 1135 2817 1190 nomine
2846 1134 3139 1191 ventilas?
3170 1133 3305 1191 audi
3326 1136 3369 1188 ⁸.
3401 1138 3515 1188 Nu-

139 1241 257 1284 eum
283 1225 449 1297 (Joan.
481 1227 595 1292 xx).
636 1246 658 1273 ν
695 1223 857 1279 Unde
885 1228 942 1279 et
973 1224 1157 1280 Maria
1186 1224 1526 1297 Magdalene
1562 1242 1753 1297 quan-
1866 1240 1969 1295 per
1999 1224 2068 1279 de
2123 1222 2436 1278 Marcionis
2483 1224 2724 1296 quidam
2772 1223 2974 1280 schola
3006 1242 3019 1280 :
3051 1223 3168 1292 Vae,
3201 1222 3415 1296 inquit,
3440 1222 3514 1291 ei,

139 1315 225 1372 diu
249 1330 356 1370 non
384 1313 737 1386 agnoscebat
763 1312 988 1380 Jesum,
1022 1317 1079 1368 et
1105 1314 1301 1369 vivum
1334 1314 1630 1386 quaerebat
1659 1316 1751 1369 in-
1865 1313 1964 1384 qui
2018 1312 2079 1367 in
2129 1312 2239 1368 hac
2284 1329 2476 1380 carne,
2510 1316 2566 1368 et
2610 1312 2670 1368 in
2703 1312 2799 1370 his
2845 1313 3081 1370 ossibus
3109 1313 3514 1370 resurrexerit.

138 1408 213 1461 ter
237 1406 506 1469 mortuos,
540 1400 921 1458 hortulanum
953 1403 1213 1474 putabat.
1245 1402 1544 1475 Agnoscit,
1574 1408 1631 1459 et
1651 1404 1752 1458 Do-
1866 1402 2140 1458 Gaudens
2170 1401 2406 1457 animus
2434 1401 2635 1457 statim
2668 1401 2867 1457 intulit
2897 1419 2910 1458 :
2936 1424 2965 1453 ‹‹
2998 1401 3334 1475 Cousepulti
3355 1402 3515 1458 enim

137 1492 337 1549 minum
381 1495 566 1549 vocat.
617 1491 753 1547 Post
809 1491 1297 1548 resurrectionem
1344 1494 1514 1549 Jesus
1562 1494 1757 1549 stabat
1866 1506 2097 1557 sumus,
2126 1495 2182 1547 et
2212 1491 2691 1546 consurreximus
2730 1507 2866 1546 cum
2896 1490 3127 1548 Christo
3172 1507 3276 1563 per
3316 1490 3512 1563 bapti-

135 1582 185 1637 in
210 1581 411 1648 littore,
441 1579 718 1653 discipuli
750 1580 810 1636 in
841 1581 973 1636 navi
1004 1585 1191 1636 erant.
1225 1581 1459 1639 Czeteris
1490 1599 1605 1638 non
1627 1597 1756 1654 cog-
1866 1596 2064 1636 smum
2093 1580 2115 1613 ⁷
2144 1580 2317 1651 (Rom.
2367 1598 2444 1647 v1,
2488 1581 2563 1650 4).
2616 1579 2854 1649 Animae,
2887 1598 2961 1635 an
3009 1579 3201 1637 carnis
3255 1596 3514 1637 resurre-

136 1670 483 1727 noscentihus
514 1686 672 1739 eum,
707 1669 848 1725 dicit
890 1669 1219 1742 discipulus
1251 1688 1424 1742 quem
1473 1671 1755 1742 diligebat
1865 1669 2118 1725 ctionem
2170 1668 2360 1723 dicis?
2389 1668 2704 1741 Respondi,
2739 1686 2854 1725 non
2903 1668 3089 1725 solius
3146 1669 3378 1737 animas,
3411 1668 3514 1725 sed

133 1758 303 1832 Jesus,
348 1759 535 1826 Petro,
560 1782 588 1809 «
622 1758 909 1816 Dominus
957 1764 1046 1815 est
1089 1760 1265 1831 (Jom.
1299 1778 1416 1828 xxx,
1447 1763 1503 1827 7)
1532 1783 1559 1809 ››
1592 1760 1757 1816 Prior
1866 1758 2081 1827 carnis,
2114 1775 2242 1829 qua:
2291 1774 2427 1814 cum
2466 1758 2665 1813 anima
2711 1758 3042 1814 renascitur
3068 1758 3129 1814 in
3160 1758 3412 1814 lavacro.
3447 1756 3518 1815 Et

134 1848 270 1905 enim
288 1847 599 1922 virginitas
654 1846 938 1920 virginale
977 1864 1191 1920 corpus
1224 1850 1237 1882 ¹
1274 1850 1558 1922 agnoscit.
1596 1850 1751 1905 Idem
1787 1886 1834 1951 B
1867 1847 2161 1919 quomodo
2192 1846 2426 1919 peribit,
2453 1863 2578 1918 quae
2611 1846 2671 1901 in
2703 1846 2933 1903 Christo
2982 1851 3184 1947 renata
3212 1849 3342 1903 est?
3370 1845 3521 1948 Quia

134 1941 256 2005 erat,
284 1940 339 1993 et
376 1953 492 1993 non
540 1936 696 1992 idem
751 1937 1025 1993 omnibus
1074 1938 1397 1994 videbatur.
1429 1938 1756 2012 Statimque
1788 1934 1834 1951 υ
1865 1935 2151 2008 scriptum
2179 1940 2286 2003 est,
2321 1935 2403 1991 ait
2436 1953 2500 1991 ;‹‹
2535 1937 2679 1992 Caro
2730 1938 2787 1991 et
2816 1934 3060 2008 sanguis
3118 1952 3364 2009 regnum
3412 1934 3516 1992 Dei

134 2026 528 2100 subjungitur:
563 2049 590 2076 ‹‹
624 2026 694 2081 Et
724 2043 897 2083 nemo
927 2026 1178 2082 audebat
1206 2026 1566 2101 interrogare
1596 2044 1752 2083 eum.
1865 2042 1980 2081 non
2030 2025 2419 2097 possidebunt
2448 2025 2495 2096 (l
2518 2027 2643 2082 Cor.
2672 2042 2764 2093 xv,
2804 2025 2917 2097 50).
2953 2046 2981 2074 »
3030 2026 3297 2092 Attende,
3347 2025 3516 2082 obse-

130 2115 203 2171 Tu
228 2115 355 2188 quis
394 2131 455 2172 es
475 2114 505 2171 ?
535 2114 786 2171 scientes
816 2116 971 2187 quod
995 2114 1279 2172 Dominus
1293 2121 1381 2171 est
1402 2117 1555 2189 (Ibid.
1592 2119 1700 2189 12).
1728 2140 1753 2167 ››
1864 2131 1961 2170 cro
1992 2118 2068 2180 te,
2101 2114 2253 2186 quod
2289 2113 2522 2182 dicitur,
2547 2136 2574 2164 ‹‹
2604 2114 2748 2170 Caro
2780 2118 2837 2170 et
2868 2114 3112 2187 sanguis
3144 2130 3390 2188 regnum
3412 2113 3535 2172 Dei,

132 2203 289 2260 Nemo
318 2204 589 2271 audebat,
623 2203 764 2276 quia
812 2208 991 2259 Deum
1042 2203 1323 2261 sciebant.
1359 2204 1757 2261 Vescebantur
1865 2221 1980 2260 non
2028 2203 2430 2276 possidebunt.
2469 2224 2495 2253 ››
2535 2203 2812 2275 Nunquid
2861 2220 2978 2259 non
3023 2206 3372 2277 resurgent?
3398 2204 3514 2260 Ab~

129 2307 245 2349 cum
271 2290 1088 2366 prandente,quiahominem
1119 2300 1176 2348 et
1203 2309 1437 2349 carnem
1458 2294 1754 2362 videbant,
1865 2293 1943 2348 sit
1988 2311 2001 2361 ;
2049 2293 2149 2348 sed
2201 2309 2314 2347 non
2367 2292 2771 2364 possidebunt.
2823 2297 3011 2360 Quare
3068 2309 3184 2348 non
3248 2292 3515 2365 posside-

130 2397 228 2437 non
258 2382 409 2455 quod
439 2382 590 2438 alter
617 2380 954 2450 Deus,alter
982 2380 1159 2437 homo
1182 2387 1357 2449 esset,
1376 2384 1475 2438 sed
1505 2400 1659 2438 unus
1675 2388 1756 2438 at-
1864 2381 2054 2438 bunt?
2091 2382 2257 2449 Quia,
2308 2380 2597 2452 sequitur,
2649 2404 2678 2430 «
2724 2397 2913 2453 neque
2974 2381 3268 2453 corruptio
3330 2381 3517 2437 incor-

130 2470 1756 2544 queidemFiliusDeicognoscebaturuthomo,adoraba-
1863 2471 2196 2543 ruptionem
2251 2469 2576 2542 possidebit
2640 2470 2846 2541 (Ibid.).
2883 2492 2912 2519 ››
2956 2469 3185 2526 Tandiu
3223 2485 3361 2542 ergo
3424 2486 3518 2526 re-

128 2564 211 2616 tur
227 2563 290 2616 ut
309 2559 724 2617 DeusScilicet
746 2577 901 2616 nunc
920 2559 1063 2615 mihi
1087 2560 1627 2633 philosophandum
1646 2567 1753 2627 est,
1863 2576 2044 2633 gnum
2078 2560 2178 2615 Dei
2202 2576 2317 2615 non
2350 2559 2761 2632 possidebunt,
2799 2558 3083 2631 quamdiu
3115 2576 3248 2616 caro
3279 2562 3515 2635 tantum

126 2648 356 2706 incertos
385 2666 516 2707 esse
540 2665 751 2705 sensus
780 2653 1108 2715 nostros,et
1131 2649 1757 2733 maximpvisumﬁar-
1864 2649 2226 2722 sanguisque
2309 2648 2760 2720 permanserint.
2834 2652 2977 2705 Cum
3045 2652 3243 2705 autem
3309 2665 3515 2705 corru-

128 2737 318 2796 neades
347 2738 562 2812 aliquis
592 2738 663 2794 ab
695 2738 898 2794 inferis
920 2739 1363 2807 excitandus,ut
1385 2742 1641 2811 proferat
1659 2758 1752 2796 ve—
1865 2738 2089 2812 ptivum
2154 2739 2411 2795 induerit
2473 2736 2994 2811 incorruptionem,
3027 2742 3086 2795 et
3133 2736 3379 2795 mortale
3426 2738 3527 2811 in-I

125 2829 291 2883 rum'.
310 2828 562 2885 Remum
594 2828 653 2883 in
686 2845 840 2901 aqua
859 2828 1106 2884 fractum
1136 2828 1343 2895 videri,
1366 2830 1756 2902 porticuslon-
1865 2826 2057 2882 duerit
2103 2825 2603 2882 immortalitatem
2637 2826 2796 2897 (Ibid.
2828 2827 2943 2898 54),
2976 2832 3035 2883 et
3079 2826 3272 2883 lutum
3321 2826 3517 2885 carnis

127 2914 241 2988 gius
268 2918 663 2991 angustiores,
681 2917 965 2973 rotundos
986 2916 1188 2990 procul
1204 2917 1461 2975 turrium
1483 2919 1752 2992 angulos,
1864 2916 1924 2971 in
1954 2920 2167 2973 testam
2200 2915 2374 2971 fuerit
2416 2919 2741 2983 excoctum,
2774 2932 2899 2988 quae
2947 2916 3114 2988 prius
3162 2915 3323 2990 gravi
3371 2934 3517 2990 pon-

126 3003 513 3064 columbarum
532 3005 682 3063 colla
702 3006 773 3061 ad
795 3006 1061 3079 singulas
1079 3006 1483 3064 ccuversiones
1501 3007 1753 3065 colorem
1864 3006 2000 3062 dere
2026 3005 2404 3078 premebatur
2435 3005 2492 3058 in
2524 3008 2770 3073 terram,
2792 3005 3045 3074 acceptis
3076 3004 3321 3078 spiritus
3368 3022 3516 3078 pen-

128 3094 410 3151 mutantia.
445 3096 595 3151 Cum
644 3094 845 3150 Rhode
869 3095 1105 3150 Petrum
1145 3095 1465 3164 nuntiaret,
1512 3101 1569 3152 et
1615 3115 1753 3169 apo-
1864 3094 1956 3149 nis
1989 3099 2048 3149 et
2078 3092 2527 3157 immutationis,
2561 3110 2677 3148 non
2720 3092 3055 3149 abolitionis
3082 3094 3124 3160 ⁸,
3162 3111 3310 3150 nova
3332 3093 3520 3166 gloria

124 3181 269 3241 stolis
296 3184 516 3241 diceret
550 3184 686 3257 (Act.
714 3184 840 3256 xu),
872 3183 945 3240 ob
982 3183 1222 3256 periculi
1284 3186 1752 3258 magnitudinem
1801 3254 1827 3258 Α
1863 3182 2080 3239 volabit
2109 3183 2179 3237 ad
2214 3181 2424 3238 caelum
2461 3198 2473 3237 :
2505 3190 2562 3237 et
2590 3187 2731 3237 tunc
2773 3180 3115 3254 implebitur
3161 3181 3307 3237 illud
3358 3182 3515 3255 quod

124 3270 374 3340 evasisse,
426 3254 565 3330 noni
616 3254 881 3339 credunt,
933 3254 1289 3346 phantasma
1358 3254 1753 3347 suspicantur.
1788 3254 1831 3321 θ·
1865 3272 2152 3345 scriptum
2183 3274 2314 3328 cst:
2353 3292 2381 3320 ‹‹
2409 3270 2699 3342 Absorpta
2728 3273 2818 3326 est
2847 3287 3006 3328 mors
3030 3270 3086 3326 in
3119 3254 3389 3327 victoria.
3406 3269 3515 3327 Ubi

120 3358 276 3418 Porro
305 3363 462 3435 quod
523 3361 743 3418 clausis
802 3362 1106 3435 ingressus
1153 3366 1242 3418 est
1271 3363 1457 3429 ostiis,
1490 3364 1754 3434 ejusdem
1866 3366 1975 3431 est,
2026 3377 2205 3428 mors,
2239 3358 2532 3415 contentio
2581 3358 2730 3414 tua?
2759 3359 2859 3414 ubi
2902 3363 3010 3431 est,
3044 3377 3225 3429 mors,
3281 3359 3522 3416 aculeus
3589 3361 3597 3367 ’

120 3448 331 3507 virtutis
387 3451 522 3518 fuit,
558 3452 727 3523 cujus
761 3455 817 3506 et
844 3468 913 3507 ex
963 3451 1151 3508 oculis
1198 3468 1560 3509 evanescere.
1610 3454 1755 3527 Lyn-
1865 3456 2004 3507 tuus
2036 3450 2190 3522 (Osee
2213 3450 2441 3527 mutili
2476 3465 2489 3503 :
2529 3448 2701 3505 ICor.
2735 3466 2828 3515 xv,
2859 3449 2997 3522 55)?
3028 3472 3056 3499 »

121 3552 240 3596 cens
265 3540 355 3609 (ut
401 3520 644 3598 fabulae-
668 3540 881 3612 ferunt)
920 3540 1153 3597 videbat
1212 3544 1376 3596 trans
1425 3520 1701 3614 parietem
1741 3560 1753 3596 :
1938 3520 2289 3597 37.»Joannis
2336 3520 2512 3609 Epist.
2544 3537 2615 3592 ad
2672 3520 2967 3610 Theophit.
3031 3538 3524 3611 Caesariametro-

120 3624 382 3686 Dominus
411 3629 638 3687 clausis
664 3629 852 3696 ostiis,
885 3628 1001 3685 nisi
1032 3629 1389 3702 phantasma
1439 3631 1634 3697 fuerit,
1666 3631 1756 3686 in-
1865 3631 2006 3703 polis
2059 3630 2353 3685 Palestina?
2390 3629 2588 3683 :totius
2648 3628 2889 3684 Orientis
2945 3629 3256 3685 Antiochia.
3288 3628 3525 3686 Isidorus

120 3716 252 3773 trare
278 3734 397 3775 non
427 3717 692 3792 poterit?
719 3717 942 3791 Aquilae
977 3722 1035 3774 et
1068 3719 1330 3775 vultures
1360 3721 1758 3777 transmarina
1862 3720 2165 3793 presbyter.
2199 3751 2266 3757 —
2299 3717 2655 3789 Praepostero
2686 3718 2889 3773 ordine
2918 3718 2989 3773 de
3022 3718 3356 3775 animarum
3399 3720 3525 3775 sta-

121 3806 379 3864 cadavera
426 3807 716 3864 sentiunt.
767 3807 1032 3864 Salvator
1079 3807 1375 3880 apostolos
1426 3826 1589 3877 suos,
1643 3809 1753 3865 nisi
1866 3812 1929 3865 tu
1962 3813 2018 3866 et
2043 3808 2236 3864 carnis
2287 3806 2712 3863 resurrectione
2764 3806 3223 3879 respondimus:
3257 3805 3524 3863 omissis-

121 3895 315 3953 ostium
364 3896 686 3970 aperuerit,
732 3913 850 3952 non
898 3896 1161 3951 videbit?
1189 3896 1291 3952 Dic
1340 3896 1506 3966 mihi,
1540 3898 1749 3954 acutis-
1867 3915 1981 3970 que
2010 3896 2315 3969 principiis
2344 3895 2628 3967 Epistolaz,
2667 3900 2787 3951 tota
2816 3895 2988 3951 nobis
3024 3899 3229 3951 contra
3255 3895 3523 3968 egregios

121 3980 247 4040 sime
269 3985 630 4059 disputator,
664 3984 803 4057 quid
835 3988 925 4040 est
956 3986 1173 4057 majus,
1198 3988 1427 4041 tantam
1456 3990 1619 4043 terrae
1640 4004 1757 4043 ma-
1865 3991 2153 4043 tractatus
2193 3987 2319 4057 ejus
2374 3985 2486 4040 fuit
2527 3984 2869 4056 disputatio.
2900 3983 3219 4041 Maluimus
3264 3985 3422 4040 enim
3452 3983 3524 4040 de

120 4072 471 4143 gnitudinem
532 4074 864 4147 appendere
891 4075 914 4109 ³
953 4090 1128 4145 super
1169 4073 1443 4142 nihilum,
1495 4080 1552 4130 et
1582 4093 1759 4148 super
1866 4075 1968 4131 Dei
2010 4076 2206 4141 rebus,
2242 4090 2421 4145 quam
2473 4073 2544 4127 de
2594 4073 2811 4129 nostris
2863 4072 3100 4146 injuriis
3140 4073 3332 4130 dicere
3365 4089 3380 4128 :
3420 4096 3440 4122 ι
3466 4071 3525 4127 Si

117 4175 380 4233 aquarum
442 4165 676 4220 incerta
730 4162 984 4231 librare;
1017 4179 1090 4218 an
1134 4163 1319 4219 Deum
1372 4164 1625 4221 transire
1655 4182 1758 4236 per
1866 4164 2194 4237 peccaverit
2248 4163 2425 4219 homo
2474 4162 2534 4217 in
2589 4161 2914 4230 hominem,
2948 4163 3238 4236 rogabunt
3277 4179 3382 4235 pro
3407 4176 3474 4219 eo
3505 4162 3527 4197 ⁹

114 4247 348 4310 clausam
397 4258 659 4326 portam,
712 4256 768 4308 et
816 4255 1147 4309 creaturam
1206 4252 1411 4309 cedere
1453 4253 1758 4309 Creatori?
1868 4255 1939 4311 ad
1977 4252 2312 4309 Dominum.
2350 4252 2408 4307 Si
2440 4255 2634 4308 autem
2679 4251 2737 4305 in
2786 4251 2971 4307 Deum
3013 4253 3361 4325 peccaverit,
3391 4251 3525 4325 quis

116 4338 253 4404 Quod
305 4343 513 4415 majus
568 4346 680 4409 est,
713 4340 963 4409 tribuis;
997 4342 1153 4398 4.16
1186 4342 1343 4413 quod
1398 4341 1596 4398 minus
1638 4348 1749 4412 est,
1867 4344 2059 4399 orabit
2117 4359 2219 4414 pro
2277 4358 2343 4397 eo
2394 4343 2442 4413 (Ι
2498 4342 2624 4411 Reg.
2662 4359 2726 4410 ιι,
2756 4342 2890 4413 25)?
2922 4364 2952 4392 ››
3001 4342 3168 4398 Nunc
3216 4357 3248 4398 θ
3296 4342 3526 4399 diverso

118 4427 498 4489 calumniaris.
531 4430 740 4487 Petrus
771 4447 948 4502 super
977 4447 1161 4503 aquas
1192 4430 1461 4487 ambulat
1491 4432 1651 4503 gravi
1703 4436 1758 4487 et
1874 4433 2019 4488 447
2056 4447 2234 4503 super
2276 4431 2477 4486 omnia
2509 4434 2741 4485 nostros
2789 4430 3153 4489 adversarios
3202 4428 3525 4487 immortali

119 4517 277 4578 solido
324 4536 579 4595 corpore
626 4519 835 4592 (Matth.
883 4537 1001 4590 x1v,
1042 4520 1152 4591 28).
1192 4518 1381 4576 Mollis
1430 4521 1590 4576 unda
1641 4537 1755 4577 non
1868 4521 2000 4577 odio
2051 4519 2466 4593 persequimur
2507 4535 2519 4573 :
2555 4518 3102 4591 blasphemantibus
3148 4518 3358 4589 Deum,
3411 4517 3523 4573 cle-

119 4607 281 4665 cedit:
312 4609 636 4683 paululum
666 4609 811 4665 ﬁdes
837 4608 1087 4679 dubitat,
1122 4613 1181 4664 et
1221 4608 1421 4664 statim
1481 4614 1754 4665 naturam
1790 4631 1832 4694 υ
1866 4615 2122 4667 mentem
2156 4608 2513 4681 porrigimus
2563 4625 2829 4664 manum.
2861 4608 3078 4665 Scribit
3119 4607 3192 4663 ad
3223 4606 3525 4679 Theophi-

117 4711 261 4756 suam
286 4716 512 4773 corpus
557 4696 873 4773 intelligit;
906 4702 971 4754 ut
1020 4698 1301 4767 sciamus,
1345 4714 1525 4772 super
1573 4716 1757 4772 aquas
1865 4700 1990 4757 lum
2021 4698 2362 4771 episcopum
2394 4695 2725 4769 apologiam
2747 4698 2809 4765 ¹⁰,
2827 4698 2999 4769 cujus
3029 4697 3186 4754 istud
3218 4694 3526 4752 exordium

118 4800 212 4844 non
239 4805 460 4865 corpus
491 4785 853 4859 ambulasse,
885 4788 988 4845 sed
1019 4787 1215 4844 ﬁdem.
1868 4793 1960 4846 est
1991 4806 2004 4843 :
2044 4811 2071 4838 «
2105 4788 2191 4843 Tu
2212 4787 2452 4859 quidem
2479 4789 2545 4842 ut
2573 4785 2749 4842 homo
2780 4785 2903 4854 Dei,
2926 4789 2983 4843 et
3005 4783 3326 4858 apostolica
3356 4799 3527 4841 orna-

171 5002 323 5076 ?Ms.
358 5006 420 5063 S.
454 5003 665 5061 Crucis
692 5003 1073 5076 convirginale
1092 5018 1317 5076 corpus,
1342 5007 1454 5058 etc.
1945 5005 1975 5076 ⁶ν
1996 5001 2157 5057 Audi.
2198 5002 2402 5076 Nuper,
2433 5004 2546 5056 etc.
2572 5001 2686 5076 __In_
2716 4998 2828 5076 isto
2876 4998 3148 5076 similiter
3197 4998 3327 5076 loco
3378 4998 3531 5076 {alea

174 5075 275 5150 ’Ut
314 5078 582 5150 proferat
626 5080 842 5132 verum.
875 5070 1063 5150 Antea
1112 5070 1258 5130 falso
1306 5074 1614 5150 legebatur
1648 5093 1662 5132 ε
1700 5077 1763 5133 Ut
1872 5075 2160 5150 retinetur
2211 5070 2395 5150 hujus
2455 5071 2614 5150 modi
2672 5071 2841 5128 lectio
2875 5090 2888 5127 :
2921 5071 3063 5127 Audi
3089 5086 3267 5143 nuper
3292 5070 3358 5127 de
3385 5070 3535 5131 Mar:
3599 5074 3605 5081 '

121 5144 347 5221 proferat
402 5144 630 5205 remum
674 5150 744 5221 in
781 5164 927 5219 aqua
970 5146 1236 5221 fractum,
1270 5144 1449 5201 videri
1488 5149 1760 5221 porticus,
1873 5148 2052 5221 cionis
2075 5146 2259 5201 schola
2290 5163 2307 5199 :
2336 5146 2437 5201 Vae.
2472 5144 2757 5221 Man'rinu.

122 5214 214 5275 etc:
250 5218 548 5278 Murum.
592 5250 659 5261 —
694 5214 910 5276 Vocem
970 5214 1163 5274 uerum
1214 5222 1435 5274 veteres
1477 5214 1764 5275 editiones
1946 5220 1965 5252 ⁷
2000 5218 2108 5273 Ms.
2142 5218 2601 5275 Consurreximus
2630 5214 2845 5272 Christo
2875 5216 2936 5269 in
2967 5215 3319 5286 baptismate.

125 5291 494 5371 nop_habent.
712 5362 727 5371 ‘
850 5362 860 5371 _
1109 5360 1125 5371 .
1200 5360 1212 5371 .
1238 5362 1252 5371 _
1366 5364 1375 5371 ‘
1947 5291 1970 5371 ξ
2002 5290 2159 5371 idem
2194 5290 2436 5371 Spiritus
2462 5286 3011 5371 pennis'iminutatis,
3033 5284 3156 5371 non
3193 5284 3434 5371 abolitis.

177 5361 481 5435 fVerbum
514 5362 817 5435 appendere
845 5362 907 5417 in
946 5379 1067 5435 ms._
1092 5360 1477 5435 desideratur.
1536 5431 1545 5435 _
1680 5431 1696 5435 Δ
1949 5364 1971 5396 θ
2005 5358 2383 5435 υθηυοᾲὶᾶεω
2415 5375 2529 5435 ms._
2562 5359 2803 5415 Orabunt
2829 5372 2928 5429 pro
2956 5373 3039 5414 eo.
3072 5358 3131 5413 Si
3160 5365 3365 5424 autem,
3395 5360 3529 5424 etc.,

179 5433 200 5468 ⁸
223 5434 323 5492 Oro
351 5440 426 5505 te;
461 5431 717 5492 etc'inc
758 5450 992 5507 quoque
1045 5432 1191 5507 falsa
1243 5437 1368 5487 erat
1414 5431 1586 5488 lectio
1621 5449 1633 5486 :
1664 5431 1767 5488 Oro
1878 5437 2157 5507 renuente
2187 5431 2381 5507 Graeco
2412 5433 2600 5507 textu.

129 5505 186 5573 te,
210 5509 302 5578 qui
346 5498 580 5564 tantum
630 5498 819 5562 contra
866 5498 1330 5578 resurrectionem
1387 5507 1559 5578 sentis
1600 5521 1767 5576 argu-
1952 5505 1994 5578 {0
2026 5500 2523 5578 Desinithichloci
2548 5517 2668 5578 Arne.
2695 5501 2752 5555 S.
2777 5501 2978 5578 Crucis
3007 5498 3532 5578 hac_additaAcl_au-

128 5571 395 5649 "lectoris,
418 5595 497 5635 an
519 5577 845 5650 simpliciter
871 5593 1085 5633 mecum
1111 5576 1372 5646 loqueris.
1406 5571 1693 5631 Murrus.
1879 5575 2011 5632 sula
2041 5594 2053 5650 ς
2090 5573 2341 5645 Explicit
2371 5573 2511 5650 iiber
2541 5574 2861 5650 ttieronynii
2893 5582 3085 5650 contra
3109 5572 3315 5650 dogma
3336 5571 3533 5650 (trige—

182 5643 404 5708 ‘Vetus
465 5643 754 5718 edin-Qui
810 5654 1029 5705 tantum
1081 5643 1276 5703 contra
1305 5651 1765 5704 resurrectionem
1878 5650 1968 5703 nis
2015 5648 2080 5701 de
2126 5643 2538 5718 resurrectione.
2575 5645 2661 5712 Et,
2695 5644 2936 5716 Explicit
2970 5645 3109 5701 liber
3154 5643 3377 5701 Eusebii
3405 5643 3533 5700 Hie-

132 5723 363 5795 sentiens,
389 5716 838 5796 argumentaris,
869 5724 929 5777 ut
947 5720 1094 5778 nihil
1121 5734 1353 5792 meeum,
1385 5722 1494 5776 etc.
1880 5720 2107 5792 ronymi
2134 5717 2200 5775 de
2231 5716 2623 5774 resurrectione
2651 5717 2857 5774 carnis.
