3958 6404
399 384 519 466 ιοτ

1540 410 1549 415 ·
1632 393 1699 469 s.
1745 390 2058 470 EUsEeu
2103 400 2568 469 BIERONYMI.

3666 400 3781 467 (08

400 538 502 597 tus
550 536 758 614 gratia,
789 555 989 598 curam
1036 537 1301 598 omnium
1347 538 1760 611 Ecclesiarum,
1793 540 2045 599 maiime
2072 535 2435 615 Α’ϐἑπατον]
2464 558 2781 615 possumus
2827 541 3037 598 dicere.
3080 540 3193 597 Iste
3239 542 3329 596 est
3364 536 3537 596 homo
3583 537 3778 597 divinas

406 630 537 705 ejus
566 647 693 703 qua
725 631 783 686 in
832 631 1249 704 Hierosolymis
1298 637 1403 700 est,
1433 633 1709 699 sustines,
1742 649 1875 687 cum
1921 632 2043 703 ipse

402 718 679 795 plurimis
708 719 1204 778 sollicitudinibus
1233 721 1498 777 Ecclesia
1527 721 1646 788 Dei,
1682 739 1808 793 qua
1849 722 1957 777 sub
1990 725 2045 776 te

405 812 514 877 est,
565 807 954 881 distringaris.
992 832 1018 860 »
1072 811 1294 866 Laudat
1349 810 1574 878 faciem,
1616 812 1687 865 ad
1734 827 2042 882 personam

404 895 758 970 principium
790 898 993 955 trahit.
1033 899 1115 953 Tu
1152 900 1249 972 qui
1274 899 1507 972 regulas
1538 898 1747 971 quaris
1777 899 2043 954 ecclesia-

402 985 603 1053 sticas,
626 990 683 1042 et
709 986 924 1043 Nicani
950 988 965 1021 ί
995 987 1224 1043 concilii
1256 988 1576 1043 canonibus
1603 988 1804 1053 uteris,
1837 993 1892 1043 et
1913 988 2045 1043 alie-

403 1090 514 1131 nos
571 1075 832 1142 clericos,
908 1079 965 1131 et
1029 1092 1161 1131 cum
1226 1077 1349 1132 suis
1415 1076 1704 1148 episcopis
1786 1093 2042 1132 commo-

402 1167 603 1221 rantes
652 1163 761 1220 tibi
809 1164 1011 1221 niteris
1063 1181 1363 1237 usurpare,
1410 1166 1695 1238 responde
1757 1165 1923 1231 mihi,
1972 1166 2045 1221 ad

403 1251 861 1309 Alexandrinum
883 1254 1220 1325 episcopum
1249 1254 1554 1310 Palaestina
1584 1256 1724 1326 quid
1756 1255 2046 1327 pertinet?

402 1341 474 1400 Ni
503 1341 695 1409 fallor,
724 1342 832 1398 hoc
864 1341 942 1396 ibi
974 1342 1325 1409 decernitur,
1360 1349 1425 1398 ut
1455 1342 1773 1399 Palastina
1832 1349 2045 1399 metro-

401 1430 554 1504 polis
584 1430 830 1487 Casaria
859 1431 952 1499 sit,
984 1434 1041 1488 et
1079 1431 1261 1487 totius
1292 1432 1543 1489 Orientis
1574 1432 1903 1488 Antiochia.
1935 1434 2049 1487 Aut

401 1518 587 1593 igitur
614 1520 685 1575 ad
699 1519 1112 1577 Casariensem
1133 1521 1471 1593 episcopum
1498 1523 1708 1577 referre
1738 1522 2044 1588 debueras,

402 1600 516 1678 eui,
552 1616 743 1681 spreta
789 1610 1201 1665 communione
1266 1613 1386 1677 tua,
1433 1610 1867 1666 communicare
1944 1628 2047 1667 nos

402 1712 691 1763 noveras;
723 1701 825 1752 aut
857 1698 906 1752 si
929 1697 1130 1770 procul
1163 1699 1549 1769 expetendum
1585 1699 1875 1770 judicium
1905 1704 2047 1767 erat,

398 1784 772 1846 Antiochiam
798 1784 991 1857 potius
1023 1785 1223 1842 littera
1254 1786 1590 1859 dirigendae.
1627 1788 1736 1843 Sed
1773 1789 1900 1844 novi
1947 1805 2051 1845 cur

402 1873 739 1940 Casariam,
772 1891 875 1930 cur
903 1874 1270 1930 Antiochiam
1321 1875 1576 1932 nolueris
1607 1878 1856 1933 mittere.
1893 1878 2046 1933 Scie-
2079 1913 2127 1979 B

404 1961 513 2021 bas
543 1963 679 2035 quid
711 1963 962 2036 fugeres,
996 1963 1135 2035 quid
1184 1964 1415 2021 vitares.
1448 1964 1705 2022 Maluisti
1753 1967 2047 2039 occupatis

403 2040 651 2111 auribus
680 2052 1011 2109 molestiam
1044 2053 1444 2125 facere,quam
1468 2054 1734 2110 debitum
1768 2061 2051 2128 metropo-

400 2139 585 2199 litano
632 2144 733 2197 tuo
781 2140 1060 2198 honorem
1111 2143 1371 2199 reddere.
1407 2143 1522 2199 Nec
1556 2144 1665 2200 hoc
1712 2145 1861 2212 dico,
1896 2146 2050 2218 quod

403 2220 614 2304 prater
642 2230 953 2299 amicitias,
985 2247 1112 2303 qua
1144 2232 1533 2305 suspicionem
1566 2236 2050 2306 generant,quid-

403 2334 583 2392 quam
626 2319 687 2375 in
734 2318 1021 2392 legatione
1071 2320 1531 2392 reprehendam;
1566 2323 1666 2377 sed
1716 2322 1854 2394 quia
1897 2324 2049 2395 apud

400 2406 828 2482 interrogantes
860 2409 1050 2481 magis
1070 2413 1126 2464 et
1145 2415 1457 2482 prasentes
1487 2415 1543 2465 te
1573 2427 1823 2484 purgare
1844 2412 2053 2468 debue-

400 2498 506 2555 ris.
542 2516 570 2549 ι
598 2496 811 2553 Misisti
841 2497 1355 2570 religiosissimum
1389 2499 1691 2555 hominem
1736 2501 1835 2555 Dei
1871 2501 2052 2557 Isido-

404 2584 540 2643 rum
579 2586 1021 2658 prasbyterum,
1074 2588 1262 2641 virum
1309 2593 1602 2659 potentem
1644 2591 1770 2660 jam
1814 2607 1879 2645 ex
1925 2591 2054 2661 ipsa

410 2673 682 2731 incessus
712 2679 768 2730 et
797 2674 1037 2731 habitus
1067 2675 1350 2747 dignitate
1406 2694 1582 2749 quam
1607 2678 1813 2732 divina
1841 2678 2051 2734 intelli-

404 2761 636 2837 gentia,
670 2777 873 2818 curare
920 2762 1093 2817 etiam
1146 2778 1265 2827 eos,
1295 2764 1395 2835 qui
1433 2764 1630 2819 animo
1682 2766 2055 2821 vehementer

407 2852 720 2923 agrotant:
742 2850 793 2906 si
827 2854 1023 2905 tamen
1057 2867 1294 2905 sensum
1329 2852 1418 2906 sui
1452 2851 1750 2925 languoris
1779 2853 2051 2908 habeant.

407 2938 595 2998 Homo
649 2938 744 2994 Dei
793 2938 976 2993 mittit
1022 2939 1319 2994 hominem
1374 2940 1494 2996 Dei.
1528 2964 1556 2991 »
1608 2941 1763 2996 Nihil
1815 2943 2056 2998 interest

407 3025 563 3084 inter
591 3026 993 3100 presbyterum
1044 3032 1101 3083 et
1139 3028 1518 3100 episcopum;
1553 3030 1755 3086 eadem
1797 3031 2053 3104 dignitas

408 3114 698 3173 mittentis
744 3120 800 3171 et
843 3115 1010 3171 missi
1048 3134 1060 3184 ;
1096 3115 1206 3171 hoc
1238 3117 1381 3172 satis
1420 3117 1689 3190 imperite
1723 3136 1735 3174 :
1769 3119 1827 3173 in
1860 3123 2054 3191 portu,

409 3207 477 3264 ut
505 3203 738 3273 dicitur,
768 3204 1298 3278 nadfragiuszte
1331 3205 1590 3262 Isidorus
1625 3208 1719 3275 qui
1752 3207 1810 3263 in
1842 3207 2052 3263 calum

2158 633 2557 705 intelligentia
2583 652 2595 699 ;
2629 638 2748 688 tam
2782 637 3007 705 potens,
3040 635 3096 686 et
3125 634 3289 686 tanta
3316 628 3576 686 incessus
3606 646 3668 685 ac
3688 630 3780 686 ha-

2156 722 2315 778 bitus
2364 722 2668 794 dignitate,
2702 726 2766 776 ut
2813 721 2980 793 quasi
3031 718 3353 791 spiritualis
3399 718 3779 792 Hippocrates,

2155 811 2495 883 languorem
2530 811 2859 866 animarum
2896 814 3226 865 nostrarum
3260 825 3366 864 sua
3383 808 3630 880 potuerit
3650 826 3780 881 pra-

2155 900 2343 955 sentia
2374 900 2663 972 mitigare,
2701 900 2748 954 si
2782 904 2974 954 tamen
3009 916 3116 954 nos
3146 896 3504 953 voluerimus
3532 914 3647 952 sua
3677 914 3785 953 me-

2154 988 2357 1043 dicina
2389 989 2772 1060 acquiescere.
2807 992 2977 1043 Curet
3021 1006 3081 1043 se
3129 987 3227 1043 tali
3262 986 3662 1054 medicamine,
3694 986 3785 1058 qui

2154 1077 2327 1133 etiam
2392 1076 2537 1132 alios
2588 1093 2793 1132 curare
2841 1076 3158 1131 consuevit.
3207 1075 3386 1130 Nobis
3451 1074 3643 1129 divina
3693 1072 3786 1129 illa

2156 1164 2562 1237 intelligentia,
2611 1182 2711 1237 pro
2760 1164 2989 1219 Christo
3040 1163 3288 1219 stultitia
3350 1168 3459 1219 est.
3528 1163 3786 1218 Libenter

2155 1260 2358 1309 nostra
2406 1254 2726 1309 rusticitate
2790 1253 3159 1325 languemus,
3207 1271 3277 1308 ne
3330 1251 3563 1325 collyrio
3606 1257 3784 1308 vestro

2156 1344 2336 1414 impie
2361 1343 2552 1398 videre
2586 1343 2904 1398 discamus.
2939 1366 2965 1391 «
3001 1343 3139 1397 Tua
3186 1358 3319 1397 vero
3378 1340 3785 1412 sanctimonia,

2157 1448 2259 1503 pro
2288 1433 2507 1503 optima
2537 1431 2834 1487 voluntate
2863 1430 3033 1503 quasi
3086 1431 3157 1485 ad
3213 1431 3388 1485 finem
3440 1445 3625 1501 usque
3668 1446 3787 1501 per-

2159 1521 2331 1576 ducta
2380 1521 2477 1592 sit,
2510 1521 2895 1593 deprecamur
2924 1519 3241 1575 Dominum
3281 1519 3339 1573 in
3387 1518 3609 1575 sanctis
3656 1517 3790 1574 locis

2160 1614 2325 1665 nocte
2357 1626 2421 1664 ac
2452 1609 2567 1675 die,
2601 1614 2664 1664 ut
2694 1609 2743 1664 ei
2779 1609 2981 1663 reddat
3011 1609 3326 1681 perfectam
3360 1608 3705 1675 mercedem,
3736 1611 3788 1661 et

2159 1714 2434 1753 coronam
2465 1697 2593 1752 vita
2626 1697 2931 1770 largiatur.
2962 1718 2989 1746 η
3026 1700 3195 1752 Recte
3215 1696 3448 1797 gratias
3487 1696 3654 1767 agis;
3687 1694 3793 1750 nisi

2159 1787 2316 1842 enim
2358 1787 2612 1842 venisset
2652 1786 2929 1853 Isidorus,
2963 1790 3023 1841 tu
3064 1785 3123 1840 in
3174 1784 3296 1840 tota
3335 1785 3639 1841 Palastina
3673 1784 3792 1855 jam

2160 1875 2385 1930 fidelem
2419 1875 2679 1931 sodalem
2721 1892 2835 1930 non
2858 1874 3201 1930 invenisses.
3236 1874 3358 1930 Nisi
3405 1873 3505 1930 ille
3546 1873 3649 1929 tibi
3679 1890 3799 1945 pro-

2162 1964 2413 2019 missum
2471 1968 2841 2036 apportasset
2904 1963 3207 2030 auxilium,
3250 1964 3501 2019 hareres
3549 1962 3605 2017 in
3633 1961 3797 2019 turba

2162 2053 2539 2120 rusticorum,
2575 2070 2701 2124 qua
2746 2052 3096 2125 sapientiam
3131 2057 3290 2107 tuam
3334 2052 3660 2125 intelligere
3688 2068 3797 2107 non

2160 2148 2377 2214 posset.
2412 2142 2540 2197 Hac
2571 2142 2699 2215 ipsa
2730 2141 3016 2215 apologia,
3040 2142 3109 2197 de
3141 2159 3257 2214 qua
3286 2158 3444 2197 nunc
3474 2158 3664 2197 sermo
3694 2144 3796 2205 est,

2162 2232 2383 2286 Isidoro
2436 2236 2719 2303 prasente
2757 2235 2812 2286 et
2860 2230 3113 2287 multum
3145 2229 3560 2298 collaborante,
3593 2230 3801 2285 dictata

2160 2323 2267 2385 est,
2302 2324 2366 2375 ut
2397 2321 2549 2375 idem
2574 2324 2731 2376 esset
2761 2323 2817 2375 et
2842 2320 3091 2375 dictator
3114 2324 3168 2374 et
3190 2319 3428 2391 bajulus
3455 2319 3797 2375 litterarum.

2230 2408 2320 2463 39.
2353 2410 2649 2464 Archelaus
2704 2426 2897 2465 comes.
2934 2409 2987 2463 S.
3037 2409 3338 2480 Epiphanii
3390 2408 3708 2479 prudentia.
3737 2436 3803 2448 —-

2162 2522 2189 2547 ‹‹
2224 2502 2362 2552 Cum
2397 2514 2533 2568 ergo
2564 2498 2678 2553 huc
2710 2500 2730 2532 ⁵
2762 2498 3034 2565 venisset,
3078 2502 3135 2553 et
3182 2498 3529 2553 accessisset
3583 2497 3655 2553 ad
3704 2512 3802 2551 nos

2162 2586 2353 2641 tribus
2382 2586 3077 2654 vicibus,etadmovisset
3108 2590 3227 2641 tam
3259 2586 3469 2641 divina
3511 2585 3804 2658 sapientia

2161 2678 2293 2740 tua,
2329 2692 2505 2747 quam
2539 2676 2782 2748 propria
2813 2675 3209 2747 intelligentia
3258 2674 3539 2731 habentia
3581 2673 3806 2730 medici-

2163 2780 2299 2819 nam
2332 2765 2523 2820 verba.
2562 2782 2663 2820 nec
2693 2764 2909 2837 profuit
2937 2763 3131 2831 alicui,
3167 2781 3271 2820 nec
3302 2764 3526 2836 profuit
3562 2764 3615 2819 ei
3644 2763 3806 2836 quis-

2164 2866 2362 2908 auam.
2401 2874 2427 2899 ››
2462 2851 2558 2905 llic
2593 2851 2691 2923 qui
2725 2852 2794 2906 ad
2828 2855 2945 2907 tres
2983 2852 3135 2906 vices
3159 2851 3373 2906 dicitur
3394 2853 3470 2906 ad
3504 2868 3611 2907 nos
3629 2867 3809 2907 acces-

2163 2938 2332 3005 sisse,
2368 2943 2433 2994 ut
2464 2940 2519 2994 in
2556 2940 2838 2995 veniendo
2869 2941 3180 3013 mysticum
3220 2957 3536 3015 numerum
3583 2957 3809 2997 conser-

2162 3031 2456 3100 varet,qui
2488 3029 2789 3102 Theophili
2822 3029 3081 3102 episcopi
3104 3030 3451 3086 mandatum
3476 3031 3631 3087 419
3646 3029 3809 3085 nobis

2163 3115 2531 3188 loquebatur,
2579 3117 2802 3173 litteras
2846 3120 2916 3173 ad
2966 3136 3073 3174 nos
3122 3120 3196 3174 ab
3243 3134 3310 3173 eo
3360 3119 3582 3176 missas
3630 3117 3811 3175 noluit

2164 3205 2423 3260 reddere.
2459 3206 2720 3277 Cumque
2752 3206 3078 3261 diceremus
3111 3223 3123 3261 :
3157 3207 3212 3260 Si
3254 3206 3485 3278 legatus
3515 3225 3602 3277 es,
3634 3207 3814 3263 rudde

416 3291 538 3351 tuis
565 3292 840 3349 laudibus
870 3294 1114 3363 tollitur,
1147 3294 1407 3366 idipsum
1466 3296 1786 3352 infamatur
1814 3296 2056 3352 Alexan-
2090 3278 2133 3345 (ἶ
2170 3292 2479 3364 legationis
2507 3294 2782 3366 epistolas
2817 3313 2828 3349 :
2858 3296 2905 3349 si
2937 3295 3213 3366 epistolas
3269 3312 3382 3350 non
3415 3296 3625 3365 habes,
3667 3313 3813 3368 quo-

416 3380 578 3449 dria,
609 3382 766 3452 quod
810 3384 873 3436 tu
916 3382 1359 3456 Hierosolyma;
1391 3400 1459 3438 ex
1508 3401 1622 3456 quo
1671 3403 1785 3441 non
1833 3386 2059 3459 legatus

419 3468 726 3527 advenisse
754 3469 1004 3539 videtur,
1037 3472 1139 3527 sed
1170 3472 1386 3527 socius.
1418 3472 1688 3545 Alioquin
1720 3480 1777 3530 et
1807 3474 2009 3531 littera
2040 3477 2061 3510 ²

419 3573 600 3613 manu
631 3558 759 3628 ejus
792 3556 1041 3630 scripta,
1078 3576 1203 3631 qua
1235 3564 1367 3616 ante
1408 3565 1525 3616 tres
1558 3578 1788 3618 menses
1819 3561 2056 3635 legatio-

420 3644 514 3703 nis
545 3646 617 3702 ad
650 3663 758 3703 nos
787 3645 1015 3703 directa
1047 3653 1231 3716 erant,
1262 3654 1556 3721 portantes
1587 3666 1841 3707 errorem
1860 3652 2057 3719 3,Vin-

417 3735 608 3793 cantio
641 3735 976 3808 presbytero
1006 3736 1242 3792 reddita
1288 3742 1447 3807 sunt,
1481 3755 1605 3810 qua
1655 3756 1839 3811 usque
1886 3739 2057 3797 hodie

413 3821 585 3881 abeo
642 3827 933 3892 tenentur,
980 3824 1194 3896 quibus
1251 3826 1589 3881 cohortatur
1641 3827 1795 3883 448
1848 3828 2053 3883 ducem

410 3913 694 3970 exercitus
745 3912 860 3983 sui,
892 3917 957 3969 ut
987 3931 1165 3986 super
1214 3919 1439 3987 petram
1485 3915 1639 3983 fidei,
1666 3916 1862 3970 stabili
1922 3934 2053 3986 per-

405 4001 579 4059 sistat
607 4002 815 4075 gradu,
849 4020 952 4059 nec
984 4004 1200 4059 nostris
1253 4003 1456 4060 naniis
1497 4008 1784 4060 terreatur
1811 4007 1851 4061 ‘.
1888 4005 2055 4061 Polli-

404 4094 571 4145 oetur
607 4105 669 4145 se
698 4095 1012 4163 antequam
1046 4091 1353 4165 legationis
1400 4098 1556 4148 esset
1595 4092 1717 4149 ulla
1772 4096 2050 4166 suspicio,

402 4179 718 4233 venturum
762 4178 1245 4253 Hierosolymam,
1277 4187 1335 4236 et
1384 4183 1455 4236 ad
1509 4183 1823 4238 adventum
1875 4201 2049 4240 suum

404 4263 561 4320 illico
592 4266 1063 4323 adversariorum
1095 4286 1312 4325 cuneos
1361 4273 1755 4342 proterendos.
1790 4274 1853 4327 Et
1901 4274 2052 4329 inter

404 4356 612 4410 catera
638 4352 735 4411 his
765 4354 943 4411 etiam
975 4358 1166 4413 verbis
1198 4358 1420 4413 utitur:
1459 4381 1487 4408 ‹‹
1518 4360 1818 4423 Quomodo
1853 4362 2049 4420 fumus

402 4439 464 4498 in
496 4457 627 4498 aere
656 4442 1015 4512 dissolvitur,
1035 4450 1090 4501 et
1122 4463 1253 4502 cera
1283 4448 1353 4503 ad
1387 4448 1657 4504 viciniam
1693 4450 2051 4524 ignislique-

402 4524 516 4587 scit
546 4548 560 4587 :
595 4530 676 4587 ita
733 4531 1179 4605 dissipabuntur
1207 4536 1308 4606 qui
1366 4553 1596 4608 semper
1646 4539 2047 4596 ecclesiastica

2171 3382 2343 3437 modo
2372 3380 2630 3455 legatum
2664 3389 2717 3438 te
2768 3383 3087 3455 probabis?
3116 3383 3438 3455 Respondit
3487 3401 3552 3441 se
3605 3384 3815 3441 habere

2169 3471 2405 3540 quidem
2438 3470 2661 3527 litteras
2692 3472 2763 3527 ad
2797 3489 2902 3527 nos
2937 3489 2949 3526 :
2986 3473 3320 3543 adjuratum
3353 3475 3556 3529 tamen
3586 3475 3661 3530 ab
3682 3473 3808 3529 Hie-

2168 3560 2591 3632 rosolymorum
2625 3559 2914 3632 episcopo,
2949 3578 3019 3616 ne
3068 3562 3236 3616 nobis
3275 3576 3373 3616 eas
3405 3563 3700 3619 redderet.
3731 3561 3814 3617 En

2167 3646 2339 3719 legati
2375 3650 2722 3718 constantia,
2763 3650 2862 3722 qui
2896 3654 2959 3704 ut
3011 3642 3210 3722 pacem
3245 3649 3482 3719 faceret,
3516 3654 3575 3706 et
3622 3648 3814 3721 suspi-

2166 3736 2388 3792 cionem
2452 3737 2511 3792 in
2580 3737 2820 3793 alteram
2895 3742 3116 3811 partem
3187 3738 3393 3793 favoris
3455 3738 3817 3807 excluderet,

2164 3842 2396 3898 aquum
2431 3844 2491 3882 se
2518 3828 2782 3898 utrisque
2811 3827 3035 3884 tribuit.
3069 3829 3137 3883 Et
3166 3828 3305 3900 quia
3335 3828 3463 3883 sine
3494 3826 3815 3901 emplastro

2160 3920 2418 3979 venerat,
2450 3920 2506 3972 et
2549 3916 2909 3971 medicorum
2956 3921 3317 3972 armamenta
3366 3934 3485 3972 non
3538 3917 3813 3983 habebat,

2162 4004 2376 4060 idcirco
2405 4006 2532 4076 ejus
2576 4005 2865 4060 medicina
2909 4022 3024 4061 non
3065 4005 3299 4077 profuit.
3333 4004 3733 4079 Hieronymus
3762 4009 3817 4061 et

2160 4095 2220 4150 hi
2264 4111 2399 4149 cum
2441 4111 2507 4149 eo
2556 4098 2762 4159 sunt,«
2796 4098 2855 4148 et
2895 4099 3115 4149 secreto
3159 4099 3215 4149 et
3262 4111 3459 4150 coram
3510 4094 3815 4162 omnibus,

2161 4182 2633 4254 frequentissime
2688 4187 2743 4237 et
2795 4181 2904 4238 sub
2944 4180 3336 4253 jurisjurandi
3398 4184 3823 4240 testificatione

2160 4272 2304 4327 satis
2334 4271 2386 4326 ei
2418 4271 2699 4339 fecerunt,
2735 4272 2889 4343 quod
2923 4287 3225 4343 nunquam
3258 4272 3329 4353 de
3370 4272 3546 4328 nobis
3578 4272 3687 4345 [AL
3719 4287 3822 4327 vo-

2157 4360 2272 4433 bis]
2305 4360 2748 4432 ambiguitatem
2782 4360 3040 4433 aliquam
3071 4359 3385 4415 habuerint
3416 4361 3590 4429 fidei,
3625 4362 3826 4417 dicen—

2158 4453 2243 4504 tcs
2292 4466 2303 4503 :
2359 4449 2658 4515 Quomodo
2728 4466 2793 4503 eo
2850 4453 3113 4523 tempore
3179 4450 3414 4522 quando
3488 4449 3827 4507 communi-

2158 4540 2439 4593 cabamns
2504 4538 2578 4604 ei,
2645 4554 2800 4593 nunc
2861 4537 3133 4594 similiter
3197 4538 3473 4594 eumdem
3546 4540 3825 4596 affectum

400 4615 537 4708 fidei
560 4621 922 4689 resistentes,
954 4639 1110 4679 nunc
1140 4641 1245 4697 per
1274 4625 1541 4682 homines
1571 4627 1869 4699 simplices
1890 4646 2047 4684 eam-
2079 4644 2126 4708 ι)
2160 4627 2477 4682 habemus6
2507 4628 2577 4681 de
2611 4627 2833 4681 ratione
2856 4626 3273 4682 ﬂdci.»Videte
3306 4627 3444 4700 quid
3483 4628 3674 4685 faciat
3698 4645 3830 4684 con-

399 4705 533 4765 dem
565 4709 741 4766 fidem
774 4710 1099 4784 inquietare
1129 4719 1434 4770 conantur.
1470 4737 1496 4765 ››

467 4796 557 4853 38.
592 4799 751 4871 Rogo
799 4804 874 4869 te,
920 4800 1121 4869 lector,
1164 4804 1265 4874 qui
1331 4803 1440 4858 hoc
1487 4804 1690 4860 scribit
1733 4810 2047 4877 antequam

395 4885 611 4954 veniat,
645 4888 746 4959 qui
785 4888 892 4945 tibi
934 4889 1203 4946 videtur?
1234 4891 1621 4957 adversarius,
1652 4910 1728 4949 an
1776 4893 2050 4967 legatus?

395 4971 512 5032 Iste
540 4977 633 5031 est
662 4990 838 5049 quem
873 4995 981 5035 nos
1013 4978 1347 5050 piissimum
1378 4979 1464 5035 vel
1511 4980 2045 5053 religiosissimum,

394 5064 473 5129 et,
504 5068 573 5119 ut
590 5066 835 5123 verbum
853 5067 1254 5139 exprimamus
1277 5084 1307 5123 e
1331 5069 1526 5136 verbo,
1560 5070 1827 5125 dcicolam
1856 5073 2049 5143 [θεοσε-

436 5288 450 5302 .
470 5220 487 5254 ¹
520 5222 778 5302 Respicit
814 5225 1077 5302 Nicanos
1107 5228 1417 5302 canones6
1446 5231 1503 5282 et
1530 5228 1566 5281 7
1596 5228 1809 5302 quibus
1858 5231 2045 5286 Casa-

400 5298 493 5346 ria
531 5300 644 5369 nen
698 5303 817 5369 tam
862 5298 1261 5369 constituitur,
1294 5315 1471 5369 quam
1522 5298 1836 5355 constituta
1886 5319 2042 5358 reco-

393 5361 697 5444 gnoscitur
722 5366 1041 5423 Palastina
1071 5361 1433 5442 metropolis,
1464 5370 1633 5441 eique
1664 5370 1861 5427 isthac
1900 5391 2041 5447 pra—

394 5438 659 5491 rOIzatIva
689 5438 1090 5491 confirmatur.

394 5445 659 5556 roga‘tllva
689 5445 1090 5521 confirmatur.
1117 5514 1126 5522 '
1716 5515 1724 5525 ⁸

469 5574 489 5588 ἢ
519 5508 869 5588 netusuedit,
902 5511 1162 5588 Alzoqagn
1190 5512 1557 5585 proferantur
1587 5517 1637 5568 et
1681 5515 1897 5569 latera.

467 5574 978 5655 fﬂescribendum
1027 5574 1316 5650 videnlur,
1364 5588 1642 5655 porlanlis
1698 5602 1915 5647 errore;
1940 5589 2039 5642 sed

387 5645 647 5731 {qftasse
671 5649 874 5731 verius
887 5656 1169 5723 portantes
1207 5645 1491 5723 terrorem,
1527 5661 1592 5712 ut
1622 5645 1939 5715 Wastelius
1982 5660 2042 5716 in

390 5715 683 5778 Vindiciis
711 5715 903 5794 putat:

2160 4717 2358 4772 cordia
2404 4717 2770 4787 dogmatum.
2819 4716 3097 4783 Isidorus,
3152 4721 3217 4771 ut
3259 4716 3379 4772 hac
3425 4716 3820 4790 significaret,

2160 4806 2287 4875 ejus
2344 4805 2538 4860 socius
2581 4809 2723 4868 erat,
2758 4804 2930 4860 homo
2978 4806 3074 4861 Dei
3121 4810 3180 4859 et
3231 4806 3541 4877 presbyter
3570 4799 3837 4860 Θεοσεϐἑ-’

2160 4913 2371 4962 στατος,
2396 4898 2455 4949 et
2483 4893 2570 4948 vir
2597 4902 2820 4964 potens,
2853 4898 2909 4948 et
2939 4910 3101 4949 sacro
3149 4910 3214 4948 ac
3261 4894 3589 4950 venerabili
3633 4895 3825 4951 inces-

2158 4988 2321 5050 su,ot
2352 4983 2558 5038 divina
2584 4982 3003 5055 intelligentia,
3027 4987 3084 5038 et
3112 4982 3494 5055 Hippocrates
3528 4982 3821 5039 Christia-

2158 5088 2366 5126 norum
2415 5074 2673 5127 vocatur.
2708 5072 2824 5144 Ego
2873 5070 3139 5127 misellus
3187 5071 3328 5126 dum
3379 5070 3438 5126 in
3490 5070 3826 5129 solitudine

2224 5231 2248 5265 ⁴
2275 5231 2512 5293 Eadem,
2548 5234 2657 5284 Nec
2683 5232 2887 5284 nostris
2912 5232 3079 5285 minis
3115 5234 3444 5287 terreantur.

2226 5303 2318 5356 5P.
2339 5300 2660 5356 Wastelius
2681 5300 2992 5370 legendum
3011 5304 3310 5358 contendit
3328 5303 3397 5358 ad
3421 5318 3543 5369 eos,
3570 5302 3826 5359 minime

2154 5373 2613 5445 suifragantibus
2649 5389 2788 5445 mss.

2221 5447 2242 5479 θ
2275 5442 2434 5500 Idem
2464 5444 2786 5499 Wastelius
2818 5442 2877 5498 in
2909 5443 3206 5501 vetustiori
3240 5446 3497 5516 quadam
3528 5444 3821 5515 edit.legi

2152 5522 2417 5579 testatur,
2435 5517 2575 5569 Tunc
2594 5517 2852 5571 similiter
2878 5515 3127 5587 eumdem
3146 5515 3410 5587 a/I‘ectum
3439 5515 3826 5579 habebamus;

2154 5606 2326 5659 quam
2380 5587 2684 5641 lectionem
2743 5586 2888 5641 tueri
2935 5588 3151 5641 frustra
3198 5586 3460 5655 conatur,
3524 5604 3671 5645 cum
3726 5591 3828 5645 aut

2152 5659 2369 5734 nullus,
2421 5663 2523 5714 aut
2581 5675 2721 5734 sane
2756 5659 3168 5734 _incongruus,
3213 5665 3269 5717 et
3332 5659 3826 5734 Hieronymiana

2150 5731 2332 5789 menti
2364 5730 2691 5789 contrarius
2722 5729 2797 5787 sit
2819 5729 3052 5788 sensus.
