3958 6434
188 398 309 471 109

1295 395 1613 467 CONTRA
1652 395 2027 467 ‘JOANNEM
2070 396 2488 466 HIEROSOL.

3488 370 3613 466 uo

194 535 495 607 delitesco,
528 553 563 595 a
588 539 755 596 tanto
784 536 1059 612 pontiﬁce
1083 542 1319 612 repente
1348 541 1841 610 truncatus,pres—
1869 537 1918 603 Α
2024 537 2111 592 40.
2140 537 2458 593 Pauliliani
2486 535 2760 593 ordinatio
2785 578 2798 593 .
2834 568 2899 580 —
2944 536 3187 605 Quando
3236 540 3432 595 autem
3486 553 3602 599 co:—

195 627 382 702 hyteri
430 644 643 685 nomen
676 627 868 684 amisi.
917 628 987 684 Et
1032 632 1226 684 tamen
1276 629 1387 683 iste
1432 629 1839 700 Hieronymus,

195 735 331 777 cum
381 734 647 791 pannosa
692 719 864 775 turba
912 723 968 774 et
1015 717 1329 773 sordidatis
1367 718 1664 791 gregibus,
1700 716 1841 788 quid

197 809 421 866 Isidoro
460 806 545 862 illi
573 807 856 864 fulmineo
888 806 1268 879 [Aqulmine]
1297 824 1477 862 ausus
1498 810 1587 863 est
1608 823 1844 878 respon-

196 898 379 956 dere?
425 901 498 953 At
546 914 618 954 ne
666 898 813 954 forte
856 897 951 953 ille
1000 914 1117 953 non
1149 898 1377 952 cederet
1405 900 1463 951 et
1489 896 1846 968 opprimeret

195 1005 298 1046 eos
328 986 656 1060 praesentia,
690 991 748 1043 et
778 986 930 1042 mole
978 986 1236 1057 corporis
1286 985 1428 1051 sui‘,
1475 1002 1593 1040 non
1640 984 1842 1052 semel,

1951 630 2119 699 ptum
2148 631 2235 682 est
2268 626 2338 681 de
2369 626 2745 683 ordinatione
2775 625 3187 697 Pauliniani,et
3217 626 3470 688 aliorum
3503 623 3611 700 qui

1952 732 2085 771 cum
2120 732 2185 771 eo
2213 720 2373 783 sunt,
2408 715 2966 784 ventilari,videntes
2992 733 3053 773 se
3084 717 3604 790 reprehendi,cum

1952 808 2188 877 propter
2215 804 2565 861 charitatem
2597 810 2771 878 atque
2804 807 3175 863 concordiam
3220 809 3607 867 concederen-

1954 897 2052 949 tur
2076 893 2161 949 eis
2178 894 2376 949 omnia
2403 894 2546 961 ;hoc
2570 898 2767 951 autem
2782 895 2975 958 solum
2998 898 3614 969 expeteretur,utlicet

1954 984 2028 1039 ab
2058 982 2189 1038 aliis
2215 987 2418 1039 contra
2450 983 2683 1057 regulas
2713 985 2966 1042 ordinati
2997 991 3215 1051 essent,
3244 991 3441 1044 tamen
3469 989 3612 1048 sub,-

198 1093 320 1134 non
349 1077 545 1143 tertio,
578 1076 678 1132 sed
713 1075 1189 1147 frequentissime
1213 1076 1585 1146 juraverunt,
1617 1090 1680 1129 se
1708 1090 1842 1129 eum
1947 1072 2273 1143 jieerentur
2297 1072 2564 1129 Ecclesia:
2614 1074 2755 1142 Dei;
2802 1079 2868 1130 ut
2906 1091 3021 1130 non
3065 1075 3402 1133 scinderent
3451 1094 3608 1144 eam,

195 1165 270 1222 de
295 1182 410 1237 quo
442 1163 688 1236 quazstio
717 1165 1017 1233 erat,scire
1039 1164 1559 1231 orthodoxummec
1582 1180 1843 1235 unquam

196 1255 258 1313 in
291 1254 628 1327 suSpicione
657 1252 937 1309 habuisse
960 1252 1263 1309 haereseos.
1288 1254 1331 1308 Ο
1356 1256 1623 1324 apertum
1653 1253 1846 1323 impu-

196 1346 464 1416 densque
497 1342 902 1399 mendaciuml
940 1359 972 1398 o
1002 1341 1407 1398 testimonium
1457 1357 1560 1413 pro
1610 1358 1691 1409 se,
1746 1357 1849 1395 nec

195 1432 405 1491 Catoni
436 1432 756 1489 creditum!
796 1434 858 1487 In
892 1448 990 1488 ore
1030 1432 1186 1487 enim
1237 1432 1487 1487 duorum
1535 1430 1623 1486 vel
1669 1431 1849 1485 trium

195 1523 442 1580 testium
501 1526 617 1577 stat
674 1537 846 1577 omne
900 1521 1143 1576 verbum
1199 1522 1377 1592 (Deut.
1439 1535 1617 1585 XXVII,
1675 1521 1746 1587 6;
1798 1524 1850 1574 et

197 1612 390 1668 Matth.
448 1628 618 1678 xvm,
677 1611 790 1673 16;
831 1616 887 1665 et
932 1611 981 1665 II
1027 1609 1146 1665 Cor.
1201 1628 1325 1675 xui,
1390 1609 1457 1680 l).
1492 1608 1847 1679 Alicubi[Al.

198 1700 542 1773 aliquando]
576 1715 649 1754 ne
679 1699 922 1765 dictum,
951 1703 1052 1754 aut
1089 1699 1195 1755 tibi
1247 1698 1463 1754 alicubi
1505 1698 1850 1753 mandatum

196 1795 308 1859 est,
357 1790 515 1861 quod
566 1788 694 1843 sine
743 1788 1144 1844 satisfactione
1192 1788 1327 1843 ﬁdei
1372 1787 1849 1843 communionem

194 1885 362 1935 tuam
395 1877 732 1934 subiremus
750 1877 1022 1942 ?Quando
1049 1894 1152 1950 per
1170 1877 1361 1932 virum
1394 1876 1851 1951 disertissimum

196 1973 258 2025 et
286 1965 862 2024 Christianissimum
910 1965 1259 2022 Archelaum
1300 1965 1594 2033 comitem,
1626 1965 1730 2038 qui
1762 1980 1852 2021 se-

197 2061 442 2130 quester
470 2055 632 2129 pacis
661 2059 806 2126 erat,
852 2054 1158 2110 condictus
1206 2054 1370 2111 locus
1420 2054 1653 2111 foederis
1724 2053 1852 2123 fuit,

197 2162 399 2204 nonne
432 2144 542 2202 hoc
571 2144 631 2200 in
663 2145 871 2217 primis
894 2144 1255 2216 postulatum
1278 2149 1460 2213 est,ut
1487 2144 1697 2199 futurae
1718 2160 1851 2200 con-

199 2234 416 2293 cordiae
447 2234 590 2299 fides
604 2234 825 2305 jaceret
855 2233 1576 2289 fundamenta?Pollicitus
1607 2237 1697 2287 est
1725 2248 1853 2288 esse

199 2341 264 2382 se
292 2328 626 2380 venturum.
664 2322 925 2377 Instabat
955 2321 1079 2377 dies
1101 2321 1264 2379 .150
1289 2321 1519 2378 Pascha:
1542 2338 1555 2378 :
1580 2322 1855 2393 frequens

199 2412 630 2469 monachorum
662 2411 838 2466 turba
875 2416 1224 2466 convenerat
1271 2413 1374 2482 [AL
1428 2415 1722 2477 venerat]:
1758 2427 1853 2466 ex-

200 2500 566 2575 spectabaris
589 2498 815 2556 inloco:
847 2498 988 2571 quid
1012 2500 1233 2555 faceres
1266 2500 1855 2571 nesciebas.Repente

200 2590 503 2647 mandasti
516 2594 798 2662 aegrotare
820 2589 1016 2645 nescio
1031 2605 1211 2660 quam
1230 2588 1356 2645 :illo
1371 2590 1463 2645 die
1484 2594 1539 2645 te
1553 2605 1666 2644 non
1686 2605 1856 2661 posse

201 2682 425 2738 venire.
462 2679 723 2735 Ludione
755 2696 829 2733 an
859 2677 1170 2750 episcopus
1214 2678 1333 2733 hanc
1364 2678 1672 2751 loquitur?
1703 2678 1856 2734 Pone

200 2785 410 2827 verum
442 2785 570 2825 esse
600 2767 754 2840 quod
786 2759 955 2835 dicis,
978 2771 1226 2838 propter
1272 2766 1450 2822 unius
1500 2766 1855 2822 muliercula:

201 2857 550 2922 delicias,ne
580 2861 635 2912 te
665 2856 903 2912 absente
934 2854 1129 2911 doleat
1152 2856 1659 2928 caput,fastidium
1684 2857 1858 2912 susti-

201 2951 365 3015 neat,
395 2945 698 3003 stomacho
725 2944 1395 3018 perfrigescat,Ecclesize
1418 2963 1653 3001 causam
1677 2945 1859 3018 negli—

202 3036 331 3111 gis‘?
351 3040 438 3092 tot
472 3035 754 3102 virorum,
781 3038 839 3089 et
861 3032 1323 3090 Christianorum
1356 3039 1413 3089 et
1435 3034 1857 3090 monachorum

204 3124 542 3183 contemnis
570 3122 995 3195 presentiam’?
1016 3122 1325 3179 Noluimus
1356 3124 1722 3180 occasionem
1755 3124 1857 3178 da-

202 3232 268 3272 re
303 3233 317 3271 :
353 3213 701 3270 videbamus
731 3213 887 3268 enim
919 3212 1220 3284 stropham
1254 3212 1553 3268 dilationis
1584 3217 1718 3278 tuae,
1767 3212 1857 3267 in-

1958 1166 2133 1234 atque
2163 1162 2462 1235 proprium
2493 1162 2604 1219 sibi
2655 1164 2910 1220 facerent
2939 1164 3336 1238 principatum
3365 1185 3378 1222 :
3413 1166 3472 1221 in
3504 1166 3614 1223 hoc

1959 1267 2074 1306 non
2109 1250 2569 1323 acquiescentes,
2604 1256 2906 1324 cmperunt
2935 1269 3258 1325 proponere
3289 1256 3361 1311 de
3389 1255 3529 1325 ﬁde,
3560 1259 3617 1313 et

1960 1340 2236 1395 omnibus
2269 1344 2473 1395 notum
2507 1340 2875 1412 facere,quod
2907 1341 2955 1396 si
2988 1358 3104 1397 non
3138 1350 3527 1416 arguerentur
3554 1344 3616 1402 hi

1961 1427 2062 1501 qui
2095 1445 2229 1484 cum
2262 1428 2612 1500 Hieronymo
2642 1430 2977 1503 presbytero
3006 1435 3192 1499 erant,
3227 1430 3376 1487 nihil
3408 1432 3616 1506 culpa-

1959 1522 2089 1574 rent
2120 1517 2179 1572 in
2209 1518 2400 1573 nobis.
2434 1518 2531 1572 Sin
2565 1523 2763 1574 autem
2794 1523 3180 1592 arguerentur
3209 1521 3423 1578 erroris
3457 1522 3613 1580 451

1962 1612 2019 1663 et
2050 1606 2253 1679 culpae,
2289 1624 2421 1662 cum
2451 1606 2686 1679 penitus
2730 1625 2843 1663 non
2896 1612 3115 1680 queant
3164 1609 3233 1665 de
3282 1609 3619 1669 istiusmodi

1962 1696 2388 1769 quaestionibus
2418 1697 2742 1769 disputare,
2777 1697 3236 1754 satisfactionem
3280 1699 3455 1756 errati
3485 1717 3620 1774 pro-

1961 1786 2072 1858 prii
2105 1802 2220 1841 non
2252 1785 2637 1851 invenientes,
2673 1787 2742 1842 ad
2768 1786 2881 1842 ista
2910 1787 3327 1860 confugerent:
3362 1805 3478 1845 non
3502 1807 3619 1862 quo

1965 1878 2269 1947 sperarent
2299 1891 2405 1930 nos
2439 1890 2612 1947 posse
2642 1874 2929 1943 convinci,
2962 1876 3064 1933 sed
3092 1877 3311 1933 famam
3357 1862 3621 1936 nostram

1964 1963 2174 2020 laedere
2206 1963 2554 2021 niterentur.
2590 1985 2618 2013 »

2038 2053 2126 2109 41.
2160 2054 2544 2109 Paulinzanus
2571 2054 2859 2127 presbyter
2890 2053 3060 2127 Cypri
3093 2056 3437 2113 versabatur.
3489 2059 3623 2114 Hie-

1963 2158 2237 2214 ronymus
2281 2143 2569 2199 ordinatus
2615 2160 2650 2199 α
2699 2145 2960 2200 Paulino.
3014 2176 3077 2185 —
3141 2147 3307 2212 Quod
3351 2147 3625 2220 perplexa

1963 2232 2151 2287 oratio
2186 2236 2296 2298 est,
2337 2249 2508 2289 nemo
2563 2231 2797 2288 vitium>
2827 2232 3326 2306 interpretationis
3384 2240 3551 2308 putet
3579 2237 3620 2291 ³.

1962 2320 2122 2376 Talis
2154 2320 2309 2377 enim
2340 2326 2398 2377 et
2426 2321 2623 2377 Graeca
2652 2325 2758 2377 est.
2794 2320 3034 2378 Interim
3066 2339 3173 2396 ego
3202 2325 3430 2396 gaudeo
3464 2326 3622 2397 quod

1967 2410 2064 2481 qui
2099 2426 2191 2465 me
2222 2409 2575 2466 decollatum
2609 2411 2913 2482 putabam,
2946 2411 3140 2468 subito
3182 2413 3329 2468 mihi
3372 2414 3612 2486 presby-

1964 2498 2091 2554 terii
2121 2504 2298 2571 caput
2326 2498 2490 2555 video
2520 2499 2866 2571 repositum.
2895 2499 3048 2556 Dicit
3068 2518 3177 2558 nos
3208 2502 3447 2559 omnino
3477 2519 3618 2560 con-

1966 2587 2120 2643 vinci
2152 2605 2268 2644 non
2301 2593 2558 2660 posse,et
2587 2588 2783 2645 venire
2814 2588 2885 2645 ad
2920 2588 3186 2660 praelium
3211 2591 3622 2663 perhorrescit.

1965 2676 2023 2733 Si
2055 2694 2232 2733 causa
2261 2678 2566 2733 discordiae
2599 2694 2717 2734 non
2763 2695 2831 2733 ex
2890 2679 3263 2736 dissensione
3319 2681 3454 2737 ﬁdei
3515 2688 3624 2751 est,

1967 2767 2068 2822 sed
2098 2784 2167 2822 ex
2198 2766 2547 2836 Pauliniani,
2583 2772 2646 2823 ut
2693 2767 2864 2839 dicis,
2904 2769 3278 2826 ordinatione
3306 2770 3628 2844 descendit,

1967 2873 2095 2929 quae
2124 2860 2287 2912 tanta
2318 2856 2567 2912 stultitia
2600 2860 2689 2912 est
2720 2857 3058 2914 volentibus
3081 2859 3447 2921 occasionem
3469 2863 3629 2931 dare,

1968 2944 2121 3001 nolle
2151 2947 2504 3019 respondere
2524 2947 2552 3001 ?
2582 2946 2885 3003 Conﬁtere
2915 2948 3089 3003 ﬁdem
3119 2967 3131 3016 ;
3156 2950 3257 3005 sed
3288 2953 3484 3007 tamen
3516 2968 3633 3008 res-

1968 3035 2157 3106 ponde
2188 3036 2345 3107 qund
2377 3036 2681 3107 qumreris,
2717 3040 2781 3091 ut
2816 3036 3096 3094 omnibus
3126 3037 3339 3105 luceat,
3392 3057 3511 3111 non
3555 3041 3627 3096 de

1970 3124 2104 3189 ﬁde,
2139 3126 2241 3180 sed
2275 3125 2345 3180 de
2378 3125 2745 3180 ordinatione
2786 3141 2917 3181 esse
2969 3130 3285 3182 certamen.
3336 3128 3628 3192 Quamdiu

1969 3213 2125 3269 enim
2158 3213 2551 3286 interrogatus
2582 3214 2653 3269 de
2692 3214 2805 3269 ﬁde
2837 3215 3111 3281 tacueris,
3147 3220 3336 3287 potest
3369 3216 3471 3272 tibi
3523 3218 3627 3274 ad-
3678 3244 3699 3263 ο

193 3304 423 3377 juriam
457 3300 736 3373 patientia
754 3290 1317 3358 vicimus.Rescribit
1339 3302 1608 3373 [Al.quod
1632 3301 1858 3373 scribit]
1889 3289 1933 3354 C
1973 3301 2267 3357 versarius
2299 3302 2525 3358 dicere:
2558 3302 2686 3358 Non
2724 3306 2814 3358 est
2863 3303 3250 3361 ordinationis
3296 3322 3476 3362 causa
3519 3306 3621 3362 sed

200 3391 786 3450 Archelaus:monet
825 3388 1004 3446 altero
1052 3395 1108 3446 et
1140 3391 1308 3446 tertio
1353 3390 1445 3446 die
1502 3407 1753 3458 manere,
1809 3390 1859 3447 si

198 3481 380 3539 vellet
411 3482 517 3552 [Αι.
553 3480 602 3536 si
635 3478 833 3551 velles]
864 3480 1081 3535 venire.
1114 3483 1185 3534 At
1214 3479 1310 3535 ille
1340 3485 1657 3552 occupatus
1683 3497 1695 3534 :
1724 3497 1857 3535 mu-

199 3570 453 3629 liercula
481 3568 638 3626 enim
669 3584 901 3624 vomere
932 3585 1047 3625 non
1083 3568 1367 3624 cessavit:
1402 3570 1544 3624 dum
1577 3586 1857 3625 nauseam

200 3660 511 3726 evasisset,
536 3656 719 3715 nostri
753 3657 985 3730 penitus
1017 3657 1239 3714 oblitus
1269 3659 1523 3714 est.Post
1545 3660 1695 3714 duos
1723 3674 1859 3730 ergo

202 3765 443 3807 menses
473 3748 712 3804 tandem
744 3750 1113 3819 exspectatus
1144 3748 1302 3803 venit
1334 3747 1722 3820 Isidorus,qui
1744 3765 1857 3803 non

206 3845 278 3896 nt
305 3843 373 3894 tu
398 3838 708 3911 ﬁngis,pro
730 3841 787 3891 te
826 3832 1362 3905 testimonium,sed
1394 3854 1630 3893 causam
1657 3854 1862 3910 possu-

205 3929 344 3986 latae
376 3925 792 4003 satisfactionis
831 3925 1070 3980 audivit.
1103 3925 1250 3981 Cum
1282 3925 1436 3982 enim
1461 3926 1740 3997 objiceret
1766 3942 1863 3981 no-

209 4017 329 4085 bis,
362 4031 543 4088 quare
572 4014 623 4071 ei
654 4013 1214 4082 communicastis,si
1245 4014 1551 4071 haereticus
1573 4014 1737 4070 erat?
1753 4031 1861 4070 au-

204 4106 362 4164 divit
389 4105 463 4161 ab
493 4103 1365 4171 omnibus,communicavimus
1396 4103 1540 4159 nihil
1563 4104 1633 4158 de
1654 4102 1863 4160 haeresi

200 4193 935 4268 suspicantes.Postquam
949 4208 1127 4248 veroa
1157 4193 1328 4249 beato
1355 4210 1506 4266 papa
1535 4192 1860 4265 Epiphanio

199 4288 551 4351 conventus,
581 4286 701 4339 tam
729 4299 1019 4349 sermone,
1055 4300 1231 4355 quam
1266 4282 1863 4355 litteris,respondere

199 4371 597 4445 contempsit:
633 4371 860 4428 cunctis
890 4370 1196 4427 monachis
1218 4374 1290 4428 ab
1308 4373 1510 4428 eodem
1535 4371 1860 4445 Epiphanio

199 4464 429 4536 scripta
448 4464 829 4530 venerunt,ut
842 4461 1067 4532 absque
1086 4460 1485 4518 satisfactione
1500 4459 1863 4529 ﬁdei,nullus

194 4553 255 4611 ei
281 4556 508 4609 temere
556 4548 1037 4606 communicaret.
1074 4550 1289 4606 Praesto
1320 4555 1461 4606 sunt
1492 4549 1723 4616 litteris,
1757 4567 1862 4605 nec

1970 3389 2124 3446 ﬁdei.
2158 3392 2218 3447 Si
2247 3392 2633 3447 ordinationis
2667 3408 2847 3448 causa
2878 3397 2986 3458 est,
3028 3393 3206 3450 stulte
3237 3394 3380 3451 facis
3411 3395 3481 3451 de
3511 3395 3626 3452 ﬁde

1970 3480 2360 3554 interrogatus
2383 3484 2593 3537 tacere.
2623 3480 2694 3537 Si-
2722 3481 2879 3552 ﬁdei,
2914 3481 3094 3539 stulte
3126 3483 3629 3557 praetendisordi-

1970 3570 2289 3626 nationem.
2323 3571 2499 3626 Porro
2531 3571 2686 3643 quod
2715 3571 2863 3627 dicis
2894 3576 2949 3626 te
3003 3571 3218 3645 petisse
3265 3576 3329 3629 ut
3371 3573 3628 3646 subjice-

1969 3663 2174 3714 rentur
2206 3659 2477 3717 Ecclesiae
2504 3659 2628 3729 Dei,
2663 3664 2728 3716 ut
2758 3677 2874 3717 non
2917 3661 3254 3718 scinderent
3311 3679 3465 3732 eam,
3521 3679 3624 3719 ne-

1969 3765 2082 3821 que
2112 3749 2415 3822 proprium
2446 3750 2555 3806 sibi
2590 3750 2848 3806 facerent
2877 3750 3298 3823 principatum,
3352 3752 3424 3808 de
3480 3751 3615 3824 qui-

1970 3838 2081 3893 bus
2113 3838 2298 3904 dicas,
2329 3855 2444 3894 non
2503 3838 2648 3895 satis
2705 3838 2991 3912 intelligo.
3052 3839 3109 3894 Si
3169 3840 3241 3895 de
3300 3855 3393 3894 me
3442 3840 3626 3896 etde

1970 3927 2309 3999 presbytero
2328 3927 2692 3995 Vincentio‘,
2728 3928 2873 3984 satis
2901 3926 3089 3985 multo
3149 3928 3421 3984 dormisti
3474 3932 3624 3985 tem-

1970 4031 2130 4087 pore,
2193 4015 2294 4088 qui
2346 4020 2479 4087 post
2534 4033 2715 4073 annos
2762 4016 3064 4083 tredecim,
3132 4033 3288 4073 nunc
3337 4017 3624 4087 excitatus

1971 4103 2090 4160 haec
2121 4103 2400 4176 loqueris.
2435 4105 2519 4161 0b
2551 4105 2610 4160 id
2641 4105 2798 4161 enim
2829 4111 2887 4161 et
2910 4121 3016 4179 ego
3046 4105 3506 4178 Antiochiam,et
3524 4106 3623 4163 ille

1970 4193 2560 4267 Constantinopolim,
2590 4195 2764 4251 urbes
2788 4193 3203 4252 celeberrimas
3235 4196 3622 4263 deservimus,

1970 4300 2085 4339 non
2126 4287 2193 4338 ut
2220 4286 2277 4339 te
2310 4282 2368 4339 in
2401 4282 2633 4356 pepulis
2666 4284 3081 4357 pradicantem
3113 4283 3621 4355 laudaremus,sed

1973 4375 2036 4428 ut
2065 4371 2123 4426 in
2157 4372 2314 4445 agris
2364 4377 2421 4428 et
2460 4373 2517 4428 in
2574 4373 2889 4430 solitudine
2937 4374 3338 4432 adolescentia:
3388 4381 3626 4449 peccata

1970 4461 2272 4529 deﬁentes,
2309 4461 2526 4519 Christi
2558 4464 2616 4518 in
2652 4480 2759 4520 nos
2790 4463 3250 4521 misericordiam
3284 4465 3621 4522 deﬂectem—

1971 4568 2125 4607 mus.
2159 4552 2257 4607 Sin
2289 4553 2589 4608 autem'de
2613 4553 2961 4610 Pauliniano
2992 4554 3099 4609 tibi
3123 4570 3316 4610 sermo
3347 4552 3623 4620 est,vides

189 4656 386 4715 super
413 4640 523 4696 hac
554 4656 616 4695 re
636 4639 893 4695 dubitari
918 4640 1267 4711 potest.Ha:c
1299 4643 1439 4696 sunt
1460 4656 1591 4711 quae
1612 4640 1860 4695 fratrum
1892 4663 1939 4727 Ι)
1971 4658 2106 4698 eum
2139 4642 2410 4713 episcopo
2441 4658 2547 4697 suo
2580 4658 2709 4698 esse
2755 4642 3107 4713 subjectum,
3153 4641 3371 4699 versari
3428 4641 3618 4715 Cypri,

186 4732 380 4789 turba
410 4727 732 4801 respondit,
766 4745 881 4785 non
913 4734 977 4784 ut
1008 4733 1069 4784 tu
1101 4730 1553 4802 argumentaris,
1614 4744 1682 4784 ex
1706 4745 1773 4785 eo
1805 4733 1860 4784 te

188 4837 319 4877 non
347 4832 479 4876 esse
508 4817 1021 4891 haereticum,quia
1048 4817 1365 4890 aliquando
1398 4836 1514 4875 non
1536 4818 1730 4875 dictus
1750 4818 1856 4874 sis.

200 4908 328 4966 Hac
360 4906 515 4964 enim
548 4906 772 4963 ratione
802 4910 1083 4979 aegrotare
1125 4924 1241 4963 non
1285 4906 1538 4976 debebit,
1590 4908 1692 4980 qui
1725 4911 1859 4963 ante

191 4996 649 5072 ogrotationem
680 5012 863 5054 sanus
895 4995 1023 5050 fuit.

270 5180 288 5214 ¹
317 5176 399 5233 Ex
430 5191 633 5233 eorum
655 5192 865 5249 nempe
896 5177 1022 5249 erat
1054 5173 1324 5249 Isidorus
1345 5190 1579 5249 genere,
1625 5176 1723 5249 qui
1785 5178 1857 5233 ob

187 5252 439 5308 staturas
469 5246 877 5320 proceritatem
909 5248 1119 5320 fratres
1151 5247 1330 5320 Longi
1354 5246 1501 5303 dicti
1528 5246 1859 5315 sunt,Dios-

186 5338 374 5381 corus
406 5318 639 5394 neimpe,
678 5318 1047 5394 Ammonius,
1070 5390 1082 5394 _
1111 5318 1418 5394 Eusebius,
1479 5320 1854 5394 Euthymius,

185 5390 974 5479 Quorumin'ecclesiastica
1025 5390 1273 5447 historia
1320 5391 1608 5448 memoria
1640 5390 1856 5450 'notis-

185 5482 371 5524 sima.

263 5539 287 5573 ²
316 5535 501 5591 Vetus
533 5534 673 5591 edit.
705 5535 769 5590 Et
799 5536 1189 5591 monachorum
1214 5536 1549 5600 patientiam
1582 5543 1790 5593 tentes.

261 5611 285 5644 ³
315 5608 532 5681 Eadem
560 5605 741 5681 Vetus
773 5606 909 5681 edit.
954 5607 1154 5662 Vitium
1203 5608 1649 5678 interpretatoris
1701 5613 1856 5681 putet

184 5680 261 5739 Et
287 5678 469 5754 paulo
498 5681 652 5754 post.
685 5679 835 5735 Dicis
863 5695 955 5737 vos
984 5680 1229 5747 omnino,
1260 5684 1395 5749 etc.,
1413 5683 1471 5736 et
1497 5678 1855 5754 consequen-

184 5758 281 5813 ter
290 5751 699 5828 ~perhorrescis.
1370 5772 1375 5777 -

1971 4730 2043 4786 ad
2104 4729 2495 4786 visitationem
2564 4735 2829 4786 nostram
2888 4730 3184 4786 interdum
3237 4728 3453 4797 venire,
3504 4747 3620 4787 non

1970 4824 2037 4875 ut
2065 4822 2255 4887 tuum,
2316 4818 2417 4874 sed
2467 4822 2530 4874 ut
2579 4816 2877 4873 alienum:
2928 4819 3057 4890 ejus
3104 4817 3394 4885 videlicet,
3443 4834 3621 4891 aquo

1971 4909 2275 4964 ordinatus
2308 4910 2415 4963 est.
2452 4908 2613 4973 Quod
2647 4906 2697 4963 si
2728 4906 2825 4962 hic
2857 4906 3030 4962 etiam
3046 4924 3177 4962 esse
3201 4905 3468 4974 voluerit,
3484 4907 3621 4964 etin

1968 4997 2172 5054 exsilio
2206 5001 2406 5053 nostro
2438 4995 2676 5069 quietus
2709 4995 2767 5051 in
2791 4994 3106 5051 solitudine
3129 4994 3617 5067 viverc,quid-tlbi

2037 5177 2059 5210 ‘
2089 5178 2413 5247 Presbytero
2460 5176 2759 5241 Vincentio,
2818 5173 2944 5228 Non
3003 5171 3165 5247 legas
3223 5175 3621 5240 Innocentium,

1968 5248 2070 5304 sed
2104 5245 2447 5304 Vincentium
2470 5267 2488 5303 :
2516 5248 2601 5319 uti
2630 5250 2995 5319 compertum
3028 5245 3199 5319 nobis
3229 5249 3318 5300 est
3345 5262 3415 5302 ex
3445 5263 3625 5319 supra

1968 5320 2159 5385 dictis,
2193 5325 2248 5374 et
2279 5337 2345 5375 ex
2376 5319 2547 5376 tertio
2581 5318 2731 5373 libro
2767 5316 3047 5373 adversus
3076 5318 3378 5385 Ruﬁnum,
3405 5316 3505 5373 ubi
3522 5316 3623 5375 'di—

1967 5392 2125 5447 citur
2154 5392 2526 5447 Vincentium
2562 5391 2618 5446 in
2654 5394 2823 5447 portu
2858 5388 3119 5445 Romano
3163 5406 3369 5446 navem
3419 5407 3625 5447 ascen-

1965 5463 2123 5519 disse
2155 5480 2425 5519 securum
2463 5478 2599 5518 cum
2637 5461 2989 5533 Hieronymo
3023 5461 3482 5536 Hierosolymam
3530 5480 3624 5536 re:

1966 5536 2197 5607 deunte.
2229 5542 2271 5589 Α
2320 5551 2434 5607 quo
2486 5538 2685 5607 autem
2737 5539 2997 5605 tempore
3054 5533 3440 5607 numerentur
3486 5533 3624 5591 anni

1964 5606 2265 5672 tredecim,
2286 5605 2371 5679 ide
2402 5605 2617 5679 quibus
2642 5621 2811 5679 nunc
2834 5621 3029 5661 sermo
3060 5611 3167 5674 est,
3200 5606 3334 5663 alibi
3361 5606 3625 5665 dicemus

1961 5680 2023 5751 in
2054 5680 2218 5737 Notis
2250 5676 2709 5753 chronologicis.
2742 5680 3024 5735 MARTIAN.
