3958 6388
322 347 436 416 ιη

1562 344 1626 411 S.
1667 341 1982 411 EUSEBII
2024 340 2490 413 BIERONYMI.

3599 337 3722 403 us
3783 323 3786 326 ’

326 487 516 558 debet,
549 482 665 543 nisi
695 484 976 543 honorem
1005 499 1182 557 quem
1213 484 1487 542 omnibus
1515 483 1797 540 debemus
1817 481 1965 550 epis-
1993 483 2050 550 Α
2079 483 2180 556 qui
2211 487 2268 540 te
2293 483 2658 551 oﬁ'enderit,a
2687 480 2916 538 Christo
2947 478 3278 538 excluditur
3296 475 3396 536 ’ἲΒὶ
3417 473 3720 551 proprium

325 575 537 651 copis?
571 577 676 632 Fac
710 580 828 632 ate
867 575 1243 631 ordinatum:
1288 574 1441 630 idem
1493 575 1564 630 ab
1609 589 1674 629 eo
1723 574 1964 639 audies;

327 666 485 737 quod
517 682 550 721 a
580 682 671 721 me
705 663 931 720 misello
963 663 1198 720 homine
1229 670 1440 720 sanctae
1471 663 1762 719 memoriae
1813 662 1965 719 452

323 755 633 827 episcopus
664 753 946 809 Paulinus
979 753 1217 808 audivit.
1253 777 1280 802 «
1316 754 1467 808 Num
1529 752 1720 825 rogavi
1775 757 1851 817 te,
1905 756 1969 806 ut

323 844 668 900 ordinarer?
697 842 758 898 Si
789 843 874 898 sic
906 843 1332 915 presbyterium
1373 842 1608 906 tribuis,
1659 845 1722 896 ut
1770 857 1967 896 mona-

321 933 498 989 chum
525 931 694 988 nobis
726 949 842 988 non
875 932 1126 1001 auferas,
1154 935 1218 988 tu
1249 931 1463 987 videris
1494 932 1563 987 de
1587 930 1812 1002 judicio
1843 935 1962 986 tuo.

320 1023 421 1078 Sin
452 1026 649 1078 autem
683 1021 792 1076 sub
825 1021 1060 1076 nomine
1091 1021 1411 1094 presbyteri
1445 1019 1602 1076 tollis
1634 1019 1799 1086 mihi,
1835 1036 1964 1090 pro-

322 1116 449 1184 pter
486 1112 641 1183 quod
700 1110 982 1166 saeculum
1045 1109 1351 1182 dereliqui,
1411 1127 1515 1182 ego
1572 1109 1756 1164 habeo
1810 1108 1963 1180 quod

321 1216 553 1272 semper
582 1199 758 1254 habui
794 1215 806 1253 :
838 1197 1063 1254 nullum
1097 1198 1468 1270 dispendium
1510 1199 1567 1252 in
1603 1197 1965 1252 ordinatione

321 1305 534 1360 passus
563 1305 646 1344 es.
687 1311 712 1335 ))

391 1378 479 1430 42.
515 1379 883 1448 (.‘ompctcntes
915 1379 973 1430 in
1007 1377 1264 1431 Ecclesia.
1290 1379 1365 1432 Ab
1396 1393 1557 1447 specu
1590 1377 1809 1430 Domini
1833 1391 1963 1446 pro-

319 1465 522 1520 hibitus
567 1466 948 1536 Hieronymus.
1007 1496 1074 1506 —-
1109 1485 1136 1517 ι
1186 1465 1257 1520 Ut
1306 1482 1420 1520 non
1472 1464 1825 1530 scinderent,
1878 1464 1964 1517 in-

317 1553 464 1623 quit,
498 1569 649 1620 eam,
684 1569 877 1625 neque
909 1554 1210 1626 proprium
1243 1553 1355 1609 sibi
1386 1553 1640 1608 facerent
1671 1551 1967 1624 principa-

315 1644 464 1697 tum.
498 1663 526 1692 »ι
560 1642 701 1706 Quis
731 1642 948 1697 scindit
981 1641 1297 1698 Ecclesiam
1320 1642 1745 1713 ?Nos,quorum
1773 1641 1964 1696 omnis

317 1731 531 1786 domus
561 1729 856 1785 Bethleem
885 1731 943 1784 in
984 1729 1242 1785 Ecclesia
1289 1729 1680 1786 communicat
1697 1730 1725 1784 ‘?
1769 1732 1854 1785 An
1903 1735 1964 1784 tu

318 1819 434 1916 qui
449 1824 552 1874 aut
580 1819 725 1874 bene
756 1819 968 1916 cred-is,
1001 1823 1058 1916 et
1087 1820 1336 1916 superbe
1368 1820 1439 1875 de
1473 1820 1584 1874 ﬁde
1642 1825 1837 1874 taces:
1865 1823 1967 1874 aut
2002 1851 2048 1916 Β

318 1907 493 1977 male,
545 1911 602 1962 et
643 1923 773 1962 vere
825 1907 1046 1963 scindis
1097 1906 1454 1963 Ecclesiam?
1493 1913 1608 1963 Nos
1641 1908 1969 1964 scindimus

320 1995 658 2063 Ecclesiam,
710 1995 811 2067 qui
875 2000 1011 2051 ante
1080 2013 1297 2068 paucos
1366 2014 1597 2052 menses
1647 1997 1798 2051 circa
1845 1998 1967 2052 dies

319 2085 716 2149 Pentecostes,
750 2100 882 2139 cum
939 2085 1250 2141 obscurato
1299 2084 1439 2153 sole,
1487 2086 1680 2141 omnis
1711 2087 1966 2141 mundus

310 2174 683 2246 jamjamque
711 2177 1023 2228 venturum
1047 2174 1310 2245 judicem
1341 2175 1697 2241 formidaret,
1725 2175 1969 2246 quadra-

320 2263 492 2335 ginta
538 2262 780 2317 diversas
825 2262 1012 2317 sitatis
1061 2267 1118 2318 et
1167 2279 1361 2331 sexus,
1430 2265 1802 2336 praesbyteris
1849 2265 1968 2320 tuis

319 2351 645 2408 obtulimus
676 2352 1056 2424 baptizandos
1079 2353 1106 2408 ?
1137 2353 1202 2407 Et
1231 2358 1384 2408 certe
1425 2354 1682 2425 quinque
1730 2355 1967 2426 presby-

323 2440 431 2497 teri
461 2444 630 2497 erant
672 2440 732 2494 in
784 2440 1158 2508 monasterio,
1212 2443 1310 2513 qui
1362 2459 1467 2497 suo
1511 2443 1644 2513 jure
1702 2448 1968 2514 poterant

321 2530 651 2602 baptizare:
687 2530 788 2585 sed
817 2529 1132 2586 noluerunt
1163 2531 1486 2602 quidquam
1519 2536 1718 2587 contra
1750 2537 1966 2587 stoma-

322 2619 500 2674 chum
532 2621 702 2673 tuum
736 2618 942 2684 facere,
976 2636 1047 2674 ne
1077 2624 1136 2674 et
1160 2619 1281 2675 haec
1313 2619 1416 2674 tibi
1448 2620 1519 2674 de
1548 2621 1660 2676 ﬁde
1693 2619 1967 2676 reticendi

323 2708 563 2763 daretur
591 2706 839 2763 occasio.
870 2711 956 2762 An
988 2724 1103 2762 non
1149 2713 1212 2763 tu
1264 2709 1459 2780 potius
1504 2709 1724 2765 scindis
1775 2708 1967 2766 Eccle-

325 2794 495 2863 siam,
529 2795 631 2868 qui
680 2796 1001 2868 praecepisti
1055 2796 1351 2852 Bethleem
1401 2798 1752 2869 presbyteris
1801 2798 1964 2854 tuis:

327 2901 400 2941 ne
439 2884 906 2956 competentibus
958 2885 1174 2941 nostris
1220 2886 1279 2941 in
1327 2887 1552 2941 Pascha
1607 2887 1966 2958 baptismum

325 2973 642 3039 traderent,
672 2989 822 3043 quos
855 2990 961 3029 nos
992 2974 1312 3046 Diospolim
1363 2975 1574 3047 (Lidda)
1623 2977 1691 3034 ad
1744 2978 1968 3032 confes-

326 3077 519 3117 sorem
552 3064 608 3116 et
637 3061 978 3133 episcopum
997 3063 1268 3119 misimus
1290 3064 1628 3136 Dionysium
1647 3067 1660 3100 ¹
1677 3066 1971 3137 baptizan-

327 3149 827 3206 dos?Ecclesiam
863 3151 1129 3226 scindere
1178 3152 1450 3219 dicimur,
1500 3155 1599 3225 qui
1650 3158 1811 3209 extra
1857 3155 1969 3210 cel-

2077 573 2448 630 defendimus
2482 572 2898 646 principatum,
2931 570 3171 627 ostende
3203 587 3308 625 nos
3359 570 3417 624 in
3469 567 3722 642 parcecia

2076 668 2178 718 tua
2222 663 2436 720 habere
2479 663 2842 734 episcopum.
2894 659 3055 724 Quod
3097 659 3202 715 tibi
3270 675 3385 714 non
3455 673 3721 713 commu-

2076 753 2422 820 nicavimus,
2473 751 2605 806 ﬁdei
2655 755 2781 808 est:
2856 749 3162 821 reSponde,
3211 753 3268 805 et
3327 747 3716 804 ordinationis

2076 842 2206 898 erit.

2147 931 2233 984 44.
2274 951 2294 980 ι
2331 928 2707 985 Occasionem
2741 944 2973 1001 quoque
3007 928 3238 999 ﬁngunt
3283 926 3536 982 aliarum
3567 925 3721 982 litte-

2075 1035 2295 1086 rarum,
2343 1035 2490 1090 quas
2537 1018 2742 1073 dicunt
2791 1017 2899 1073 sibi
2950 1016 3257 1089 scripsisse
3303 1015 3718 1088 Epiphanium.

2075 1107 2419 1180 Quanquam
2454 1107 2616 1162 dabit
2645 1105 2741 1160 ille
2781 1105 3064 1161 rationem
3116 1122 3219 1178 pro
3267 1105 3543 1161 omnibus
3591 1121 3723 1176 quae

2075 1201 2239 1267 gesta
2271 1199 2407 1251 sunt
2438 1199 2572 1250 ante
2603 1194 2859 1250 tribunal
2892 1194 3127 1260 Christi,
3178 1195 3275 1250 ubi
3308 1195 3496 1266 major
3524 1199 3581 1248 et
3611 1193 3724 1249 mi-

2077 1303 2184 1341 nor
2214 1286 2433 1356 absque
2465 1283 2584 1339 ulla
2633 1300 3016 1356 personarum
3062 1283 3395 1356 acceptione
3434 1282 3728 1354 judicabi—

2076 1379 2189 1428 tur.
2221 1376 2490 1429 Attamen
2523 1373 2815 1446 quomodo
2846 1377 3094 1444 possunt
3122 1371 3282 1428 illius
3313 1373 3418 1427 niti
3453 1371 3720 1444 epistola,

2077 1479 2253 1534 quam
2285 1463 2356 1518 de
2387 1461 2756 1518 ordinatione
2785 1461 3114 1517 Pauliniani
3149 1459 3376 1529 illicita,
3397 1464 3453 1517 et
3483 1459 3724 1518 illorum

2077 1551 2176 1622 qui
2208 1568 2339 1607 cum
2372 1568 2440 1607 eo
2472 1555 2631 1617 sunt,
2663 1568 2697 1605 a
2726 1551 2895 1606 nobis
2926 1554 3240 1622 coargutus
3261 1549 3537 1622 scripsit:
3569 1549 3726 1605 sicut

2075 1645 2131 1695 et
2162 1640 2292 1712 ipsa
2339 1641 2465 1711 ejus
2522 1639 2770 1712 epistola
2826 1639 2885 1694 in
2916 1639 3153 1695 exordio
3184 1655 3291 1694 suo
3325 1638 3659 1711 signiﬁcat?
3689 1661 3719 1689 ››

2074 1733 2230 1800 Rogo
2289 1745 2416 1799 quae
2468 1733 2632 1783 tanta
2687 1738 2776 1782 est
2849 1727 3098 1794 cmcitas,
3150 1726 3502 1794 Cimmeriis,
3569 1726 3726 1783 sicut

2077 1817 2264 1884 aiunt,
2316 1817 2573 1872 tenebris
2631 1815 2938 1872 involuta?
2982 1815 3130 1870 Dicit
3186 1832 3292 1872 nos
3351 1814 3724 1872 occasionem

2078 1907 2315 1979 ﬁngere,
2349 1911 2407 1961 et
2445 1905 2750 1978 Epiphanii
2784 1905 3067 1960 adversus
3118 1920 3180 1959 se
3213 1903 3439 1960 litteras
3470 1921 3585 1960 non
3616 1903 3723 1960 ha-

2076 1996 2232 2063 bere,
2283 1995 2601 2066 statimque
2651 1995 2996 2065 subjungit:
3053 2015 3080 2043 «
3129 1993 3428 2058 Quomodo
3473 1997 3728 2065 possunt

2077 2084 2235 2140 illius
2267 2084 2371 2139 niti
2405 2083 2671 2154 epistola,
2720 2100 2896 2154 quam
2929 2083 3000 2137 de
3036 2081 3398 2137 ordinatione
3431 2081 3724 2137 Paulinia-

2079 2173 2137 2229 ni
2166 2173 2389 2236 illicita,
2423 2177 2480 2228 et
2509 2189 2708 2227 eorum
2743 2172 2839 2244 qui
2874 2188 3009 2228 cum
3041 2187 3105 2226 eo
3156 2174 3315 2237 sunt,
3349 2187 3384 2226 a
3414 2171 3583 2227 nobis
3633 2187 3725 2227 co-

2077 2267 2322 2334 argutus
2381 2261 2654 2333 scripsit:
2707 2261 2858 2317 sicut
2900 2265 2956 2316 et
2997 2259 3126 2332 ipsa
3173 2261 3301 2330 ejus
3349 2259 3596 2331 epistola
3659 2261 3724 2315 in

2076 2351 2309 2407 exordio
2341 2369 2446 2407 suo
2477 2351 2816 2422 signiﬁcat?
2850 2373 2876 2398 »
2907 2351 3032 2406 Non
3065 2349 3352 2404 habemus
3377 2348 3713 2420 epistolam.

2075 2441 2144 2495 Et
2172 2457 2299 2512 quae
2331 2448 2416 2495 est
2447 2439 2547 2495 illa
2579 2438 2830 2511 epistola
2861 2438 3014 2494 454
3046 2455 3172 2510 quae
3212 2437 3272 2493 in
3321 2438 3555 2494 exordio
3607 2455 3720 2494 suo

2076 2530 2148 2584 de
2197 2528 2541 2585 Pauliniano
2590 2528 2898 2600 loquitur?
2944 2529 3042 2583 Est
3103 2526 3327 2598 aliquid
3379 2532 3510 2600 post
3555 2543 3724 2582 exor-

2077 2618 2260 2684 dium,
2295 2620 2465 2690 cujus
2495 2623 2557 2672 tu
2591 2618 2762 2673 times
2795 2618 2984 2672 facere
3032 2615 3410 2671 mentionem.
3471 2619 3518 2670 Α
3548 2620 3603 2672 te
3635 2620 3728 2672 est

2077 2711 2391 2780 coargutus
2421 2707 2630 2775 aetatis,
2663 2723 2780 2778 qua
2812 2705 3191 2761 Paulinianus
3239 2709 3380 2760 erat.
3426 2705 3730 2778 Presbyte-

2078 2813 2208 2851 rum
2239 2796 2562 2862 ordinas,et
2592 2795 2852 2867 legatum
2885 2793 3068 2849 mittis
3101 2809 3165 2848 ac
3196 2793 3443 2849 socium:
3470 2797 3728 2849 tantam-

2077 2899 2191 2954 que
2221 2883 2401 2938 habes
2433 2882 2729 2948 ﬁduciam,
2765 2886 2829 2936 ut
2864 2881 2944 2935 ibi
2977 2879 3389 2936 Paulinianum
3441 2881 3726 2937 mentitus

2077 2987 2141 3027 es
2171 2986 2398 3043 pueruu
2431 2969 2568 3025 illuc
2598 2986 2845 3041 puerum
2869 2970 3068 3025 mittas
3099 2970 3524 3041 presbyterum.
3557 2970 3729 3024 item-

2079 3076 2193 3132 que
2222 3059 2575 3114 Theosecam
2608 3059 2725 3129 (Αἰ.
2760 3057 3179 3129 Theosobium)
3211 3057 3426 3113 Thiriaa
3457 3057 3725 3113 Ecclesiae

2081 3149 2392 3204 diaconum
2426 3148 2567 3203 facis
2597 3148 3026 3220 presbyterum,
3058 3151 3116 3202 et
3143 3150 3344 3202 contra
3376 3163 3483 3202 nos
3504 3163 3727 3216 armas,

325 3238 479 3296 lulas
510 3245 742 3296 nostras
773 3239 966 3295 locum
1013 3219 1283 3297 Ecclesia
1335 3259 1450 3298 non
1484 3219 1832 3298 habemus?
1878 3245 1966 3298 An
2002 3219 2044 3286 (ἶ
2084 3237 2360 3309 illiusque
2384 3237 2441 3292 in
2474 3253 2580 3292 nos
2602 3219 2866 3291 abuteris
2896 3235 3247 3308 eloquentia.
3276 3235 3401 3290 Tibi
3448 3234 3556 3291 soli
3587 3235 3729 3292 licet

323 3345 439 3385 non
472 3332 537 3384 tu
569 3328 790 3384 scindis
817 3327 1265 3402 Ecclesiam,qui
1302 3331 1551 3387 mandas
1599 3331 1825 3387 clericis
1846 3333 1964 3387 tuis

323 3421 390 3472 ut
419 3416 470 3472 si
502 3416 635 3490 quis
663 3416 1074 3473 Paulinianum
1099 3419 1170 3474 ab
1190 3419 1512 3492 Epiphanio
1535 3421 1804 3492 episcopo
1830 3438 1963 3476 con-

325 3508 618 3562 secratum
653 3506 1054 3579 presbyterum
1077 3507 1300 3576 dixerit,
1321 3508 1634 3564 Ecclesiam
1660 3509 1964 3581 prohibea-

327 3598 427 3649 tur
455 3593 690 3650 intrare.
726 3595 803 3649 Ex
835 3612 947 3666 quo
1005 3599 1267 3668 tempore
1312 3613 1500 3667 usque
1530 3597 1588 3651 in
1621 3603 1964 3669 praesentem

325 3682 479 3739 diem
510 3682 776 3739 videmus
798 3687 1024 3739 tantum
1058 3701 1298 3756 specum
1335 3684 1598 3751 Domini;
1640 3690 1697 3740 et
1743 3686 1968 3741 haareti-

327 3771 409 3828 cis
439 3771 818 3838 intrantibus,
854 3772 1055 3844 procul
1087 3773 1260 3845 positi
1291 3772 1682 3844 suspiramus.

397 3861 483 3916 43.
515 3860 708 3916 Nosne
739 3877 968 3932 sumus,
1001 3862 1098 3933 qui
1133 3860 1449 3916 Ecclesiam
1495 3862 1859 3918 scindimus:
1895 3881 1968 3918 an

330 3949 427 4005 ille
456 3949 557 4022 qui
579 3949 724 4005 vivis
757 3949 1438 4017 habitaculum,mortuis
1471 3951 1846 4022 sepulchrum
1879 3970 1972 4008 ne-

331 4041 448 4109 gat,
480 4037 581 4108 qui
611 4039 862 4093 fratrum
893 4038 1097 4094 exsilia
1118 4038 1419 4111 postulat?
1467 4039 1606 4104 Quis
1637 4041 1971 4112 potentissi-

336 4141 494 4181 mum
523 4124 685 4181 illam
713 4126 1102 4196 feram,totius
1126 4127 1284 4184 orbis
1315 4128 1635 4184 cervicibus
1662 4129 1972 4187 imminen-

339 4217 480 4282 tem,
515 4218 715 4268 contra
749 4219 979 4269 nostras
1019 4215 1266 4271 cervices
1280 4215 1921 4288 specialiter’incitavit
1949 4219 1976 4273 ?

338 4300 481 4367 Quis
509 4317 645 4357 ossa
677 4307 1099 4372 sanctorum,et
1128 4302 1394 4360 innoxios
1425 4307 1648 4361 cineres
1670 4306 1976 4379 hucusque

325 4389 618 4446 verberari
650 4391 723 4446 ab
756 4391 1046 4447 imbribus
1075 4391 1258 4448 sinit?
1282 4393 1383 4450 llis
1415 4411 1521 4450 nos
1556 4395 1976 4452 blandimentis

328 4479 518 4536 bonus
540 4479 743 4536 Pastor
773 4479 980 4536 invitat
1009 4481 1080 4536 ad
1113 4498 1334 4553 pacem,
1367 4485 1522 4540 448
1564 4489 1620 4540 et
1670 4486 1974 4556 proprium

2076 3326 2347 3383 Ecclesia:
2364 3327 2504 3398 jura
2534 3324 2791 3381 calcare:
2820 3330 2884 3380 tu
2914 3324 3201 3396 quidquid
3252 3324 3479 3393 feceris,
3515 3341 3727 3382 norma

2074 3415 2348 3472 doctrinae
2381 3420 2506 3482 est;
2539 3419 2596 3470 et
2623 3431 2737 3470 non
2769 3413 3063 3470 erubescis
3095 3417 3230 3469 ante
3258 3412 3516 3470 tribunal
3558 3413 3724 3470 Chri-

2075 3505 2118 3560 ti
2145 3504 2534 3575 judicandum
2566 3507 2762 3559 tecum
2792 3502 3182 3575 Epiphanium
3215 3517 3552 3572 provocare.
3585 3503 3724 3567 Quae

2077 3597 2408 3666 sequuntur
2489 3596 2622 3664 post
2705 3591 2815 3646 hoc
2909 3589 3257 3663 capitulum.
3343 3589 3466 3645 haec
3543 3594 3723 3646 sunt:

2080 3682 2289 3738 MBDSEB
2369 3698 2487 3736 sua:
2545 3685 2601 3736 et
2678 3681 2892 3736 domus
2960 3679 3405 3736 contubernium
3470 3679 3725 3751 imputat

2080 3770 2425 3844 Epiphanio,
2460 3769 2781 3841 scribitque
2808 3785 2944 3825 eum
2985 3784 3288 3839 nunquam
3338 3783 3466 3824 esse
3522 3783 3725 3823 secum
3765 3844 3768 3845 ν

2080 3860 2152 3915 de
2183 3859 2448 3931 Origenis
2478 3858 2853 3930 dogmatibus
2888 3857 3168 3925 locutum,
3219 3860 3278 3911 et
3325 3856 3436 3912 sub
3477 3855 3727 3927 jurisju-

2081 3949 2248 4005 randi
2278 3948 2683 4004 testiﬁcatione
2714 3947 3040 4012 conﬁrmat,
3091 3946 3290 4001 dicens
3315 3963 3328 4001 :
3353 3968 3379 3995 «
3416 3945 3498 4000 Ne
3526 3943 3723 4017 suspi-

2082 4038 2306 4094 cionem
2357 4037 2615 4109 quidem,
2667 4035 2818 4092 sicut
2866 4035 3021 4090 Deus
3066 4033 3232 4090 testis
3279 4038 3386 4100 est,
3441 4049 3728 4106 perversae

2084 4127 2141 4181 in
2176 4142 2283 4182 nos
2315 4124 2445 4181 ﬁdei
2474 4141 2534 4180 se
2566 4124 2780 4179 habere
2811 4123 3176 4178 monstravit.
3222 4143 3251 4174 »
3303 4120 3444 4179 Nolo
3493 4138 3740 4194 respou-

2084 4216 2220 4272 dere
2270 4219 2328 4269 et
2375 4229 2618 4285 arguere
2682 4213 2917 4279 acriter,
2978 4228 3049 4266 ne
3099 4211 3343 4283 perjurii
3404 4211 3751 4283 episcopum

2085 4304 2424 4360 convincere
2471 4303 2684 4357 videar.
2757 4301 2972 4356 Praesto
3039 4305 3180 4356 sunt
3243 4299 3438 4372 plures
3482 4299 3746 4372 epistola

2090 4391 2395 4465 Epiphanii
2423 4409 2436 4448 :
2469 4408 2588 4446 una
2615 4392 2685 4446 ad
2722 4391 2940 4462 ipsum,
2986 4388 3112 4444 alia:
3160 4389 3231 4444 ad
3281 4389 3586 4461 episcopos
3636 4388 3748 4444 Pa-

2089 4481 2370 4547 lmstinos,
2402 4485 2459 4536 et
2507 4497 2694 4552 nuper
2741 4479 2814 4535 ad
2864 4482 3134 4535 Romana
3178 4477 3309 4534 urbi
3358 4477 3739 4550 pontiﬁcem:

325 4568 521 4642 arguit
546 4569 736 4626 facere
765 4569 1196 4642 principatum:
1227 4573 1329 4643 qui
1357 4573 1634 4630 omnibus
1663 4573 1976 4646 episcopis,
2015 4586 2061 4652 D
2095 4571 2152 4625 in
2185 4569 2402 4642 quibus
2435 4569 2576 4624 dicit
2606 4585 2668 4626 se
2698 4584 2832 4624 eum
2867 4584 3065 4624 coram
3096 4565 3320 4634 multis,
3373 4565 3444 4622 de
3494 4566 3742 4640 dogma-

323 4662 543 4714 rectam
576 4659 862 4715 duntaxat
891 4659 1066 4716 ﬁdem
1096 4661 1526 4731 tenentibus,et
1555 4663 1980 4720 communione

325 4750 383 4803 et
411 4746 700 4806 charitate
731 4747 1046 4805 sociamur.
1086 4753 1170 4806 An
1199 4754 1261 4806 tu
1294 4749 1457 4808 solus
1487 4750 1746 4808 Ecclesia
1791 4769 1874 4820 es,
1925 4757 1983 4808 et

401 4961 415 4995 ¹
449 4959 554 5018 Hic
583 4960 684 5037 ille
712 4961 1032 5037 Dionysius
1072 4962 1400 5037 Lidden_sis,
1452 4962 1573 5037 sive
1629 4963 1986 5037 Diospolita-

331 5049 447 5089 nus
477 5035 765 5109 est,cujus
795 5033 930 5109 ante
963 5034 1239 5109 ineditam
1272 5033 1586 5109 Epistolam
1620 5037 1691 5109 de
1723 5033 1990 5109 0rigeni-

336 5110 560 5161 starum
591 5104 965 5162 damnatione
993 5104 1359 5178 vulgavimus
1389 5106 1448 5162 in
1477 5107 1653 5178 priori
1675 5104 1856 5164 tome
1879 5109 1988 5164 sub

339 5190 591 5231 numero
615 5178 704 5232 9i.

409 5247 431 5280 ²
463 5245 778 5322 Legocum
799 5265 943 5322 mss.
971 5245 1329 5322 specialiter;
1359 5249 1515 5322 quod
1564 5249 1677 5322 legi
1727 5253 1991 5322 oportere

345 5334 451 5389 pro
485 5319 852 5388 spirituuliter
879 5319 1122 5376 Gravius
1156 5319 1391 5391 quoque
1419 5319 1714 5387 docuerat,
1747 5319 1805 5377 et
1857 5338 1990 5377 sen-

345 5405 443 5444 sus
495 5388 772 5448 postulat.
834 5391 1038 5446 Feram
1091 5397 1286 5446 autem
1335 5391 1497 5447 illam
1551 5409 1729 5448 uuam
1789 5397 1995 5448 contra

341 5405 443 5470 sus
493 5392 772 5460 postulat.
834 5392 1038 5446 Feram
1081 5397 1286 5472 autem
1335 5392 1497 5447 illam
1551 5409 1729 5474 quam
1789 5397 1991 5448 contra

339 5460 762 5546 Hieronymum
791 5461 1048 5546 Joannes
1068 5468 1441 5546 ‘ineitaverat,
1476 5465 1717 5546 quidam
1743 5463 1991 5546 intelligi

337 5529 865 5609 yolunt'Buﬁnum
900 5532 1133 5609 grcadii
1161 5537 1437 5609 tutorem,
1491 5529 1664 5591 illum
1725 5529 1992 5609 perduel-

340 5603 480 5671 lem,
516 5602 616 5675 qui
650 5604 860 5660 ducem
892 5602 1217 5661 Gothorum
1245 5605 1543 5663 Alaricum
1583 5602 1808 5665 vocavit
1854 5625 1994 5664 con-

327 5680 430 5732 tra
452 5675 797 5748 Arcadium,
825 5679 892 5733 ut
922 5675 1048 5748 ipse
1096 5676 1222 5748 ejus
1269 5677 1584 5752 imperium
1633 5684 1992 5753 occuparet;

2097 4660 2258 4715 tibus
2317 4663 2680 4731 arguentem,
2731 4675 2848 4714 non
2898 4657 3184 4714 meruisse
3232 4672 3606 4729 responsum,
3655 4660 3745 4714 to-

2098 4752 2345 4820 tumque
2375 4751 2584 4804 nostrae
2615 4745 2916 4820 parvitatis
2945 4746 3112 4804 testis
3141 4750 3231 4803 est
3260 4739 3738 4803 monasterium”.

2100 4963 2202 5018 sed
2237 4961 2470 5034 repulso
2513 4960 2762 5028 Alarico,
2804 4959 2932 5088 ipse
2973 4961 3298 5018 trucidatus
3346 4964 3457 5027 est,
3506 4959 3747 5017 labente

2100 5034 2316 5088 an395.
2349 5032 2624 5088 Anertius
2649 5033 2775 5088 inse
2856 5032 3038 5088 ieron.
3071 5033 3144 5088 ad
3195 5030 3586 5088 Theonhilum
3637 5032 3746 5088 ad-

2100 5051 2174 5090 an
2190 5030 2624 5106 395:,Apertius
2649 5033 2775 5104 ipse
2804 5030 3038 5106 Hieron.
3069 5033 3144 5106 ad
3164 5105 3173 5106 ί
3195 5030 3586 5106 Theophilum
3637 5032 3746 5106 ad-

2097 5123 2302 5162 versus
2330 5101 2526 5177 ipsum
2556 5101 2843 5160 Joannem
2876 5103 3242 5177 epistola7782,
3272 5101 3476 5176 Nuper,
3523 5101 3744 5176 inquit,

2095 5178 2252 5234 nobis
2277 5176 2650 5249 poclulaviwt
2671 5176 3275 5249 impetravitcxsilium
3298 5179 3493 5249 utique
3534 5177 3753 5249 utinam

2099 5246 2656 5329 impiarenpoﬁtuisset,
2704 5246 2930 5329 ﬂete:
2975 5247 3407 5329 fortasse‘quia
3453 5246 3748 5329 trucidato

2101 5317 2299 5377 statim
2332 5317 2566 5390 Ruﬁno,
2599 5318 2946 5392 rescriptum
2970 5318 3117 5375 illud
3157 5317 3379 5375 nullius
3431 5323 3557 5375 erat
3607 5334 3747 5375 auc-

2101 5391 2374 5448 toritatis.

2172 5464 2302 5518 3Ex
2352 5461 2708 5534 hacioperis
2766 5460 3137 5534 conclusione
3185 5460 3340 5518 docti
3405 5459 3513 5534 viri
3578 5475 3749 5534 argu~

2103 5539 2470 5606 mentantur,
2489 5532 2707 5606 librum
2739 5533 2845 5589 abs
2875 5533 3222 5606 Hieronymo
3260 5550 3376 5589 non
3394 5532 3745 5606 _fui_sse_‘ab-

2103 5605 2552 5679 solutum._Vide
2581 5605 2642 5663 in
2682 5605 2831 5664 hanc
2875 5620 2998 5662 rem
3051 5601 3347 5679 preﬁxam
3393 5603 3529 5661 huic
3594 5601 3746 5659 libro

2101 5677 2594 5737 Admonitionem.
