3958 6394
193 338 297 407 H3
1202 345 1514 415 CONTRA
1558 347 1944 417 RUFINUM.
1977 383 2054 398 —-
2087 344 2551 416 ADMONI'I‘IO.
3464 351 3587 421 4η

939 675 1097 735 455
1146 672 1224 733 IN
1268 674 1545 736 LIBROS
1588 675 1900 737 CONTRA
1946 674 2311 737 RUFINUM
2354 674 2817 736 ADMONITIO.

264 1011 308 1067 1.
337 1010 725 1068 Dissensionis
745 1011 1162 1086 Hieronymum
1191 1012 1344 1068 inter
1372 1028 1437 1068 ac
1469 1013 1749 1070 Ruﬁnum
1780 1011 1953 1086 longe
1983 1013 2173 1070 notior
2203 1014 2451 1070 historia
2480 1018 2589 1083 est,
2623 1030 2801 1087 quam
2833 1018 3034 1071 nostra
3080 1016 3461 1089 explicatione
3520 1022 3586 1074 ut

190 1099 451 1173 indigeat.
478 1101 665 1156 Causa
696 1100 834 1156 mali
862 1100 1009 1156 tanti
1041 1101 1245 1157 Latina
1272 1101 1456 1156 versio
1488 1100 1773 1157 librorum
1805 1102 2073 1175 Origenis
2103 1101 2227 1177 περὶ
2251 1108 2341 1176 Ἀρ
2353 1106 2464 1177 χῶν
2502 1103 2628 1171 fuit,
2653 1120 2831 1176 quam
2865 1103 3166 1176 presbyter
3194 1106 3585 1178 Aquileiensis

194 1189 437 1246 sublesta
468 1190 670 1262 utique
702 1190 836 1258 ﬁde,
855 1189 1250 1247 elaboravcrat
1279 1191 1471 1246 Roma:
1504 1190 1656 1246 circa
1686 1208 1906 1246 annum
1940 1192 2064 1246 398.
2098 1193 2245 1248 Nam
2294 1197 2359 1247 ut
2399 1192 2732 1264 Origeniani
2795 1192 3087 1265 dogmatis
3143 1211 3385 1264 venena,
3446 1197 3585 1253 sub-

194 1276 322 1333 dolze
351 1276 847 1349 interpretationis
875 1278 1006 1334 fuco
1037 1277 1239 1346 oblita,
1271 1278 1491 1334 Latinis
1522 1279 1764 1335 auribus
1794 1278 1985 1335 tutius
2011 1280 2365 1352 pmpinaret,
2403 1279 2802 1352 prmfationem
2834 1281 2991 1353 operi
3031 1283 3293 1353 praeﬁxit,
3344 1285 3400 1340 in
3465 1304 3583 1358 qua

194 1366 591 1439 Hieronymum
623 1367 889 1440 ﬁguratis
917 1367 1193 1423 laudibus
1224 1368 1598 1440 praedicabat,
1629 1367 1807 1423 veluti
1848 1367 2181 1424 Adamantii
2214 1367 2557 1440 opinionum
2617 1368 2926 1435 fautorem,
2989 1386 3227 1442 suasque
3284 1375 3585 1431 sententia:

192 1454 437 1513 socium:
471 1456 669 1528 ipsum
696 1473 831 1512 vero
861 1455 1079 1512 librum
1108 1457 1180 1512 ab
1211 1457 1483 1528 ascriptis
1515 1458 1812 1513 erroribus
1868 1462 2258 1530 expurgatum
2319 1474 2496 1530 opera
2552 1473 2660 1514 sua
2709 1459 2989 1529 jactabat.
3054 1460 3163 1515 Sed
3206 1476 3337 1515 cum
3399 1463 3588 1521 multa

191 1548 372 1601 essent
399 1545 596 1600 adhuc
625 1562 751 1617 qua:
783 1544 1148 1601 Christianas
1171 1562 1344 1601 aures
1375 1550 1691 1612 moverent,
1725 1550 1783 1601 et
1811 1546 2010 1602 minus
2042 1547 2325 1603 catholice
2364 1547 2522 1602 dicta
2550 1546 3044 1615 existimarentur,
3089 1548 3500 1607 Pammachius
3532 1556 3589 1608 et

190 1634 439 1691 Oceanus
468 1634 817 1708 Hieronymo
850 1638 1117 1691 auctores
1147 1635 1383 1691 fuerunt
1411 1640 1477 1690 ut
1504 1652 1846 1707 germanam
1877 1636 2002 1708 ipse
2019 1637 2147 1706 ejus
2168 1634 2303 1690 libri
2335 1634 2869 1706 interpretationem
2892 1636 3177 1708 vulgaret,
3211 1654 3586 1712 nequaquam

191 1723 566 1780 dissimulatis
604 1724 924 1793 erroribus,
958 1741 1073 1797 quo
1105 1741 1167 1781 se
1199 1724 1510 1781 manifesto
1542 1725 1890 1797 proderent;
1917 1728 2313 1797 purgaretque
2343 1724 2486 1779 adeo
2519 1724 2914 1797 suspicionem
2946 1725 3159 1781 favoris
3188 1726 3249 1781 in
3279 1726 3589 1799 Origenem

192 1813 254 1870 ab
278 1812 486 1869 aemulo
513 1813 811 1885 injectam,
844 1829 914 1869 ne
946 1813 995 1869 si
1028 1813 1439 1870 criminantem
1470 1815 1814 1871 convincere
1843 1814 2119 1881 diﬁ'erret,
2154 1813 2487 1870 consentire
2517 1813 2601 1868 illi
2660 1813 2973 1869 videretur.
3035 1814 3093 1869 S.
3150 1816 3376 1882 Doctor,
3436 1818 3588 1874 datis

190 1903 434 1976 primum
462 1903 672 1958 Ruﬁno
702 1902 934 1973 litteris,
968 1902 1154 1959 amice
1185 1908 1541 1975 conquestus
1571 1908 1697 1960 est:
1733 1902 1944 1959 deinde
1974 1920 2128 1958 anno
2158 1903 2267 1958 400
2298 1900 2564 1975 Origenis
2618 1902 2814 1974 ipsum
2872 1901 3087 1958 librum
3147 1904 3227 1959 ita
3283 1905 3354 1960 ad
3408 1906 3586 1963 ﬁnem

188 1994 364 2062 vertit,
396 1996 465 2048 ut
488 1992 740 2048 haereses
774 1991 971 2048 statim
1005 1992 1468 2048 innotescerent:
1503 1993 1778 2065 deditque
1808 2010 1926 2048 una
1956 1991 2287 2065 epistolam,
2320 1992 2378 2046 in
2422 1994 2622 2047 nostra
2672 1991 3007 2047 recensione
3062 1994 3153 2057 84,
3212 1995 3588 2053 Pammachio

189 2085 239 2138 et
264 2082 510 2147 Oceano,
542 2082 603 2137 in
634 2097 749 2154 qua
779 2080 1135 2137 calumniam
1170 2097 1406 2137 omnem
1440 2099 1472 2136 a
1502 2099 1565 2138 se
1594 2081 1766 2155 longe
1796 2086 2043 2149 amovet,
2080 2097 2265 2152 quove
2295 2080 2492 2135 animo
2542 2079 2747 2152 legerit
2794 2080 3132 2152 aliquando,
3187 2087 3289 2137 aut
3336 2083 3591 2141 laudarit

187 2170 481 2244 Origenem
515 2170 736 2242 absque
768 2168 1000 2242 pietatis
1031 2169 1288 2240 periculo
1318 2169 1555 2242 exponit
1603 2170 1750 2225 Hinc
1776 2187 1946 2241 porro
1969 2170 2176 2241 ingens
2209 2168 2269 2224 in
2297 2168 2554 2225 Ecclesia
2581 2169 2919 2225 incendium
2972 2174 3236 2226 exortum
3268 2175 3390 2240 est;
3449 2190 3587 2229 nam

188 2259 421 2317 Ruﬁnus
456 2258 795 2331 Apologiam
827 2274 930 2330 pro
961 2275 1070 2314 sua
1101 2258 1213 2313 ﬁde
1244 2259 1315 2313 ad
1347 2258 1725 2314 Anastasium
1765 2276 1979 2331 papam
2013 2257 2265 2315 scribere
2292 2257 2657 2329 compulsus,
2691 2275 2806 2313 non
2838 2263 2959 2313 tam
3010 2276 3112 2330 pro
3164 2276 3226 2314 se
3275 2259 3442 2317 nisus
3500 2266 3589 2317 est

187 2349 532 2415 satisfacere,
565 2363 743 2419 quam
774 2346 835 2401 in
867 2346 958 2402 sui
982 2346 1379 2402 defensionem
1413 2364 1590 2403 novas
1612 2347 1960 2420 Hieronymo
1991 2347 2319 2403 calumnias
2351 2351 2596 2403 struere.
2630 2348 2781 2402 Tum
2842 2348 3283 2403 recrudescente
3342 2349 3400 2403 in
3461 2351 3587 2407 dies

186 2439 359 2511 magis
388 2436 711 2493 inimicitiae
740 2435 1001 2505 vulnere,
1032 2441 1148 2491 tres
1172 2436 1593 2492 Invectivarum
1617 2436 1797 2492 libros
1824 2453 1977 2492 anno
2008 2435 2342 2508 insequenti
2375 2436 2494 2491 sive
2526 2436 2623 2492 401
2676 2435 2736 2491 in
2795 2440 2850 2491 S.
2911 2436 3216 2492 Doctorem
3274 2438 3581 2509 procudit:

186 2528 384 2601 quibus
415 2526 516 2583 ille
547 2526 809 2581 nondum
839 2524 1025 2595 lectis,
1048 2524 1147 2580 sed
1176 2528 1407 2581 tantum
1439 2541 1507 2581 ex
1528 2541 1625 2580 ore
1656 2525 1975 2581 amicorum
2007 2542 2075 2581 ex
2092 2530 2255 2597 parte
2286 2524 2523 2592 auditis,
2558 2525 2873 2596 respondet
2897 2525 3086 2580 tribus
3118 2525 3278 2581 hisce
3308 2526 3587 2601 Apologe-

183 2617 301 2673 ticis
330 2616 499 2673 libris
525 2632 539 2671 :
573 2631 720 2687 quos
742 2616 811 2670 ad
845 2630 1064 2669 annum
1098 2615 1199 2669 402
1230 2614 1412 2670 refero
1443 2631 1511 2669 ex
1534 2615 1764 2670 duobus
1793 2614 2104 2687 ipsiusmct
2124 2612 2465 2687 Hieronymi
2493 2612 2867 2669 testimoniis.
2900 2612 3165 2669 Alterum
3198 2614 3353 2670 circa
3404 2616 3583 2673 ﬁnem

184 2705 343 2777 primi
374 2705 532 2770 libri,
568 2705 667 2760 ubi
683 2707 811 2775 post
843 2704 1122 2759 biennium
1152 2720 1214 2759 se
1244 2703 1495 2759 scribere
1524 2704 1849 2776 profitetur,
1881 2721 1950 2760 ex
1984 2721 2095 2776 quo
2124 2703 2264 2760 edito
2298 2704 2450 2759 brevi
2479 2703 2684 2768 libello,
2727 2702 3034 2774 praeconiis
3087 2703 3284 2759 Ruﬁni
3343 2718 3582 2778 respon-

184 2793 370 2849 derat:
404 2793 600 2850 brevis
630 2793 786 2849 enim
817 2790 1050 2848 libellus
1083 2791 1193 2847 iste
1220 2791 1349 2864 ipsa
1380 2796 1467 2847 est
1498 2793 1569 2847 ad
1598 2792 2044 2849 Pammachium
2077 2793 2317 2849 laudata
2337 2792 2585 2865 epistola
2612 2794 2701 2859 84,
2723 2809 2849 2864 quae
2871 2793 2942 2849 ad
2973 2809 3197 2848 annum
3224 2796 3582 2866 spectaHOO.

181 2882 431 2940 Alterum
464 2882 600 2955 post
629 2881 889 2937 medium
921 2899 961 2936 ιι
994 2879 1148 2946 libri,
1182 2881 1279 2935 ubi
1313 2897 1375 2937 se
1406 2886 1538 2938 ante
1565 2898 1738 2939 annos
1765 2884 1938 2953 ferme
1965 2883 2147 2938 decem
2177 2882 2484 2956 scripsisse
2513 2882 2578 2937 de
2597 2882 2911 2937 Itlustribus
2940 2882 3079 2937 viris
3107 2882 3283 2938 dicit:
3321 2899 3584 2957 comper-

182 2974 299 3029 tum
329 2988 542 3046 nempe
565 2976 654 3028 est
683 2971 981 3039 omnibus,
1011 2987 1165 3026 anno
1188 2972 1293 3025 392
1324 2972 1607 3043 prodiisse
1633 2970 1848 3027 librum
1880 2971 2071 3039 illum,
2105 2973 2331 3044 hosque
2361 2973 2505 3029 adeo
2534 2971 2705 3027 initia
2740 2972 2966 3027 ratione
3022 2988 3175 3027 anno
3227 2973 3333 3027 402
3398 2974 3579 3029 ascri-

180 3061 388 3120 bendos
409 3078 562 3120 esse.
578 3062 794 3117 Eorum
807 3077 977 3133 porro
1000 3077 1230 3116 summa
1245 3065 1335 3116 est
1355 3060 1693 3131 hujusmodi
1716 3080 1733 3114 :
1749 3061 1810 3116 In
1830 3060 2019 3132 primo
2044 3061 2578 3132 interpretationem
2606 3076 2776 3115 suam
2800 3059 3004 3115 multis
3025 3060 3390 3131 argumentis
3411 3076 3582 3117 excu-

182 3154 265 3207 sat
295 3151 527 3223 sibique
569 3150 739 3205 diluit
767 3150 993 3221 objecta
1021 3149 1302 3205 crimina:
1337 3150 1516 3205 altero
1546 3149 1891 3223 Apologiam
1918 3150 2112 3205 Ruﬁni
2166 3151 2238 3205 ad
2297 3166 2506 3222 papam
2560 3148 2935 3205 Anastasium
2985 3147 3227 3204 missam
3288 3148 3582 3220 exagitat:

182 3240 338 3296 tertio
367 3240 622 3312 denique
653 3239 916 3311 ejusdem
951 3237 1373 3295 Ruﬁnilitteris
1394 3237 1507 3295 sibi
1538 3255 1671 3294 cum
1702 3238 2125 3293 Invectivarum
2154 3238 2350 3294 codice
2382 3237 2582 3293 missis
2612 3237 2943 3309 respondet.

242 3332 293 3384 2.
323 3329 490 3384 Nunc
522 3327 662 3399 quid
695 3344 729 3381 a
759 3325 929 3382 nobis
956 3325 1014 3380 in
1048 3325 1166 3381 illis
1201 3326 1551 3383 recudendis
1582 3326 1907 3399 praestitum
1940 3327 2034 3395 sit,
2069 3326 2451 3399 explicemus.
2483 3325 2676 3382 Primo
2721 3325 2915 3381 Ruﬁni
2948 3324 3287 3391 Invectivas,
3348 3342 3497 3398 quas
3553 3342 3585 3382 e

180 3418 397 3491 regione
430 3414 895 3488 Hieronymianae
926 3413 1217 3487 Apologia:
1248 3415 1308 3469 in
1339 3416 1578 3471 adversa
1607 3415 1881 3472 columna
1910 3415 2274 3471 continenter
2304 3416 2365 3471 P.
2400 3414 2775 3471 Martianseus
2807 3420 3181 3487 apposuerat,
3215 3414 3340 3471 loco
3400 3416 3583 3471 movi-

180 3521 319 3573 mus,
351 3510 407 3561 et
435 3503 907 3576 Hieronymianis
937 3501 1082 3576 ipsis
1112 3503 1538 3559 subnectimus.
1563 3504 1762 3576 Neque
1792 3505 1949 3561 enim
1972 3522 2040 3560 ex
2062 3505 2267 3560 ordine
2308 3504 2615 3561 sententiae
2672 3504 2980 3559 sententiis
3040 3503 3419 3576 respondent,
3483 3508 3584 3562 aut

180 3594 268 3650 ubi
297 3595 354 3649 in
384 3611 506 3649 una
535 3592 811 3648 columna
838 3590 1085 3646 aemulus
1118 3590 1476 3648 calumniam
1507 3592 1778 3660 intentat,
1801 3594 1957 3650 456
1977 3595 2037 3649 in
2070 3593 2252 3649 altera
2282 3593 2546 3649 criminis
2578 3592 2789 3649 dilutio
2821 3597 2949 3649 est:
2984 3593 3082 3649 sed
3117 3610 3149 3648 e
3179 3593 3473 3649 contrario
3497 3593 3579 3649 al-

178 3683 259 3739 ter
276 3682 601 3755 proutlibet
627 3697 735 3736 suo
759 3679 1061 3735 stomacho
1092 3680 1336 3736 inservit
1364 3685 1422 3736 et
1451 3682 1758 3739 velitatur:
1784 3681 2073 3739 alter'non
2108 3682 2274 3739 lectis
2305 3686 2509 3739 contra
2533 3698 2597 3738 se
2654 3681 2844 3749 libris,
2894 3682 2994 3737 sed
3044 3680 3219 3752 vulgo
3270 3680 3583 3737 intellectis

180 3770 676 3829 criminationibus
705 3770 977 3825 occurrit.
1010 3769 1200 3832 Quare
1230 3776 1645 3842 prteposteram
1672 3772 1993 3828 Martianaai
2028 3788 2230 3827 curam
2262 3788 2435 3827 nemo
2470 3788 2583 3827 non
2618 3769 2991 3843 improbavit,
3024 3774 3222 3825 natam
3265 3770 3336 3824 ad
3380 3785 3581 3825 crean-

180 3859 310 3915 dum
342 3858 547 3916 lectori
578 3858 864 3924 laborem,
896 3858 1211 3930 ipsumque
1242 3859 1301 3913 S.
1336 3858 1599 3916 Doctoris
1630 3864 1965 3917 contextum
1988 3860 2239 3934 singulis
2260 3860 2491 3932 paginis
2518 3859 3031 3931 intercipiendum.
3063 3858 3329 3913 Secundo
3350 3873 3483 3913 cum
3506 3858 3585 3914 sit

180 3948 310 4005 utile
338 3948 624 4006 studiosis
655 3952 712 4003 et
734 3947 1136 4013 commodum,
1166 3946 1506 4003 authentica
1535 3955 1939 4020 monumenta,
1973 3966 2098 4022 quae
2130 3949 2365 4021 scriptis
2397 3947 2653 4003 auctoris
2686 3964 2861 4020 quem
2889 3962 3156 4012 exornas,
3216 3945 3580 4003 occasionem

180 4036 472 4106 dederunt,
504 4035 595 4093 vel
628 4053 754 4109 quae
785 4037 858 4092 ab
887 4036 1013 4109 ipso
1046 4040 1280 4092 auctore
1307 4036 1750 4111 impugnantur,
1784 4038 2020 4112 scriptis
2052 4038 2261 4094 iisdem
2296 4040 2625 4105 annectere,
2654 4053 2762 4093 nos
2804 4036 2918 4091 huc
2976 4034 3333 4091 adscivimus
3389 4034 3581 4107 primo

172 4123 351 4182 Ruﬁni
379 4124 650 4181 libellum
682 4123 873 4192 illum,
906 4123 1027 4181 sive
1058 4123 1421 4197 Apologiam,
1454 4130 1556 4181 aut
1585 4127 2013 4184 confessionem
2048 4127 2204 4193 ﬁdei,
2237 4142 2416 4198 quam
2448 4126 2519 4181 ad
2579 4142 2791 4198 papam
2851 4123 3225 4180 Anastasium
3281 4123 3465 4191 misit,
3526 4129 3581 4179 et

172 4230 334 4287 quam
364 4215 757 4289 Hieronymus
786 4218 909 4270 toto
939 4214 1198 4270 secundo
1228 4213 1376 4270 libro
1407 4217 1703 4272 confutat:
1735 4216 1944 4272 deinde
1976 4218 2166 4289 ipsam
2226 4232 2459 4289 quoque
2515 4214 2809 4271 Anastasii
2868 4230 3047 4287 super
3093 4213 3328 4271 nomine
3383 4213 3579 4270 Ruﬁni

168 4304 482 4374 epistolam,
519 4321 699 4377 quam
731 4303 812 4359 illi
846 4303 1020 4360 toties
1040 4308 1159 4360 tem
1191 4302 1351 4369 alibi,
1378 4310 1505 4360 tum
1537 4305 1790 4363 maxime
1819 4306 1979 4362 hisce
2010 4307 2069 4361 in
2100 4305 2268 4362 libris
2308 4305 2523 4378 ingerit
2572 4306 2628 4361 S.
2692 4304 2922 4361 Doctor.
2978 4303 3273 4360 Hactenus
3328 4303 3389 4358 in
3447 4319 3576 4359 eum

168 4394 378 4450 tomum
402 4393 506 4468 qui
535 4393 727 4449 aliena
757 4410 823 4449 ac
854 4392 1228 4465 supposititia
1254 4393 1682 4466 complectitur,
1713 4396 1937 4467 rejectae
1969 4400 2144 4452 sunt:
2182 4396 2280 4451 sed
2316 4394 2375 4450 in
2408 4394 2667 4467 antiquis
2699 4394 3021 4460 codicibus,
3081 4393 3578 4465 quemadmodum

164 4480 227 4537 de
252 4484 427 4539 veteri
457 4482 793 4540 Corbeiensi
826 4486 889 4537 P.
925 4481 1306 4539 Constantius
1331 4484 1534 4551 tradit,
1567 4483 1712 4540 satis
1746 4486 2063 4556 prudenter
2094 4484 2240 4557 ipsis
2285 4489 2663 4557 apponuntur
2711 4481 3047 4555 Hieronymi
3085 4481 3271 4549 libris,
3333 4482 3579 4552 ejusque

168 4568 564 4643 dispositionis
595 4571 937 4628 doctissimo
968 4570 1090 4628 viro
1112 4572 1237 4644 ipse
1270 4577 1472 4628 auctor
1500 4573 1890 4646 Hieronymus
1915 4574 2236 4631 videbatur.
2275 4573 2534 4647 Denique
2566 4572 3002 4629 lucubrationes
3018 4587 3220 4627 omnes
3236 4568 3577 4642 pleramque

164 4663 375 4728 partem
404 4676 544 4717 cum
567 4660 830 4732 antiquis
859 4660 1239 4731 editionibus,
1274 4678 1452 4718 unam
1487 4666 1589 4719 aut
1617 4662 1860 4720 alteram
1892 4680 2027 4720 cum
2057 4662 2427 4721 vetutissimo
2460 4660 3026 4719 Palatino-Vaticano
3056 4659 3157 4714 234
3190 4656 3571 4722 contulimus,

167 4762 303 4821 sepe
323 4750 503 4807 etiam
538 4749 947 4807 emendamus.
