3958 6394
361 354 482 449 iis

1618 382 1683 451 S.
1731 382 2041 453 EUSEBII
2084 376 2552 453 HIERONYMI.

3647 364 3770 443 ιω

1069 674 1189 773 S.
1288 674 1962 774 EUSBBII

2159 670 3073 775 HBRONYMI

1507 864 2078 924 STRIDONENSIS
2118 861 2621 923 PRESBYTERI

1578 1041 1955 1200 APO
1976 1036 2546 1199 LOGIA

977 1322 1810 1456 ADVERSUS
1900 1318 2497 1453 LIBROS
2586 1319 3142 1451 BUFlNl

1940 1539 2174 1601 MISSA

547 1706 775 1829 AD
867 1692 2100 1835 PAMMACHIUM1
2190 1710 2395 1834 ET
2482 1705 3569 1832 MARCELLAM.

1640 2063 1976 2150 LIBER
2037 2062 2485 2151 PRIMUS.

432 2314 584 2371 457
607 2313 660 2371 4.
704 2315 770 2371 Et
795 2316 1004 2373 vestris
1044 2322 1101 2375 et
1159 2318 1478 2376 multorum
1534 2319 1747 2377 litteris
1799 2321 2000 2388 didici,
2033 2329 2086 2394 Α
2115 2320 2335 2393 collega
2364 2320 2421 2375 in
2457 2315 2899 2392 praefatiuncula
2927 2332 3121 2384 vocor,
3152 2319 3211 2371 et
3241 2313 3385 2372 satis
3414 2317 3612 2387 aperte
3665 2331 3768 2372 ex-

364 2402 539 2476 objici
569 2403 711 2459 mihi
748 2404 805 2459 in
839 2406 1039 2463 schola
1054 2408 1361 2480 TYranni’,
1384 2409 1586 2483 lingua
1616 2427 1826 2466 canum
1852 2428 2007 2466 meo-

360 2508 493 2548 rum
523 2509 591 2548 ex
620 2492 879 2550 inimicis
909 2496 981 2551 ab
1009 2494 1137 2568 ipso
1168 2498 1332 2569 (Psal.
1369 2516 1541 2567 uvn,
1572 2501 1688 2571 24),
1734 2516 1838 2555 cur
1885 2500 2008 2571 περὶ

359 2583 572 2656 Ἀρχῶν
596 2580 776 2638 libros
816 2582 874 2638 in
909 2584 1177 2640 Latinum
1238 2587 1532 2644 verterim.
1596 2589 1640 2645 Ο
1699 2589 2010 2661 impuden-

358 2669 503 2733 tiam
522 2668 545 2703 ³
575 2669 961 2742 singularem!
996 2680 1274 2731 accusant
1297 2676 1590 2732 medicum
1613 2677 1768 2749 quod
1789 2693 2009 2733 venena

360 2758 713 2831 prodiderit;
797 2764 863 2815 ut.
934 2760 1155 2818 scilicet
1238 2762 1693 2839 φαρμακοπώλῃ
1756 2768 2004 2833 suum‘,

360 2863 476 2903 non
506 2846 840 2905 innocentia
870 2850 1099 2919 merito,
1131 2852 1231 2907 sed
1273 2852 1537 2909 criminis
1596 2855 2007 2911 communione

358 2938 654 3005 tueantur,
688 2937 858 3008 quasi
882 2936 1113 3009 culpam
1147 2956 1429 2996 numeras
1480 2942 1840 3014 peccantium
1896 2944 2006 2998 mi-

364 3028 530 3095 nuat,
561 3029 620 3082 et
647 3026 705 3081 in
740 3026 1026 3098 personis,
1060 3044 1173 3083 non
1208 3028 1265 3084 in
1308 3029 1505 3095 rebus,
1556 3031 1634 3085 sit
1689 3033 2003 3088 accusatio.

362 3113 712 3171 Scribuntur
733 3118 936 3170 contra
983 3133 1075 3171 me
1118 3115 1275 3184 libri,
1332 3118 1679 3191 ingeruntur
1728 3122 2005 3177 omnibus

357 3202 631 3260 audiendi
659 3221 673 3271 ;
698 3208 756 3259 et
786 3207 979 3259 tamen
1012 3221 1127 3261 non
1160 3206 1434 3272 eduntur,
1467 3214 1531 3264 ut
1560 3213 1616 3264 et
1646 3209 2003 3282 simplicium

355 3292 534 3349 corda
563 3291 913 3363 percutiant,
948 3298 1004 3349 et
1035 3294 1175 3349 mihi
1206 3295 1545 3353 facultatem
1573 3315 1676 3371 pro
1720 3316 1812 3355 me
1842 3301 1999 3355 aufe-

353 3384 487 3436 rant
534 3381 939 3451 respondendi.
1005 3383 1229 3440 Novum
1281 3384 1514 3441 malitiae
1568 3404 1773 3459 genus,
1834 3406 2003 3445 accu-

357 3484 512 3534 sare,
545 3469 702 3540 quod
733 3470 898 3541 prodi
931 3471 1169 3528 timeas:
1206 3474 1480 3542 scribere,
1512 3476 1667 3548 quod
1725 3478 1999 3533 occultes.

365 3556 427 3612 Si
457 3562 596 3614 sunt
621 3572 758 3613 vera
788 3574 915 3630 qum
947 3560 1167 3631 scribit,
1195 3579 1299 3617 cur
1328 3563 1630 3635 publicum
1663 3565 1904 3621 timuit?
1952 3568 2002 3622 si

352 3644 522 3715 falsa,
556 3663 660 3702 cur
708 3647 991 3721 scripsit?
1017 3649 1168 3706 Olim
1202 3651 1363 3723 pueri
1414 3651 2003 3728 legimuszlntempe-

349 3735 534 3792 rantis
564 3752 694 3793 esse
715 3736 966 3793 arbitror
996 3739 1247 3796 scribere
1280 3740 1630 3814 quidquam,
1690 3744 1847 3815 quod
1904 3761 1999 3800 oc-

348 3824 554 3881 cultari
580 3825 725 3882 velis
754 3827 993 3897 (Cicero,
1028 3828 1129 3884 lib.
1162 3846 1180 3883 1
1236 3830 1491 3886 Academ.
1540 3832 1760 3903 Quaest.)
1821 3833 1998 3907 Rogo,

346 3913 481 3986 quis
509 3917 600 3971 est
618 3915 728 3971 iste
754 3916 960 3973 dolor?
989 3918 1137 3985 Quid
1161 3923 1414 3975 aestuant
1434 3920 1461 3973 ‘?
1492 3920 1632 3992 quid
1657 3920 2003 3978 insaniunt?

351 4003 514 4067 Quod
544 4019 868 4076 praeconem
901 4006 1090 4079 repuli
1112 4008 1428 4079 figuratum
1453 4008 1479 4062 ‘I
1503 4010 1655 4081 quod
1708 4011 1868 4067 nolui
1909 4028 2001 4068 me

352 4089 599 4147 subdolo
639 4108 738 4148 ore
769 4091 1043 4150 laudari?
1079 4096 1233 4168 quod
1290 4098 1400 4153 sub
1455 4097 1628 4154 amici
1684 4098 1838 4156 458
1898 4118 2000 4157 no-

349 4177 531 4250 mine,
602 4179 825 4237 inimici
908 4183 1155 4241 insidias
1230 4184 1634 4257 deprehendi?
1691 4190 1889 4245 Frater
1945 4194 2003 4245 et

420 4357 1035 4429 ‘rAd‘Pammachium,
1095 4368 1204 4417 etc.
1269 4364 1329 4419 In
1388 4380 1530 4421 mss.
1592 4364 1891 4422 codicibus
1940 4368 1999 4423 S.

347 4425 610 4504 Audgeiii
642 4425 1129 4504 Rothomagensis
1160 4434 1229 4489 ad
1264 4434 1418 4490 hunc
1446 4436 1684 4491 modum
1730 4437 2001 4493 inscribi-

347 4505 445 4555 tur
482 4499 754 4580 Defensio
805 4499 1005 4580 isthéc
1050 4507 1318 4580 :_1nqz'pit
1382 4508 1703 4580 Hieronymi
1768 4510 2003 4577 doctoris

351 4524 445 4555 ιυι-
483 4524 754 4558 ueiensio
805 4524 1005 4559 nemeae
1050 4524 1063 4560 :
1117 4524 1232 4561 moi
1275 4524 1318 4562 ιι
1382 4524 1701 4580 meronymi
1768 4524 2003 4577 aectoris

347 4573 561 4644 egregii
608 4573 866 4631 adversus
916 4578 1025 4631 tres
1079 4524 1296 4633 libeiiiis
1349 4579 1541 4644 Ruﬁni
1585 4581 2004 4637 calumniatoris

346 4644 526 4716 invidi
570 4644 835 4716 Defensio
914 4650 1086 4704 missa
1163 4644 1515 4705 Pammachio
1589 4660 1639 4706 et
1710 4650 1997 4708 Marcellae.

349 4713 516 4793 Falso
554 4714 625 4793 in
659 4713 847 4793 'antea
896 4719 1069 4775 editis
1110 4719 1282 4793 libris
1329 4722 1663 4793 Marcellino,
1712 4739 1814 4793 pro
1861 4725 2002 4780 Mar-

345 4787 521 4865 celiae.
551 4786 839 4865 inscripta
868 4797 991 4865 erat
1020 4791 1221 4865 eadem
1250 4792 1551 4865 Apologia.
1578 4786 1855 4849 minium.

416 4859 479 4913 In
509 4860 692 4935 saltatu
726 4859 993 4933 Tyranni.
1047 4863 1139 4918 Sic
1189 4859 1320 4935 lege
1363 4859 1496 4919 cuin
1551 4865 1827 4919 omnibus
1883 4865 1999 4920 fere

349 4928 784 5001 exemplaribus
860 4949 1004 4990 mss.
1084 4928 1459 4991 conformiter
1530 4935 1677 4991 libro
1750 4938 1998 4991 Actuum

346 5016 472 5079 gap.
507 5018 625 5069 XIX,
656 5003 710 5071 9,
742 5005 1038 5079 Qisputans
1083 5007 1141 5079 in
1189 5006 1654 5079 schola__lyranni
1690 5007 1995 5079 cujusdam.

2120 2415 2419 2483 ponuntur
2458 2407 2705 2464 crimina
2750 2422 2900 2473 mea,
2951 2404 3092 2477 quid
3139 2403 3499 2476 scripserim,
3550 2403 3771 2476 quibus

2119 2499 2179 2553 in
2236 2499 2446 2554 cmlum
2506 2496 2813 2567 Origenem
2880 2493 3159 2550 laudibus
3226 2492 3555 2548 levaverim.
3606 2491 3771 2548 Bono

2119 2586 2317 2643 animo
2346 2586 2552 2641 fecisse
2582 2602 2642 2641 se
2668 2583 2828 2640 dicit.
2878 2583 2944 2639 Et
3000 2582 3295 2655 quomodo
3346 2597 3502 2637 nunc
3560 2579 3771 2638 eadem

2117 2675 2393 2733 inimicus
2454 2674 2675 2745 objicit,
2743 2691 2870 2746 quae
2926 2676 3066 2728 tunc
3114 2671 3340 2727 amicus
3388 2670 3772 2727 laudaverat?

2115 2764 2391 2822 Volucrat
2451 2781 2541 2820 me
2571 2764 2630 2819 in
2663 2761 3142 2834 interpretatione
3167 2760 3337 2834 quasi
3370 2759 3650 2832 praevium
3674 2776 3769 2816 se-

2118 2854 2241 2927 qui,
2271 2859 2327 2910 et
2358 2853 2758 2910 aucloritatem
2789 2850 2949 2923 operi
2979 2867 3086 2906 suo
3126 2865 3195 2906 ex
3244 2848 3459 2905 nostris
3508 2864 3771 2921 opuscu-

2116 2943 2187 2999 lis
2215 2942 2491 2999 mutuari.
2542 2943 2856 2997 Sutiecerat
2902 2938 3079 2995 semel
3125 2938 3362 3007 dixisse,
3412 2938 3565 3011 quod
3615 2938 3770 2994 scri-

2115 3050 2368 3106 pseram.
2412 3032 2557 3099 Quid
2596 3046 2831 3086 necesse
2864 3028 2973 3084 fuit
3014 3028 3216 3084 eadem
3268 3044 3473 3083 rursus
3523 3027 3767 3097 iterare,

2114 3127 2171 3178 et
2210 3122 2541 3193 frequenter
2586 3119 2882 3192 ingerere:
2935 3121 2992 3173 et
3033 3116 3203 3189 quasi
3251 3132 3422 3172 nemo
3467 3115 3579 3172 sibi
3634 3114 3769 3173 lau-

2114 3211 2275 3269 danti
2305 3211 2583 3275 crederet,
2618 3208 2740 3279 ipsa
2771 3207 2927 3262 dicta
2965 3204 3276 3278 replicare!
3332 3205 3456 3261 Non
3501 3210 3591 3261 est
3639 3209 3769 3262 tam

2113 3300 2366 3357 sollicita
2395 3300 2467 3355 de
2495 3296 2857 3354 audientium
2882 3295 3016 3360 fide,
3049 3293 3297 3366 simplex
3322 3297 3380 3350 et
3400 3310 3548 3366 pura
3562 3293 3773 3351 lauda-

2114 3390 2212 3446 tio.
2238 3388 2384 3454 Quid
2418 3388 2645 3455 metuit,
2681 3402 2752 3442 ne
2784 3385 2867 3440 illi
2900 3384 3025 3440 sine
3059 3382 3407 3440 testimoniis
3462 3383 3767 3442 dictorum

2115 3495 2378 3535 meorum
2410 3478 2468 3532 in
2518 3474 2665 3531 meis
2713 3473 2989 3530 laudibus
3039 3489 3155 3528 non
3196 3472 3496 3529 credatur!
3535 3471 3769 3531 Videtis

2114 3584 2220 3623 nos
2267 3564 2591 3639 intelligere
2639 3561 3007 3635 prudentiam
3054 3561 3183 3632 ejus
3234 3565 3293 3617 et
3330 3556 3769 3633 pradicationis

2111 3654 2438 3727 diasyrtica:
2459 3655 2479 3687 ⁸
2510 3651 2767 3725 strophis
2790 3650 2847 3705 in
2868 3648 3098 3706 scholis
3121 3666 3272 3722 sape
3294 3648 3506 3705 lusisse
3531 3649 3544 3704 !
3604 3649 3768 3708 Sim-

2111 3744 2429 3817 plicitatem
2479 3741 2792 3798 obtendere
2858 3756 2971 3795 non
3017 3742 3228 3810 potest,
3276 3738 3336 3793 in
3380 3755 3497 3812 quo
3548 3737 3766 3796 artifex

2108 3831 2565 3906 deprehenditur
2609 3829 2853 3887 malitia.
2898 3826 3112 3895 Semel,
3181 3832 3285 3883 aut
3350 3831 3416 3883 ut
3475 3827 3763 3899 multum,

2110 3922 2202 3980 bis
2261 3937 2489 3977 errasse
2537 3920 2614 3975 sit
2677 3934 2890 3975 casus:
2955 3934 3059 3973 cur
3102 3917 3418 3989 prudenter
3481 3920 3639 3973 errat
3702 3923 3767 3975 et

2110 4011 2331 4079 crebro,
2374 4009 2528 4066 459
2573 4012 2629 4064 et
2669 4008 2751 4064 sic
2799 4023 2899 4079 per
2946 4010 3135 4062 totum
3183 4004 3325 4062 texit
3361 4020 3641 4073 errorem,
3693 4011 3765 4063 ut

2111 4099 2254 4155 mihi
2296 4115 2410 4155 non
2457 4098 2627 4153 liceat
2675 4112 2885 4168 negare
2934 4095 3090 4167 quod
3143 4093 3377 4150 laudati
3443 4092 3763 4152 Prudentis

2112 4189 2300 4246 fuerat
2363 4191 2421 4243 et
2464 4185 2659 4251 amici,
2711 4188 2843 4257 post
2882 4182 3317 4240 reconciliatam
3366 4182 3765 4255 simultatem,

2181 4368 2203 4400 ³
2235 4364 2275 4421 0
2326 4363 2749 4438 impudentiam.
2797 4362 2868 4438 8.Δ
2923 4359 3409 4438 Audoeni_ambo
3467 4376 3610 4438 mss.
3635 4377 3767 4438 _co-

2111 4438 2290 4493 dices.
2340 4432 2417 4492 Εἰ
2457 4437 2521 4491 ob
2562 4434 2960 4507 impudentiam
3004 4432 3381 4507 singularem,
3429 4435 3554 4507 _etc.
3623 4434 3764 4489 Cor-

2114 4509 2370 4567 beiensis
2400 4514 2596 4563 autem
2621 4503 2745 4571 εἘι,
2771 4521 2801 4560 o
2829 4504 3225 4576 impudentiam
3254 4503 3638 4587 singularem!

2182 4651 2203 4686 ³
2244 4644 2708 4723 Φαρμᾳκοπέὸλην
2774 4663 2967 4723 διιιινγιΣ
2983 4717 3001 4723 _
3025 4590 3591 4723 Obtruduiiiimiiabis
3666 4644 3769 4723 hic

2110 4722 2304 4779 Graaca
2333 4716 2507 4777 verba
2539 4721 2815 4791 Erasmus
2844 4723 2902 4774 et
2947 4717 3267 4791 Marianus,
3311 4734 3438 4791 quae
3490 4718 3549 4773 in
3594 4716 3766 4791 nullo

2109 4797 2393 4873 apparent
2441 4789 2756 4873 exemplari
2774 4790 3242 4873 amanuscripto:
3292 4787 3503 4873 nempe
3538 4787 3763 4873 φάρμει-

2107 4859 2206 4919 κ.δῦ
2243 4864 2557 4934 θανάσιμον,
2610 4859 2668 4917 id
2727 4866 2835 4934 est,
2893 4859 3181 4934 venenum
3240 4859 3630 4915 mortiferum;
3694 4859 3765 4915 In

2111 4935 2313 4992 multis
2376 4932 2567 4990 Grmce
2643 4933 2881 5005 quidem
2931 4932 3241 5005 scribitur
3301 4934 3766 5005 saeuasque-

2110 5007 2259 5063 ΛΑΜ
2294 5023 2507 5073 suum;
2542 5005 2640 5060 sed
2661 5001 2853 5059 altum
2886 5003 3103 5075 ubique
3134 5001 3439 5075 silentium
3460 5002 3535 5075 de
3577 5001 3764 5074 phar-

346 5065 629 5130 ΜὶιιτιΑΝζ
663 5065 732 5114 -ὲ
766 5065 932 5132 Putat
962 5076 1336 5133 Martianaeus
1357 5065 1537 5133 alliidi
1563 5076 1704 5132 illud
1746 5065 1996 5134 Actuum
2029 5065 2072 5132 C
2112 5096 2275 5135 maco
2319 5065 2653 5133 thanasimo
2700 5074 2926 5131 Erasmi
2992 5065 3047 5130 et
3096 5073 3361 5130 Mariani.
3411 5065 3765 5131 Pharinaco-

346 5159 473 5221 cap.
502 5160 620 5213 χιχ,
722 5163 735 5201 :
770 5149 1069 5221 Qisputant
1096 5150 1154 5203 in
1183 5148 1375 5221 schola;
1415 5151 1669 5221 tyranni,
1692 5150 1995 5221 cujusdam.

344 5217 417 5269 At
471 5215 705 5293 proprie
769 5215 1161 5293 Hieronymus
1231 5215 1479 5291 patriam
1557 5215 1768 5275 Ruﬁni'
1820 5226 2001 5291 notat,

346 5300 545 5364 qu_em_
575 5291 892 5364 Tyranium,
940 5291 1028 5364 vel
1078 5293 1389 5364 Toranium,
1432 5295 1502 5364 et
1555 5293 1858 5347 Turanium
1908 5310 2003 5364 ap-

345 5354 550 5435 pellari
580 5354 780 5435 videas
808 5361 878 5416 ab
911 5363 1192 5434 antiquis.
1231 5354 1517 5434 Ipsa'ejus
1549 5364 1807 5434 Symboli
1828 5354 2000 5435 expo-

347 5427 481 5507 sitio
513 5428 705 5507 Ruﬁno
737 5431 960 5507 Tonano,
999 5427 1358 5507 Aquileiensis
1388 5427 2001 5507 E'cclesimpresbytéro,

344 5499 1146 5577 nudoreinscribitur.Tom,
1177 5510 1279 5561 aut
1312 5507 1469 5577 Tyra,
1524 5499 1699 5561 fuerit
1747 5499 1857 5562 loci
1907 5499 2004 5563 no?

347 5586 501 5649 r_nen.
537 5569 693 5649 Hier,
728 5572 879 5649 intra
920 5574 1027 5649 lib.
1082 5569 1146 5630 ni
1201 5569 1546 5649 oppidulum
1608 5579 1785 5633 fuisse
1837 5578 2000 5634 dicit.

348 5641 482 5722 Erat
512 5644 933 5722 aut_em_t_tuﬁni
964 5641 1417 5719 cognomentum
1451 5651 1774 5722 Tyrannius,
1802 5651 2005 5709 utsuis

348 5712 498 5773 locis
532 5714 921 5775 ostendimus.

2113 5150 2245 5222 pola
2274 5166 2443 5221 porro
2468 5147 3079 5222 0rigenistarumerat
3100 5146 3376 5222 Rufinus,
3409 5150 3475 5201 ut
3530 5144 3764 5222 liquido

2112 5218 2353 5294 apparet
2403 5238 2470 5294 ex
2530 5218 2660 5294 ipso
2733 5221 3027 5294 contentu.
3072 5218 3382 5294 Manum.
3430 5247 3499 5258 --
3546 5221 3767 5294 Perpe-

2113 5287 2237 5349 ι·ᾶῶ
2267 5296 2409 5365 61⁸8.ιῄ
2438 5292 2496 5346 in
2544 5287 2803 5365 antiquis
2847 5287 3201 5365 editionibus
3256 5288 3540 5365 φάρμακον
3562 5287 3764 5365 ﬂgiti:

2113 5384 2295 5436 σιμον,
2356 5363 2411 5417 id
2456 5365 2535 5418 est
2611 5359 2825 5416 malum
2907 5362 3079 5427 virus,
3123 5359 3499 5432 venenumque
3555 5359 3768 5416 lethale

2116 5439 2443 5562 mimihi
2476 5502 2878 5574 distrahendo,
2933 5505 2999 5557 ut
3078 5502 3376 5574 Erasmus,
3445 5516 3632 5574 neque
3680 5500 3761 5574 ab

2113 5576 2512 5645 obtrectando,
2564 5579 2628 5629 ut
2667 5573 2981 5640 Victorius,
3049 5573 3365 5645 diasyrtica
3419 5572 3765 5645 praedicatio

2111 5650 2207 5707 hic
2255 5649 2472 5705 dicitur
2498 5644 2694 5719 ';V_sed_
2721 5647 2793 5702 ah
2840 5662 2907 5704 eo
2957 5646 3112 5719 quod
3160 5644 3345 5705 elevet
3396 5644 3465 5705 ea
3506 5644 3580 5705 ad
3627 5658 3767 5716 quae

2114 5720 2467 5796 respondere
2497 5715 2735 5777 difﬁcile
2765 5720 2878 5778 est.
