3958 6398
205 356 308 431 4t?

1388 354 1701 429 comas
1745 360 2105 457 annuum
2148 358 2297 435 LIB.
2337 353 2393 426 1.

3473 357 3596 447 418

206 492 543 561 etiamtleves
564 493 937 569 suspiciones
965 494 1201 567 fugere:
1244 512 1317 552 ne
1372 498 1529 569 quod
1590 496 1828 553 fortuito
1858 500 1913 567 Α
1942 496 2185 565 diluere,
2220 496 2413 554 neille
2460 497 2605 553 mihi
2667 495 2873 553 fecisse
2924 496 3230 569 putaretur
3288 496 3593 569 injuriam,

205 583 431 650 fecisset,
463 582 740 640 consulto
776 583 961 639 facere
1004 588 1330 655 putaretur.
1366 585 1527 643 Unde
1580 591 1636 642 et
1690 586 1829 642 Tul-

206 674 307 751 lius
349 672 402 727 iu
454 672 903 730 Commentariis
964 689 1277 730 causarum
1356 692 1461 749 pro
1545 675 1826 732 Gabinio:

206 786 230 814 ‹‹
259 764 362 837 Ego
390 782 418 812 »
448 761 660 832 inquit,
682 778 818 817 cum
849 778 1054 820 omnes
1076 763 1369 820 amicitias
1400 765 1651 820 tuendas
1682 780 1833 821 sem-

205 869 296 925 per
315 850 505 929 putavi
536 867 777 907 summa
802 850 1081 924 religione
1111 856 1170 908 et
1199 852 1334 921 ﬁde,
1368 857 1497 909 tum
1546 869 1646 909 eas
1706 869 1832 908 ma-

205 941 345 998 xime
363 956 479 1012 quas
500 947 698 996 essent
718 957 787 996 ex
805 939 1136 997 inimicitiis
1156 945 1432 998 revocatas
1462 940 1521 996 in
1540 942 1791 1015 gratiam
1814 960 1828 1011 ;

205 1033 484 1103 propterea
508 1028 661 1101 quod
692 1028 934 1102 integris
956 1029 1232 1087 amicitiis
1281 1030 1541 1087 ofﬁcium
1594 1038 1831 1103 praster-

204 1117 887 1191 missum,imprudentiaa
914 1117 1004 1175 vel
1065 1118 1151 1191 (ut
1206 1118 1443 1192 gravius
1488 1120 1833 1192 interprete-

207 1206 342 1277 mur)
385 1204 747 1279 negligentiae
801 1207 1175 1264 excusatione
1239 1209 1614 1277 defenditur;
1703 1212 1837 1281 post

205 1295 431 1354 reditum
463 1295 522 1350 in
553 1295 824 1369 gratiam,
873 1296 925 1353 si
983 1297 1125 1369 quid
1170 1302 1260 1354 est
1306 1298 1717 1366 commissum,
1773 1297 1835 1352 id

205 1402 305 1442 non
358 1383 705 1457 neglectum,
763 1386 865 1442 sed
915 1385 1197 1442 violatum
1256 1390 1543 1460 putatur:
1588 1403 1693 1442 nec
1723 1386 1833 1441 im-

206 1473 529 1547 prudentia,
554 1474 654 1531 sed
688 1473 944 1546 perﬁdiae
974 1474 1267 1550 assignari
1313 1475 1535 1532 solet.»
1593 1475 1835 1531 Flaccus

206 1561 455 1618 Horatius
488 1579 723 1635 quoque
750 1562 813 1619 in
842 1563 1103 1636 Epistola
1132 1580 1311 1636 quam
1345 1563 1545 1621 scribit
1576 1564 1648 1620 ad
1700 1562 1836 1621 Flo-

206 1668 353 1708 rum:
386 1652 545 1719 Male,
578 1654 681 1720 ait,
730 1658 886 1708 saria
936 1652 1132 1710 Gratia
1187 1654 1561 1727 nequidquam
1617 1654 1746 1723 coit,
1787 1656 1836 1708 et

204 1742 537 1798 rescinditur.

261 1835 311 1889 2.
341 1832 609 1899 Hilarius,
669 1832 918 1905 Origenis
973 1835 1266 1905 interpres,
1326 1834 1376 1889 et
1416 1833 1731 1893 Ambrosius
1784 1836 1837 1888 et

208 1921 514 1977 Victorinus.
550 1922 672 1977 Tres
715 1920 849 1977 libri
909 1923 1112 1997 Ruﬁni.
1146 1953 1212 1964 —
1270 1922 1417 1987 Quid
1472 1922 1619 1978 mihi
1680 1939 1838 1977 nunc

203 2009 436 2082 prodest,
469 2009 625 2083 quod
676 2008 1022 2083 simpliciter
1068 2028 1296 2068 errasse
1338 2028 1400 2067 se
1432 2011 1646 2082 jurat?
1693 2012 1838 2067 Ecce

201 2098 544 2170 objiciuntur
598 2098 744 2155 mihi
805 2099 1013 2156 laudes
1060 2101 1210 2173 ejus,
1270 2104 1327 2156 et
1383 2099 1617 2157 crimini
1667 2101 1841 2156 datur

203 2186 606 2260 simplicissimi
637 2187 831 2255 amici,
865 2204 981 2243 non
1012 2187 1283 2262 simplex,
1316 2205 1424 2245 nec
1455 2206 1604 2261 pura
1643 2188 1840 2245 lauda-

200 2277 291 2333 tio.
320 2276 410 2334 Sic
438 2276 851 2333 auctoritatem
883 2294 989 2333 suo
1016 2278 1176 2350 operi
1212 2279 1615 2351 prmstruebat,
1637 2276 1840 2334 volens

204 2381 337 2439 quos
388 2369 734 2437 sequeretur
781 2365 1108 2435 ostendere,
1158 2366 1366 2422 habuit
1422 2367 1480 2421 in
1562 2371 1836 2439 promptu

204 2453 473 2511 Hilarium
534 2454 958 2523 Confessorem,
1017 2456 1117 2527 qui
1180 2456 1574 2531 quadraginta
1659 2456 1840 2511 ferme

207 2542 373 2600 millia
428 2559 704 2600 versuum
758 2542 1026 2617 Origenis
1081 2545 1142 2600 in
1227 2543 1338 2601 Job
1433 2550 1493 2601 et
1576 2543 1841 2601 Psalmos

205 2632 508 2689 transtulit.
541 2632 761 2688 Habuit
788 2632 1194 2703 Ambrosium,
1229 2635 1401 2706 cujus
1431 2651 1578 2707 pene
1637 2650 1841 2689 omnes

205 2719 325 2777 libri
346 2722 531 2795 hujus
562 2722 935 2779 sermonibus
961 2721 1118 2794 pleni
1184 2727 1361 2779 sunt:
1405 2727 1462 2779 et
1524 2726 1839 2796 martyrem

204 2807 572 2880 Victorinum,
603 2811 704 2883 qui
732 2810 1174 2884 simplicitatem
1207 2828 1376 2867 suam
1408 2812 1468 2868 in
1493 2829 1559 2868 eo
1613 2812 1839 2885 probat,

203 2897 330 2956 dum
354 2899 499 2957 nulli
534 2899 777 2956 molitur
807 2900 1075 2956 insidias.
1107 2905 1184 2956 De
1214 2901 1310 2957 his
1340 2901 1619 2958 omnibus
1667 2904 1839 2968 tacet,

202 2992 269 3057 et,
323 2990 490 3063 quasi
550 2989 863 3046 columnis-
908 2989 1172 3046 Ecclesiae
1249 2990 1682 3063 praetermissis,
1748 3005 1842 3045 me

205 3076 382 3134 solum
440 3078 695 3151 pulicem
751 3084 806 3136 et
859 3078 1027 3135 nihili
1087 3079 1537 3153 hominem‘per
1594 3078 1842 3153 angulos

201 3172 579 3239 consectatur.
640 3167 765 3225 Nisi
814 3168 960 3226 forte
1009 3169 1212 3225 eadem
1268 3168 1666 3242 simplicitate,
1728 3185 1844 3240 qua

203 3257 437 3315 amicum
470 3257 707 3315 nescius
736 3258 1053 3327 accusavit,
1084 3258 1219 3315 illos
1247 3259 1551 3331 ignorasse
1582 3260 1837 3331 sejuret.
1871 3244 1914 3311 C

202 3344 262 3401 Et
287 3346 413 3419 quis
434 3348 487 3405 ei
520 3348 717 3404 credet
745 3346 866 3404 viro
896 3347 1320 3415 eruditissimo,
1370 3353 1426 3404 et
1457 3348 1559 3420 qui
1609 3349 1840 3403 tantum

201 3432 396 3494 habeat
450 3437 759 3495 scientiam
816 3436 1171 3510 scriptorum
1223 3440 1510 3505 veterum,
1589 3435 1840 3492 maxime

203 3520 541 3593 Graecorum,
575 3529 640 3582 ut
669 3525 810 3582 dum
844 3525 1154 3600 peregrina
1188 3529 1467 3595 sectatur,
1528 3542 1675 3598 pene
1733 3542 1841 3581 sua

201 3613 484 3671 amiserit:
548 3615 704 3687 quod
749 3614 1167 3673 recentissima:
1218 3614 1515 3672 memoria:
1582 3615 1737 3670 viros
1785 3616 1841 3670 et

201 3698 420 3771 Latinos
451 3703 724 3762 nesciat?
753 3704 835 3760 Ex
865 3721 981 3778 quo
1013 3709 1253 3777 apparet
1284 3722 1400 3761 non
1436 3710 1558 3761 tam
1617 3720 1710 3760 me
1767 3704 1839 3759 ab

199 3806 255 3847 eo
283 3791 604 3851 laudatum.
643 3810 822 3867 quam
854 3793 988 3851 illos
1012 3811 1128 3850 non
1187 3799 1536 3851 accusatos:
1599 3798 1665 3849 ut
1721 3793 1841 3850 sive

198 3876 314 3938 laus
349 3881 450 3939 illa
484 3888 576 3939 est
601 3883 691 3955 (ut
748 3882 946 3940 stultis
996 3883 1350 3957 persuadere
1395 3884 1661 3955 conatur)
1720 3881 1840 3939 sive

196 3972 496 4050 accusatio,
532 3978 598 4028 ut
628 3989 732 4046 ego
775 3990 842 4029 ex
898 3971 1161 4029 vulneris
1208 3974 1321 4030 mei
1370 3973 1569 4030 dolore
1628 3973 1838 4039 sentio,

199 4074 291 4116 nec
317 4060 375 4117 in
407 4060 586 4120 laude
612 4062 888 4119 haberem
918 4060 1238 4134 aequalium
1292 4062 1564 4136 gloriam,
1622 4078 1727 4118 nec
1779 4062 1839 4119 in

197 4148 615 4224 vituperatione
645 4150 945 4208 solatium.

260 4239 309 4294 3.
358 4240 549 4299 Teneo
596 4241 874 4315 epistolas
930 4246 1174 4307 vestras,
1225 4241 1443 4314 quibus
1498 4245 1837 4298 accusatum

198 4342 280 4384 me
300 4329 558 4387 scribitis
580 4346 730 4400 esse,
783 4336 840 4387 et
890 4330 1210 4389 hortamini
1267 4331 1425 4386 460
1487 4335 1553 4385 ut
1607 4347 1843 4403 respon-

200 4416 352 4475 deam
383 4418 727 4477 criminanti
760 4437 861 4486 ;ne
883 4421 934 4478 si
994 4420 1304 4487 tacuerim,
1363 4420 1562 4477 videar
1619 4419 1840 4475 crimen

200 4522 524 4580 agnoscere.
559 4511 646 4566 Ad
680 4526 830 4585 quas
859 4509 1161 4584 respondi,
1203 4509 1423 4566 fateor:
1459 4514 1515 4566 et
1572 4509 1842 4582 quamvis

197 4593 382 4667 laesus,
405 4598 492 4656 sic
517 4599 788 4657 amicitiae
809 4600 951 4672 jura
973 4599 1217 4670 servavi,
1250 4603 1317 4655 ut
1348 4616 1440 4655 me
1486 4599 1612 4656 sine
1669 4616 1843 4655 accu-
1872 4623 1920 4688 Β

196 4688 371 4746 sentis
411 4688 790 4747 accusatione
843 4689 1256 4758 defenderem;
1318 4693 1376 4745 et
1460 4689 1618 4762 quod
1689 4705 1844 4745 unus

196 4772 378 4833 Romae
408 4779 640 4836 amicus
691 4780 1007 4851 objecerat,
1054 4795 1089 4835 a
1146 4777 1355 4835 multis
1419 4778 1478 4835 in
1528 4782 1648 4835 toto
1707 4780 1845 4835 orbe

194 4861 443 4924 inimicis
490 4868 744 4925 dicerem
776 4868 1136 4941 jactitatum,
1191 4872 1257 4923 ut
1313 4884 1430 4924 non
1476 4868 1706 4924 viderer
1738 4868 1843 4923 ho-

197 4953 351 5022 mini,
380 4957 485 5014 sed
517 4956 867 5014 criminibus
898 4957 1272 5031 respondere.
1307 4957 1480 5013 Aliud
1514 4961 1625 5029 est,
1658 4958 1709 5014 si
1742 4975 1844 5029 pro

190 5042 313 5113 jure
353 5046 626 5104 amicitia:
675 5051 987 5105 accusatus
1046 5052 1240 5103 tacere
1282 5047 1482 5115 debui,
1569 5052 1627 5104 et
1701 5049 1842 5103 dum

196 5128 435 5193 lutatam
466 5135 653 5194 habeo
678 5136 885 5195 faciem
910 5138 952 5204 ¹,
985 5140 1181 5210 atque,
1217 5140 1282 5193 ut
1311 5137 1393 5193 ita
1421 5136 1635 5204 dicam,
1667 5136 1841 5194 haere-

196 5222 303 5280 tico
332 5224 515 5283 fetore
550 5243 953 5301 consparsam,
1008 5244 1082 5284 ne
1121 5224 1375 5300 simplici
1404 5226 1638 5298 quidem
1690 5244 1846 5300 aqua

262 5422 621 5494 ‘Victorius,
656 5425 891 5483 lutatam
922 5424 990 5483 ab
1048 5442 1107 5483 eo
1145 5426 1367 5553 ﬁrmem,
1438 5424 1658 5484 scilicet
1725 5427 1842 5484 Ru-

262 5511 335 5553 l0.
409 5514 516 5553 nro
561 5499 750 5553 habeo.
821 5497 1067 5553 Phrasin
1199 5497 1537 5553 ieronvmus
1615 5498 1842 5553 videtur

204 5492 335 5562 tino,
405 5514 516 5579 pro
561 5492 765 5579 hallec,
821 5497 1095 5579 Phrasin
1145 5492 1548 5579 Hieronymus
1579 5498 1846 5579 __videt_ur

201 5569 523 5647 sumpsisse
552 5585 621 5626 ex
635 5569 907 5647 _Ta_tiano,
943 5569 1042 5647 qui
1063 5570 1134 5647 de
1166 5569 1474 5647 Crescente
1496 5569 1844 5643 philosopho

200 5640 451 5722 scripsit,
502 5640 977 5722 quodulutatam
1002 5641 1277 5700 habuerit
1351 5640 1582 5716 faciem,
1657 5640 1846 5722 eaque

201 5715 425 5796 propter
454 5712 709 5793 sapienti
737 5713 1095 5776 indecorem.

1941 586 2069 642 Ηωο
2100 604 2209 642 vox
2240 603 2345 642 nec
2373 586 2631 643 hominis
2659 591 2769 659 est,
2801 603 2906 642 nec
2940 585 3011 642 ad
3044 586 3368 652 hominem,
3396 591 3596 659 aperte

1940 676 2195 732 amicum
2230 680 2443 748 petere,
2476 678 2533 731 et
2553 675 2800 731 crimina
2824 676 2952 747 ejus
2993 676 3102 731 sub
3161 692 3416 748 persona
3465 674 3594 733 lau-

1942 766 2163 820 datoris
2193 781 2518 837 exponere:
2553 770 2609 821 et
2638 764 2721 820 ﬁli
2764 782 2836 820 ne
2882 765 2991 821 hoc
3049 764 3286 837 quidem
3340 764 3594 821 liberum

1942 853 2288 920 derelinqui,
2324 859 2387 909 ut
2414 870 2474 909 se
2504 852 2857 909 catholicum
2882 853 3171 926 probet,et
3192 851 3591 909 laudationem

1942 942 2217 1005 haeretici,
2246 958 2376 1014 qua:
2397 940 2481 996 illi
2511 937 2804 1015 objicitdr,
2839 959 2955 998 non
3001 942 3072 997 de
3118 958 3361 998 assensu
3415 942 3595 997 beare-

1942 1047 2094 1097 seos,
2129 1030 2228 1086 sed
2261 1031 2333 1085 de
2362 1029 2581 1103 ingenii
2613 1030 2906 1087 exstitisse
2928 1030 3312 1087 admiratione
3365 1047 3600 1102 respou-

1943 1121 2097 1176 deat.
2130 1118 2434 1176 Placuerat
2463 1118 2537 1187 ei,
2567 1118 2686 1175 sive
2716 1125 2781 1175 ut
2811 1120 2937 1192 ipse
2997 1119 3122 1175 vult
3169 1119 3375 1187 videri,
3438 1136 3587 1175 com-

1944 1208 2151 1282 pulsus
2209 1209 2431 1264 eratin
2486 1209 2756 1264 Latinam
2812 1209 3069 1281 linguam
3125 1212 3374 1274 vertere,
3444 1208 3600 1280 quod

1944 1297 2195 1353 nolebat.
2227 1296 2374 1363 Quid
2398 1314 2633 1353 necesse
2661 1297 2769 1352 fuit
2797 1313 2891 1353 me
2934 1297 3238 1365 latentem,
3313 1302 3372 1352 et
3418 1298 3600 1353 tantis

1945 1387 2124 1443 maris
2162 1392 2358 1458 atque
2408 1391 2695 1443 terrarum
2754 1386 3010 1443 divisum
3068 1385 3274 1459 spatiis
3344 1386 3601 1441 inserere

1944 1475 2251 1548 quaestioni
2271 1475 2610 1548 ?‘opponere
2640 1475 2871 1531 invidiae
2904 1474 3328 1548 plurimorum,
3362 1479 3428 1530 ut
3467 1472 3602 1547 plus

1945 1564 2091 1619 mihi
2112 1564 2405 1620 laudando
2445 1571 2698 1632 noceret,
2720 1581 2905 1637 quam
2936 1564 3050 1620 sibi
3084 1564 3390 1637 prodesset
3415 1579 3602 1621 exem-

1945 1653 2039 1727 plo
2060 1653 2088 1708 ?
2119 1653 2285 1709 Nunc
2317 1640 2547 1724 quoque
2579 1653 2719 1724 quia
2739 1652 2906 1709 renui
2938 1652 3328 1719 laudatorem,
3350 1656 3407 1708 et
3436 1667 3602 1708 verso

1940 1741 2089 1815 stylo
2120 1742 2289 1797 docui
2323 1758 2414 1797 me
2445 1759 2562 1798 non
2594 1758 2742 1805 esse,
2776 1742 2934 1814 quod
2989 1757 3159 1803 meus
3234 1741 3604 1799 necessarius

1945 1830 2300 1902 praedicavit,
2355 1829 2571 1887 dicitur
2627 1830 2840 1896 turere,
2897 1835 2955 1886 et
3000 1832 3162 1888 tres2
3215 1835 3420 1886 contra
3508 1845 3605 1885 me

1947 1919 2128 1976 libros
2155 1924 2461 1976 venustate
2492 1920 2687 1976 Attica
2714 1920 3010 1991 texuisse;
3043 1920 3246 1976 eadem
3295 1935 3603 1997 accusans,

1947 2026 2073 2081 quae
2106 2012 2239 2065 ante
2269 2007 2631 2077 laudaverat,
2666 2014 2723 2065 et
2751 2009 3034 2080 objiciens
3086 2008 3232 2064 mihi
3290 2009 3349 2063 in
3409 2013 3604 2064 trans~

1947 2098 2162 2154 latione
2191 2098 2456 2171 Origenis
2488 2098 2710 2154 nefaria
2740 2099 3036 2171 dogmata,
3070 2099 3140 2154 de
3171 2114 3288 2170 quo
3355 2098 3413 2153 in
3464 2096 3608 2153 Prm-

1948 2187 2648 2244 fatiunculalaudationis
2679 2204 2797 2242 suae
2822 2187 3086 2243 dixerat:
3120 2210 3147 2236 ‹‹
3181 2187 3408 2258 Sequar
3438 2203 3607 2257 regu-

1946 2276 2065 2333 lam
2119 2293 2563 2349 przecessorum,
2607 2282 2665 2331 et
2718 2278 2848 2346 ejus
2898 2275 3185 2348 praecipue
3240 2275 3373 2340 viri,
3430 2276 3604 2347 cujus

1948 2367 2222 2438 superius
2252 2366 2498 2422 fecimus
2530 2366 2887 2421 mentionem
2922 2382 2934 2420 :
2970 2366 3071 2438 qui
3126 2383 3259 2422 cum
3310 2365 3463 2421 ultra
3513 2385 3603 2422 se-

1951 2455 2259 2528 ptuaginta
2289 2455 2517 2511 libellos
2548 2454 2835 2528 Origenis,
2882 2470 3029 2528 quos
3088 2454 3452 2510 Homiliticos
3501 2462 3598 2527 ap-

1951 2544 2207 2618 pellavit,
2242 2544 2579 2616 aliquantos
2611 2543 2787 2599 etiam
2808 2544 2880 2599 de
2917 2544 3095 2599 tomis
3137 2545 3196 2599 in
3249 2542 3599 2616 Apostolum

1950 2633 2207 2707 scripsit,
2243 2630 2644 2690 transtulisset
2676 2633 2734 2688 in
2762 2633 3033 2689 Latinum
3060 2651 3073 2702 ;
3106 2633 3166 2689 in
3213 2632 3430 2705 quibus
3464 2650 3599 2688 cum

1950 2723 2253 2796 aliquanta
2290 2721 2639 2779 offendicula
2705 2721 3084 2777 inveniantur
3138 2720 3196 2776 in
3244 2721 3461 2790 Graeco,
3522 2723 3604 2778 ita

1951 2813 2211 2869 elimavit
2241 2812 2440 2869 omnia
2470 2811 2909 2884 interpretando
2949 2814 3126 2884 atque
3184 2811 3474 2885 purgavit,
3540 2818 3603 2868 ut

1952 2902 2098 2958 nihil
2123 2903 2181 2957 in
2214 2902 2333 2958 illis
2365 2902 2519 2974 quod
2553 2919 2588 2956 a
2616 2902 2731 2957 ﬁde
2763 2905 2964 2957 nostra
2994 2902 3306 2973 discrepet,
3360 2901 3603 2956 Latinus

1950 2991 2131 3048 lector
2160 2991 2441 3047 inveniat.
2477 2991 2644 3046 Hunc
2695 2989 3065 3063 ergo‘etiam
3115 3007 3239 3054 nos,
3299 2988 3436 3046 licet
3484 3008 3599 3045 non

1951 3080 2298 3153 eloquentiae
2354 3080 2598 3147 viribus,
2651 3078 2974 3153 disciplinae
3032 3083 3227 3134 tamen
3267 3077 3486 3150 regulis
3549 3080 3605 3134 in

1957 3174 2246 3243 quantum
2270 3186 2611 3243 possumus,
2646 3168 2973 3240 sequimur.
3570 3176 3577 3181 ‘

2025 3261 2076 3314 4.
2137 3259 2290 3316 Fides
2348 3260 2589 3314 Romana
2648 3256 3047 3313 Catholicorum
3120 3264 3218 3314 est.
3296 3288 3365 3296 —
3445 3262 3609 3313 Certe

1949 3349 2070 3404 haec
2102 3347 2263 3405 illius
2314 3348 2491 3403 verba
2545 3351 2704 3415 sunt,
2758 3362 2972 3420 negare
3024 3363 3141 3403 non
3200 3350 3405 3419 potest.
3472 3347 3605 3419 Ipsa

1950 3438 2085 3512 styli
2134 3437 2428 3510 elegantia
2470 3440 2525 3492 et
2585 3452 2777 3493 sermo
2826 3435 3474 3509 compositus,quotquc
3508 3437 3600 3491 his

1950 3528 2145 3599 majus
2175 3531 2283 3595 est,
2317 3528 2465 3583 461
2526 3524 2876 3599 simplicitas
2935 3525 3284 3594 Christiana,
3350 3524 3608 3580 auctoris

1950 3617 2042 3673 sui
2078 3616 2477 3673 characterem
2508 3615 2778 3688 probant.
2809 3613 2979 3670 Aliud
3013 3618 3120 3683 est,
3163 3613 3213 3669 si
3262 3614 3376 3669 ista
3427 3615 3601 3669 Eusc-

1949 3707 2083 3763 bius
2118 3705 2471 3779 depravavit,
2516 3709 2573 3760 et
2630 3709 2935 3760 accusator
2981 3703 3249 3777 Origenis
3270 3703 3311 3770 ³,
3371 3704 3605 3773 meique

1950 3796 2275 3866 studiosus,
2309 3796 2368 3850 in
2401 3811 2517 3849 uno
2549 3794 2867 3865 eodemque
2897 3809 3069 3865 Opere
3092 3796 3149 3847 et
3180 3792 3348 3846 illum
3395 3797 3452 3846 et
3511 3807 3603 3845 me

1948 3885 2033 3941 vel
2064 3901 2310 3949 errasse,
2342 3883 2429 3939 vel
2486 3884 2634 3939 bene
2692 3882 2949 3939 sensisse
3006 3885 3254 3937 testatus
3304 3884 3413 3935 est.
3475 3880 3601 3935 Non

1950 3979 2143 4046 potest
2164 3989 2255 4029 me
2282 3988 2435 4028 nunc
2468 3971 2743 4043 ipimicus
2772 3970 3105 4026 haereticum
3146 3969 3362 4035 dicere,
3426 3980 3601 4040 quem

1950 4081 1984 4118 a
2016 4063 2127 4119 {ide
2158 4079 2265 4118 sua
2322 4061 2548 4116 dudum
2591 4077 2704 4115 non
2762 4059 3092 4131 discrepare
3140 4059 3425 4131 praefatus
3494 4063 3604 4113 est.

1951 4151 2256 4224 Simulque
2296 4149 2507 4206 ethoc
2564 4150 2636 4205 ab
2697 4166 2762 4205 eo
2820 4165 3037 4221 quaaro,
3098 4148 3240 4221 quid
3311 4147 3422 4204 sibi
3474 4146 3614 4202 velit

1950 4258 2142 4299 sermo
2165 4242 2505 4296 moderatus
2527 4244 2584 4296 et
2613 4238 2875 4295 dubius?
2905 4236 3087 4308 Nihil,
3119 4237 3337 4310 inquit,
3389 4238 3448 4293 in
3496 4236 3613 4292 illis

1950 4331 2104 4404 quod
2136 4347 2170 4385 a
2196 4330 2307 4385 ﬁde
2338 4332 2542 4385 nostra
2562 4328 2873 4401 discrepet,
2909 4328 3158 4384 Latinus
3213 4327 3392 4383 lector
3453 4328 3608 4382 inve-

1952 4420 2087 4476 niet.
2126 4420 2324 4475 Fidem
2356 4435 2527 4475 suam
2557 4435 2737 4491 quam
2790 4417 3002 4474 vocat?
3056 4417 3273 4473 Eamne
3320 4433 3437 4489 qua
3497 4420 3609 4471 Ro-

1952 4527 2127 4566 mana
2156 4508 2336 4581 pollet
2365 4506 2669 4565 Ecclesia?
2698 4525 2769 4563 an
2804 4506 2986 4575 illam,
3047 4523 3174 4579 quae
3225 4505 3284 4560 in
3338 4504 3607 4575 Origenis

1950 4598 2349 4654 voluminibus
2374 4596 2705 4652 continetur
2739 4595 2835 4652 PSi
2858 4597 3181 4652 Romanam
3217 4592 3601 4666 responderit,

1952 4706 2088 4762 ergo
2119 4686 2399 4743 Catholici
2432 4702 2661 4754 sumus,
2694 4685 2796 4758 qui
2828 4684 2974 4740 nihil
2995 4685 3065 4739 de
3094 4682 3366 4755 Origenis
3407 4690 3604 4737 errore

1955 4776 2390 4835 transtulimus.
2433 4775 2539 4831 Sin
2584 4779 2783 4831 autem
2858 4772 3129 4846 Origenis
3217 4769 3611 4843 blasphemia,

1953 4866 2280 4924 ﬁdesillius
2343 4869 2467 4922 est:
2529 4864 2671 4920 dum
2715 4862 2862 4919 mihi
2910 4861 3319 4919 inconstantia:
3382 4859 3606 4915 crimen

1952 4956 2250 5030 impingit,
2284 4971 2346 5011 se
2373 4954 2713 5010 haereticum
2759 4952 2989 5026 probat.
3034 4951 3165 5008 Sive
3224 4951 3370 5013 bene
3427 4948 3616 5004 credit

1954 5046 2228 5102 laudator
2255 5061 2443 5113 meus,
2499 5042 2866 5099 confessione
2914 5059 3024 5098 sua
3082 5057 3174 5095 me
3231 5038 3484 5095 assumit
3543 5038 3602 5092 iu

1955 5136 2218 5201 socium;
2254 5133 2374 5190 sive
2419 5132 2591 5199 male,
2625 5132 2881 5189 ostendit
2913 5148 3006 5187 me
3048 5130 3177 5186 ideo
3228 5133 3359 5185 ante
3416 5127 3618 5183 lauda-

1953 5231 2105 5297 tum,
2165 5225 2304 5299 quia
2360 5222 2704 5297 participem
2746 5223 2836 5279 sui
2894 5222 3142 5295 putabat
3198 5216 3470 5276 eorroris.
3503 5216 3618 5273 Sed

2024 5424 2371 5495 ’Superant
2424 5419 2742 5495 hodiernum
2798 5424 2975 5495 tres;
3028 5419 3084 5476 in
3169 5434 3423 5495 quorum
3474 5415 3615 5495 __ha-

1953 5490 2262 5578 b_endaest
2294 5510 2536 5550 numero
2595 5491 2856 5566 Epistola
2908 5491 2980 5548 ad
3034 5490 3439 5547 Anas’tasium.
3474 5490 3615 5545 Vide

1955 5572 2343 5697 Vlilal'r‘vrcirtasse
2363 5635 2805 5697 rescribendum
2826 5641 2936 5710 est,
2996 5635 3161 5697 Aliwl
3219 5637 3269 5694 si
3326 5641 3615 5698 accusator

1959 5711 2239 5795 Origenis,
2272 5713 2382 5789 etc,
