3958 6394
352 385 473 460 ἐιίθ

1561 405 1566 410 ’
1602 399 1669 460 8;
1710 393 2026 462 EUSEBII
2071 399 2518 464 HIERONYMI

3624 400 3736 466 A20

351 531 631 587 adversus
663 530 794 587 illos
822 530 1002 588 libros
1032 529 1132 604 qui
1163 548 1266 604 per
1293 530 1542 604 angulos
1600 532 1885 604 garriunt,
1936 538 1994 590 et
2022 536 2074 601 Α
2107 539 2188 589 Ac
2219 551 2290 590 ne
2330 551 2568 608 parvam
2599 533 2860 606 epistolis
2916 533 3193 590 haberem
3251 531 3446 601 fidem,
3499 533 3733 593 misistis

350 619 563 675 furtiva
591 621 960 676 accusatione
991 637 1083 676 me
1142 622 1433 689 mordent,
1493 637 1627 675 cum
1676 620 1813 676 editi
1875 623 1995 677 fue-

350 708 488 775 rint,
520 712 576 765 et
603 709 674 764 de
694 711 950 766 tenebris
977 709 1047 765 ad
1105 709 1297 766 lucem
1349 708 1760 781 processerint,
1820 714 1996 782 atque

351 797 423 853 ad
454 814 562 854 nos
585 797 674 854 vel
706 799 900 855 studio
932 799 1202 866 fratrum,
1235 798 1323 855 vel
1355 799 1682 854 temeritate
1757 799 1995 854 aemulo-

349 904 481 943 rum
538 887 836 960 potuerint
904 887 1224 960 pervenire,
1284 887 1634 958 respondere
1718 889 1992 944 conabor.

347 975 545 1049 Neque
602 976 760 1031 enim
813 991 1166 1049 magnopere
1228 976 1578 1031 formidandi
1639 980 1796 1042 sunt,
1847 993 1994 1048 quos

347 1065 558 1121 metuit
589 1069 795 1120 auctor
824 1081 972 1122 suus
997 1065 1239 1137 prodere
1262 1066 1300 1133 ',
1333 1069 1389 1120 et
1419 1069 1651 1121 tantum
1699 1065 1994 1121 confoede-

344 1152 488 1209 ratis
519 1152 800 1226 legendos
831 1170 958 1209 esse
985 1154 1255 1209 decrevit.
1307 1154 1469 1208 Tunc
1525 1157 1628 1208 aut
1677 1170 1992 1226 agnoscam

343 1241 610 1309 crimina,
663 1247 764 1297 aut
812 1242 1059 1312 diluam,
1113 1246 1213 1298 aut
1273 1243 1331 1297 in
1405 1247 1807 1298 accusatorem
1865 1260 1991 1314 quas

343 1333 484 1404 sunt
517 1330 744 1402 objecta
773 1331 1154 1404 retorquebo:
1206 1335 1262 1386 et
1291 1331 1596 1386 Ostendam
1639 1331 1794 1402 quod
1848 1330 1990 1385 huc-

346 1434 534 1490 usque
597 1418 898 1475 silentium
985 1420 1280 1476 modestia:
1365 1419 1558 1486 fuerit,
1637 1436 1753 1474 non
1824 1419 1991 1474 malae

345 1507 734 1564 conscientias.

412 1598 468 1652 5.
499 1599 703 1654 Auctor
730 1613 844 1653 sese
873 1603 1120 1653 excusat.
1155 1628 1223 1638 —
1254 1597 1495 1652 Interim
1527 1598 1682 1668 apud
1745 1597 1990 1652 tacitum

345 1684 582 1743 lectoris
629 1685 926 1757 judicium
979 1691 1298 1759 purgatum
1358 1702 1450 1741 me
1505 1702 1634 1741 esse
1687 1685 1863 1755 volui,
1935 1689 1992 1740 et

343 1774 763 1847 gravissimum
818 1773 973 1830 inter
1027 1774 1251 1830 amicos
1307 1773 1528 1829 crimen
1569 1772 1849 1842 refellere,
1919 1790 1990 1828 ne

344 1862 502 1936 prior
532 1861 752 1919 laesisse
782 1863 1112 1936 videar,qui
1141 1868 1199 1919 et
1236 1862 1578 1919 vulneratus
1609 1879 1986 1934 nequaquam
2021 1905 2067 1969 Β

341 1956 546 2008 contra
573 1955 1008 2024 persecutorem
1041 1951 1157 2007 tela
1186 1951 1410 2008 direxi:
1445 1952 1545 2007 sed
1577 1968 1705 2007 meo
1754 1955 1985 2006 tantum

341 2040 567 2097 vulneri
589 2041 819 2097 admovi
871 2057 1134 2096 manum.
1185 2041 1368 2105 Quem
1419 2041 1662 2096 obsecro
1711 2044 1795 2109 ut,
1857 2040 1988 2094 abs-

343 2146 457 2202 que
484 2129 821 2202 preejudicio
853 2145 1260 2200 personarum,
1302 2127 1538 2201 culpam
1597 2145 1658 2183 in
1716 2146 1850 2185 eum
1908 2145 1993 2185 re-

342 2221 489 2275 ferat
510 2219 610 2291 qui
644 2217 956 2274 lacessivit.
1011 2217 1125 2274 Nec
1181 2217 1402 2274 laesisse
1453 2222 1757 2286 contenus,
1819 2218 1987 2290 quasi

342 2310 620 2364 adversus
670 2306 969 2379 elinguem
1029 2323 1376 2378 semperque
1440 2307 1784 2372 taciturum,
1864 2310 1987 2362 tres

339 2395 700 2452 elucubravit
759 2389 962 2465 libros,
1041 2400 1098 2452 et
1146 2395 1488 2456 ἀντιθέσεις²
1546 2395 1857 2452 Marcionis
1917 2395 1987 2451 de

339 2485 486 2542 meis
516 2485 816 2559 opusculis
864 2484 1182 2540 fabricatus
1230 2489 1335 2541 est.
1371 2484 1556 2542 Gestit
1615 2483 1869 2552 animus,
1931 2489 1986 2540 et

337 2574 497 2630 illius
547 2578 783 2647 repente
849 2574 1202 2642 doctrinam,
1256 2577 1314 2629 et
1371 2590 1560 2629 meam
1625 2574 1982 2646 insperatam

337 2663 668 2720 vecordiam
757 2663 910 2719 462
993 2679 1364 2736 cognoscere.
1452 2663 1717 2718 Fortasse
1827 2663 1983 2718 brevi

340 2757 600 2824 tempore
632 2751 854 2821 didicit,
887 2751 1042 2823 quod
1075 2768 1181 2807 nos
1212 2752 1417 2808 docere
1447 2751 1690 2819 debeat;
1724 2755 1781 2807 et
1828 2752 1982 2823 quod

340 2840 508 2896 illum
567 2840 717 2896 scire
767 2839 963 2896 nullus
1021 2841 1265 2912 putabat
1322 2840 1584 2896 subitum
1640 2840 1982 2912 eloquentia:

338 2929 558 2985 flumen
589 2929 874 2985 ostendet.
909 2929 998 2984 Sic
1049 2934 1207 3002 pater
1261 2930 1359 2985 ille
1421 2935 1595 2986 Deum
1642 2932 1853 3001 faciat;
1905 2932 1985 2984 sic

336 3018 868 3090 magnuslesus(Ex
889 3021 1116 3074 VIRGIL.
1168 3017 1269 3073 lib.
1327 3036 1363 3073 x
1416 3018 1677 3085 (Enen).
1739 3017 1984 3090 Incipiat

336 3109 596 3165 conferre
626 3125 891 3165 manum.
917 3109 1193 3174 Quamvis
1250 3107 1545 3164 libraverit
1594 3107 1983 3164 accusationis

337 3214 456 3254 suae
488 3197 710 3266 hastas,
743 3202 800 3252 et
831 3197 966 3253 totis
998 3197 1308 3252 adversum
1341 3213 1447 3253 nos
1476 3196 1699 3253 viribus
1732 3198 1978 3252 intorse-

2105 623 2455 696 exemplaria
2485 624 2748 694 ejusdem
2781 623 3205 689 translationis,
3239 638 3372 677 cum
3403 623 3728 694 praefatiun-

2105 712 2236 768 cula
2267 712 2585 768 laudatrice
2607 729 2753 769 mea.
2805 713 3086 777 Quacum
3129 710 3428 784 legissem,
3459 711 3732 768 contulis-

2104 817 2347 872 semque
2377 817 2510 856 cum
2541 802 2752 867 Crmco,
2783 800 2941 856 illico
2999 799 3383 856 animadverti
3431 817 3554 873 quae
3608 801 3732 857 Ori-

2103 905 2278 962 genes
2307 890 2379 945 de
2411 889 2576 946 Patre
2605 895 2663 946 et
2711 889 2852 945 Filio
2907 893 2964 945 et
3013 889 3240 962 Spiritu
3299 893 3498 946 sancto
3570 889 3738 962 impie

2104 978 2366 1044 dixerat;
2395 982 2454 1034 et
2483 996 2610 1050 quae
2643 980 2919 1035 Romanas
2952 995 3122 1035 aures
3143 979 3291 1035 ferre
3314 995 3429 1034 non
3460 982 3736 1050 poterant.

2101 1065 2162 1121 in
2222 1066 2520 1123 meliorem
2579 1071 2802 1140 partem
2854 1067 2926 1122 ab
2980 1067 3296 1138 interprete
3371 1069 3736 1122 commutata.

2103 1155 2319 1212 Caetera
2344 1161 2538 1211 autem
2571 1156 2869 1228 dogmata,
2903 1157 2974 1210 de
3027 1153 3374 1227 angelorum
3433 1154 3618 1222 ruina,
3673 1153 3738 1210 de

2105 1243 2435 1300 animarum
2467 1243 2658 1317 lapsu,
2691 1245 2761 1299 de
2793 1243 3244 1300 resurrectionis
3291 1243 3618 1315 praestigiis,
3671 1243 3737 1297 de

2103 1333 2326 1388 mundo
2355 1331 2441 1389 vel
2473 1333 2887 1388 intermundiis
2946 1332 3202 1404 Epicuri,
3263 1333 3333 1387 de
3387 1330 3738 1387 restitutione

2103 1420 2367 1477 omnium
2392 1422 2448 1476 in
2481 1421 2761 1493 aequalem
2794 1427 3035 1489 statum,
3095 1425 3152 1476 et
3208 1420 3392 1476 multo
3445 1419 3537 1475 his
3591 1420 3736 1475 dete-

2101 1509 2293 1576 riora;
2329 1527 2453 1582 qua:
2485 1509 2728 1582 longum
2761 1516 2917 1566 esset
2946 1515 3223 1573 retexere,
3255 1509 3342 1566 vel
3374 1510 3457 1564 ita
3511 1508 3739 1564 vertisse

2103 1604 2168 1653 ut
2217 1599 2275 1652 in
2333 1599 2525 1655 Grmco
2584 1599 2904 1663 invenerat,
2966 1599 3052 1655 vel
3113 1599 3184 1655 de
3240 1596 3739 1655 Commentariolis

2101 1686 2356 1760 Didymi,
2408 1689 2509 1760 qui
2563 1688 2829 1760 Origenis
2887 1688 3296 1760 apertissimus
3354 1690 3743 1760 propugnator

2101 1779 2208 1843 est,
2231 1781 2578 1848 exaggerata
2630 1781 2686 1832 et
2735 1777 2994 1834 ﬁrmiora
3051 1777 3356 1849 posuisse:
3401 1783 3468 1832 ut
3524 1776 3622 1848 qui
3683 1774 3740 1831 in

2100 1865 2386 1921 Trinitate
2424 1865 2776 1921 catholicum
2836 1866 3076 1938 legerat,
3103 1866 3162 1921 in
3215 1867 3348 1922 aliis
3408 1865 3739 1922 haereticum

2101 1970 2219 2009 non
2255 1960 2501 2010 caveret.

2166 2043 2220 2097 7.
2253 2041 2415 2097 Alius
2449 2041 2712 2111 forsitan,
2778 2043 2876 2115 qui
2938 2061 3055 2099 non
3108 2049 3264 2100 esset
3321 2044 3550 2100 amicus
3596 2043 3739 2114 ejus,

2100 2130 2353 2186 diceret:
2390 2135 2490 2186 aut
2519 2136 2708 2186 totum
2740 2137 2923 2199 muta,
2974 2133 3130 2204 quod
3184 2131 3407 2188 malum
3469 2136 3593 2201 est;
3646 2133 3744 2187 aut

2099 2224 2288 2274 totum
2319 2220 2520 2292 prode,
2583 2221 2740 2292 quod
2797 2221 3090 2292 Optimum
3138 2225 3333 2293 putas.
3397 2222 3454 2276 Si
3513 2224 3743 2294 propter

2097 2308 2394 2380 simplices
2424 2308 2596 2365 noxia
2645 2326 2893 2381 quaeque
2949 2310 3282 2378 detruncas,
3345 2327 3415 2367 ea
3492 2327 3619 2382 quae
3674 2308 3741 2364 ab

2096 2396 2383 2454 hwretiois
2431 2398 2632 2454 addita
2688 2397 2996 2466 simulas’,
3052 2402 3112 2454 in
3171 2401 3326 2456 468
3374 2399 3744 2473 peregrinum

2095 2503 2213 2541 non
2239 2487 2327 2541 vis
2359 2487 2680 2543 transferre
2710 2503 3064 2554 sermonem,
3123 2488 3263 2544 cedo
3321 2487 3613 2561 quidquid
3660 2489 3746 2542 est

2094 2575 2352 2630 noxium.
2388 2575 2488 2630 Sin
2520 2583 2718 2632 autem
2766 2576 3025 2633 veritatis
3056 2576 3230 2632 fidem
3260 2577 3319 2632 in
3350 2575 3731 2633 translatione

2093 2679 2422 2731 conservas,
2455 2680 2560 2719 cur
2588 2664 2702 2720 alia
2735 2669 2951 2733 mutas,
2973 2669 3032 2721 et
3062 2664 3178 2722 alia
3210 2665 3464 2722 dimittis
3485 2661 3748 2720 intacta?

2093 2755 2436 2824 Quanquam
2469 2758 2668 2823 aperta
2697 2753 2986 2810 confessio
3015 2758 3107 2810 est
3133 2754 3193 2810 in
3215 2755 3423 2811 eodem
3478 2752 3741 2825 Prologo,

2092 2842 2436 2898 emendasse
2467 2847 2522 2897 te
2554 2859 2755 2914 prava,
2789 2847 2845 2898 et
2875 2842 3097 2915 optima
3127 2843 3462 2918 reliquisse.
3496 2845 3578 2898 Ex
3632 2856 3744 2913 quo

2094 2946 2212 2985 non
2245 2929 2581 3002 interpretis
2610 2930 2894 2998 libertate,
2929 2931 3029 2986 sed
3061 2931 3367 3003 scriptoris
3398 2930 3741 2989 auctoritate

2092 3019 2401 3088 teneberis,
2437 3019 2485 3074 si
2535 3019 2676 3090 quid
2710 3019 2768 3074 in
2800 3019 2891 3075 his
2923 3036 3050 3090 qua:
3089 3020 3334 3087 vertisti,
3407 3019 3744 3078 haereticum

2090 3108 2527 3179 comprobetur;
2588 3111 2650 3162 et
2727 3107 3022 3163 manifesti
3107 3108 3374 3165 criminis
3461 3106 3746 3181 argueris,

2091 3196 2307 3252 idcirco
2330 3201 2387 3252 te
2414 3197 2618 3252 veneni
2658 3196 2899 3253 calicem
2958 3197 3368 3254 circumlinere
3426 3197 3597 3255 melle
3648 3212 3744 3252 vo-

335 3287 431 3356 rit,
464 3287 760 3343 credimus
791 3286 848 3340 in
881 3286 1196 3342 Dominum
1229 3285 1785 3357 Salvatorem,quod
1813 3289 1978 3340 scuto
2011 3271 2052 3338 C
2091 3285 2293 3351 luisse,
2326 3289 2391 3340 ut
2421 3283 2699 3340 simulata
2731 3285 2996 3355 dulcedo,
3028 3285 3187 3342 virus
3217 3287 3551 3358 pessimum
3600 3291 3746 3358 tege-

333 3375 722 3431 circumdabit
751 3391 858 3429 nos
885 3375 1098 3430 veritas
1144 3375 1272 3445 ejus
1301 3393 1314 3430 :
1349 3379 1405 3430 et
1476 3391 1608 3430 cum
1669 3374 1982 3430 Psalmista

334 3467 566 3520 cantare
609 3462 977 3534 poterimus:
1017 3485 1044 3512 ‹‹
1103 3463 1339 3536 Sagittae
1392 3463 1768 3536 parvulorum
1820 3464 1979 3519 facta:

332 3556 470 3608 sunt
497 3551 684 3624 plaga:
714 3568 915 3607 eorum
947 3552 1115 3623 (Psal.
1149 3569 1306 3618 LXIII,
1343 3554 1416 3618 8).
1454 3575 1481 3601 η
1514 3553 1602 3620 Et,
1635 3575 1662 3602 ‹‹
1726 3553 1786 3607 Si
1843 3569 1978 3608 con-

332 3641 586 3697 stiterint
613 3641 924 3696 adversum
977 3657 1068 3696 me
1125 3645 1334 3707 castra,
1392 3657 1507 3696 non
1564 3639 1794 3696 timebit
1872 3658 1971 3696 cor

330 3747 547 3788 meum.
582 3729 640 3786 Si
673 3731 899 3786 steterit
928 3730 1235 3786 adversum
1282 3747 1372 3786 me
1431 3729 1695 3802 praelium
1754 3728 1814 3784 in
1873 3730 1979 3785 hoc

333 3836 436 3893 ego
468 3820 715 3892 sperabo
755 3820 924 3891 (Psat.
959 3835 1114 3888 xxvr,
1147 3819 1222 3891 3).
1257 3819 1366 3874 Sed
1408 3818 1528 3874 haec
1592 3817 1757 3875 alias.
1813 3819 1978 3876 Nunc

331 3911 403 3965 ad
437 3909 495 3964 id
526 3909 682 3982 quod
713 3907 1018 3981 ccepimus,
1052 3911 1428 3964 revertamur.

401 4000 454 4054 6.
490 3997 597 4054 Cur
655 3999 844 4053 Latine
904 3999 1130 4053 verterit
1215 3997 1462 4069 Origenis
1579 3995 1703 4072 περὶ
1736 3997 1976 4072 ’Δρχῶν.

332 4086 597 4158 Didymus
641 4095 1012 4158 propugnator
1065 4087 1337 4155 Origenis.
1395 4118 1464 4127 —
1518 4085 1812 4157 Objiciunt
1865 4086 1981 4140 mi-

333 4175 395 4230 hi
448 4179 760 4231 sectatores
816 4175 966 4246 ejus,
1038 4176 1373 4248 cerealiaque
1463 4191 1620 4230 arma
1676 4175 1984 4246 Expediunt

329 4267 464 4336 fessi
519 4280 704 4320 rerum
760 4265 1027 4335 ((Eneid.
1089 4264 1189 4318 lib.
1250 4266 1313 4336 ι),
1359 4279 1538 4335 quare
1589 4263 1711 4336 περὶ
1761 4264 1976 4338 Ἀρχῶν

332 4352 514 4408 libros
570 4351 835 4424 Origenis
896 4353 1121 4419 noxios,
1219 4357 1276 4407 et
1349 4352 1755 4408 ecclesiasticis
1844 4354 1977 4408 ﬁdei

330 4444 745 4514 repugnantes,
779 4440 838 4495 in
867 4438 1136 4496 Latinum
1169 4455 1500 4494 sermonem
1545 4440 1834 4495 verterim.
1892 4440 1977 4495 Ad

331 4546 478 4602 quos
510 4530 698 4585 brevis
730 4533 787 4584 et
815 4527 1114 4584 succincta
1145 4528 1446 4600 responsio
1478 4531 1602 4584 est:
1664 4529 1800 4583 Tuae
1860 4544 1978 4596 me,

327 4619 508 4674 frater
536 4616 899 4686 Pammachi,
933 4622 988 4673 et
1017 4621 1252 4672 tuorum
1284 4616 1486 4672 litterae
1538 4617 1976 4690 compulerunt,
2013 4642 2056 4705 Β

330 4709 588 4764 dicentes
620 4706 752 4762 illos
785 4707 856 4762 ab
889 4706 1002 4763 alio
1034 4705 1438 4763 fraudulenter
1465 4723 1595 4762 esse
1637 4706 1975 4773 translatos,

329 4802 386 4854 et
406 4796 758 4870 interpolata
787 4796 1090 4864 nonnulla,
1123 4800 1181 4852 ct
1209 4795 1298 4852 vel
1329 4796 1529 4851 addita
1580 4795 1668 4851 vel
1729 4799 1973 4852 mutata.

401 4940 420 4973 ι
456 4939 514 4994 ln
542 4938 721 4995 veteri
749 4939 921 5009 edit.,
952 4940 1067 4994 suis
1095 4937 1356 5009 pandere.

400 5011 523 5083 Ἐἰ
554 5010 861 5083 ἀντιθέσεις.
923 5010 1330 5083 Prodigiosum
1407 5010 1710 5081 mendum,
1767 5011 1979 5083 inquit

331 5082 576 5155 Gravius
628 5083 687 5136 in
730 5082 888 5155 hunc
963 5081 1195 5136 locum:
1265 5086 1324 5135 et
1362 5098 1520 5155 vere
1550 5081 1974 5155 prodigiosum,

332 5153 488 5225 quod
521 5152 746 5208 Erasmi
799 5153 1234 5227 phantasmata,
1285 5169 1400 5208 non
1458 5152 1974 5227 Hieronymianum

329 5223 661 5281 contextum
694 5223 1087 5295 repraesentat.
1122 5223 1401 5279 Praeterea
1433 5241 1638 5281 omnes
1676 5223 1820 5292 mss,
1880 5243 1973 5280 co-

331 5296 502 5367 dices,
548 5295 802 5367 retinent
868 5313 981 5351 non
1053 5295 1460 5367 Erasmianum
1523 5295 1829 5367 ἀρτιώσεις,
1873 5297 1974 5352 sed

331 5366 642 5438 Marcionis
743 5365 1031 5426 ἀντιθέσεις
1064 5367 1136 5422 de
1245 5366 1459 5438 quibus
1559 5365 1973 5438 Tertullianus,

329 5437 521 5493 libr01
599 5437 796 5492 Contra
841 5439 1209 5493 Marcionem:
1259 5437 1405 5494 Nam
1465 5437 1549 5492 hze
1582 5446 1719 5495 sunt
1772 5438 1974 5492 civ-utit-

332 5528 442 5568 σεις
488 5508 822 5584 Marcionis,
853 5526 980 5584 quae
1004 5515 1248 5584 conatur
1287 5510 1641 5584 discordiam
1683 5511 1975 5584 Evangelii

330 5596 468 5662 cum
499 5579 1107 5662 lege‘committere..p.
1141 5581 1609 5662 Deindejibziv:
1645 5607 1671 5632 «
1707 5579 1872 5656 Opus
1908 5599 1977 5662 ex

332 5651 810 5740 contrarietatum
863 5651 1328 5740 oppositionibus
1359 5652 1648 5740 ᾁντιῇσεις
1678 5651 1976 5740 cognomi-

331 5728 536 5810 patum
566 5729 642 5799 et,
666 5727 739 5784 ad
797 5723 1225 5804 separationem
1282 5723 1428 5801 legis
1484 5723 1782 5806 Evangelii
1839 5743 1976 5787 coa-

2090 3378 2194 3430 ret.
2230 3374 2360 3430 Haec
2389 3373 2578 3429 multo
2609 3373 2702 3430 his
2743 3374 2980 3430 duriora
3032 3375 3310 3431 inimicus
3372 3377 3632 3444 diceret;
3692 3377 3746 3430 et

2090 3466 2166 3531 te,
2209 3479 2322 3518 non
2354 3467 2420 3518 ut
2449 3462 2822 3534 interpretem
2857 3462 2994 3518 mali
3027 3464 3243 3536 operis,
3275 3467 3378 3520 sed
3416 3470 3483 3522 ut
3530 3463 3745 3536 astipu-

2089 3551 2332 3608 latorem
2357 3552 2414 3606 in
2431 3552 2534 3622 jus
2561 3550 2826 3606 Ecclesia:
2848 3551 3240 3623 traberet.Ego
3272 3556 3478 3607 autem
3533 3552 3747 3607 memet

2088 3643 2318 3695 tantum
2393 3638 2724 3695 defendisse
2805 3643 3136 3706 contentus,
3223 3637 3284 3693 in
3377 3638 3554 3695 libris
3621 3635 3742 3712 περὶ

2087 3726 2303 3802 Ἀρχῶν
2338 3727 2680 3800 simpliciter
2710 3728 2865 3798 quod
2909 3727 2967 3782 in
3028 3729 3221 3783 Graeco
3287 3726 3622 3785 habebatur
3651 3743 3744 3782 ex-

2090 3816 2272 3889 pressi
2297 3835 2310 3884 ;
2333 3831 2447 3872 non
2479 3820 2544 3871 ut
2573 3816 2834 3872 crederet
2864 3815 3044 3873 lector
3075 3816 3168 3871 bis
3199 3833 3328 3889 quas
3392 3817 3744 3890 interpreta-

2088 3906 2194 3961 bar
2214 3922 2234 3966 ;
2265 3905 2365 3960 sed
2397 3920 2468 3960 ne
2525 3905 2785 3960 crederet
2813 3904 2954 3971 illis,
2983 3922 3111 3978 qum
3144 3910 3204 3960 tu
3239 3910 3375 3963 ante
3417 3904 3743 3964 transtule-

2089 4011 2204 4050 ras.
2243 3993 2462 4067 Duplex
2491 3994 2549 4048 in
2598 4009 2772 4066 opere
2829 4011 2957 4050 meo
3017 3993 3241 4050 utilitas
3297 3995 3434 4064 fuit,
3490 3997 3638 4051 dum
3689 3996 3745 4050 et

2089 4083 2395 4139 haereticus
2425 4086 2628 4138 auctor
2654 4083 2944 4155 proditur,
2985 4088 3041 4138 et
3070 4099 3185 4138 non
3215 4099 3390 4140 verus
3450 4085 3744 4157 interpres

2089 4171 2374 4244 arguitur.
2407 4174 2486 4227 Ac
2517 4188 2590 4226 ne
2637 4170 2770 4243 quis
2826 4187 2919 4226 me
2966 4176 3198 4244 putaret
3254 4171 3348 4228 his
3410 4172 3749 4229 consentire

2089 4278 2220 4333 quae
2249 4260 3079 4333 verteram,interpretationis
3126 4263 3546 4319 necessitatem
3607 4277 3752 4336 prie-

2088 4351 2306 4407 fatione
2343 4349 2587 4418 munivi,
2615 4355 2672 4406 et
2701 4350 2873 4406 docui
2905 4349 3322 4423 quibuslector
3349 4369 3474 4408 non
3516 4353 3755 4410 deberet

2088 4439 2528 4495 credere.Prior
2557 4438 2862 4495 translatio
2893 4439 3126 4495 laudem
3161 4441 3422 4497 auctoris
3453 4441 3750 4508 continet;

2088 4529 2346 4584 secunda
2373 4528 2882 4600 vituperationem.
2917 4527 3025 4584 Illa
3051 4527 3327 4585 lectorem
3362 4536 3652 4603 provocat
3680 4530 3752 4586 ad

2088 4617 2442 4673 credendum
2479 4616 2630 4672 :ista
2655 4618 2726 4672 ad
2759 4634 2875 4673 non
2909 4619 3271 4674 credendum
3303 4626 3529 4677 movet.
3564 4619 3652 4677 Ibi
3697 4621 3756 4676 et

2091 4723 2196 4779 ego
2226 4705 2441 4761 invitus
2471 4705 2743 4763 laudator
2771 4723 3080 4763 assumor:
3113 4707 3206 4762 hic
3239 4707 3298 4762 in
3359 4712 3603 4767 tantum
3635 4725 3754 4765 non

2088 4793 2264 4850 laudo
2296 4811 2473 4866 quam
2507 4795 2816 4862 transfero,
2849 4800 2914 4851 ut
2933 4812 3108 4869 cogar
3163 4813 3447 4854 accusare
3506 4799 3757 4856 laudan-

2086 4944 2268 5011 ctum.
2303 4959 2344 5011 gr
2364 4937 2600 4993 Similes
2625 4938 2958 5011 contrarias
2988 4937 3388 5011 oppositiones
3475 4954 3550 4994 ex
3608 4952 3755 5010 opu-

2087 5009 2279 5082 sculis
2294 5009 2635 5082 Hieronymi
2671 5011 2990 5066 fabricatus
3014 5009 3103 5065 est
3125 5011 3426 5075 Rufiinus,
3462 5015 3531 5065 ut
3561 5009 3758 5082 aucto-

2086 5098 2209 5137 rem
2236 5081 2347 5154 sibi
2379 5080 2738 5137 contrarium
2769 5098 2835 5138 ac
2854 5098 3062 5154 parum
3084 5086 3458 5154 constantem
3485 5081 3758 5138 ostende~

2086 5158 2176 5208 ret
2230 5153 2290 5207 in
2347 5168 2527 5207 causa
2582 5158 2640 5208 et
2711 5152 2979 5224 Origenis
3038 5152 3229 5209 laude.
3309 5153 3756 5224 Maurumw—f

2083 5224 2417 5279 Antitheses
2447 5224 2586 5279 Novi
2617 5229 2673 5278 et
2692 5221 2915 5280 Veteris
2939 5224 3293 5280 Testamenti
3340 5223 3568 5282 titulus
3616 5221 3757 5280 libri

2085 5301 2194 5362 est,
2227 5312 2401 5368 quem
2436 5295 2688 5368 Marcion
2714 5296 2998 5368 oppositis
3031 5296 3212 5368 Moysi
3245 5301 3302 5352 et
3321 5296 3573 5368 Christo,
3620 5311 3757 5351 sen-

2084 5366 2284 5455 tentiis
2309 5367 2638 5455 composuit
2661 5366 3103 5455 ;‘Tertullian‘us
3130 5366 3263 5424 cum
3296 5366 3515 5441 primis
3561 5367 3760 5440 impu~

2084 5439 2304 5513 gnavit.
2329 5438 2480 5493 Olim
2512 5443 2636 5494 erat
2667 5438 2987 5512 ἀρτιώσειςς
3022 5438 3186 5495 falso.
3297 5438 3316 5441 ’
3653 5438 3672 5440 ﬁ

2124 5512 2177 5591 ‘3
2210 5512 2271 5591 In
2302 5511 2476 5591 veteri
2509 5511 2674 5576 edit.,
2707 5511 3140 5591 Noxia_quaequ_e
3168 5511 3236 5566 ab
3255 5511 3540 5591 hareticis
3561 5508 3753 5591 addita

2085 5584 2338 5664 simulas.
2374 5581 2638 5664 Hicvero
2670 5598 2773 5664 pro
2811 5581 3122 5664 cedo,un
3181 5599 3250 5664 ex
3291 5582 3506 5664 eadem
3566 5581 3754 5664 veteri

2085 5654 2438 5741 recepimus,
2468 5653 2802 5741 Victorinus
2829 5653 2978 5719 caede
3006 5653 3247 5741 legerat,
3278 5653 3497 5712 vitiose
3545 5657 3753 5722 autem

2087 5725 2464 5788 Martianaeus
2492 5725 2638 5788 cado.
