3958 6402
216 369 316 447 tit

218 519 339 579 tem.
369 510 578 567 Eadem
608 525 702 567 res
753 521 867 568 non
915 513 1117 568 eadem
1169 517 1364 569 mente
1413 514 1666 585 perfecta
1709 516 1835 581 est;

218 604 377 658 immo
406 617 589 656 unum
621 600 732 657 iter
761 601 1020 657 diversos
1072 602 1262 658 exitus
1306 603 1530 658 habuit.
1581 601 1839 659 Abstulit
1873 585 1888 601 ⁸

217 709 327 765 qua
355 693 532 757 erant,
565 689 766 746 dicens
809 691 880 746 ab
912 690 1202 747 haereticis
1250 692 1602 764 depravata;
1636 697 1692 747 et
1739 692 1838 747 ad-

215 780 346 836 didit
371 795 490 851 quaa
521 795 638 835 non
671 782 856 847 erant,
910 796 1180 836 asserens
1228 780 1300 836 ab
1351 781 1554 836 eodem
1602 780 1660 834 in
1692 779 1836 837 locis

214 867 329 927 aliis
355 867 682 940 disputata;
723 868 878 940 quod
911 867 1025 924 nisi
1059 868 1190 941 ipsa
1227 869 1355 924 loca
1402 867 1835 938 monstraverit,

214 958 353 1016 unde
393 956 763 1013 transtulisse
821 973 882 1012 se
931 957 1096 1026 dicit,
1152 959 1399 1030 probare
1445 975 1560 1014 non
1604 957 1836 1029 poterit.

215 1045 339 1102 Mihi
378 1045 562 1101 studio
621 1046 734 1101 fuit
785 1044 934 1102 nihil
991 1051 1220 1103 mutare
1270 1047 1340 1102 de
1397 1063 1551 1102 vero.
1611 1047 1697 1101 Ad
1729 1045 1839 1101 hoc

214 1135 351 1192 enim
377 1134 821 1207 interpretabar,
853 1139 920 1191 ut
952 1134 1109 1192 mala
1153 1135 1563 1208 interpretata1
1601 1135 1837 1192 convin-

217 1238 402 1280 cerem.
461 1224 684 1280 Putatis
739 1240 831 1280 me
889 1224 1266 1297 interpretem
1304 1225 1332 1278 ?
1387 1225 1654 1280 Proditor
1713 1224 1836 1291 fui;

215 1300 416 1386 prodidi
446 1311 802 1383 haereticum,
839 1317 904 1369 ut
942 1313 1264 1370 Ecclesiam
1299 1314 1371 1368 ab
1403 1313 1608 1370 haeresi
1648 1314 1839 1369 vindi-

213 1417 402 1457 carem.
435 1399 549 1457 Cur
578 1402 886 1475 Origenem
918 1402 977 1457 in
1009 1403 1364 1475 quibusdam
1399 1407 1533 1459 ante
1565 1404 1834 1459 laudave-

212 1491 307 1545 rim
358 1489 627 1562 praelatus
703 1493 857 1547 46.1
913 1491 1050 1547 huic
1108 1492 1268 1564 operi
1338 1493 1596 1548 ostendit
1671 1491 1838 1548 liber.

213 1580 356 1634 Nunc
402 1579 526 1636 sola
572 1581 1072 1654 interpretationis
1120 1597 1261 1637 meas
1311 1598 1490 1638 causa
1538 1580 1840 1649 redditur;

210 1685 318 1740 quae
347 1685 472 1725 cum
506 1669 737 1742 pietatis
796 1670 1010 1726 habeat
1053 1670 1436 1738 voluntatem,
1484 1687 1600 1727 non
1657 1671 1840 1728 debeo

211 1754 504 1827 impietatis
527 1757 716 1828 argui,
740 1757 994 1828 prodens
1011 1757 1284 1829 impium,
1305 1758 1459 1830 quod
1482 1758 1653 1831 quasi
1677 1760 1841 1831 pium

211 1842 454 1900 Ecclesiis
502 1845 847 1901 tradebatur
908 1847 1173 1918 (Fpistota
1218 1846 1289 1903 ad
1345 1848 1764 1904 Pammachium
1793 1857 1845 1905 et

213 1931 482 2006 Oceanum)
493 1977 504 1989 .

270 2023 318 2075 8.
373 2023 634 2079 Eusebius
686 2025 920 2097 signifer
975 2028 1200 2082 Arianae
1272 2028 1550 2098 factionis.
1621 2059 1690 2068 —-—
1748 2029 1844 2084 Se-

210 2110 495 2184 ptuaginta
519 2110 701 2169 libros
722 2114 875 2186 ejus,
900 2117 964 2170 ut
986 2131 1152 2171 meus
1175 2117 1542 2172 necessarius
1565 2116 1841 2172 crimina-

211 2201 313 2269 tur,
344 2199 400 2256 in
433 2200 708 2258 Latinum
737 2207 1046 2274 verteram,
1079 2209 1136 2260 et
1165 2204 1355 2261 multa
1376 2205 1447 2260 de
1469 2205 1662 2260 tomis.
1689 2205 1844 2260 Nun-

209 2304 368 2358 quam
401 2289 470 2345 de
506 2307 680 2363 opere
710 2307 838 2347 meo
867 2291 976 2347 fuit
1007 2293 1275 2364 quaestio,
1321 2310 1628 2366 nunquam
1661 2294 1842 2350 Roma

209 2382 481 2434 commota
513 2383 622 2435 est.
671 2381 818 2444 Quid
870 2397 1109 2438 necesse
1156 2386 1279 2438 erat
1329 2381 1551 2438 Latinis
1598 2382 1842 2438 auribus

205 2467 433 2535 tradere,
477 2469 638 2540 quod
690 2470 1016 2526 detestatur
1065 2475 1124 2527 et
1181 2471 1422 2539 Gracia,
1474 2472 1628 2543 quod
1683 2470 1842 2526 orbis

208 2556 473 2612 accusat?
507 2557 626 2631 Ego
655 2574 756 2631 per
776 2563 864 2615 tot
893 2577 1080 2616 annos
1101 2565 1221 2616 tam
1256 2559 1445 2616 multa
1475 2565 1838 2628 convertens,

205 2659 495 2717 nunquam
528 2647 807 2704 seandalo
843 2648 943 2704 fui.
995 2653 1078 2704 Tu
1126 2650 1197 2705 ad
1249 2651 1507 2724 primum
1559 2654 1617 2705 et
1647 2648 1839 2706 solum

202 2747 352 2803 opus,
396 2733 636 2807 ignotus
667 2737 854 2809 prius,
889 2738 1215 2795 temeritate
1268 2739 1456 2795 factus
1510 2755 1573 2794 es
1604 2737 1836 2794 nobilis.

204 2821 361 2878 Docet
389 2823 520 2898 ipsa
549 2826 838 2895 Praefatio,
871 2833 928 2883 et
977 2826 1263 2900 Pamphili
1311 2828 1587 2901 martyris
1621 2827 1838 2883 librum

201 2924 294 2980 pro
323 2911 660 2970 defensione
699 2915 967 2989 Origenis
1015 2934 1049 2972 a
1096 2921 1150 2972 te
1198 2933 1326 2973 esse
1365 2916 1740 2973 translatum.
1771 2917 1840 2972 Et

201 2996 299 3055 hoc
327 3001 448 3074 agis
478 3002 620 3060 totis
651 3004 896 3070 viribus,
929 3010 992 3062 ut
1021 3006 1194 3076 cujus
1224 3007 1400 3062 fidem
1451 3011 1676 3079 martyr
1704 3023 1837 3079 pro-

201 3085 308 3157 bat,
340 3091 598 3149 Ecclesia
625 3110 738 3148 non
772 3094 1009 3153 refutet.
1049 3099 1157 3151 Sex
1190 3095 1370 3152 libros
1419 3096 1507 3168 (ut
1557 3100 1688 3152 ante
1709 3096 1836 3167 jam

200 3175 327 3248 dixi)
394 3180 687 3238 Eusebius
755 3183 1129 3240 Caesariensis
1207 3185 1537 3257 episcopus,
1610 3184 1836 3240 Arianae

1393 366 1710 444 CONTRA
1756 363 2115 484 RUFINUM
2161 375 2309 442 LIB.
2355 373 2404 442 ι.

1879 537 1922 601 Α
1953 512 2354 578 commutatis,
2406 528 2534 584 quae
2599 511 2825 568 sciebas
2877 509 3249 584 displicitura
3298 513 3600 582 Romanis,

3482 374 3606 446 422

1948 607 2153 657 caetera
2184 618 2374 674 usque
2407 601 2479 656 ad
2508 601 2683 658 finem
2720 603 2946 674 integra
2975 601 3256 657 dimisisti
3285 602 3424 670 ;hoc
3446 603 3599 660 idem

1947 691 2166 747 faciens
2199 690 2257 745 in
2289 689 2590 763 Apologia,
2628 691 2795 763 quasi
2847 689 3202 762 Phamphili,
3235 692 3392 762 quod
3438 695 3496 748 et
3541 693 3600 749 in

1947 779 2212 853 Origenis
2261 778 2384 850 περὶ
2423 783 2638 855 Ἀρχῶν
2688 779 3070 836 translatione
3122 779 3332 836 fecisti.
3382 781 3441 836 Si
3493 781 3603 837 iste

1949 868 2239 940 Pamphili
2270 868 2418 923 liber
2447 872 2554 936 est,
2590 870 2661 924 de
2709 885 2808 924 sex
2857 867 3024 923 libris
3071 867 3204 940 quis
3231 869 3342 924 erit
3373 869 3602 941 primus

1948 957 2231 1013 Eusebii?
2283 959 2342 1012 In
2418 957 2546 1028 ipso
2593 956 2916 1024 volumine,
2967 958 3123 1030 quod
3195 962 3258 1012 tu
3309 958 3600 1031 Pamphili

1948 1045 2217 1112 simulas,
2250 1045 2625 1118 sequentium
2657 1044 2944 1102 librorum
2979 1047 3128 1102 facta
3159 1045 3378 1102 mentio
3400 1051 3508 1103 est.
3536 1048 3598 1102 ln

1949 1136 2203 1190 secundo
2236 1151 2468 1207 quoque
2498 1139 2554 1190 et
2585 1134 2827 1206 reliquis
2859 1134 3002 1190 dicit
3031 1135 3340 1205 Eusebius,
3361 1137 3518 1208 quod
3542 1137 3598 1191 in

1949 1223 2138 1296 primo
2173 1223 2320 1279 libro
2352 1228 2484 1279 ante
2507 1225 2635 1295 jam
2667 1224 2912 1290 dixerat,
2942 1229 3000 1280 et
3028 1225 3184 1296 quod
3217 1226 3420 1281 eadem
3446 1243 3604 1298 repe-

1948 1318 2068 1368 tere
2099 1330 2214 1368 non
2247 1313 2514 1368 debebat.
2547 1313 2818 1368 Si'totum
2849 1330 2996 1385 opus
3027 1313 3315 1385 Pamphili
3358 1319 3465 1383 est,
3499 1332 3605 1370 cur

1949 1402 2206 1473 reliquos
2239 1401 2422 1457 libros
2453 1418 2566 1457 non
2599 1402 2887 1458 transfers
2907 1402 2936 1456 ‘I
2965 1402 3024 1457 Si
3056 1401 3321 1470 alterius,
3349 1420 3456 1458 cur
3499 1421 3602 1459 no-

1952 1507 2086 1546 men
2117 1491 2447 1547 immutas?
2473 1491 2690 1559 Taces;
2726 1491 2866 1562 ipsa;
2898 1507 2992 1546 res
3046 1491 3408 1563 loquuntur;
3441 1491 3600 1563 vide-

1951 1581 2089 1636 licet
2118 1584 2183 1635 ut
2231 1581 2530 1636 crederent
2586 1582 2848 1653 martyri,
2881 1579 3032 1636 465
3095 1581 3198 1652 qui
3252 1580 3601 1638 Arianorum

1951 1670 2272 1743 principem
2305 1670 2647 1726 detestaturi
2679 1673 2864 1725 erant.

2021 1761 2075 1813 9.
2134 1758 2458 1830 Pamphilus
2510 1766 2727 1830 martyr
2781 1758 2926 1813 nihil
2982 1760 3203 1814 omnino
3261 1761 3501 1831 scripsit.
3537 1793 3603 1800 —

1953 1848 2100 1915 Quid
2134 1847 2240 1902 tibi
2271 1848 2450 1904 animi
2485 1847 2666 1904 fuisse
2687 1848 3106 1915 dicam,amice
3127 1847 3604 1920 simplicissime?

1951 1941 2083 1993 tene
2141 1937 2404 2009 potuisse
2458 1936 2713 1992 haeretici
2781 1935 3038 1992 hominis
3120 1937 3289 2004 libro,
3329 1940 3604 2011 martyris

1954 2043 2166 2083 nomen
2199 2026 2591 2098 imponere,et
2621 2025 2858 2097 ignaros
2890 2026 3000 2080 sub
3033 2025 3376 2082 auctoritate
3396 2028 3417 2062 ³
3441 2029 3606 2083 testis

1951 2115 2185 2184 Christi,
2216 2115 2482 2188 Origenis
2515 2115 2702 2170 facere
2723 2114 3105 2170 defensores?
3134 2115 3241 2171 Pro
3275 2116 3606 2174 eruditione

1953 2222 2071 2277 qua
2110 2204 2292 2278 polles
2347 2208 2404 2260 et
2459 2202 2714 2275 inclytus
2779 2201 3122 2279 συγγραφεύς
3152 2205 3176 2237 ⁴
3205 2204 3261 2258 in
3295 2204 3605 2261 Occidente

1951 2292 2233 2360 laudaris,
2291 2292 2370 2347 ita
2428 2295 2492 2346 ut
2537 2294 2830 2365 κορυφαῖον
2885 2296 2941 2346 te
2991 2307 3195 2346 omnes
3256 2295 3368 2346 tua:
3411 2295 3605 2364 spartis

1951 2381 2276 2450 nominent,
2309 2397 2424 2436 non
2472 2396 2601 2435 reor
2655 2385 2712 2434 te
2773 2379 3076 2451 ignorasse
3135 2380 3369 2434 Eusebii
3411 2378 3602 2433 σύντκο

1950 2490 2088 2544 γμα,
2121 2474 2178 2526 et
2207 2469 2579 2541 Pamphilum
2617 2473 2930 2541 martyrem
2964 2467 3108 2523 nihil
3139 2469 3376 2525 omnino
3409 2471 3604 2541 operis

1949 2558 2301 2616 condidisse.
2337 2561 2468 2631 Ipse
2517 2555 2674 2614 enim
2724 2557 3010 2614 Eusebius
3049 2562 3278 2613 amator
3320 2564 3378 2614 et
3416 2577 3602 2631 pra-co

1949 2655 2008 2705 et
2039 2647 2476 2705 contubernalis
2508 2647 2797 2721 Pamphili
2828 2651 2948 2703 tres
2978 2647 3159 2703 libros
3200 2648 3438 2721 scripsit
3484 2648 3601 2703 ele-

1947 2737 2352 2811 gantissimos,
2382 2737 2563 2792 vitam
2596 2735 2886 2808 Pamphili
2921 2736 3291 2793 continentes
3325 2755 3336 2792 :
3373 2737 3430 2791 in
3483 2737 3605 2809 qui-

1949 2827 2060 2883 bus
2092 2844 2227 2883 cum
2259 2830 2466 2882 caetera
2497 2825 2665 2882 miris
2697 2825 2975 2882 laudibus
3015 2826 3376 2897 praedicaret,
3402 2826 3602 2882 humi-

1947 2916 2290 2988 litatemque
2342 2917 2470 2987 ejus
2528 2916 2703 2971 ferret
2759 2915 2820 2969 in
2873 2913 3108 2984 ccelum,
3142 2915 3316 2970 etiam
3376 2914 3485 2970 hoc
3547 2915 3604 2971 in

1946 3004 2115 3062 tertio
2149 3004 2298 3060 libro
2341 3003 2568 3060 addidit
2600 3020 2612 3058 :
2649 3028 2677 3054 «
2711 3003 2851 3070 Quis
2919 3003 3320 3059 studiosorum
3377 3004 3606 3060 amicus

1947 3111 2061 3150 non
2097 3095 2206 3149 fuit
2236 3093 2573 3166 Pamphili?
2606 3092 2665 3148 Si
2689 3109 2836 3165 quos
2867 3091 3100 3147 videbat
3134 3093 3202 3148 ad
3249 3091 3467 3147 victum
3505 3110 3602 3147 ne-

1946 3182 2216 3240 cessariis
2257 3183 2540 3254 indigere,
2592 3183 2887 3254 praebebat
2944 3181 3102 3253 large
3160 3198 3287 3254 quae
3356 3187 3600 3253 poterat.

199 3279 438 3336 quonam
490 3269 738 3342 signifer
781 3272 1072 3342 factionis,
1124 3290 1228 3345 pro
1277 3273 1524 3346 Origene
1572 3273 1829 3347 scripsit,
1862 3275 1905 3343 C
1944 3273 2276 3346 Scripturas
2315 3288 2546 3344 quoque
2592 3275 2826 3328 sanctas
2874 3287 2989 3326 non
3023 3271 3094 3326 ad
3125 3269 3438 3341 legendum
3472 3277 3601 3326 tan-

198 3351 544 3414 latissimum
576 3365 630 3414 et
663 3359 1023 3417 elaboratum
1056 3380 1237 3435 opus;
1270 3367 1328 3418 et
1351 3363 1553 3418 multis
1573 3363 1836 3419 testimo-

197 3441 296 3499 niis
323 3447 683 3519 approbavit.
719 3449 1029 3522 Origenem
1056 3452 1228 3522 juxta
1259 3469 1320 3508 se
1368 3451 1744 3522 catholicum,
1777 3453 1835 3508 id

195 3534 447 3605 estjuxta
474 3554 582 3594 nos
630 3539 937 3608 Arianum,
982 3558 1130 3598 esse.
1187 3543 1407 3598 Horum
1458 3547 1517 3597 tu
1572 3543 1832 3614 primum

192 3617 395 3681 librum
421 3627 605 3684 vertis
631 3628 742 3684 sub
769 3630 1006 3686 nomine
1045 3631 1374 3704 martyris’.
1428 3632 1494 3687 Et
1526 3632 1835 3705 miramur,

192 3707 235 3763 si
263 3727 350 3768 me
379 3713 813 3775 homunculum
848 3719 1009 3791 parvi
1042 3721 1240 3793 pretii,
1272 3720 1541 3794 Origenis
1567 3721 1836 3778 laudato-

195 3813 305 3856 rem
331 3804 498 3878 velis,
531 3823 667 3863 cum
700 3808 942 3882 martyri
989 3809 1348 3866 calumniam
1400 3811 1606 3868 feceris
1628 3811 1656 3866 ‘?
1689 3812 1836 3867 Pau-

197 3887 382 3962 cisque
410 3895 772 3953 testimoniis
804 3898 874 3953 de
925 3898 1065 3955 Filio
1113 3899 1215 3955 Dei
1269 3904 1325 3956 et
1381 3901 1602 3974 Spiritu
1636 3906 1838 3958 sancto

265 4086 278 4169 ξ
303 4089 454 4169 alibi
485 4097 600 4169 est,
628 4096 697 4169 Ut
724 4097 868 4169 male
895 4097 1276 4169 interpretata.

260 4159 279 4192 ²
305 4159 686 4244 8.]ξαωρβίιὶ
717 4159 1063 4244 Apologiam
1102 4185 1206 4240 pro
1257 4169 1505 4242 Origene
1556 4169 1840 4244 Hierony-

200 4242 328 4324 3139:
348 4233 720 4324 hic-"atque
768 4233 944 4324 :in‘tra
967 4233 1298 4324 “tamquam.
1342 4233 1735 4324 avpocrypham
1757 4233 1842 4324 :et

196 4307 934 4382 supposititiamexplodit.
967 4307 1255 4368 Eusebius
1284 4307 1502 4380 tamen,
1522 4307 1640 4378 'lib,
1674 4330 1730 4369 vx
1751 4315 1842 4369 Ec-

195 4373 317 4460 gles.
349 4380 565 4460 Hister.
599 4373 748 4454 cap:
770 4383 860 4449 33,
914 4383 985 4460 ad
1038 4385 1238 4453 finem,
1285 4373 1537 4440 testatur
1583 4373 1711 4460 quae
1771 4388 1842 4442 de

195 4441 450 4529 Origenis
480 4441 976 4529 causa'cognfosci
1027 4441 1264 4529 necesse
1308 4461 1470 4526 sunt,
1522 4441 1638 4529 peti
1672 4441 1842 4529 posse

197 4511 251 4599 ἐξ
305 4525 450 4599 τῆςΔ
483 4521 618 4599 ὑπὲρ
697 4511 860 4599 ao-Efoo
925 4526 1316 4599 πεπρνημὲνης
1391 4511 1539 4599 ῆρξνι
1610 4511 1690 4580 τει
1747 4529 1841 4599 καὶ

193 4592 279 4679 3?,
358 4592 474 4645 καθ’
523 4592 709 4679 ,ἠδίκεις
746 4596 922 4679 de???
993 4592 1224 4679 μάρέὺρι
1264 4592 1560 4679 Fallat“?
1606 4596 1842 4652 Ἀπολο·

197 4655 310 4742 vis;
350 4680 440 4742 nco:
496 4655 862 4742 Apologetz'co;
896 4655 1018 4742 'qu'z'
1071 4655 1124 4724 ἀ
1158 4655 1338 4742 γήοὺτε
1372 4655 1446 4727 ἐὶ
1500 4655 1848 4728 sacrosancto
1878 4655 1922 4719 D

191 4736 359 4810 nostri
389 4736 943 4814 temporis'martyre'
971 4741 1260 4814 Pamphilo
1302 4759 1403 4814 pro
1450 4742 1606 4798 illius
1653 4744 1842 4814 defen-

194 4816 336 4892 {loue
399 4813 742 4892 conscriptus
807 4816 930 4892 est._
979 4813 1219 4892 Falsum
1275 4813 1520 4892 proinde
1574 4813 1842 4892 videatur

190 4874 779 4958 Apologiam__istam
851 4874 1375 4958 solumHRu/inum
1419 4886 1518 4940 sub
1575 4889 1840 4958 martyris

192 4947 407 5030 nomine
434 4951 690 5030 edidisse,
723 4959 788 5011 ut
818 4956 1119 5030 contendit
1145 4947 1202 5012 S'.
1248 4957 1456 5012 Doctor
1481 4975 1494 5011 :
1546 4947 1838 5030 siquidem

192 5019 244 5102 et
271 5021 450 5102 Graaci
487 5019 740 5102 codices,
771 5031 918 5083 teste
938 5027 1142 5102 Pho‘tio
1168 5029 1296 5102 cod.
1321 5030 1446 5098 118,
1468 5033 1578 5084 etc.
1610 5019 1838 5102 {ipsam

189 5088 492 5184 E’fmphilo
553 5088 970 5184 attribuerunt.
1024 5100 1140 5184 μεθ
1197 5088 1524 5184 quidquam
1574 5088 1836 5184 eat:il_lud

192 5170 602 5286 argumentum
661 5171 816 5254 quod
874 5173 1142 5254 Eusebius
1198 5170 1423 5254 scribat,
1483 5173 1840 5254 Pamphilum

189 5246 242 5311 τη
281 5235 585 5312 ιιγρνορνη
629 5257 806 5312 operis
861 5243 1126 5302 edidisse:
1190 5244 1406 5299 diserte
1463 5260 1619 5299 enim
1680 5245 1848 5301 idem’

189 5311 615 5397 testatur,
647 5311 1018 5397 Pamphilum
1043 5314 1202 5397 huic
1243 5314 1836 5397 defensioni-operam

190 5388 346 5434 suam
375 5397 648 5458 navasse,
699 5387 809 5458 etsi
867 5403 981 5442 non
1039 5389 1220 5442 totam
1278 5387 1426 5458 ipse,
1486 5388 1586 5443 sed
1639 5387 1838 5444 aliena

188 5460 374 5526 opera,
407 5454 657 5525 adjutus
687 5457 911 5513 scilicet
940 5459 1011 5513 ab
1045 5458 1172 5530 ipso
1204 5454 1473 5522 Eusebio,
1523 5459 1621 5530 qui
1656 5459 1833 5516 simul

190 5533 244 5604 1hr;
273 5536 506 5604 carcere
532 5530 674 5604 tunc
696 5530 979 5601 temporis
1004 5529 1434 5586 includebatur.
1469 5529 1596 5587 Vid.
1621 5531 1834 5587 iterum

192 5587 453 5652 Pbotium
486 5613 540 5654 c.
579 5601 700 5654 120.

251 5663 618 5745 ῗΥξοιριιὶμε,
675 5674 740 5730 Et
794 5673 1028 5745 ignoras_
1073 5681 1123 5731 te
1168 5673 1268 5745 sub
1325 5676 1674 5745 auctoritate,
1720 5678 1830 5732 etc.

251 5735 364 5820 ρει
410 5735 659 5818 ἐπαινίω
724 5735 1087 5832 συίγραφεύς,
1151 5744 1256 5807 Hi0
1303 5761 1537 5822 quoque
1585 5735 1836 5814 mutavit

1947 3362 2213 3429 tum,sed
2244 3365 2300 3418 et
2330 3361 2401 3416 ad
2436 3360 3104 3428 habendum,tribuebat
3136 3359 3599 3433 promptissime.

1947 3452 2060 3507 Nec
2110 3450 2302 3508 solum
2349 3450 2511 3519 viris,
2567 3451 2668 3506 sed
2719 3455 2776 3506 et
2823 3450 3082 3517 feminis,
3135 3467 3286 3523 quas
3353 3451 3598 3506 vidisset

1945 3541 2178 3598 lectioni
2210 3540 2456 3596 deditas.
2493 3541 2655 3596 Unde
2684 3544 2741 3595 et
2770 3539 2988 3595 multos
3043 3541 3274 3595 codices
3310 3557 3599 3612 praepara-

1947 3632 2068 3700 bat,
2121 3635 2184 3686 ut
2248 3646 2382 3686 cum
2448 3629 2769 3686 necessitas
2837 3629 3221 3702 poposcisset,
3270 3628 3599 3684 volentibus

1946 3720 2280 3794 largiretur.
2329 3721 2392 3775 Et
2440 3720 2565 3792 ipse
2614 3719 2854 3791 quidem
2902 3717 3123 3790 proprii
3193 3717 3386 3788 operis
3455 3717 3601 3772 nihil

1949 3809 2188 3866 omnino
2219 3809 2472 3880 scripsit,
2509 3807 2766 3879 exceptis
2797 3805 3082 3880 epistolis,
3117 3823 3263 3877 quas
3286 3806 3356 3860 ad
3382 3805 3602 3860 amicos

1951 3900 2097 3955 forte
2132 3898 2434 3966 mittebat;
2465 3897 2523 3952 in
2556 3901 2790 3953 tantum
2824 3912 2886 3952 se
2924 3894 3258 3951 humilitate
3289 3895 3600 3966 dejecerat.

1950 4114 2149 4154 vocem
2216 4097 2470 4152 Graecam
2548 4095 2829 4151 Erasmus
2880 4109 3072 4166 ;gnon
3145 4093 3300 4164 quod
3363 4109 3599 4166 συγγρα-

1951 4169 2080 4240 φεὺς
2111 4169 2168 4223 in
2201 4165 2634 4240 exemplaribus
2665 4183 2809 4240 mss.
2845 4165 3117 4240 abfuerit,
3151 4166 3254 4220 sed
3287 4166 3442 4236 quod
3470 4165 3600 4240 ma-

1964 4231 2041 4312 gis
2107 4241 2158 4296 ei
2224 4231 2513 4312 placuerit
2577 4237 2897 4312 crevsam“,
2953 4237 3155 4312 id‘est
3221 4231 3599 4312 compositor.

1991 4259 2041 4296 18
2107 4259 2158 4296 ΘΙ
2224 4259 2509 4312 placuerit,
2577 4259 2897 4306 συντακτης,
2955 4259 3010 4292 ια
3068 4259 3155 4292 68L
3221 4259 3599 4309 COIDPOSHUF.

1951 4259 2185 4378 glirare,
2218 4312 2417 4375 lector,
2444 4311 2616 4366 fidem
2647 4310 2908 4369 editoris.
2938 4308 3038 4381 qui
3070 4325 3200 4364 cum
3237 4309 3522 4364 invenerit
3543 4307 3601 4362 in

1953 4385 2229 4454 omnibus
2249 4383 2417 4454 libris
2433 4381 2852 4454 vetustioribus
2875 4381 3205 4454 Hieronymi
3222 4381 3460 4454 verbum
3483 4399 3606 4454 συχ-

1953 4452 2209 4531 γραφεὺς,
2243 4453 2383 4509 illud
2444 4453 2645 4531 abjicit
2699 4454 2759 4509 in
2812 4451 3055 4531 scholia,
3093 4449 3180 4531 ut
3218 4451 3504 4531 obtru_dat_
3543 4449 3604 4531 in

1953 4521 2288 4582 contextum
2340 4521 2638 4594 συντάιὶτης
2680 4542 2882 4590 suum,
2932 4523 3071 4596 quia
3127 4525 3182 4578 id
3243 4523 3431 4650 magis
3490 4521 3603 4592 ipsi

1955 4599 2161 4650 nlacet.
2200 4599 2261 4650 In
2293 4596 2790 4650 consequentibus
2839 4612 2942 4650 nro
2980 4599 3298 4650 κορυφαῖον.
3389 4593 3600 4650 luniac.

1994 4599 2161 4671 Iacet.
2200 4599 2261 4653 In
2293 4593 2792 4671 consequentibus
2839 4593 3298 4671 pro'xopucpziov,
3340 4593 3600 4671 Cluniac,

1996 4617 2161 4654 iacet.
2200 4617 2261 4653 1n
2293 4617 2790 4668 consequenunus
2839 4617 2942 4669 pro
2980 4617 3298 4671 κορυφαιον,
3340 4617 3600 4661 ωυιιιιιυ,

1954 4617 2097 4742 Fegit
2129 4669 2506 4746 Coryphaeum,
2537 4667 2634 4746 alii
2667 4668 2896 4724 codices
2927 4673 3159 4722 mutant
3214 4680 3412 4721 vocem
3445 4663 3600 4746 Grae-

1954 4740 2082 4798 cam
2119 4742 2194 4795 in
2237 4740 2511 4796 Latinam
2560 4742 2984 4811 incorruptum;
3033 4753 3221 4811 neque
3278 4753 3410 4792 vero
3457 4740 3602 4811 satis

1952 4812 2362 4869 intellexerunt
2389 4806 2799 4883 exscriptores,
2830 4811 2951 4866 sive
2989 4806 3396 4865 emendatores
3453 4806 3602 4861 anti-

1951 4885 2073 4959 qui,
2099 4885 2238 4959 quid
2263 4886 2759 4959 ᾤδει-κορυφαῖος.
2791 4883 3078 4959 Maurum.

2021 4903 2073 4953 ιι,
2140 4902 2238 4939 uia
2263 4902 2418 4941 esset
2440 4902 2759 4959 κορυφαιος.
2791 4902 3078 4938 manum.

2021 4902 2283 5012 -cliaud
2318 4954 2467 5011 male
2501 4959 2776 5010 Erasmus
2807 4953 3108 5020 ωντάκτης
3140 4950 3378 5022 legerat,
3420 4964 3599 5020 quam

1947 5045 2145 5084 vocem
2209 5029 2352 5083 adeo
2412 5044 2528 5082 non
2587 5043 2656 5082 ex
2711 5026 3366 5098 ingenioucommeutus
3392 5025 3500 5086 est,
3536 5025 3602 5076 ut

1947 5117 2077 5156 eam
2105 5100 2455 5156 vetustiores
2487 5115 2725 5170 quoque
2756 5095 2894 5170 editi
2927 5095 3061 5151 libri
3090 5095 3598 5170 prgzet‘erautttam-

1947 5173 2055 5228 etsi
2110 5171 2408 5245 paulisper
2435 5166 2678 5245 Δνὶὶὶοεῐε.
2709 5169 2866 5245 _Mihi
2915 5183 3048 5245 vero
3092 5167 3267 5245 etiam
3301 5166 3604 5245 probatur

1949 5236 2175 5316 magis;
2210 5236 2322 5298 est'
2358 5242 2513 5297 enim
2561 5240 2881 5308 συντάκτης,
2915 5244 3232 5316 syntactes,
3266 5236 3386 5316 sive
3446 5239 3600 5316 lucu-

1949 5311 2152 5382 ὺναῖον,
2185 5319 2662 5387 cognomentum,
2696 5311 3117 5387 quo_t)_rigenes
3140 5381 3150 5387 _
3177 5311 3459 5387 donatus;
3489 5312 3599 5387 est,

1949 5393 2012 5442 ut
2041 5405 2108 5443 ex
2138 5381 2466 5458 Epiphanio
2495 5381 2729 5458 constat
2753 5383 2917 5458 initio
2946 5381 3190 5458 haeresis
3234 5398 3366 5458 inn
3404 5398 3429 5458 :7
3450 5385 3601 5458 Ὠρε-

1946 5458 2135 5532 γὲνους
2187 5451 2298 5510 ’τὸὖ
2380 5453 2745 5528 ’Δδαμαντίου
2818 5451 3163 5526 καλουμένου
3230 5456 3327 5506 τοῦ
3397 5451 3600 5507 Συντά-

1943 5526 2096 5584 γὶτου.
2132 5529 2382 5598 Origenis
2429 5526 2783 5601 Adamantit’,
2805 5535 3301 5601 quieognomento
3337 5526 3602 5601 Syntacto

1945 5601 2120 5657 dictus
2149 5596 2246 5656 est;
2282 5601 2396 5655 Nec
2427 5599 2551 5654 Nisi
2602 5596 3110 5655 verosimillimum
3174 5602 3313 5670 puto
3339 5596 3595 5670 ;_eodem

1945 5673 2054 5748 hoc
2086 5673 2323 5748 nomine
2352 5671 3142 5748 Hieronymumadversario
3176 5667 3308 5728 'suo
3349 5667 3598 5736 illudere

1942 5744 2222 5808 voluisse.
