  <div class='ocr_page' id='page_1' title='image "/cluster/home/n/w/nwhite01/storage/ocr_20150623/23/umn.31951d034773078/221.png"; bbox 0 0 3958 6408; ppageno 0'>
   <div class='ocr_carea' id='block_1_1' title="bbox 372 346 498 414">
    <p class='ocr_par' dir='ltr' id='par_1_1' title="bbox 372 346 498 414">
     <span class='ocr_line' id='line_1_1' title="bbox 372 346 498 414; baseline 0.008 -1"><span class='ocrx_word' id='word_1_1' title='bbox 372 346 498 414; x_wconf 74' lang='grc'>423</span> 
     </span>
    </p>
   </div>
   <div class='ocr_carea' id='block_1_2' title="bbox 1619 346 2559 414">
    <p class='ocr_par' dir='ltr' id='par_1_2' title="bbox 1619 346 2559 414">
     <span class='ocr_line' id='line_1_2' title="bbox 1619 346 2559 414; baseline -0.005 0"><span class='ocrx_word' id='word_1_2' title='bbox 1619 352 1685 414; x_wconf 84' lang='grc'>8.</span> <span class='ocrx_word' id='word_1_3' title='bbox 1732 347 2043 413; x_wconf 79' lang='lat' dir='ltr'>EUSEBH</span> <span class='ocrx_word' id='word_1_4' title='bbox 2088 346 2559 411; x_wconf 79' lang='lat' dir='ltr'>HIERONYMI.</span> 
     </span>
    </p>
   </div>
   <div class='ocr_carea' id='block_1_3' title="bbox 3646 342 3771 439">
    <p class='ocr_par' dir='ltr' id='par_1_3' title="bbox 3646 342 3771 439">
     <span class='ocr_line' id='line_1_3' title="bbox 3646 342 3771 439; baseline -0.056 -2"><span class='ocrx_word' id='word_1_5' title='bbox 3646 342 3771 439; x_wconf 55' lang='grc' dir='ltr'>ῳ</span> 
     </span>
    </p>
   </div>
   <div class='ocr_carea' id='block_1_4' title="bbox 365 475 3767 557">
    <p class='ocr_par' dir='ltr' id='par_1_4' title="bbox 365 475 3767 557">
     <span class='ocr_line' id='line_1_4' title="bbox 365 475 3767 557; baseline -0.002 -19"><span class='ocrx_word' id='word_1_6' title='bbox 365 482 651 539; x_wconf 79' lang='lat' dir='ltr'>Veterum</span> <span class='ocrx_word' id='word_1_7' title='bbox 700 486 896 539; x_wconf 88' lang='lat' dir='ltr'>autem</span> <span class='ocrx_word' id='word_1_8' title='bbox 929 486 1213 540; x_wconf 88' lang='lat' dir='ltr'>tractatus</span> <span class='ocrx_word' id='word_1_9' title='bbox 1243 485 1598 557; x_wconf 91' lang='lat' dir='ltr'>scriptorum</span> <span class='ocrx_word' id='word_1_10' title='bbox 1629 484 1861 556; x_wconf 84' lang='lat' dir='ltr'>legebat</span> <span class='ocrx_word' id='word_1_11' title='bbox 1909 488 2029 537; x_wconf 89' lang='lat' dir='ltr'>stu-</span> <span class='ocrx_word' id='word_1_12' title='bbox 2060 492 2112 557; x_wconf 70' lang='grc' dir='ltr'><strong>Α</strong></span> <span class='ocrx_word' id='word_1_13' title='bbox 2144 482 2522 552; x_wconf 89' lang='lat' dir='ltr'>Temporum,</span> <span class='ocrx_word' id='word_1_14' title='bbox 2555 479 2613 533; x_wconf 93' lang='lat' dir='ltr'>in</span> <span class='ocrx_word' id='word_1_15' title='bbox 2646 477 3031 549; x_wconf 72' lang='lat' dir='ltr'>descriptione</span> <span class='ocrx_word' id='word_1_16' title='bbox 3062 478 3279 532; x_wconf 63' lang='lat' dir='ltr'>Sanctae</span> <span class='ocrx_word' id='word_1_17' title='bbox 3319 475 3506 531; x_wconf 65' lang='lat' dir='ltr'>Terra</span> <span class='ocrx_word' id='word_1_18' title='bbox 3531 492 3545 543; x_wconf 91' lang='lat'>;</span> <span class='ocrx_word' id='word_1_19' title='bbox 3572 479 3630 530; x_wconf 87' lang='lat' dir='ltr'>et</span> <span class='ocrx_word' id='word_1_20' title='bbox 3654 475 3767 531; x_wconf 66' lang='lat' dir='ltr'>hac</span> 
     </span>
    </p>
   </div>
   <div class='ocr_carea' id='block_1_5' title="bbox 374 571 2029 645">
    <p class='ocr_par' dir='ltr' id='par_1_5' title="bbox 374 571 2029 645">
     <span class='ocr_line' id='line_1_5' title="bbox 374 571 2029 645; baseline -0.001 -19"><span class='ocrx_word' id='word_1_21' title='bbox 374 571 738 638; x_wconf 89' lang='lat' dir='ltr'>diosissime,</span> <span class='ocrx_word' id='word_1_22' title='bbox 769 575 825 627; x_wconf 89' lang='lat' dir='ltr'>et</span> <span class='ocrx_word' id='word_1_23' title='bbox 854 571 911 626; x_wconf 89' lang='lat' dir='ltr'>in</span> <span class='ocrx_word' id='word_1_24' title='bbox 934 588 1134 628; x_wconf 90' lang='lat' dir='ltr'>eorum</span> <span class='ocrx_word' id='word_1_25' title='bbox 1170 573 1546 629; x_wconf 81' lang='lat' dir='ltr'>meditatione</span> <span class='ocrx_word' id='word_1_26' title='bbox 1573 572 1792 645; x_wconf 87' lang='lat' dir='ltr'>jugiter</span> <span class='ocrx_word' id='word_1_27' title='bbox 1832 588 2029 626; x_wconf 80' lang='lat' dir='ltr'>versa-</span> 
     </span>
    </p>
   </div>
   <div class='ocr_carea' id='block_1_6' title="bbox 368 659 636 716">
    <p class='ocr_par' dir='ltr' id='par_1_6' title="bbox 368 659 636 716">
     <span class='ocr_line' id='line_1_6' title="bbox 368 659 636 716; baseline -0.022 -1"><span class='ocrx_word' id='word_1_28' title='bbox 368 659 564 716; x_wconf 83' lang='lat' dir='ltr'>batur.</span> <span class='ocrx_word' id='word_1_29' title='bbox 615 682 636 709; x_wconf 76' lang='grc' dir='ltr'>ιι</span> 
     </span>
    </p>
   </div>
   <div class='ocr_carea' id='block_1_7' title="bbox 438 748 2027 822">
    <p class='ocr_par' dir='ltr' id='par_1_7' title="bbox 438 748 2027 822">
     <span class='ocr_line' id='line_1_7' title="bbox 438 748 2027 822; baseline -0.001 -18"><span class='ocrx_word' id='word_1_30' title='bbox 438 749 528 804; x_wconf 77' lang='grc'>40.</span> <span class='ocrx_word' id='word_1_31' title='bbox 564 748 888 820; x_wconf 78' lang='lat' dir='ltr'>Theophilus</span> <span class='ocrx_word' id='word_1_32' title='bbox 917 759 971 805; x_wconf 77' lang='lat' dir='ltr'>ct</span> <span class='ocrx_word' id='word_1_33' title='bbox 998 750 1324 807; x_wconf 74' lang='lat' dir='ltr'>Anastasius</span> <span class='ocrx_word' id='word_1_34' title='bbox 1382 751 1669 822; x_wconf 69' lang='lat' dir='ltr'>Origenem</span> <span class='ocrx_word' id='word_1_35' title='bbox 1699 751 2027 807; x_wconf 69' lang='lat' dir='ltr'>hwrelicum</span> 
     </span>
    </p>
   </div>
   <div class='ocr_carea' id='block_1_8' title="bbox 367 836 2024 912">
    <p class='ocr_par' dir='ltr' id='par_1_8' title="bbox 367 836 2024 912">
     <span class='ocr_line' id='line_1_8' title="bbox 367 836 2024 912; baseline 0.001 -20"><span class='ocrx_word' id='word_1_36' title='bbox 367 836 645 893; x_wconf 75' lang='lat' dir='ltr'>dicebant.</span> <span class='ocrx_word' id='word_1_37' title='bbox 679 868 745 877; x_wconf 93' lang='lat'>—-</span> <span class='ocrx_word' id='word_1_38' title='bbox 800 838 1082 895; x_wconf 79' lang='lat' dir='ltr'>Defensor</span> <span class='ocrx_word' id='word_1_39' title='bbox 1135 840 1425 912; x_wconf 88' lang='lat' dir='ltr'>Origenis,</span> <span class='ocrx_word' id='word_1_40' title='bbox 1459 846 1514 895; x_wconf 92' lang='lat' dir='ltr'>et</span> <span class='ocrx_word' id='word_1_41' title='bbox 1557 840 1825 895; x_wconf 82' lang='lat' dir='ltr'>laudator</span> <span class='ocrx_word' id='word_1_42' title='bbox 1857 840 2024 894; x_wconf 88' lang='lat' dir='ltr'>Pam-</span> 
     </span>
    </p>
   </div>
   <div class='ocr_carea' id='block_1_9' title="bbox 370 925 2025 1001">
    <p class='ocr_par' dir='ltr' id='par_1_9' title="bbox 370 925 2025 1001">
     <span class='ocr_line' id='line_1_9' title="bbox 370 925 2025 1001; baseline 0.002 -21"><span class='ocrx_word' id='word_1_43' title='bbox 370 925 544 998; x_wconf 89' lang='lat' dir='ltr'>phili,</span> <span class='ocrx_word' id='word_1_44' title='bbox 577 926 716 983; x_wconf 87' lang='lat' dir='ltr'>dicit</span> <span class='ocrx_word' id='word_1_45' title='bbox 767 927 1139 1001; x_wconf 88' lang='lat' dir='ltr'>Pamphilum</span> <span class='ocrx_word' id='word_1_46' title='bbox 1192 929 1338 984; x_wconf 88' lang='lat' dir='ltr'>nihil</span> <span class='ocrx_word' id='word_1_47' title='bbox 1397 929 1636 984; x_wconf 85' lang='lat' dir='ltr'>omnino</span> <span class='ocrx_word' id='word_1_48' title='bbox 1696 928 2025 1000; x_wconf 85' lang='lat' dir='ltr'>scripsisse,</span> 
     </span>
    </p>
   </div>
   <div class='ocr_carea' id='block_1_10' title="bbox 378 1017 2027 1089">
    <p class='ocr_par' dir='ltr' id='par_1_10' title="bbox 378 1017 2027 1089">
     <span class='ocr_line' id='line_1_10' title="bbox 378 1017 2027 1089; baseline -0.001 -17"><span class='ocrx_word' id='word_1_49' title='bbox 378 1032 484 1072; x_wconf 87' lang='lat' dir='ltr'>nec</span> <span class='ocrx_word' id='word_1_50' title='bbox 513 1017 735 1089; x_wconf 83' lang='lat' dir='ltr'>proprii</span> <span class='ocrx_word' id='word_1_51' title='bbox 768 1017 1093 1089; x_wconf 85' lang='lat' dir='ltr'>quidquam</span> <span class='ocrx_word' id='word_1_52' title='bbox 1117 1020 1449 1075; x_wconf 86' lang='lat' dir='ltr'>condidisse</span> <span class='ocrx_word' id='word_1_53' title='bbox 1482 1020 1792 1074; x_wconf 89' lang='lat' dir='ltr'>sermonis.</span> <span class='ocrx_word' id='word_1_54' title='bbox 1827 1019 1895 1073; x_wconf 88' lang='lat' dir='ltr'>Et</span> <span class='ocrx_word' id='word_1_55' title='bbox 1918 1018 2027 1072; x_wconf 91' lang='lat' dir='ltr'>hoc</span> 
     </span>
    </p>
   </div>
   <div class='ocr_carea' id='block_1_11' title="bbox 381 1104 2026 1180">
    <p class='ocr_par' dir='ltr' id='par_1_11' title="bbox 381 1104 2026 1180">
     <span class='ocr_line' id='line_1_11' title="bbox 381 1104 2026 1180; baseline 0.001 -21"><span class='ocrx_word' id='word_1_56' title='bbox 381 1104 523 1160; x_wconf 88' lang='lat' dir='ltr'>dicit</span> <span class='ocrx_word' id='word_1_57' title='bbox 542 1106 667 1176; x_wconf 89' lang='lat' dir='ltr'>jam</span> <span class='ocrx_word' id='word_1_58' title='bbox 700 1105 1001 1178; x_wconf 88' lang='lat' dir='ltr'>Pamphilo</span> <span class='ocrx_word' id='word_1_59' title='bbox 1056 1109 1333 1180; x_wconf 82' lang='lat' dir='ltr'>martyrio</span> <span class='ocrx_word' id='word_1_60' title='bbox 1367 1112 1661 1174; x_wconf 88' lang='lat' dir='ltr'>coronato,</span> <span class='ocrx_word' id='word_1_61' title='bbox 1690 1124 1761 1162; x_wconf 88' lang='lat' dir='ltr'>ne</span> <span class='ocrx_word' id='word_1_62' title='bbox 1808 1106 2026 1161; x_wconf 83' lang='lat' dir='ltr'>habeas</span> 
     </span>
    </p>
   </div>
   <div class='ocr_carea' id='block_1_12' title="bbox 378 1195 2026 1267">
    <p class='ocr_par' dir='ltr' id='par_1_12' title="bbox 378 1195 2026 1267">
     <span class='ocr_line' id='line_1_12' title="bbox 378 1195 2026 1267; baseline 0 -18"><span class='ocrx_word' id='word_1_63' title='bbox 378 1195 697 1266; x_wconf 80' lang='lat' dir='ltr'>suffugium</span> <span class='ocrx_word' id='word_1_64' title='bbox 728 1199 862 1267; x_wconf 88' lang='lat' dir='ltr'>post</span> <span class='ocrx_word' id='word_1_65' title='bbox 892 1196 1076 1251; x_wconf 89' lang='lat' dir='ltr'>editos</span> <span class='ocrx_word' id='word_1_66' title='bbox 1109 1197 1181 1251; x_wconf 89' lang='lat' dir='ltr'>ab</span> <span class='ocrx_word' id='word_1_67' title='bbox 1212 1197 1460 1253; x_wconf 87' lang='lat' dir='ltr'>Eusebio</span> <span class='ocrx_word' id='word_1_68' title='bbox 1494 1196 1697 1264; x_wconf 88' lang='lat' dir='ltr'>libros,</span> <span class='ocrx_word' id='word_1_69' title='bbox 1729 1196 1837 1251; x_wconf 92' lang='lat' dir='ltr'>hoc</span> <span class='ocrx_word' id='word_1_70' title='bbox 1864 1196 2026 1250; x_wconf 86' lang='lat' dir='ltr'>Pam-</span> 
     </span>
    </p>
   </div>
   <div class='ocr_carea' id='block_1_13' title="bbox 374 1282 2026 1356">
    <p class='ocr_par' dir='ltr' id='par_1_13' title="bbox 374 1282 2026 1356">
     <span class='ocr_line' id='line_1_13' title="bbox 374 1282 2026 1356; baseline 0.001 -19"><span class='ocrx_word' id='word_1_71' title='bbox 374 1282 604 1355; x_wconf 90' lang='lat' dir='ltr'>philum</span> <span class='ocrx_word' id='word_1_72' title='bbox 634 1283 961 1355; x_wconf 82' lang='lat' dir='ltr'>scripsisse.</span> <span class='ocrx_word' id='word_1_73' title='bbox 993 1285 1141 1348; x_wconf 90' lang='lat' dir='ltr'>Quid</span> <span class='ocrx_word' id='word_1_74' title='bbox 1175 1286 1396 1341; x_wconf 82' lang='lat' dir='ltr'>facies?</span> <span class='ocrx_word' id='word_1_75' title='bbox 1427 1287 1503 1341; x_wconf 89' lang='lat' dir='ltr'>Eo</span> <span class='ocrx_word' id='word_1_76' title='bbox 1536 1284 1684 1341; x_wconf 90' lang='lat' dir='ltr'>libro</span> <span class='ocrx_word' id='word_1_77' title='bbox 1717 1301 1889 1356; x_wconf 84' lang='lat' dir='ltr'>quem</span> <span class='ocrx_word' id='word_1_78' title='bbox 1916 1283 2026 1339; x_wconf 91' lang='lat' dir='ltr'>sub</span> 
     </span>
    </p>
   </div>
   <div class='ocr_carea' id='block_1_14' title="bbox 374 1372 2028 1445">
    <p class='ocr_par' dir='ltr' id='par_1_14' title="bbox 374 1372 2028 1445">
     <span class='ocr_line' id='line_1_14' title="bbox 374 1372 2028 1445; baseline -0.001 -17"><span class='ocrx_word' id='word_1_79' title='bbox 374 1372 608 1428; x_wconf 89' lang='lat' dir='ltr'>nomine</span> <span class='ocrx_word' id='word_1_80' title='bbox 665 1372 938 1445; x_wconf 81' lang='lat' dir='ltr'>martyris</span> <span class='ocrx_word' id='word_1_81' title='bbox 993 1373 1249 1445; x_wconf 89' lang='lat' dir='ltr'>edidisti,</span> <span class='ocrx_word' id='word_1_82' title='bbox 1307 1374 1621 1430; x_wconf 79' lang='lat' dir='ltr'>vulneratae</span> <span class='ocrx_word' id='word_1_83' title='bbox 1688 1379 1829 1429; x_wconf 89' lang='lat' dir='ltr'>sunt</span> <span class='ocrx_word' id='word_1_84' title='bbox 1895 1389 2028 1427; x_wconf 88' lang='lat' dir='ltr'>con-</span> 
     </span>
    </p>
   </div>
   <div class='ocr_carea' id='block_1_15' title="bbox 381 1448 2027 1535">
    <p class='ocr_par' dir='ltr' id='par_1_15' title="bbox 381 1448 2027 1535">
     <span class='ocr_line' id='line_1_15' title="bbox 381 1448 2027 1535; baseline -0.001 -19"><span class='ocrx_word' id='word_1_85' title='bbox 381 1460 637 1516; x_wconf 79' lang='lat' dir='ltr'>scientiae</span> <span class='ocrx_word' id='word_1_86' title='bbox 671 1459 1083 1533; x_wconf 89' lang='lat' dir='ltr'>plurimorum.</span> <span class='ocrx_word' id='word_1_87' title='bbox 1118 1464 1243 1518; x_wconf 89' lang='lat' dir='ltr'>Non</span> <span class='ocrx_word' id='word_1_88' title='bbox 1274 1448 1429 1519; x_wconf 78' lang='lat' dir='ltr'>valet</span> <span class='ocrx_word' id='word_1_89' title='bbox 1477 1464 1630 1535; x_wconf 89' lang='lat' dir='ltr'>apud</span> <span class='ocrx_word' id='word_1_90' title='bbox 1691 1479 1791 1518; x_wconf 88' lang='lat' dir='ltr'>eos</span> <span class='ocrx_word' id='word_1_91' title='bbox 1850 1478 2027 1533; x_wconf 85' lang='lat' dir='ltr'>super</span> 
     </span>
    </p>
   </div>
   <div class='ocr_carea' id='block_1_16' title="bbox 373 1549 2022 1624">
    <p class='ocr_par' dir='ltr' id='par_1_16' title="bbox 373 1549 2022 1624">
     <span class='ocr_line' id='line_1_16' title="bbox 373 1549 2022 1624; baseline 0.001 -21"><span class='ocrx_word' id='word_1_92' title='bbox 373 1549 640 1623; x_wconf 89' lang='lat' dir='ltr'>Origenis</span> <span class='ocrx_word' id='word_1_93' title='bbox 671 1551 1050 1607; x_wconf 83' lang='lat' dir='ltr'>damnatione</span> <span class='ocrx_word' id='word_1_94' title='bbox 1065 1552 1477 1624; x_wconf 90' lang='lat' dir='ltr'>episcoporum</span> <span class='ocrx_word' id='word_1_95' title='bbox 1501 1550 2022 1623; x_wconf 89' lang='lat' dir='ltr'>auctoritas,quem</span> 
     </span>
    </p>
   </div>
   <div class='ocr_carea' id='block_1_17' title="bbox 378 1639 2025 1712">
    <p class='ocr_par' dir='ltr' id='par_1_17' title="bbox 378 1639 2025 1712">
     <span class='ocr_line' id='line_1_17' title="bbox 378 1639 2025 1712; baseline 0 -19"><span class='ocrx_word' id='word_1_96' title='bbox 378 1642 589 1710; x_wconf 89' lang='lat' dir='ltr'>putant</span> <span class='ocrx_word' id='word_1_97' title='bbox 618 1657 652 1695; x_wconf 90' lang='lat' dir='ltr'>a</span> <span class='ocrx_word' id='word_1_98' title='bbox 682 1644 935 1711; x_wconf 81' lang='lat' dir='ltr'>martyre</span> <span class='ocrx_word' id='word_1_99' title='bbox 984 1641 1383 1712; x_wconf 68' lang='lat' dir='ltr'>praedicatum.</span> <span class='ocrx_word' id='word_1_100' title='bbox 1431 1641 1580 1706; x_wconf 86' lang='lat' dir='ltr'>Quid</span> <span class='ocrx_word' id='word_1_101' title='bbox 1630 1640 1869 1697; x_wconf 25' lang='lat' dir='ltr'>facient,</span> <span class='ocrx_word' id='word_1_102' title='bbox 1903 1639 2025 1711; x_wconf 83' lang='lat' dir='ltr'>epi-</span> 
     </span>
    </p>
   </div>
   <div class='ocr_carea' id='block_1_18' title="bbox 372 1726 2020 1802">
    <p class='ocr_par' dir='ltr' id='par_1_18' title="bbox 372 1726 2020 1802">
     <span class='ocr_line' id='line_1_18' title="bbox 372 1726 2020 1802; baseline -0.001 -20"><span class='ocrx_word' id='word_1_103' title='bbox 372 1726 530 1783; x_wconf 64' lang='lat' dir='ltr'>stolis</span> <span class='ocrx_word' id='word_1_104' title='bbox 556 1727 865 1799; x_wconf 77' lang='lat' dir='ltr'>Theophili</span> <span class='ocrx_word' id='word_1_105' title='bbox 895 1729 1200 1802; x_wconf 83' lang='lat' dir='ltr'>episcopi?</span> <span class='ocrx_word' id='word_1_106' title='bbox 1232 1729 1371 1801; x_wconf 91' lang='lat' dir='ltr'>quid</span> <span class='ocrx_word' id='word_1_107' title='bbox 1420 1746 1579 1802; x_wconf 68' lang='lat' dir='ltr'>papa:</span> <span class='ocrx_word' id='word_1_108' title='bbox 1614 1728 1904 1785; x_wconf 87' lang='lat' dir='ltr'>Anastasii</span> <span class='ocrx_word' id='word_1_109' title='bbox 1962 1728 2020 1782; x_wconf 89' lang='lat' dir='ltr'>in</span> 
     </span>
    </p>
   </div>
   <div class='ocr_carea' id='block_1_19' title="bbox 370 1814 2012 1889">
    <p class='ocr_par' dir='ltr' id='par_1_19' title="bbox 370 1814 2012 1889">
     <span class='ocr_line' id='line_1_19' title="bbox 370 1814 2012 1889; baseline 0.001 -19"><span class='ocrx_word' id='word_1_110' title='bbox 370 1818 491 1871; x_wconf 90' lang='lat' dir='ltr'>toto</span> <span class='ocrx_word' id='word_1_111' title='bbox 565 1815 702 1871; x_wconf 86' lang='lat' dir='ltr'>orbe</span> <span class='ocrx_word' id='word_1_112' title='bbox 763 1814 1100 1871; x_wconf 70' lang='lat' dir='ltr'>haereticum</span> <span class='ocrx_word' id='word_1_113' title='bbox 1167 1822 1603 1889; x_wconf 82' lang='lat' dir='ltr'>persequentes,</span> <span class='ocrx_word' id='word_1_114' title='bbox 1666 1834 1799 1872; x_wconf 92' lang='lat' dir='ltr'>cum</span> <span class='ocrx_word' id='word_1_115' title='bbox 1858 1818 2012 1872; x_wconf 72' lang='lat'>4‘83</span> 
     </span>
    </p>
   </div>
   <div class='ocr_carea' id='block_1_20' title="bbox 2141 560 3767 640">
    <p class='ocr_par' dir='ltr' id='par_1_20' title="bbox 2141 560 3767 640">
     <span class='ocr_line' id='line_1_20' title="bbox 2141 560 3767 640; baseline -0.003 -17"><span class='ocrx_word' id='word_1_116' title='bbox 2141 569 2269 640; x_wconf 85' lang='lat' dir='ltr'>ipsa</span> <span class='ocrx_word' id='word_1_117' title='bbox 2298 567 2579 640; x_wconf 87' lang='lat' dir='ltr'>opuscula</span> <span class='ocrx_word' id='word_1_118' title='bbox 2623 567 2679 621; x_wconf 91' lang='lat' dir='ltr'>in</span> <span class='ocrx_word' id='word_1_119' title='bbox 2730 566 2999 621; x_wconf 89' lang='lat' dir='ltr'>Latinum</span> <span class='ocrx_word' id='word_1_120' title='bbox 3051 565 3333 635; x_wconf 62' lang='lat' dir='ltr'>vertens”,</span> <span class='ocrx_word' id='word_1_121' title='bbox 3377 580 3519 636; x_wconf 68' lang='lat' dir='ltr'>mete</span> <span class='ocrx_word' id='word_1_122' title='bbox 3566 560 3767 636; x_wconf 71' lang='lat' dir='ltr'>lingua</span> 
     </span>
    </p>
   </div>
   <div class='ocr_carea' id='block_1_21' title="bbox 2143 651 3771 724">
    <p class='ocr_par' dir='ltr' id='par_1_21' title="bbox 2143 651 3771 724">
     <span class='ocr_line' id='line_1_21' title="bbox 2143 651 3771 724; baseline -0.004 -12"><span class='ocrx_word' id='word_1_123' title='bbox 2143 657 2485 713; x_wconf 87' lang='lat' dir='ltr'>hominibus</span> <span class='ocrx_word' id='word_1_124' title='bbox 2532 656 2686 711; x_wconf 89' lang='lat' dir='ltr'>dedi.</span> <span class='ocrx_word' id='word_1_125' title='bbox 2736 656 2887 710; x_wconf 88' lang='lat' dir='ltr'>Num</span> <span class='ocrx_word' id='word_1_126' title='bbox 2936 672 3005 709; x_wconf 74' lang='lat' dir='ltr'>ex</span> <span class='ocrx_word' id='word_1_127' title='bbox 3054 669 3122 709; x_wconf 88' lang='lat' dir='ltr'>eo</span> <span class='ocrx_word' id='word_1_128' title='bbox 3169 653 3420 709; x_wconf 89' lang='lat' dir='ltr'>Arianus</span> <span class='ocrx_word' id='word_1_129' title='bbox 3457 668 3610 720; x_wconf 89' lang='lat' dir='ltr'>sum,</span> <span class='ocrx_word' id='word_1_130' title='bbox 3642 651 3771 724; x_wconf 84' lang='lat' dir='ltr'>quia</span> 
     </span>
    </p>
   </div>
   <div class='ocr_carea' id='block_1_22' title="bbox 2139 739 3771 817">
    <p class='ocr_par' dir='ltr' id='par_1_22' title="bbox 2139 739 3771 817">
     <span class='ocr_line' id='line_1_22' title="bbox 2139 739 3771 817; baseline -0.004 -16"><span class='ocrx_word' id='word_1_131' title='bbox 2139 747 2428 803; x_wconf 86' lang='lat' dir='ltr'>Eusebius</span> <span class='ocrx_word' id='word_1_132' title='bbox 2460 746 2558 817; x_wconf 91' lang='lat' dir='ltr'>qui</span> <span class='ocrx_word' id='word_1_133' title='bbox 2598 745 2704 799; x_wconf 90' lang='lat' dir='ltr'>hos</span> <span class='ocrx_word' id='word_1_134' title='bbox 2733 744 2914 798; x_wconf 86' lang='lat' dir='ltr'>libros</span> <span class='ocrx_word' id='word_1_135' title='bbox 2955 743 3238 809; x_wconf 89' lang='lat' dir='ltr'>condidit,</span> <span class='ocrx_word' id='word_1_136' title='bbox 3268 740 3518 797; x_wconf 89' lang='lat' dir='ltr'>Ariauus</span> <span class='ocrx_word' id='word_1_137' title='bbox 3549 740 3677 797; x_wconf 84' lang='lat' dir='ltr'>est?</span> <span class='ocrx_word' id='word_1_138' title='bbox 3713 739 3771 797; x_wconf 90' lang='lat' dir='ltr'>Si</span> 
     </span>
    </p>
   </div>
   <div class='ocr_carea' id='block_1_23' title="bbox 2134 831 3768 899">
    <p class='ocr_par' dir='ltr' id='par_1_23' title="bbox 2134 831 3768 899">
     <span class='ocr_line' id='line_1_23' title="bbox 2134 831 3768 899; baseline -0.003 -10"><span class='ocrx_word' id='word_1_139' title='bbox 2134 852 2316 891; x_wconf 89' lang='lat' dir='ltr'>ausus</span> <span class='ocrx_word' id='word_1_140' title='bbox 2376 834 2555 889; x_wconf 86' lang='lat' dir='ltr'>fueris</span> <span class='ocrx_word' id='word_1_141' title='bbox 2615 835 2761 889; x_wconf 75' lang='lat'>401</span> <span class='ocrx_word' id='word_1_142' title='bbox 2828 850 2919 887; x_wconf 90' lang='lat' dir='ltr'>me</span> <span class='ocrx_word' id='word_1_143' title='bbox 2972 831 3311 887; x_wconf 69' lang='lat' dir='ltr'>haereticum</span> <span class='ocrx_word' id='word_1_144' title='bbox 3389 831 3597 899; x_wconf 83' lang='lat' dir='ltr'>dicere,</span> <span class='ocrx_word' id='word_1_145' title='bbox 3657 844 3768 885; x_wconf 83' lang='lat' dir='ltr'>me-</span> 
     </span>
    </p>
   </div>
   <div class='ocr_carea' id='block_1_24' title="bbox 2138 916 3769 995">
    <p class='ocr_par' dir='ltr' id='par_1_24' title="bbox 2138 916 3769 995">
     <span class='ocr_line' id='line_1_24' title="bbox 2138 916 3769 995; baseline -0.003 -18"><span class='ocrx_word' id='word_1_146' title='bbox 2138 928 2332 979; x_wconf 85' lang='lat' dir='ltr'>mento</span> <span class='ocrx_word' id='word_1_147' title='bbox 2381 922 2834 977; x_wconf 69' lang='lat' dir='ltr'>Przefatiunculre</span> <span class='ocrx_word' id='word_1_148' title='bbox 2882 920 3004 995; x_wconf 75' lang='grc' dir='ltr'>περὶ</span> <span class='ocrx_word' id='word_1_149' title='bbox 3061 923 3299 994; x_wconf 77' lang='grc' dir='ltr'>Ἀρχῖυν,</span> <span class='ocrx_word' id='word_1_150' title='bbox 3378 919 3436 972; x_wconf 90' lang='lat' dir='ltr'>in</span> <span class='ocrx_word' id='word_1_151' title='bbox 3486 934 3601 990; x_wconf 87' lang='lat' dir='ltr'>qua</span> <span class='ocrx_word' id='word_1_152' title='bbox 3644 916 3769 973; x_wconf 83' lang='lat' dir='ltr'>ﬁdei</span> 
     </span>
    </p>
   </div>
   <div class='ocr_carea' id='block_1_25' title="bbox 2138 1004 3768 1088">
    <p class='ocr_par' dir='ltr' id='par_1_25' title="bbox 2138 1004 3768 1088">
     <span class='ocr_line' id='line_1_25' title="bbox 2138 1004 3768 1088; baseline -0.004 -21"><span class='ocrx_word' id='word_1_153' title='bbox 2138 1016 2250 1067; x_wconf 72' lang='lat' dir='ltr'>tua:</span> <span class='ocrx_word' id='word_1_154' title='bbox 2283 1029 2375 1067; x_wconf 92' lang='lat' dir='ltr'>me</span> <span class='ocrx_word' id='word_1_155' title='bbox 2429 1028 2553 1067; x_wconf 89' lang='lat' dir='ltr'>esse</span> <span class='ocrx_word' id='word_1_156' title='bbox 2596 1010 2869 1088; x_wconf 84' lang='lat' dir='ltr'>testaris;</span> <span class='ocrx_word' id='word_1_157' title='bbox 2917 1008 3211 1081; x_wconf 86' lang='lat' dir='ltr'>simulque</span> <span class='ocrx_word' id='word_1_158' title='bbox 3258 1009 3496 1065; x_wconf 90' lang='lat' dir='ltr'>obsecro</span> <span class='ocrx_word' id='word_1_159' title='bbox 3542 1012 3604 1061; x_wconf 88' lang='lat' dir='ltr'>ut</span> <span class='ocrx_word' id='word_1_160' title='bbox 3632 1004 3768 1062; x_wconf 87' lang='lat' dir='ltr'>ami-</span> 
     </span>
    </p>
   </div>
   <div class='ocr_carea' id='block_1_26' title="bbox 2139 1096 3771 1172">
    <p class='ocr_par' dir='ltr' id='par_1_26' title="bbox 2139 1096 3771 1172">
     <span class='ocr_line' id='line_1_26' title="bbox 2139 1096 3771 1172; baseline -0.004 -16"><span class='ocrx_word' id='word_1_161' title='bbox 2139 1118 2273 1156; x_wconf 92' lang='lat' dir='ltr'>cum</span> <span class='ocrx_word' id='word_1_162' title='bbox 2341 1101 2639 1172; x_wconf 89' lang='lat' dir='ltr'>quondam</span> <span class='ocrx_word' id='word_1_163' title='bbox 2715 1104 2882 1154; x_wconf 90' lang='lat' dir='ltr'>tuum</span> <span class='ocrx_word' id='word_1_164' title='bbox 2958 1096 3424 1171; x_wconf 82' lang='lat' dir='ltr'>expostulantem</span> <span class='ocrx_word' id='word_1_165' title='bbox 3499 1096 3771 1169; x_wconf 85' lang='lat' dir='ltr'>patienter</span> 
     </span>
    </p>
   </div>
   <div class='ocr_carea' id='block_1_27' title="bbox 2138 1183 3771 1260">
    <p class='ocr_par' dir='ltr' id='par_1_27' title="bbox 2138 1183 3771 1260">
     <span class='ocr_line' id='line_1_27' title="bbox 2138 1183 3771 1260; baseline -0.002 -15"><span class='ocrx_word' id='word_1_166' title='bbox 2138 1190 2365 1246; x_wconf 86' lang='lat' dir='ltr'>audias.</span> <span class='ocrx_word' id='word_1_167' title='bbox 2402 1191 2611 1245; x_wconf 72' lang='lat' dir='ltr'>Contra</span> <span class='ocrx_word' id='word_1_168' title='bbox 2643 1188 2790 1244; x_wconf 90' lang='lat' dir='ltr'>alios</span> <span class='ocrx_word' id='word_1_169' title='bbox 2828 1187 3188 1260; x_wconf 88' lang='lat' dir='ltr'>digladiaris,</span> <span class='ocrx_word' id='word_1_170' title='bbox 3236 1191 3337 1242; x_wconf 90' lang='lat' dir='ltr'>aut</span> <span class='ocrx_word' id='word_1_171' title='bbox 3382 1186 3526 1242; x_wconf 84' lang='lat' dir='ltr'>facis</span> <span class='ocrx_word' id='word_1_172' title='bbox 3555 1183 3771 1241; x_wconf 89' lang='lat' dir='ltr'>calum-</span> 
     </span>
    </p>
   </div>
   <div class='ocr_carea' id='block_1_28' title="bbox 2138 1275 3771 1351">
    <p class='ocr_par' dir='ltr' id='par_1_28' title="bbox 2138 1275 3771 1351">
     <span class='ocr_line' id='line_1_28' title="bbox 2138 1275 3771 1351; baseline -0.004 -16"><span class='ocrx_word' id='word_1_173' title='bbox 2138 1280 2321 1347; x_wconf 88' lang='lat' dir='ltr'>niam,</span> <span class='ocrx_word' id='word_1_174' title='bbox 2355 1283 2455 1333; x_wconf 91' lang='lat' dir='ltr'>aut</span> <span class='ocrx_word' id='word_1_175' title='bbox 2485 1280 2721 1351; x_wconf 89' lang='lat' dir='ltr'>pateris.</span> <span class='ocrx_word' id='word_1_176' title='bbox 2756 1280 2910 1343; x_wconf 90' lang='lat' dir='ltr'>Quos</span> <span class='ocrx_word' id='word_1_177' title='bbox 2942 1294 3202 1343; x_wconf 89' lang='lat' dir='ltr'>accusas,</span> <span class='ocrx_word' id='word_1_178' title='bbox 3237 1281 3293 1331; x_wconf 90' lang='lat' dir='ltr'>et</span> <span class='ocrx_word' id='word_1_179' title='bbox 3324 1292 3357 1330; x_wconf 90' lang='lat' dir='ltr'>a</span> <span class='ocrx_word' id='word_1_180' title='bbox 3378 1275 3594 1348; x_wconf 87' lang='lat' dir='ltr'>quibus</span> <span class='ocrx_word' id='word_1_181' title='bbox 3616 1290 3771 1330; x_wconf 87' lang='lat' dir='ltr'>accu-</span> 
     </span>
    </p>
   </div>
   <div class='ocr_carea' id='block_1_29' title="bbox 2137 1366 3769 1436">
    <p class='ocr_par' dir='ltr' id='par_1_29' title="bbox 2137 1366 3769 1436">
     <span class='ocr_line' id='line_1_29' title="bbox 2137 1366 3769 1436; baseline -0.003 -13"><span class='ocrx_word' id='word_1_182' title='bbox 2137 1368 2307 1434; x_wconf 89' lang='lat' dir='ltr'>saris,</span> <span class='ocrx_word' id='word_1_183' title='bbox 2351 1367 2573 1422; x_wconf 86' lang='lat' dir='ltr'>ordinis</span> <span class='ocrx_word' id='word_1_184' title='bbox 2615 1366 2701 1421; x_wconf 91' lang='lat' dir='ltr'>tui</span> <span class='ocrx_word' id='word_1_185' title='bbox 2752 1372 2923 1422; x_wconf 89' lang='lat' dir='ltr'>sunt:</span> <span class='ocrx_word' id='word_1_186' title='bbox 2985 1371 3135 1421; x_wconf 90' lang='lat' dir='ltr'>recte</span> <span class='ocrx_word' id='word_1_187' title='bbox 3187 1382 3261 1419; x_wconf 89' lang='lat' dir='ltr'>an</span> <span class='ocrx_word' id='word_1_188' title='bbox 3309 1380 3630 1436; x_wconf 84' lang='lat' dir='ltr'>perperam,</span> <span class='ocrx_word' id='word_1_189' title='bbox 3676 1378 3769 1419; x_wconf 88' lang='lat' dir='ltr'>vos</span> 
     </span>
    </p>
   </div>
   <div class='ocr_carea' id='block_1_30' title="bbox 2136 1451 3769 1515">
    <p class='ocr_par' dir='ltr' id='par_1_30' title="bbox 2136 1451 3769 1515">
     <span class='ocr_line' id='line_1_30' title="bbox 2136 1451 3769 1515; baseline -0.002 -5"><span class='ocrx_word' id='word_1_190' title='bbox 2136 1456 2422 1511; x_wconf 86' lang='lat' dir='ltr'>videritis.</span> <span class='ocrx_word' id='word_1_191' title='bbox 2483 1455 2625 1510; x_wconf 91' lang='lat' dir='ltr'>Mihi</span> <span class='ocrx_word' id='word_1_192' title='bbox 2674 1454 2849 1510; x_wconf 85' lang='lat' dir='ltr'>etiam</span> <span class='ocrx_word' id='word_1_193' title='bbox 2898 1471 3034 1510; x_wconf 89' lang='lat' dir='ltr'>vera</span> <span class='ocrx_word' id='word_1_194' title='bbox 3076 1453 3369 1510; x_wconf 87' lang='lat' dir='ltr'>accusatio</span> <span class='ocrx_word' id='word_1_195' title='bbox 3418 1457 3619 1509; x_wconf 90' lang='lat' dir='ltr'>contra</span> <span class='ocrx_word' id='word_1_196' title='bbox 3662 1451 3769 1515; x_wconf 82' lang='lat' dir='ltr'>fra-</span> 
     </span>
    </p>
   </div>
   <div class='ocr_carea' id='block_1_31' title="bbox 2137 1539 3772 1617">
    <p class='ocr_par' dir='ltr' id='par_1_31' title="bbox 2137 1539 3772 1617">
     <span class='ocr_line' id='line_1_31' title="bbox 2137 1539 3772 1617; baseline -0.004 -17"><span class='ocrx_word' id='word_1_197' title='bbox 2137 1550 2286 1601; x_wconf 85' lang='lat' dir='ltr'>trem</span> <span class='ocrx_word' id='word_1_198' title='bbox 2319 1543 2607 1617; x_wconf 88' lang='lat' dir='ltr'>displicet,</span> <span class='ocrx_word' id='word_1_199' title='bbox 2642 1561 2745 1599; x_wconf 90' lang='lat' dir='ltr'>nec</span> <span class='ocrx_word' id='word_1_200' title='bbox 2777 1544 3135 1615; x_wconf 89' lang='lat' dir='ltr'>reprehendo</span> <span class='ocrx_word' id='word_1_201' title='bbox 3167 1542 3335 1609; x_wconf 87' lang='lat' dir='ltr'>alios,</span> <span class='ocrx_word' id='word_1_202' title='bbox 3363 1543 3467 1598; x_wconf 91' lang='lat' dir='ltr'>sed</span> <span class='ocrx_word' id='word_1_203' title='bbox 3491 1542 3617 1597; x_wconf 91' lang='lat' dir='ltr'>dico</span> <span class='ocrx_word' id='word_1_204' title='bbox 3641 1539 3772 1612; x_wconf 87' lang='lat' dir='ltr'>quid</span> 
     </span>
    </p>
   </div>
   <div class='ocr_carea' id='block_1_32' title="bbox 2135 1620 3773 1706">
    <p class='ocr_par' dir='ltr' id='par_1_32' title="bbox 2135 1620 3773 1706">
     <span class='ocr_line' id='line_1_32' title="bbox 2135 1620 3773 1706; baseline -0.001 -18"><span class='ocrx_word' id='word_1_205' title='bbox 2135 1635 2260 1706; x_wconf 78' lang='lat' dir='ltr'>ipse</span> <span class='ocrx_word' id='word_1_206' title='bbox 2292 1651 2407 1689; x_wconf 92' lang='lat' dir='ltr'>non</span> <span class='ocrx_word' id='word_1_207' title='bbox 2440 1634 2711 1689; x_wconf 86' lang='lat' dir='ltr'>facerem.</span> <span class='ocrx_word' id='word_1_208' title='bbox 2745 1632 2943 1688; x_wconf 88' lang='lat' dir='ltr'>Tantis</span> <span class='ocrx_word' id='word_1_209' title='bbox 2973 1633 3183 1704; x_wconf 88' lang='lat' dir='ltr'>spatiis</span> <span class='ocrx_word' id='word_1_210' title='bbox 3232 1637 3524 1687; x_wconf 91' lang='lat' dir='ltr'>terrarum</span> <span class='ocrx_word' id='word_1_211' title='bbox 3556 1620 3773 1702; x_wconf 79' lang='lat' dir='ltr'>separa-</span> 
     </span>
    </p>
   </div>
   <div class='ocr_carea' id='block_1_33' title="bbox 2132 1717 3773 1795">
    <p class='ocr_par' dir='ltr' id='par_1_33' title="bbox 2132 1717 3773 1795">
     <span class='ocr_line' id='line_1_33' title="bbox 2132 1717 3773 1795; baseline -0.002 -18"><span class='ocrx_word' id='word_1_212' title='bbox 2132 1728 2229 1779; x_wconf 91' lang='lat' dir='ltr'>tus</span> <span class='ocrx_word' id='word_1_213' title='bbox 2261 1723 2401 1795; x_wconf 91' lang='lat' dir='ltr'>quid</span> <span class='ocrx_word' id='word_1_214' title='bbox 2435 1723 2662 1794; x_wconf 87' lang='lat' dir='ltr'>peccavi</span> <span class='ocrx_word' id='word_1_215' title='bbox 2696 1722 2752 1777; x_wconf 91' lang='lat' dir='ltr'>in</span> <span class='ocrx_word' id='word_1_216' title='bbox 2784 1722 2882 1777; x_wconf 84' lang='lat' dir='ltr'>te?</span> <span class='ocrx_word' id='word_1_217' title='bbox 2925 1721 3064 1793; x_wconf 91' lang='lat' dir='ltr'>quid</span> <span class='ocrx_word' id='word_1_218' title='bbox 3117 1720 3439 1776; x_wconf 90' lang='lat' dir='ltr'>commerui</span> <span class='ocrx_word' id='word_1_219' title='bbox 3462 1721 3490 1774; x_wconf 84' lang='lat'><strong>?</strong></span> <span class='ocrx_word' id='word_1_220' title='bbox 3535 1723 3617 1775; x_wconf 84' lang='lat' dir='ltr'>An</span> <span class='ocrx_word' id='word_1_221' title='bbox 3644 1717 3773 1790; x_wconf 83' lang='lat' dir='ltr'>quia</span> 
     </span>
    </p>
   </div>
   <div class='ocr_carea' id='block_1_34' title="bbox 2133 1800 3772 1885">
    <p class='ocr_par' dir='ltr' id='par_1_34' title="bbox 2133 1800 3772 1885">
     <span class='ocr_line' id='line_1_34' title="bbox 2133 1800 3772 1885; baseline -0.002 -17"><span class='ocrx_word' id='word_1_222' title='bbox 2133 1800 2498 1885; x_wconf 83' lang='lat' dir='ltr'>Origenisten</span> <span class='ocrx_word' id='word_1_223' title='bbox 2534 1830 2623 1866; x_wconf 89' lang='lat' dir='ltr'>me</span> <span class='ocrx_word' id='word_1_224' title='bbox 2653 1829 2767 1867; x_wconf 91' lang='lat' dir='ltr'>non</span> <span class='ocrx_word' id='word_1_225' title='bbox 2808 1828 2937 1866; x_wconf 85' lang='lat' dir='ltr'>esse</span> <span class='ocrx_word' id='word_1_226' title='bbox 2991 1810 3313 1883; x_wconf 79' lang='lat' dir='ltr'>respondi?</span> <span class='ocrx_word' id='word_1_227' title='bbox 3359 1808 3634 1881; x_wconf 89' lang='lat' dir='ltr'>Nunquid</span> <span class='ocrx_word' id='word_1_228' title='bbox 3681 1807 3772 1864; x_wconf 81' lang='lat' dir='ltr'>de-</span> 
     </span>
    </p>
   </div>
   <div class='ocr_carea' id='block_1_35' title="bbox 370 1868 3771 1980">
    <p class='ocr_par' dir='ltr' id='par_1_35' title="bbox 370 1868 3771 1980">
     <span class='ocr_line' id='line_1_35' title="bbox 370 1868 3771 1980; baseline -0.002 -22"><span class='ocrx_word' id='word_1_229' title='bbox 370 1868 521 1959; x_wconf 82' lang='lat' dir='ltr'>liber</span> <span class='ocrx_word' id='word_1_230' title='bbox 718 1868 1622 1978; x_wconf 34' lang='lat' dir='ltr'>sub—</span> <span class='ocrx_word' id='word_1_231' title='bbox 2056 1868 2102 1932; x_wconf 76' lang='grc' dir='ltr'>Β</span> <span class='ocrx_word' id='word_1_232' title='bbox 2139 1868 2323 1956; x_wconf 62' lang='grc' dir='ltr'>ίέιηέἱο</span> <span class='ocrx_word' id='word_1_233' title='bbox 2355 1918 2503 1969; x_wconf 89' lang='lat' dir='ltr'>mea,</span> <span class='ocrx_word' id='word_1_234' title='bbox 2538 1901 2832 1956; x_wconf 87' lang='lat' dir='ltr'>accusatio</span> <span class='ocrx_word' id='word_1_235' title='bbox 2876 1906 2975 1955; x_wconf 91' lang='lat' dir='ltr'>tua</span> <span class='ocrx_word' id='word_1_236' title='bbox 3023 1868 3110 1955; x_wconf 71' lang='lat' dir='ltr'>est</span> <span class='ocrx_word' id='word_1_237' title='bbox 3134 1900 3162 1954; x_wconf 83' lang='lat'>‘?</span> <span class='ocrx_word' id='word_1_238' title='bbox 3219 1900 3286 1954; x_wconf 85' lang='lat' dir='ltr'>Et</span> <span class='ocrx_word' id='word_1_239' title='bbox 3339 1903 3404 1954; x_wconf 92' lang='lat' dir='ltr'>tu</span> <span class='ocrx_word' id='word_1_240' title='bbox 3465 1868 3532 1955; x_wconf 40' lang='lat' dir='ltr'>si‘</span> <span class='ocrx_word' id='word_1_241' title='bbox 3571 1913 3684 1953; x_wconf 89' lang='lat' dir='ltr'>nou</span> <span class='ocrx_word' id='word_1_242' title='bbox 3714 1910 3771 1951; x_wconf 87' lang='lat' dir='ltr'>es</span> 
     </span>
    </p>
   </div>
   <div class='ocr_carea' id='block_1_36' title="bbox 373 1991 2025 2067">
    <p class='ocr_par' dir='ltr' id='par_1_36' title="bbox 373 1991 2025 2067">
     <span class='ocr_line' id='line_1_36' title="bbox 373 1991 2025 2067; baseline 0.001 -19"><span class='ocrx_word' id='word_1_243' title='bbox 373 1996 465 2048; x_wconf 88' lang='lat' dir='ltr'>tra</span> <span class='ocrx_word' id='word_1_244' title='bbox 489 1991 770 2064; x_wconf 84' lang='lat' dir='ltr'>epistolas</span> <span class='ocrx_word' id='word_1_245' title='bbox 799 2010 1023 2060; x_wconf 90' lang='lat' dir='ltr'>eorum,</span> <span class='ocrx_word' id='word_1_246' title='bbox 1057 1999 1115 2049; x_wconf 91' lang='lat' dir='ltr'>et</span> <span class='ocrx_word' id='word_1_247' title='bbox 1144 1995 1462 2067; x_wconf 83' lang='lat' dir='ltr'>episcOpali</span> <span class='ocrx_word' id='word_1_248' title='bbox 1498 1995 1732 2060; x_wconf 34' lang='lat' dir='ltr'>nomini.</span> <span class='ocrx_word' id='word_1_249' title='bbox 1770 1996 2025 2050; x_wconf 83' lang='lat' dir='ltr'>testimo-</span> 
     </span>
    </p>
   </div>
   <div class='ocr_carea' id='block_1_37' title="bbox 372 2081 2021 2157">
    <p class='ocr_par' dir='ltr' id='par_1_37' title="bbox 372 2081 2021 2157">
     <span class='ocr_line' id='line_1_37' title="bbox 372 2081 2021 2157; baseline -0.001 -22"><span class='ocrx_word' id='word_1_250' title='bbox 372 2081 538 2137; x_wconf 91' lang='lat' dir='ltr'>nium</span> <span class='ocrx_word' id='word_1_251' title='bbox 568 2081 842 2153; x_wconf 88' lang='lat' dir='ltr'>martyris</span> <span class='ocrx_word' id='word_1_252' title='bbox 862 2083 1398 2155; x_wconf 81' lang='lat' dir='ltr'>opponatur?Quod</span> <span class='ocrx_word' id='word_1_253' title='bbox 1418 2083 1605 2139; x_wconf 83' lang='lat' dir='ltr'>fecisti</span> <span class='ocrx_word' id='word_1_254' title='bbox 1635 2084 1692 2138; x_wconf 91' lang='lat' dir='ltr'>in</span> <span class='ocrx_word' id='word_1_255' title='bbox 1716 2082 1881 2138; x_wconf 89' lang='lat' dir='ltr'>libris</span> <span class='ocrx_word' id='word_1_256' title='bbox 1901 2082 2021 2157; x_wconf 78' lang='grc' dir='ltr'>περὶ</span> 
     </span>
    </p>
   </div>
   <div class='ocr_carea' id='block_1_38' title="bbox 371 2167 2025 2245">
    <p class='ocr_par' dir='ltr' id='par_1_38' title="bbox 371 2167 2025 2245">
     <span class='ocr_line' id='line_1_38' title="bbox 371 2167 2025 2245; baseline -0.005 -15"><span class='ocrx_word' id='word_1_257' title='bbox 371 2172 611 2245; x_wconf 80' lang='grc' dir='ltr'>’Δρχῶν,</span> <span class='ocrx_word' id='word_1_258' title='bbox 658 2171 768 2226; x_wconf 91' lang='lat' dir='ltr'>hoc</span> <span class='ocrx_word' id='word_1_259' title='bbox 817 2171 987 2226; x_wconf 86' lang='lat' dir='ltr'>facito</span> <span class='ocrx_word' id='word_1_260' title='bbox 1036 2176 1093 2227; x_wconf 89' lang='lat' dir='ltr'>et</span> <span class='ocrx_word' id='word_1_261' title='bbox 1150 2173 1208 2227; x_wconf 90' lang='lat' dir='ltr'>in</span> <span class='ocrx_word' id='word_1_262' title='bbox 1269 2172 1379 2228; x_wconf 91' lang='lat' dir='ltr'>isto</span> <span class='ocrx_word' id='word_1_263' title='bbox 1426 2172 1723 2228; x_wconf 88' lang='lat' dir='ltr'>volumine</span> <span class='ocrx_word' id='word_1_264' title='bbox 1773 2167 2025 2243; x_wconf 52' lang='lat' dir='ltr'>causam-</span> 
     </span>
    </p>
   </div>
   <div class='ocr_carea' id='block_1_39' title="bbox 373 2259 2025 2335">
    <p class='ocr_par' dir='ltr' id='par_1_39' title="bbox 373 2259 2025 2335">
     <span class='ocr_line' id='line_1_39' title="bbox 373 2259 2025 2335; baseline 0.002 -23"><span class='ocrx_word' id='word_1_265' title='bbox 373 2259 586 2335; x_wconf 66' lang='grc' dir='ltr'>γράφῳ.</span> <span class='ocrx_word' id='word_1_266' title='bbox 639 2259 790 2314; x_wconf 90' lang='lat' dir='ltr'>Audi</span> <span class='ocrx_word' id='word_1_267' title='bbox 846 2260 1156 2316; x_wconf 89' lang='lat' dir='ltr'>consilium</span> <span class='ocrx_word' id='word_1_268' title='bbox 1208 2261 1404 2333; x_wconf 87' lang='lat' dir='ltr'>amici,</span> <span class='ocrx_word' id='word_1_269' title='bbox 1464 2278 1579 2316; x_wconf 93' lang='lat' dir='ltr'>non</span> <span class='ocrx_word' id='word_1_270' title='bbox 1639 2266 1695 2315; x_wconf 91' lang='lat' dir='ltr'>te</span> <span class='ocrx_word' id='word_1_271' title='bbox 1748 2261 2025 2333; x_wconf 74' lang='lat' dir='ltr'>pmniteat</span> 
     </span>
    </p>
   </div>
   <div class='ocr_carea' id='block_1_40' title="bbox 378 2348 2020 2418">
    <p class='ocr_par' dir='ltr' id='par_1_40' title="bbox 378 2348 2020 2418">
     <span class='ocr_line' id='line_1_40' title="bbox 378 2348 2020 2418; baseline 0 -14"><span class='ocrx_word' id='word_1_272' title='bbox 378 2348 519 2404; x_wconf 89' lang='lat' dir='ltr'>artis</span> <span class='ocrx_word' id='word_1_273' title='bbox 549 2352 662 2403; x_wconf 69' lang='lat' dir='ltr'>tua:</span> <span class='ocrx_word' id='word_1_274' title='bbox 695 2365 708 2405; x_wconf 92' lang='lat'>:</span> <span class='ocrx_word' id='word_1_275' title='bbox 742 2348 828 2405; x_wconf 89' lang='lat' dir='ltr'>vel</span> <span class='ocrx_word' id='word_1_276' title='bbox 859 2349 1060 2418; x_wconf 87' lang='lat' dir='ltr'>dicito,</span> <span class='ocrx_word' id='word_1_277' title='bbox 1093 2355 1261 2405; x_wconf 91' lang='lat' dir='ltr'>tuum</span> <span class='ocrx_word' id='word_1_278' title='bbox 1314 2367 1429 2406; x_wconf 90' lang='lat' dir='ltr'>non</span> <span class='ocrx_word' id='word_1_279' title='bbox 1479 2366 1626 2417; x_wconf 90' lang='lat' dir='ltr'>esse,</span> <span class='ocrx_word' id='word_1_280' title='bbox 1661 2348 1747 2405; x_wconf 80' lang='lat' dir='ltr'>vel</span> <span class='ocrx_word' id='word_1_281' title='bbox 1798 2350 1871 2404; x_wconf 91' lang='lat' dir='ltr'>ab</span> <span class='ocrx_word' id='word_1_282' title='bbox 1910 2350 2020 2404; x_wconf 85' lang='lat' dir='ltr'>Eu-</span> 
     </span>
    </p>
   </div>
   <div class='ocr_carea' id='block_1_41' title="bbox 371 2437 2019 2511">
    <p class='ocr_par' dir='ltr' id='par_1_41' title="bbox 371 2437 2019 2511">
     <span class='ocr_line' id='line_1_41' title="bbox 371 2437 2019 2511; baseline 0 -19"><span class='ocrx_word' id='word_1_283' title='bbox 371 2437 531 2493; x_wconf 89' lang='lat' dir='ltr'>sebio</span> <span class='ocrx_word' id='word_1_284' title='bbox 593 2439 930 2511; x_wconf 86' lang='lat' dir='ltr'>presbytero</span> <span class='ocrx_word' id='word_1_285' title='bbox 979 2439 1385 2510; x_wconf 88' lang='lat' dir='ltr'>depravatum.</span> <span class='ocrx_word' id='word_1_286' title='bbox 1440 2439 1600 2494; x_wconf 88' lang='lat' dir='ltr'>Unde</span> <span class='ocrx_word' id='word_1_287' title='bbox 1649 2439 1881 2511; x_wconf 89' lang='lat' dir='ltr'>probari</span> <span class='ocrx_word' id='word_1_288' title='bbox 1915 2438 2019 2493; x_wconf 88' lang='lat' dir='ltr'>tibi</span> 
     </span>
    </p>
   </div>
   <div class='ocr_carea' id='block_1_42' title="bbox 370 2526 2023 2599">
    <p class='ocr_par' dir='ltr' id='par_1_42' title="bbox 370 2526 2023 2599">
     <span class='ocr_line' id='line_1_42' title="bbox 370 2526 2023 2599; baseline -0.001 -17"><span class='ocrx_word' id='word_1_289' title='bbox 370 2526 602 2599; x_wconf 89' lang='lat' dir='ltr'>poterit,</span> <span class='ocrx_word' id='word_1_290' title='bbox 633 2528 785 2599; x_wconf 91' lang='lat' dir='ltr'>quod</span> <span class='ocrx_word' id='word_1_291' title='bbox 816 2545 850 2583; x_wconf 90' lang='lat' dir='ltr'>a</span> <span class='ocrx_word' id='word_1_292' title='bbox 879 2531 935 2582; x_wconf 90' lang='lat' dir='ltr'>te</span> <span class='ocrx_word' id='word_1_293' title='bbox 967 2528 1319 2584; x_wconf 88' lang='lat' dir='ltr'>translatum</span> <span class='ocrx_word' id='word_1_294' title='bbox 1352 2527 1488 2584; x_wconf 84' lang='lat' dir='ltr'>est?</span> <span class='ocrx_word' id='word_1_295' title='bbox 1519 2528 1645 2583; x_wconf 91' lang='lat' dir='ltr'>Non</span> <span class='ocrx_word' id='word_1_296' title='bbox 1678 2544 1888 2582; x_wconf 89' lang='lat' dir='ltr'>manus</span> <span class='ocrx_word' id='word_1_297' title='bbox 1921 2532 2023 2582; x_wconf 91' lang='lat' dir='ltr'>tua</span> 
     </span>
    </p>
   </div>
   <div class='ocr_carea' id='block_1_43' title="bbox 369 2614 2023 2688">
    <p class='ocr_par' dir='ltr' id='par_1_43' title="bbox 369 2614 2023 2688">
     <span class='ocr_line' id='line_1_43' title="bbox 369 2614 2023 2688; baseline 0.001 -19"><span class='ocrx_word' id='word_1_298' title='bbox 369 2619 648 2670; x_wconf 85' lang='lat' dir='ltr'>tenetur:</span> <span class='ocrx_word' id='word_1_299' title='bbox 689 2631 807 2670; x_wconf 89' lang='lat' dir='ltr'>non</span> <span class='ocrx_word' id='word_1_300' title='bbox 854 2619 1031 2671; x_wconf 72' lang='lat' dir='ltr'>tanta:</span> <span class='ocrx_word' id='word_1_301' title='bbox 1090 2632 1151 2670; x_wconf 88' lang='lat' dir='ltr'>es</span> <span class='ocrx_word' id='word_1_302' title='bbox 1208 2615 1574 2688; x_wconf 70' lang='lat' dir='ltr'>eloquentire,</span> <span class='ocrx_word' id='word_1_303' title='bbox 1614 2620 1681 2671; x_wconf 93' lang='lat' dir='ltr'>ut</span> <span class='ocrx_word' id='word_1_304' title='bbox 1729 2614 1928 2670; x_wconf 91' lang='lat' dir='ltr'>nullus</span> <span class='ocrx_word' id='word_1_305' title='bbox 1968 2619 2023 2670; x_wconf 92' lang='lat' dir='ltr'>te</span> 
     </span>
    </p>
   </div>
   <div class='ocr_carea' id='block_1_44' title="bbox 374 2702 2021 2776">
    <p class='ocr_par' dir='ltr' id='par_1_44' title="bbox 374 2702 2021 2776">
     <span class='ocr_line' id='line_1_44' title="bbox 374 2702 2021 2776; baseline 0.001 -20"><span class='ocrx_word' id='word_1_306' title='bbox 374 2702 563 2773; x_wconf 86' lang='lat' dir='ltr'>possit</span> <span class='ocrx_word' id='word_1_307' title='bbox 620 2702 862 2758; x_wconf 89' lang='lat' dir='ltr'>imitari.</span> <span class='ocrx_word' id='word_1_308' title='bbox 895 2706 1009 2758; x_wconf 81' lang='lat' dir='ltr'>Aut</span> <span class='ocrx_word' id='word_1_309' title='bbox 1052 2710 1202 2759; x_wconf 91' lang='lat' dir='ltr'>certe</span> <span class='ocrx_word' id='word_1_310' title='bbox 1248 2705 1297 2759; x_wconf 91' lang='lat' dir='ltr'>si</span> <span class='ocrx_word' id='word_1_311' title='bbox 1350 2720 1442 2759; x_wconf 89' lang='lat' dir='ltr'>res</span> <span class='ocrx_word' id='word_1_312' title='bbox 1495 2706 1566 2759; x_wconf 91' lang='lat' dir='ltr'>ad</span> <span class='ocrx_word' id='word_1_313' title='bbox 1619 2704 2021 2776; x_wconf 88' lang='lat' dir='ltr'>probationem</span> 
     </span>
    </p>
   </div>
   <div class='ocr_carea' id='block_1_45' title="bbox 372 2790 2025 2864">
    <p class='ocr_par' dir='ltr' id='par_1_45' title="bbox 372 2790 2025 2864">
     <span class='ocr_line' id='line_1_45' title="bbox 372 2790 2025 2864; baseline 0 -18"><span class='ocrx_word' id='word_1_314' title='bbox 372 2790 614 2858; x_wconf 87' lang='lat' dir='ltr'>venerit,</span> <span class='ocrx_word' id='word_1_315' title='bbox 647 2796 704 2846; x_wconf 88' lang='lat' dir='ltr'>et</span> <span class='ocrx_word' id='word_1_316' title='bbox 734 2791 1159 2862; x_wconf 88' lang='lat' dir='ltr'>impudentiam</span> <span class='ocrx_word' id='word_1_317' title='bbox 1190 2793 1400 2849; x_wconf 77' lang='lat' dir='ltr'>frontis</span> <span class='ocrx_word' id='word_1_318' title='bbox 1439 2794 1838 2864; x_wconf 89' lang='lat' dir='ltr'>oppresserint</span> <span class='ocrx_word' id='word_1_319' title='bbox 1867 2792 2025 2847; x_wconf 89' lang='lat' dir='ltr'>testi-</span> 
     </span>
    </p>
   </div>
   <div class='ocr_carea' id='block_1_46' title="bbox 375 2878 2024 2952">
    <p class='ocr_par' dir='ltr' id='par_1_46' title="bbox 375 2878 2024 2952">
     <span class='ocr_line' id='line_1_46' title="bbox 375 2878 2024 2952; baseline 0.001 -18"><span class='ocrx_word' id='word_1_320' title='bbox 375 2878 574 2935; x_wconf 88' lang='lat' dir='ltr'>monia</span> <span class='ocrx_word' id='word_1_321' title='bbox 630 2879 1039 2951; x_wconf 84' lang='lat' dir='ltr'>plurimorum,</span> <span class='ocrx_word' id='word_1_322' title='bbox 1090 2880 1449 2952; x_wconf 85' lang='lat' dir='ltr'>palinodiam</span> <span class='ocrx_word' id='word_1_323' title='bbox 1501 2881 1815 2936; x_wconf 86' lang='lat' dir='ltr'>Stesichori</span> <span class='ocrx_word' id='word_1_324' title='bbox 1865 2898 2024 2935; x_wconf 91' lang='lat' dir='ltr'>more</span> 
     </span>
    </p>
   </div>
   <div class='ocr_carea' id='block_1_47' title="bbox 373 2968 2024 3042">
    <p class='ocr_par' dir='ltr' id='par_1_47' title="bbox 373 2968 2024 3042">
     <span class='ocr_line' id='line_1_47' title="bbox 373 2968 2024 3042; baseline 0.002 -20"><span class='ocrx_word' id='word_1_325' title='bbox 373 2973 624 3024; x_wconf 89' lang='lat' dir='ltr'>cantato.</span> <span class='ocrx_word' id='word_1_326' title='bbox 655 2968 862 3025; x_wconf 82' lang='lat' dir='ltr'>Melius</span> <span class='ocrx_word' id='word_1_327' title='bbox 903 2974 993 3025; x_wconf 90' lang='lat' dir='ltr'>est</span> <span class='ocrx_word' id='word_1_328' title='bbox 1031 2976 1087 3026; x_wconf 91' lang='lat' dir='ltr'>te</span> <span class='ocrx_word' id='word_1_329' title='bbox 1131 2970 1408 3042; x_wconf 65' lang='lat' dir='ltr'>paenitere</span> <span class='ocrx_word' id='word_1_330' title='bbox 1448 2969 1586 3025; x_wconf 88' lang='lat' dir='ltr'>facti</span> <span class='ocrx_word' id='word_1_331' title='bbox 1618 2970 1722 3036; x_wconf 91' lang='lat' dir='ltr'>tui,</span> <span class='ocrx_word' id='word_1_332' title='bbox 1756 2987 1932 3041; x_wconf 90' lang='lat' dir='ltr'>quam</span> <span class='ocrx_word' id='word_1_333' title='bbox 1968 2975 2024 3025; x_wconf 90' lang='lat' dir='ltr'>et</span> 
     </span>
    </p>
   </div>
   <div class='ocr_carea' id='block_1_48' title="bbox 375 3058 2024 3132">
    <p class='ocr_par' dir='ltr' id='par_1_48' title="bbox 375 3058 2024 3132">
     <span class='ocr_line' id='line_1_48' title="bbox 375 3058 2024 3132; baseline 0.001 -20"><span class='ocrx_word' id='word_1_334' title='bbox 375 3062 687 3131; x_wconf 87' lang='lat' dir='ltr'>martyrem</span> <span class='ocrx_word' id='word_1_335' title='bbox 714 3058 771 3113; x_wconf 92' lang='lat' dir='ltr'>in</span> <span class='ocrx_word' id='word_1_336' title='bbox 806 3058 1124 3128; x_wconf 88' lang='lat' dir='ltr'>calumnia,</span> <span class='ocrx_word' id='word_1_337' title='bbox 1150 3064 1207 3114; x_wconf 90' lang='lat' dir='ltr'>et</span> <span class='ocrx_word' id='word_1_338' title='bbox 1228 3060 1499 3132; x_wconf 88' lang='lat' dir='ltr'>deceptos</span> <span class='ocrx_word' id='word_1_339' title='bbox 1532 3060 1590 3114; x_wconf 92' lang='lat' dir='ltr'>in</span> <span class='ocrx_word' id='word_1_340' title='bbox 1622 3076 1814 3115; x_wconf 89' lang='lat' dir='ltr'>errore</span> <span class='ocrx_word' id='word_1_341' title='bbox 1846 3059 2024 3132; x_wconf 87' lang='lat' dir='ltr'>persi-</span> 
     </span>
    </p>
   </div>
   <div class='ocr_carea' id='block_1_49' title="bbox 376 3145 2019 3203">
    <p class='ocr_par' dir='ltr' id='par_1_49' title="bbox 376 3145 2019 3203">
     <span class='ocr_line' id='line_1_49' title="bbox 376 3145 2019 3203; baseline 0.001 -4"><span class='ocrx_word' id='word_1_342' title='bbox 376 3149 547 3201; x_wconf 89' lang='lat' dir='ltr'>stere.</span> <span class='ocrx_word' id='word_1_343' title='bbox 575 3145 687 3202; x_wconf 90' lang='lat' dir='ltr'>Nec</span> <span class='ocrx_word' id='word_1_344' title='bbox 708 3146 1020 3203; x_wconf 87' lang='lat' dir='ltr'>erubescas</span> <span class='ocrx_word' id='word_1_345' title='bbox 1050 3148 1121 3203; x_wconf 90' lang='lat' dir='ltr'>de</span> <span class='ocrx_word' id='word_1_346' title='bbox 1154 3147 1615 3203; x_wconf 87' lang='lat' dir='ltr'>commutatione</span> <span class='ocrx_word' id='word_1_347' title='bbox 1669 3147 1972 3203; x_wconf 62' lang='lat' dir='ltr'>sententias</span> <span class='ocrx_word' id='word_1_348' title='bbox 2006 3164 2019 3201; x_wconf 89' lang='lat'><strong>:</strong></span> 
     </span>
    </p>
   </div>
   <div class='ocr_carea' id='block_1_50' title="bbox 2137 1985 3767 2061">
    <p class='ocr_par' dir='ltr' id='par_1_50' title="bbox 2137 1985 3767 2061">
     <span class='ocr_line' id='line_1_50' title="bbox 2137 1985 3767 2061; baseline -0.004 -17"><span class='ocrx_word' id='word_1_349' title='bbox 2137 1989 2517 2061; x_wconf 87' lang='lat' dir='ltr'>Origenistes,</span> <span class='ocrx_word' id='word_1_350' title='bbox 2550 1989 2637 2044; x_wconf 83' lang='lat' dir='ltr'>vel</span> <span class='ocrx_word' id='word_1_351' title='bbox 2672 2007 2785 2043; x_wconf 88' lang='lat' dir='ltr'>non</span> <span class='ocrx_word' id='word_1_352' title='bbox 2818 1988 2999 2053; x_wconf 81' lang='lat' dir='ltr'>fuisti,</span> <span class='ocrx_word' id='word_1_353' title='bbox 3030 1990 3201 2045; x_wconf 90' lang='lat' dir='ltr'>credo</span> <span class='ocrx_word' id='word_1_354' title='bbox 3224 1988 3452 2059; x_wconf 86' lang='lat' dir='ltr'>juranti</span> <span class='ocrx_word' id='word_1_355' title='bbox 3478 2006 3492 2055; x_wconf 90' lang='lat'>;</span> <span class='ocrx_word' id='word_1_356' title='bbox 3522 1987 3571 2055; x_wconf 89' lang='lat' dir='ltr'>si</span> <span class='ocrx_word' id='word_1_357' title='bbox 3595 1985 3767 2053; x_wconf 81' lang='lat' dir='ltr'>fuisti,</span> 
     </span>
    </p>
   </div>
   <div class='ocr_carea' id='block_1_51' title="bbox 2136 2073 3770 2151">
    <p class='ocr_par' dir='ltr' id='par_1_51' title="bbox 2136 2073 3770 2151">
     <span class='ocr_line' id='line_1_51' title="bbox 2136 2073 3770 2151; baseline -0.002 -18"><span class='ocrx_word' id='word_1_358' title='bbox 2136 2079 2394 2150; x_wconf 89' lang='lat' dir='ltr'>suscipio</span> <span class='ocrx_word' id='word_1_359' title='bbox 2428 2078 2824 2151; x_wconf 76' lang='lat' dir='ltr'>poenitentem.</span> <span class='ocrx_word' id='word_1_360' title='bbox 2860 2078 3005 2142; x_wconf 90' lang='lat' dir='ltr'>Quid</span> <span class='ocrx_word' id='word_1_361' title='bbox 3040 2078 3222 2146; x_wconf 89' lang='lat' dir='ltr'>doles,</span> <span class='ocrx_word' id='word_1_362' title='bbox 3264 2078 3314 2133; x_wconf 91' lang='lat' dir='ltr'>si</span> <span class='ocrx_word' id='word_1_363' title='bbox 3344 2077 3403 2132; x_wconf 93' lang='lat' dir='ltr'>id</span> <span class='ocrx_word' id='word_1_364' title='bbox 3433 2094 3591 2144; x_wconf 87' lang='lat' dir='ltr'>sum,</span> <span class='ocrx_word' id='word_1_365' title='bbox 3623 2073 3770 2147; x_wconf 89' lang='lat' dir='ltr'>quod</span> 
     </span>
    </p>
   </div>
   <div class='ocr_carea' id='block_1_52' title="bbox 2137 2161 3772 2241">
    <p class='ocr_par' dir='ltr' id='par_1_52' title="bbox 2137 2161 3772 2241">
     <span class='ocr_line' id='line_1_52' title="bbox 2137 2161 3772 2241; baseline -0.002 -18"><span class='ocrx_word' id='word_1_366' title='bbox 2137 2186 2264 2223; x_wconf 89' lang='lat' dir='ltr'>esse</span> <span class='ocrx_word' id='word_1_367' title='bbox 2312 2173 2366 2222; x_wconf 86' lang='lat' dir='ltr'>te</span> <span class='ocrx_word' id='word_1_368' title='bbox 2418 2168 2567 2223; x_wconf 89' lang='lat' dir='ltr'>dicis</span> <span class='ocrx_word' id='word_1_369' title='bbox 2590 2168 2615 2221; x_wconf 67' lang='lat'>1’</span> <span class='ocrx_word' id='word_1_370' title='bbox 2666 2170 2752 2223; x_wconf 89' lang='lat' dir='ltr'>Au</span> <span class='ocrx_word' id='word_1_371' title='bbox 2799 2168 2939 2239; x_wconf 89' lang='lat' dir='ltr'>quia</span> <span class='ocrx_word' id='word_1_372' title='bbox 2986 2166 3108 2239; x_wconf 78' lang='grc' dir='ltr'>περὶ</span> <span class='ocrx_word' id='word_1_373' title='bbox 3147 2170 3362 2241; x_wconf 48' lang='lat' dir='ltr'>una»</span> <span class='ocrx_word' id='word_1_374' title='bbox 3413 2165 3677 2238; x_wconf 88' lang='lat' dir='ltr'>Origeuis</span> <span class='ocrx_word' id='word_1_375' title='bbox 3712 2161 3772 2219; x_wconf 90' lang='lat' dir='ltr'>li-</span> 
     </span>
    </p>
   </div>
   <div class='ocr_carea' id='block_1_53' title="bbox 2134 2252 3772 2328">
    <p class='ocr_par' dir='ltr' id='par_1_53' title="bbox 2134 2252 3772 2328">
     <span class='ocr_line' id='line_1_53' title="bbox 2134 2252 3772 2328; baseline -0.002 -17"><span class='ocrx_word' id='word_1_376' title='bbox 2134 2257 2270 2312; x_wconf 91' lang='lat' dir='ltr'>bros</span> <span class='ocrx_word' id='word_1_377' title='bbox 2303 2262 2436 2328; x_wconf 89' lang='lat' dir='ltr'>post</span> <span class='ocrx_word' id='word_1_378' title='bbox 2462 2262 2515 2312; x_wconf 91' lang='lat' dir='ltr'>te</span> <span class='ocrx_word' id='word_1_379' title='bbox 2550 2258 2867 2312; x_wconf 78' lang='lat' dir='ltr'>transferre</span> <span class='ocrx_word' id='word_1_380' title='bbox 2898 2274 3076 2312; x_wconf 86' lang='lat' dir='ltr'>ausus</span> <span class='ocrx_word' id='word_1_381' title='bbox 3103 2273 3258 2322; x_wconf 85' lang='lat' dir='ltr'>sum,</span> <span class='ocrx_word' id='word_1_382' title='bbox 3292 2261 3348 2312; x_wconf 91' lang='lat' dir='ltr'>et</span> <span class='ocrx_word' id='word_1_383' title='bbox 3378 2252 3772 2328; x_wconf 85' lang='lat' dir='ltr'>interpretatio</span> 
     </span>
    </p>
   </div>
   <div class='ocr_carea' id='block_1_54' title="bbox 2135 2344 3771 2423">
    <p class='ocr_par' dir='ltr' id='par_1_54' title="bbox 2135 2344 3771 2423">
     <span class='ocr_line' id='line_1_54' title="bbox 2135 2344 3771 2423; baseline 0.001 -24"><span class='ocrx_word' id='word_1_384' title='bbox 2135 2362 2265 2400; x_wconf 90' lang='lat' dir='ltr'>mea</span> <span class='ocrx_word' id='word_1_385' title='bbox 2296 2345 2608 2417; x_wconf 88' lang='lat' dir='ltr'>suggilatio</span> <span class='ocrx_word' id='word_1_386' title='bbox 2642 2351 2881 2417; x_wconf 87' lang='lat' dir='ltr'>putatur</span> <span class='ocrx_word' id='word_1_387' title='bbox 2910 2345 3102 2417; x_wconf 89' lang='lat' dir='ltr'>operis</span> <span class='ocrx_word' id='word_1_388' title='bbox 3152 2344 3283 2400; x_wconf 87' lang='lat' dir='ltr'>tui?</span> <span class='ocrx_word' id='word_1_389' title='bbox 3320 2345 3472 2423; x_wconf 87' lang='lat' dir='ltr'>Quid</span> <span class='ocrx_word' id='word_1_390' title='bbox 3520 2348 3771 2417; x_wconf 86' lang='lat' dir='ltr'>poteram</span> 
     </span>
    </p>
   </div>
   <div class='ocr_carea' id='block_1_55' title="bbox 2136 2434 3774 2500">
    <p class='ocr_par' dir='ltr' id='par_1_55' title="bbox 2136 2434 3774 2500">
     <span class='ocr_line' id='line_1_55' title="bbox 2136 2434 3774 2500; baseline -0.001 -12"><span class='ocrx_word' id='word_1_391' title='bbox 2136 2435 2320 2489; x_wconf 89' lang='lat' dir='ltr'>facere</span> <span class='ocrx_word' id='word_1_392' title='bbox 2342 2434 2369 2488; x_wconf 84' lang='lat'><strong>?</strong></span> <span class='ocrx_word' id='word_1_393' title='bbox 2400 2434 2577 2489; x_wconf 86' lang='lat' dir='ltr'>Missa</span> <span class='ocrx_word' id='word_1_394' title='bbox 2608 2434 2753 2488; x_wconf 89' lang='lat' dir='ltr'>mihi</span> <span class='ocrx_word' id='word_1_395' title='bbox 2784 2440 2871 2490; x_wconf 90' lang='lat' dir='ltr'>est</span> <span class='ocrx_word' id='word_1_396' title='bbox 2902 2434 3158 2490; x_wconf 88' lang='lat' dir='ltr'>laudatio</span> <span class='ocrx_word' id='word_1_397' title='bbox 3206 2438 3328 2500; x_wconf 88' lang='lat' dir='ltr'>tua,</span> <span class='ocrx_word' id='word_1_398' title='bbox 3379 2434 3435 2489; x_wconf 92' lang='lat' dir='ltr'>id</span> <span class='ocrx_word' id='word_1_399' title='bbox 3490 2438 3579 2490; x_wconf 91' lang='lat' dir='ltr'>est</span> <span class='ocrx_word' id='word_1_400' title='bbox 3610 2447 3774 2488; x_wconf 87' lang='lat' dir='ltr'>accu-</span> 
     </span>
    </p>
   </div>
   <div class='ocr_carea' id='block_1_56' title="bbox 2135 2523 3769 2595">
    <p class='ocr_par' dir='ltr' id='par_1_56' title="bbox 2135 2523 3769 2595">
     <span class='ocr_line' id='line_1_56' title="bbox 2135 2523 3769 2595; baseline -0.002 -16"><span class='ocrx_word' id='word_1_401' title='bbox 2135 2523 2280 2579; x_wconf 90' lang='lat' dir='ltr'>satio</span> <span class='ocrx_word' id='word_1_402' title='bbox 2315 2540 2458 2579; x_wconf 88' lang='lat' dir='ltr'>mea.</span> <span class='ocrx_word' id='word_1_403' title='bbox 2497 2524 2640 2579; x_wconf 90' lang='lat' dir='ltr'>Tam</span> <span class='ocrx_word' id='word_1_404' title='bbox 2674 2523 2900 2579; x_wconf 81' lang='lat' dir='ltr'>fortiter</span> <span class='ocrx_word' id='word_1_405' title='bbox 2932 2541 3023 2579; x_wconf 90' lang='lat' dir='ltr'>me</span> <span class='ocrx_word' id='word_1_406' title='bbox 3053 2523 3769 2595; x_wconf 79' lang='lat' dir='ltr'>prolixcquelaudaveras,</span> 
     </span>
    </p>
   </div>
   <div class='ocr_carea' id='block_1_57' title="bbox 2134 2610 3772 2685">
    <p class='ocr_par' dir='ltr' id='par_1_57' title="bbox 2134 2610 3772 2685">
     <span class='ocr_line' id='line_1_57' title="bbox 2134 2610 3772 2685; baseline -0.001 -18"><span class='ocrx_word' id='word_1_407' title='bbox 2134 2612 2269 2667; x_wconf 83' lang='lat' dir='ltr'>utsi</span> <span class='ocrx_word' id='word_1_408' title='bbox 2304 2614 2422 2668; x_wconf 85' lang='lat' dir='ltr'>tuis</span> <span class='ocrx_word' id='word_1_409' title='bbox 2454 2612 2727 2668; x_wconf 87' lang='lat' dir='ltr'>laudibus</span> <span class='ocrx_word' id='word_1_410' title='bbox 2759 2613 3179 2685; x_wconf 87' lang='lat' dir='ltr'>acquevissem,</span> <span class='ocrx_word' id='word_1_411' title='bbox 3215 2629 3419 2669; x_wconf 87' lang='lat' dir='ltr'>omnes</span> <span class='ocrx_word' id='word_1_412' title='bbox 3441 2610 3772 2668; x_wconf 62' lang='lat' dir='ltr'>hisreticum</span> 
     </span>
    </p>
   </div>
   <div class='ocr_carea' id='block_1_58' title="bbox 2136 2697 3773 2773">
    <p class='ocr_par' dir='ltr' id='par_1_58' title="bbox 2136 2697 3773 2773">
     <span class='ocr_line' id='line_1_58' title="bbox 2136 2697 3773 2773; baseline 0 -18"><span class='ocrx_word' id='word_1_413' title='bbox 2136 2718 2227 2755; x_wconf 92' lang='lat' dir='ltr'>me</span> <span class='ocrx_word' id='word_1_414' title='bbox 2251 2706 2543 2773; x_wconf 80' lang='lat' dir='ltr'>putarent.</span> <span class='ocrx_word' id='word_1_415' title='bbox 2580 2702 2723 2756; x_wconf 79' lang='lat' dir='ltr'>Vide</span> <span class='ocrx_word' id='word_1_416' title='bbox 2754 2702 2894 2773; x_wconf 89' lang='lat' dir='ltr'>quid</span> <span class='ocrx_word' id='word_1_417' title='bbox 2929 2702 3200 2757; x_wconf 68' lang='lat' dir='ltr'>Romanae</span> <span class='ocrx_word' id='word_1_418' title='bbox 3242 2702 3311 2757; x_wconf 88' lang='lat' dir='ltr'>ad</span> <span class='ocrx_word' id='word_1_419' title='bbox 3366 2718 3461 2757; x_wconf 89' lang='lat' dir='ltr'>me</span> <span class='ocrx_word' id='word_1_420' title='bbox 3517 2697 3773 2772; x_wconf 61' lang='lat' dir='ltr'>Epistolas</span> 
     </span>
    </p>
   </div>
   <div class='ocr_carea' id='block_1_59' title="bbox 2134 2787 3775 2863">
    <p class='ocr_par' dir='ltr' id='par_1_59' title="bbox 2134 2787 3775 2863">
     <span class='ocr_line' id='line_1_59' title="bbox 2134 2787 3775 2863; baseline -0.002 -20"><span class='ocrx_word' id='word_1_421' title='bbox 2134 2789 2400 2843; x_wconf 82' lang='lat' dir='ltr'>clausula</span> <span class='ocrx_word' id='word_1_422' title='bbox 2432 2794 2663 2845; x_wconf 87' lang='lat' dir='ltr'>teneat:</span> <span class='ocrx_word' id='word_1_423' title='bbox 2698 2814 2725 2839; x_wconf 93' lang='grc'>‹‹</span> <span class='ocrx_word' id='word_1_424' title='bbox 2762 2790 2951 2863; x_wconf 88' lang='lat' dir='ltr'>Purga</span> <span class='ocrx_word' id='word_1_425' title='bbox 2980 2791 3344 2863; x_wconf 88' lang='lat' dir='ltr'>suspiciones</span> <span class='ocrx_word' id='word_1_426' title='bbox 3368 2790 3699 2856; x_wconf 89' lang='lat' dir='ltr'>hominum,</span> <span class='ocrx_word' id='word_1_427' title='bbox 3721 2787 3775 2841; x_wconf 86' lang='lat' dir='ltr'>et</span> 
     </span>
    </p>
   </div>
   <div class='ocr_carea' id='block_1_60' title="bbox 2134 2876 3771 2946">
    <p class='ocr_par' dir='ltr' id='par_1_60' title="bbox 2134 2876 3771 2946">
     <span class='ocr_line' id='line_1_60' title="bbox 2134 2876 3771 2946; baseline -0.001 -14"><span class='ocrx_word' id='word_1_428' title='bbox 2134 2878 2411 2933; x_wconf 90' lang='lat' dir='ltr'>convince</span> <span class='ocrx_word' id='word_1_429' title='bbox 2481 2878 2931 2946; x_wconf 89' lang='lat' dir='ltr'>criminantem;</span> <span class='ocrx_word' id='word_1_430' title='bbox 3020 2897 3113 2945; x_wconf 82' lang='lat' dir='ltr'>ne,</span> <span class='ocrx_word' id='word_1_431' title='bbox 3184 2878 3231 2934; x_wconf 91' lang='lat' dir='ltr'>si</span> <span class='ocrx_word' id='word_1_432' title='bbox 3289 2876 3771 2941; x_wconf 88' lang='lat' dir='ltr'>dissimulaveris,</span> 
     </span>
    </p>
   </div>
   <div class='ocr_carea' id='block_1_61' title="bbox 2133 2964 3773 3039">
    <p class='ocr_par' dir='ltr' id='par_1_61' title="bbox 2133 2964 3773 3039">
     <span class='ocr_line' id='line_1_61' title="bbox 2133 2964 3773 3039; baseline -0.001 -17"><span class='ocrx_word' id='word_1_433' title='bbox 2133 2968 2460 3024; x_wconf 89' lang='lat' dir='ltr'>consentire</span> <span class='ocrx_word' id='word_1_434' title='bbox 2576 2968 2827 3023; x_wconf 84' lang='lat' dir='ltr'>videaris</span> <span class='ocrx_word' id='word_1_435' title='bbox 2928 2970 3188 3039; x_wconf 74' lang='lat' dir='ltr'>(Epistula</span> <span class='ocrx_word' id='word_1_436' title='bbox 3284 2967 3637 3024; x_wconf 82' lang='lat' dir='ltr'>Pommachii</span> <span class='ocrx_word' id='word_1_437' title='bbox 3727 2964 3773 3039; x_wconf 61' lang='lat' dir='ltr'>ii</span> 
     </span>
    </p>
   </div>
   <div class='ocr_carea' id='block_1_62' title="bbox 2136 3055 3772 3135">
    <p class='ocr_par' dir='ltr' id='par_1_62' title="bbox 2136 3055 3772 3135">
     <span class='ocr_line' id='line_1_62' title="bbox 2136 3055 3772 3135; baseline -0.002 -25"><span class='ocrx_word' id='word_1_438' title='bbox 2136 3055 2351 3128; x_wconf 70' lang='lat' dir='ltr'>Oceani)</span> <span class='ocrx_word' id='word_1_439' title='bbox 2383 3079 2409 3103; x_wconf 86' lang='grc'>››</span> <span class='ocrx_word' id='word_1_440' title='bbox 2440 3055 2561 3111; x_wconf 88' lang='lat' dir='ltr'>Tali</span> <span class='ocrx_word' id='word_1_441' title='bbox 2594 3055 2949 3111; x_wconf 90' lang='lat' dir='ltr'>constrictus</span> <span class='ocrx_word' id='word_1_442' title='bbox 2980 3056 3248 3124; x_wconf 84' lang='lat' dir='ltr'>articulo,</span> <span class='ocrx_word' id='word_1_443' title='bbox 3280 3056 3772 3135; x_wconf 82' lang='lat' dir='ltr'>interpretaturus</span> 
     </span>
    </p>
   </div>
   <div class='ocr_carea' id='block_1_63' title="bbox 2134 3142 3773 3219">
    <p class='ocr_par' dir='ltr' id='par_1_63' title="bbox 2134 3142 3773 3219">
     <span class='ocr_line' id='line_1_63' title="bbox 2134 3142 3773 3219; baseline -0.003 -18"><span class='ocrx_word' id='word_1_444' title='bbox 2134 3147 2368 3201; x_wconf 90' lang='lat' dir='ltr'>eosdem</span> <span class='ocrx_word' id='word_1_445' title='bbox 2421 3144 2622 3212; x_wconf 90' lang='lat' dir='ltr'>libros,</span> <span class='ocrx_word' id='word_1_446' title='bbox 2668 3145 2938 3201; x_wconf 88' lang='lat' dir='ltr'>ausculta</span> <span class='ocrx_word' id='word_1_447' title='bbox 2981 3146 3118 3219; x_wconf 91' lang='lat' dir='ltr'>quid</span> <span class='ocrx_word' id='word_1_448' title='bbox 3170 3145 3549 3217; x_wconf 89' lang='lat' dir='ltr'>scripserim:</span> <span class='ocrx_word' id='word_1_449' title='bbox 3602 3166 3629 3193; x_wconf 86' lang='lat'><strong>«</strong></span> <span class='ocrx_word' id='word_1_450' title='bbox 3661 3142 3773 3197; x_wconf 87' lang='lat' dir='ltr'>Hoc</span> 
     </span>
    </p>
   </div>
   <div class='ocr_carea' id='block_1_64' title="bbox 377 3232 3776 3307">
    <p class='ocr_par' dir='ltr' id='par_1_64' title="bbox 377 3232 3776 3307">
     <span class='ocr_line' id='line_1_64' title="bbox 377 3232 3776 3307; baseline -0 -17"><span class='ocrx_word' id='word_1_451' title='bbox 377 3251 492 3290; x_wconf 89' lang='lat' dir='ltr'>non</span> <span class='ocrx_word' id='word_1_452' title='bbox 538 3252 600 3291; x_wconf 91' lang='lat' dir='ltr'>es</span> <span class='ocrx_word' id='word_1_453' title='bbox 644 3240 816 3291; x_wconf 70' lang='lat' dir='ltr'>tanta:</span> <span class='ocrx_word' id='word_1_454' title='bbox 866 3236 1229 3292; x_wconf 87' lang='lat' dir='ltr'>auctoritatis</span> <span class='ocrx_word' id='word_1_455' title='bbox 1278 3241 1336 3291; x_wconf 90' lang='lat' dir='ltr'>et</span> <span class='ocrx_word' id='word_1_456' title='bbox 1384 3236 1572 3304; x_wconf 66' lang='lat' dir='ltr'>fama},</span> <span class='ocrx_word' id='word_1_457' title='bbox 1604 3240 1668 3292; x_wconf 92' lang='lat' dir='ltr'>ut</span> <span class='ocrx_word' id='word_1_458' title='bbox 1713 3253 1937 3292; x_wconf 88' lang='lat' dir='ltr'>errasse</span> <span class='ocrx_word' id='word_1_459' title='bbox 1968 3240 2023 3293; x_wconf 90' lang='lat' dir='ltr'>te</span> <span class='ocrx_word' id='word_1_460' title='bbox 2054 3238 2097 3306; x_wconf 85' lang='lat' dir='ltr'><strong><em>C</em></strong></span> <span class='ocrx_word' id='word_1_461' title='bbox 2138 3234 2281 3289; x_wconf 91' lang='lat' dir='ltr'>mihi</span> <span class='ocrx_word' id='word_1_462' title='bbox 2337 3233 2733 3307; x_wconf 82' lang='lat' dir='ltr'>praestiterunt</span> <span class='ocrx_word' id='word_1_463' title='bbox 2774 3234 2945 3289; x_wconf 91' lang='lat' dir='ltr'>amici</span> <span class='ocrx_word' id='word_1_464' title='bbox 3004 3234 3116 3289; x_wconf 92' lang='lat' dir='ltr'>mei</span> <span class='ocrx_word' id='word_1_465' title='bbox 3179 3238 3319 3303; x_wconf 90' lang='lat' dir='ltr'>(non</span> <span class='ocrx_word' id='word_1_466' title='bbox 3381 3234 3507 3288; x_wconf 79' lang='lat' dir='ltr'>dixi</span> <span class='ocrx_word' id='word_1_467' title='bbox 3557 3232 3776 3289; x_wconf 79' lang='lat' dir='ltr'>amicus</span> 
     </span>
    </p>
   </div>
   <div class='ocr_carea' id='block_1_65' title="bbox 376 3324 2019 3397">
    <p class='ocr_par' dir='ltr' id='par_1_65' title="bbox 376 3324 2019 3397">
     <span class='ocr_line' id='line_1_65' title="bbox 376 3324 2019 3397; baseline 0.002 -19"><span class='ocrx_word' id='word_1_468' title='bbox 376 3324 612 3394; x_wconf 87' lang='lat' dir='ltr'>pudeat.</span> <span class='ocrx_word' id='word_1_469' title='bbox 647 3324 882 3380; x_wconf 89' lang='lat' dir='ltr'>Imitare</span> <span class='ocrx_word' id='word_1_470' title='bbox 933 3340 1041 3393; x_wconf 91' lang='lat' dir='ltr'>me,</span> <span class='ocrx_word' id='word_1_471' title='bbox 1080 3341 1255 3397; x_wconf 89' lang='lat' dir='ltr'>quem</span> <span class='ocrx_word' id='word_1_472' title='bbox 1312 3325 1632 3397; x_wconf 87' lang='lat' dir='ltr'>plurimum</span> <span class='ocrx_word' id='word_1_473' title='bbox 1681 3343 1865 3392; x_wconf 88' lang='lat' dir='ltr'>amas,</span> <span class='ocrx_word' id='word_1_474' title='bbox 1893 3326 2019 3382; x_wconf 91' lang='lat' dir='ltr'>sine</span> 
     </span>
    </p>
   </div>
   <div class='ocr_carea' id='block_1_66' title="bbox 379 3412 2019 3485">
    <p class='ocr_par' dir='ltr' id='par_1_66' title="bbox 379 3412 2019 3485">
     <span class='ocr_line' id='line_1_66' title="bbox 379 3412 2019 3485; baseline 0.002 -19"><span class='ocrx_word' id='word_1_475' title='bbox 379 3429 494 3483; x_wconf 91' lang='lat' dir='ltr'>quo</span> <span class='ocrx_word' id='word_1_476' title='bbox 524 3428 629 3468; x_wconf 90' lang='lat' dir='ltr'>nec</span> <span class='ocrx_word' id='word_1_477' title='bbox 659 3412 844 3468; x_wconf 83' lang='lat' dir='ltr'>vivere</span> <span class='ocrx_word' id='word_1_478' title='bbox 876 3429 983 3469; x_wconf 89' lang='lat' dir='ltr'>nec</span> <span class='ocrx_word' id='word_1_479' title='bbox 1014 3414 1162 3469; x_wconf 90' lang='lat' dir='ltr'>mori</span> <span class='ocrx_word' id='word_1_480' title='bbox 1196 3418 1360 3485; x_wconf 91' lang='lat' dir='ltr'>potes</span> <span class='ocrx_word' id='word_1_481' title='bbox 1394 3432 1406 3470; x_wconf 93' lang='lat'>:</span> <span class='ocrx_word' id='word_1_482' title='bbox 1435 3420 1490 3470; x_wconf 88' lang='lat' dir='ltr'>et</span> <span class='ocrx_word' id='word_1_483' title='bbox 1522 3432 1750 3470; x_wconf 91' lang='lat' dir='ltr'>meeum</span> <span class='ocrx_word' id='word_1_484' title='bbox 1807 3414 2019 3483; x_wconf 85' lang='lat' dir='ltr'>clama,</span> 
     </span>
    </p>
   </div>
   <div class='ocr_carea' id='block_1_67' title="bbox 378 3501 2021 3574">
    <p class='ocr_par' dir='ltr' id='par_1_67' title="bbox 378 3501 2021 3574">
     <span class='ocr_line' id='line_1_67' title="bbox 378 3501 2021 3574; baseline 0.002 -18"><span class='ocrx_word' id='word_1_485' title='bbox 378 3518 507 3573; x_wconf 65' lang='lat' dir='ltr'>quae</span> <span class='ocrx_word' id='word_1_486' title='bbox 555 3517 661 3574; x_wconf 88' lang='lat' dir='ltr'>ego</span> <span class='ocrx_word' id='word_1_487' title='bbox 709 3501 983 3557; x_wconf 89' lang='lat' dir='ltr'>laudatus</span> <span class='ocrx_word' id='word_1_488' title='bbox 1015 3520 1046 3557; x_wconf 89' lang='lat' dir='ltr'>a</span> <span class='ocrx_word' id='word_1_489' title='bbox 1078 3508 1135 3559; x_wconf 90' lang='lat' dir='ltr'>te</span> <span class='ocrx_word' id='word_1_490' title='bbox 1166 3504 1221 3557; x_wconf 94' lang='lat' dir='ltr'>in</span> <span class='ocrx_word' id='word_1_491' title='bbox 1273 3504 1611 3559; x_wconf 83' lang='lat' dir='ltr'>defensione</span> <span class='ocrx_word' id='word_1_492' title='bbox 1644 3505 1756 3560; x_wconf 91' lang='lat' dir='ltr'>mei</span> <span class='ocrx_word' id='word_1_493' title='bbox 1790 3504 2021 3560; x_wconf 89' lang='lat' dir='ltr'>locutus</span> 
     </span>
    </p>
   </div>
   <div class='ocr_carea' id='block_1_68' title="bbox 378 3606 534 3646">
    <p class='ocr_par' dir='ltr' id='par_1_68' title="bbox 378 3606 534 3646">
     <span class='ocr_line' id='line_1_68' title="bbox 378 3606 534 3646; baseline -0.013 0"><span class='ocrx_word' id='word_1_494' title='bbox 378 3606 534 3646; x_wconf 89' lang='lat' dir='ltr'>sum.</span> 
     </span>
    </p>
   </div>
   <div class='ocr_carea' id='block_1_69' title="bbox 448 3679 2015 3754">
    <p class='ocr_par' dir='ltr' id='par_1_69' title="bbox 448 3679 2015 3754">
     <span class='ocr_line' id='line_1_69' title="bbox 448 3679 2015 3754; baseline 0.002 -19"><span class='ocrx_word' id='word_1_495' title='bbox 448 3679 537 3735; x_wconf 75' lang='grc'>41.</span> <span class='ocrx_word' id='word_1_496' title='bbox 574 3681 718 3749; x_wconf 83' lang='lat' dir='ltr'>Quid</span> <span class='ocrx_word' id='word_1_497' title='bbox 761 3681 1026 3737; x_wconf 79' lang='lat' dir='ltr'>Eusebius</span> <span class='ocrx_word' id='word_1_498' title='bbox 1101 3682 1390 3751; x_wconf 83' lang='lat' dir='ltr'>objiciebat</span> <span class='ocrx_word' id='word_1_499' title='bbox 1436 3681 1702 3737; x_wconf 77' lang='lat' dir='ltr'>Methodio</span> <span class='ocrx_word' id='word_1_500' title='bbox 1758 3685 2015 3754; x_wconf 82' lang='lat' dir='ltr'>martyri.</span> 
     </span>
    </p>
   </div>
   <div class='ocr_carea' id='block_1_70' title="bbox 376 3770 2020 3843">
    <p class='ocr_par' dir='ltr' id='par_1_70' title="bbox 376 3770 2020 3843">
     <span class='ocr_line' id='line_1_70' title="bbox 376 3770 2020 3843; baseline 0.002 -19"><span class='ocrx_word' id='word_1_501' title='bbox 376 3770 600 3825; x_wconf 83' lang='lat' dir='ltr'>Eusebii</span> <span class='ocrx_word' id='word_1_502' title='bbox 654 3771 911 3842; x_wconf 80' lang='lat' dir='ltr'>opuscula</span> <span class='ocrx_word' id='word_1_503' title='bbox 965 3772 1033 3825; x_wconf 85' lang='lat' dir='ltr'>ab</span> <span class='ocrx_word' id='word_1_504' title='bbox 1092 3773 1420 3843; x_wconf 83' lang='lat' dir='ltr'>Hieronymo</span> <span class='ocrx_word' id='word_1_505' title='bbox 1476 3773 1765 3827; x_wconf 83' lang='lat' dir='ltr'>translata.</span> <span class='ocrx_word' id='word_1_506' title='bbox 1809 3802 1877 3811; x_wconf 89' lang='lat'><strong>—</strong></span> <span class='ocrx_word' id='word_1_507' title='bbox 1909 3773 2020 3827; x_wconf 84' lang='lat' dir='ltr'>Eu-</span> 
     </span>
    </p>
   </div>
   <div class='ocr_carea' id='block_1_71' title="bbox 376 3859 2019 3933">
    <p class='ocr_par' dir='ltr' id='par_1_71' title="bbox 376 3859 2019 3933">
     <span class='ocr_line' id='line_1_71' title="bbox 376 3859 2019 3933; baseline 0.001 -19"><span class='ocrx_word' id='word_1_508' title='bbox 376 3859 574 3915; x_wconf 88' lang='lat' dir='ltr'>sebius</span> <span class='ocrx_word' id='word_1_509' title='bbox 622 3859 993 3915; x_wconf 67' lang='lat' dir='ltr'>Caesariensis</span> <span class='ocrx_word' id='word_1_510' title='bbox 1059 3860 1390 3931; x_wconf 91' lang='lat' dir='ltr'>episcopus,</span> <span class='ocrx_word' id='word_1_511' title='bbox 1438 3861 1608 3931; x_wconf 84' lang='lat' dir='ltr'>cujus</span> <span class='ocrx_word' id='word_1_512' title='bbox 1671 3878 1851 3933; x_wconf 88' lang='lat' dir='ltr'>supra</span> <span class='ocrx_word' id='word_1_513' title='bbox 1900 3878 2019 3915; x_wconf 92' lang='lat' dir='ltr'>me-</span> 
     </span>
    </p>
   </div>
   <div class='ocr_carea' id='block_1_72' title="bbox 376 3944 2019 4021">
    <p class='ocr_par' dir='ltr' id='par_1_72' title="bbox 376 3944 2019 4021">
     <span class='ocr_line' id='line_1_72' title="bbox 376 3944 2019 4021; baseline 0.001 -18"><span class='ocrx_word' id='word_1_514' title='bbox 376 3947 542 4017; x_wconf 90' lang='lat' dir='ltr'>mini,</span> <span class='ocrx_word' id='word_1_515' title='bbox 574 3947 633 4003; x_wconf 89' lang='lat' dir='ltr'>in</span> <span class='ocrx_word' id='word_1_516' title='bbox 658 3954 816 4004; x_wconf 86' lang='lat' dir='ltr'>sexto</span> <span class='ocrx_word' id='word_1_517' title='bbox 844 3948 993 4004; x_wconf 90' lang='lat' dir='ltr'>libro</span> <span class='ocrx_word' id='word_1_518' title='bbox 1024 3944 1359 4021; x_wconf 76' lang='grc' dir='ltr'>Ἀπολογίας</span> <span class='ocrx_word' id='word_1_519' title='bbox 1387 3948 1672 4021; x_wconf 84' lang='lat' dir='ltr'>Origenis,</span> <span class='ocrx_word' id='word_1_520' title='bbox 1708 3949 1815 4004; x_wconf 88' lang='lat' dir='ltr'>hoc</span> <span class='ocrx_word' id='word_1_521' title='bbox 1864 3950 2019 4005; x_wconf 91' lang='lat' dir='ltr'>idem</span> 
     </span>
    </p>
   </div>
   <div class='ocr_carea' id='block_1_73' title="bbox 376 4035 2017 4110">
    <p class='ocr_par' dir='ltr' id='par_1_73' title="bbox 376 4035 2017 4110">
     <span class='ocr_line' id='line_1_73' title="bbox 376 4035 2017 4110; baseline 0.001 -19"><span class='ocrx_word' id='word_1_522' title='bbox 376 4035 580 4107; x_wconf 88' lang='lat' dir='ltr'>objicit</span> <span class='ocrx_word' id='word_1_523' title='bbox 626 4037 917 4092; x_wconf 90' lang='lat' dir='ltr'>Methodio</span> <span class='ocrx_word' id='word_1_524' title='bbox 963 4038 1235 4110; x_wconf 90' lang='lat' dir='ltr'>episeopo</span> <span class='ocrx_word' id='word_1_525' title='bbox 1262 4044 1343 4093; x_wconf 84' lang='lat' dir='ltr'>et</span> <span class='ocrx_word' id='word_1_526' title='bbox 1384 4039 1643 4109; x_wconf 86' lang='lat' dir='ltr'>martyri,</span> <span class='ocrx_word' id='word_1_527' title='bbox 1678 4040 1832 4110; x_wconf 91' lang='lat' dir='ltr'>quod</span> <span class='ocrx_word' id='word_1_528' title='bbox 1866 4043 1928 4093; x_wconf 91' lang='lat' dir='ltr'>tu</span> <span class='ocrx_word' id='word_1_529' title='bbox 1962 4038 2017 4093; x_wconf 92' lang='lat' dir='ltr'>in</span> 
     </span>
    </p>
   </div>
   <div class='ocr_carea' id='block_1_74' title="bbox 378 4124 2019 4190">
    <p class='ocr_par' dir='ltr' id='par_1_74' title="bbox 378 4124 2019 4190">
     <span class='ocr_line' id='line_1_74' title="bbox 378 4124 2019 4190; baseline 0.001 -10"><span class='ocrx_word' id='word_1_530' title='bbox 378 4124 526 4180; x_wconf 89' lang='lat' dir='ltr'>meis</span> <span class='ocrx_word' id='word_1_531' title='bbox 556 4124 830 4181; x_wconf 86' lang='lat' dir='ltr'>laudibus</span> <span class='ocrx_word' id='word_1_532' title='bbox 868 4125 1219 4190; x_wconf 89' lang='lat' dir='ltr'>criminaris,</span> <span class='ocrx_word' id='word_1_533' title='bbox 1253 4130 1309 4181; x_wconf 91' lang='lat' dir='ltr'>et</span> <span class='ocrx_word' id='word_1_534' title='bbox 1356 4127 1529 4181; x_wconf 87' lang='lat' dir='ltr'>dicit:</span> <span class='ocrx_word' id='word_1_535' title='bbox 1560 4128 1858 4190; x_wconf 87' lang='lat' dir='ltr'>Quomodo</span> <span class='ocrx_word' id='word_1_536' title='bbox 1917 4144 2019 4183; x_wconf 87' lang='lat' dir='ltr'>au-</span> 
     </span>
    </p>
   </div>
   <div class='ocr_carea' id='block_1_75' title="bbox 378 4213 2017 4287">
    <p class='ocr_par' dir='ltr' id='par_1_75' title="bbox 378 4213 2017 4287">
     <span class='ocr_line' id='line_1_75' title="bbox 378 4213 2017 4287; baseline 0.001 -18"><span class='ocrx_word' id='word_1_537' title='bbox 378 4230 481 4270; x_wconf 87' lang='lat' dir='ltr'>sus</span> <span class='ocrx_word' id='word_1_538' title='bbox 505 4217 596 4269; x_wconf 88' lang='lat' dir='ltr'>est</span> <span class='ocrx_word' id='word_1_539' title='bbox 613 4213 941 4269; x_wconf 88' lang='lat' dir='ltr'>Methodius</span> <span class='ocrx_word' id='word_1_540' title='bbox 972 4232 1129 4270; x_wconf 88' lang='lat' dir='ltr'>nunc</span> <span class='ocrx_word' id='word_1_541' title='bbox 1159 4219 1362 4270; x_wconf 87' lang='lat' dir='ltr'>contra</span> <span class='ocrx_word' id='word_1_542' title='bbox 1391 4215 1699 4287; x_wconf 86' lang='lat' dir='ltr'>Origenem</span> <span class='ocrx_word' id='word_1_543' title='bbox 1745 4216 2017 4280; x_wconf 86' lang='lat' dir='ltr'>scribere,</span> 
     </span>
    </p>
   </div>
   <div class='ocr_carea' id='block_1_76' title="bbox 379 4301 2022 4377">
    <p class='ocr_par' dir='ltr' id='par_1_76' title="bbox 379 4301 2022 4377">
     <span class='ocr_line' id='line_1_76' title="bbox 379 4301 2022 4377; baseline 0.002 -20"><span class='ocrx_word' id='word_1_544' title='bbox 379 4302 481 4375; x_wconf 92' lang='lat' dir='ltr'>qui</span> <span class='ocrx_word' id='word_1_545' title='bbox 536 4301 657 4357; x_wconf 56' lang='lat' dir='ltr'>hate</span> <span class='ocrx_word' id='word_1_546' title='bbox 687 4307 742 4358; x_wconf 83' lang='lat' dir='ltr'>et</span> <span class='ocrx_word' id='word_1_547' title='bbox 773 4302 894 4358; x_wconf 68' lang='lat' dir='ltr'>haec</span> <span class='ocrx_word' id='word_1_548' title='bbox 923 4303 994 4358; x_wconf 88' lang='lat' dir='ltr'>de</span> <span class='ocrx_word' id='word_1_549' title='bbox 1029 4303 1295 4375; x_wconf 89' lang='lat' dir='ltr'>Origenis</span> <span class='ocrx_word' id='word_1_550' title='bbox 1328 4304 1557 4359; x_wconf 92' lang='lat' dir='ltr'>locutus</span> <span class='ocrx_word' id='word_1_551' title='bbox 1605 4310 1693 4360; x_wconf 88' lang='lat' dir='ltr'>est</span> <span class='ocrx_word' id='word_1_552' title='bbox 1732 4306 2022 4377; x_wconf 84' lang='lat' dir='ltr'>dogmati-</span> 
     </span>
    </p>
   </div>
   <div class='ocr_carea' id='block_1_77' title="bbox 380 4391 2019 4467">
    <p class='ocr_par' dir='ltr' id='par_1_77' title="bbox 380 4391 2019 4467">
     <span class='ocr_line' id='line_1_77' title="bbox 380 4391 2019 4467; baseline 0.002 -21"><span class='ocrx_word' id='word_1_553' title='bbox 380 4392 491 4447; x_wconf 88' lang='lat' dir='ltr'>bus</span> <span class='ocrx_word' id='word_1_554' title='bbox 513 4391 540 4446; x_wconf 71' lang='lat' dir='ltr'>‘l</span> <span class='ocrx_word' id='word_1_555' title='bbox 594 4391 719 4447; x_wconf 87' lang='lat' dir='ltr'>Non</span> <span class='ocrx_word' id='word_1_556' title='bbox 786 4396 875 4447; x_wconf 91' lang='lat' dir='ltr'>est</span> <span class='ocrx_word' id='word_1_557' title='bbox 930 4391 1110 4463; x_wconf 88' lang='lat' dir='ltr'>hujus</span> <span class='ocrx_word' id='word_1_558' title='bbox 1168 4392 1278 4448; x_wconf 87' lang='lat' dir='ltr'>loci</span> <span class='ocrx_word' id='word_1_559' title='bbox 1337 4411 1440 4465; x_wconf 89' lang='lat' dir='ltr'>pro</span> <span class='ocrx_word' id='word_1_560' title='bbox 1502 4399 1754 4467; x_wconf 87' lang='lat' dir='ltr'>martyre</span> <span class='ocrx_word' id='word_1_561' title='bbox 1805 4394 2019 4466; x_wconf 82' lang='lat' dir='ltr'>loqui;</span> 
     </span>
    </p>
   </div>
   <div class='ocr_carea' id='block_1_78' title="bbox 380 4481 2024 4553">
    <p class='ocr_par' dir='ltr' id='par_1_78' title="bbox 380 4481 2024 4553">
     <span class='ocr_line' id='line_1_78' title="bbox 380 4481 2024 4553; baseline 0.002 -18"><span class='ocrx_word' id='word_1_562' title='bbox 380 4497 569 4553; x_wconf 87' lang='lat' dir='ltr'>neque</span> <span class='ocrx_word' id='word_1_563' title='bbox 617 4481 773 4537; x_wconf 89' lang='lat' dir='ltr'>enim</span> <span class='ocrx_word' id='word_1_564' title='bbox 823 4481 1023 4538; x_wconf 91' lang='lat' dir='ltr'>omnia</span> <span class='ocrx_word' id='word_1_565' title='bbox 1071 4483 1128 4536; x_wconf 91' lang='lat' dir='ltr'>in</span> <span class='ocrx_word' id='word_1_566' title='bbox 1172 4482 1315 4538; x_wconf 91' lang='lat' dir='ltr'>locis</span> <span class='ocrx_word' id='word_1_567' title='bbox 1357 4483 1633 4539; x_wconf 89' lang='lat' dir='ltr'>omnibus</span> <span class='ocrx_word' id='word_1_568' title='bbox 1682 4484 2024 4540; x_wconf 88' lang='lat' dir='ltr'>disserenda</span> 
     </span>
    </p>
   </div>
   <div class='ocr_carea' id='block_1_79' title="bbox 380 4570 2105 4676">
    <p class='ocr_par' dir='ltr' id='par_1_79' title="bbox 380 4570 2105 4676">
     <span class='ocr_line' id='line_1_79' title="bbox 380 4570 2105 4676; baseline 0 -50"><span class='ocrx_word' id='word_1_569' title='bbox 380 4575 537 4676; x_wconf 62' lang='lat' dir='ltr'>sunt:</span> <span class='ocrx_word' id='word_1_570' title='bbox 599 4570 773 4671; x_wconf 43' lang='lat' dir='ltr'>Nunc.</span> <span class='ocrx_word' id='word_1_571' title='bbox 819 4570 1092 4671; x_wconf 70' lang='lat' dir='ltr'>tetigisse</span> <span class='ocrx_word' id='word_1_572' title='bbox 1171 4572 1427 4628; x_wconf 78' lang='lat' dir='ltr'>sufficiat</span> <span class='ocrx_word' id='word_1_573' title='bbox 1506 4572 1615 4628; x_wconf 92' lang='lat' dir='ltr'>hoc</span> <span class='ocrx_word' id='word_1_574' title='bbox 1677 4573 1748 4628; x_wconf 88' lang='lat' dir='ltr'>ab</span> <span class='ocrx_word' id='word_1_575' title='bbox 1810 4573 2023 4627; x_wconf 87' lang='lat' dir='ltr'>Ariano</span> <span class='ocrx_word' id='word_1_576' title='bbox 2059 4611 2105 4676; x_wconf 69' lang='grc' dir='ltr'><strong>Β</strong></span> 
     </span>
    </p>
   </div>
   <div class='ocr_carea' id='block_1_80' title="bbox 378 4659 2027 4733">
    <p class='ocr_par' dir='ltr' id='par_1_80' title="bbox 378 4659 2027 4733">
     <span class='ocr_line' id='line_1_80' title="bbox 378 4659 2027 4733; baseline 0.001 -18"><span class='ocrx_word' id='word_1_577' title='bbox 378 4659 616 4716; x_wconf 91' lang='lat' dir='ltr'>homine</span> <span class='ocrx_word' id='word_1_578' title='bbox 660 4660 833 4731; x_wconf 89' lang='lat' dir='ltr'>objici</span> <span class='ocrx_word' id='word_1_579' title='bbox 881 4661 1206 4717; x_wconf 88' lang='lat' dir='ltr'>clarissimo</span> <span class='ocrx_word' id='word_1_580' title='bbox 1247 4666 1304 4717; x_wconf 92' lang='lat' dir='ltr'>et</span> <span class='ocrx_word' id='word_1_581' title='bbox 1350 4661 1835 4733; x_wconf 90' lang='lat' dir='ltr'>eloquentissimo</span> <span class='ocrx_word' id='word_1_582' title='bbox 1868 4679 2027 4717; x_wconf 86' lang='lat' dir='ltr'>mar-</span> 
     </span>
    </p>
   </div>
   <div class='ocr_carea' id='block_1_81' title="bbox 376 4749 2028 4822">
    <p class='ocr_par' dir='ltr' id='par_1_81' title="bbox 376 4749 2028 4822">
     <span class='ocr_line' id='line_1_81' title="bbox 376 4749 2028 4822; baseline 0.002 -17"><span class='ocrx_word' id='word_1_583' title='bbox 376 4750 510 4822; x_wconf 80' lang='lat' dir='ltr'>tyri,</span> <span class='ocrx_word' id='word_1_584' title='bbox 539 4749 694 4822; x_wconf 91' lang='lat' dir='ltr'>quod</span> <span class='ocrx_word' id='word_1_585' title='bbox 730 4755 790 4806; x_wconf 92' lang='lat' dir='ltr'>tu</span> <span class='ocrx_word' id='word_1_586' title='bbox 825 4750 883 4806; x_wconf 92' lang='lat' dir='ltr'>iu</span> <span class='ocrx_word' id='word_1_587' title='bbox 916 4767 1008 4807; x_wconf 91' lang='lat' dir='ltr'>me</span> <span class='ocrx_word' id='word_1_588' title='bbox 1039 4755 1095 4807; x_wconf 91' lang='lat' dir='ltr'>et</span> <span class='ocrx_word' id='word_1_589' title='bbox 1125 4751 1351 4807; x_wconf 88' lang='lat' dir='ltr'>amicus</span> <span class='ocrx_word' id='word_1_590' title='bbox 1397 4750 1628 4813; x_wconf 82' lang='lat' dir='ltr'>laudas,</span> <span class='ocrx_word' id='word_1_591' title='bbox 1655 4754 1711 4806; x_wconf 90' lang='lat' dir='ltr'>et</span> <span class='ocrx_word' id='word_1_592' title='bbox 1767 4750 2028 4808; x_wconf 75' lang='lat' dir='ltr'>offensus</span> 
     </span>
    </p>
   </div>
   <div class='ocr_carea' id='block_1_82' title="bbox 380 4839 2027 4912">
    <p class='ocr_par' dir='ltr' id='par_1_82' title="bbox 380 4839 2027 4912">
     <span class='ocr_line' id='line_1_82' title="bbox 380 4839 2027 4912; baseline 0.001 -18"><span class='ocrx_word' id='word_1_593' title='bbox 380 4854 643 4897; x_wconf 85' lang='lat' dir='ltr'>accusas.</span> <span class='ocrx_word' id='word_1_594' title='bbox 673 4839 864 4896; x_wconf 88' lang='lat' dir='ltr'>Habes</span> <span class='ocrx_word' id='word_1_595' title='bbox 922 4840 1290 4896; x_wconf 90' lang='lat' dir='ltr'>occasionem</span> <span class='ocrx_word' id='word_1_596' title='bbox 1342 4844 1400 4895; x_wconf 91' lang='lat' dir='ltr'>et</span> <span class='ocrx_word' id='word_1_597' title='bbox 1446 4840 1515 4895; x_wconf 88' lang='lat' dir='ltr'>de</span> <span class='ocrx_word' id='word_1_598' title='bbox 1547 4840 1831 4912; x_wconf 66' lang='lat' dir='ltr'>praesenti</span> <span class='ocrx_word' id='word_1_599' title='bbox 1878 4840 2027 4908; x_wconf 90' lang='lat' dir='ltr'>loco,</span> 
     </span>
    </p>
   </div>
   <div class='ocr_carea' id='block_1_83' title="bbox 382 4927 2024 4997">
    <p class='ocr_par' dir='ltr' id='par_1_83' title="bbox 382 4927 2024 4997">
     <span class='ocr_line' id='line_1_83' title="bbox 382 4927 2024 4997; baseline -0.001 -12"><span class='ocrx_word' id='word_1_600' title='bbox 382 4927 433 4985; x_wconf 90' lang='lat' dir='ltr'>si</span> <span class='ocrx_word' id='word_1_601' title='bbox 461 4927 623 4997; x_wconf 89' lang='lat' dir='ltr'>velis,</span> <span class='ocrx_word' id='word_1_602' title='bbox 658 4929 802 4985; x_wconf 90' lang='lat' dir='ltr'>mihi</span> <span class='ocrx_word' id='word_1_603' title='bbox 834 4929 1193 4985; x_wconf 85' lang='lat' dir='ltr'>calumniam</span> <span class='ocrx_word' id='word_1_604' title='bbox 1224 4934 1472 4995; x_wconf 89' lang='lat' dir='ltr'>struere,</span> <span class='ocrx_word' id='word_1_605' title='bbox 1506 4946 1612 4984; x_wconf 90' lang='lat' dir='ltr'>cur</span> <span class='ocrx_word' id='word_1_606' title='bbox 1641 4946 1797 4984; x_wconf 92' lang='lat' dir='ltr'>nunc</span> <span class='ocrx_word' id='word_1_607' title='bbox 1827 4933 1884 4985; x_wconf 89' lang='lat' dir='ltr'>et</span> <span class='ocrx_word' id='word_1_608' title='bbox 1923 4931 2024 4984; x_wconf 84' lang='lat' dir='ltr'>Eu-</span> 
     </span>
    </p>
   </div>
   <div class='ocr_carea' id='block_1_84' title="bbox 381 5016 2029 5091">
    <p class='ocr_par' dir='ltr' id='par_1_84' title="bbox 381 5016 2029 5091">
     <span class='ocr_line' id='line_1_84' title="bbox 381 5016 2029 5091; baseline -0.001 -17"><span class='ocrx_word' id='word_1_609' title='bbox 381 5019 538 5075; x_wconf 89' lang='lat' dir='ltr'>sebio</span> <span class='ocrx_word' id='word_1_610' title='bbox 585 5019 910 5086; x_wconf 86' lang='lat' dir='ltr'>detraham,</span> <span class='ocrx_word' id='word_1_611' title='bbox 944 5035 1119 5091; x_wconf 90' lang='lat' dir='ltr'>quem</span> <span class='ocrx_word' id='word_1_612' title='bbox 1170 5019 1228 5073; x_wconf 90' lang='lat' dir='ltr'>in</span> <span class='ocrx_word' id='word_1_613' title='bbox 1274 5018 1388 5073; x_wconf 88' lang='lat' dir='ltr'>alio</span> <span class='ocrx_word' id='word_1_614' title='bbox 1432 5016 1556 5073; x_wconf 93' lang='lat' dir='ltr'>loco</span> <span class='ocrx_word' id='word_1_615' title='bbox 1588 5023 1722 5073; x_wconf 87' lang='lat' dir='ltr'>ante</span> <span class='ocrx_word' id='word_1_616' title='bbox 1752 5017 2029 5073; x_wconf 86' lang='lat' dir='ltr'>laudavi?</span> 
     </span>
    </p>
   </div>
   <div class='ocr_carea' id='block_1_85' title="bbox 376 5106 2028 5180">
    <p class='ocr_par' dir='ltr' id='par_1_85' title="bbox 376 5106 2028 5180">
     <span class='ocr_line' id='line_1_85' title="bbox 376 5106 2028 5180; baseline -0.001 -17"><span class='ocrx_word' id='word_1_617' title='bbox 376 5107 639 5163; x_wconf 87' lang='lat' dir='ltr'>Alterum</span> <span class='ocrx_word' id='word_1_618' title='bbox 669 5108 906 5180; x_wconf 90' lang='lat' dir='ltr'>quidem</span> <span class='ocrx_word' id='word_1_619' title='bbox 939 5124 1150 5164; x_wconf 90' lang='lat' dir='ltr'>nomen</span> <span class='ocrx_word' id='word_1_620' title='bbox 1184 5106 1418 5162; x_wconf 87' lang='lat' dir='ltr'>Eusebii</span> <span class='ocrx_word' id='word_1_621' title='bbox 1450 5108 1463 5139; x_wconf 86' lang='grc'>¹</span> <span class='ocrx_word' id='word_1_622' title='bbox 1493 5124 1505 5172; x_wconf 90' lang='lat'>;</span> <span class='ocrx_word' id='word_1_623' title='bbox 1533 5107 1631 5161; x_wconf 91' lang='lat' dir='ltr'>sed</span> <span class='ocrx_word' id='word_1_624' title='bbox 1666 5107 1867 5163; x_wconf 90' lang='lat' dir='ltr'>eadem</span> <span class='ocrx_word' id='word_1_625' title='bbox 1902 5124 2028 5179; x_wconf 72' lang='lat' dir='ltr'>quas</span> 
     </span>
    </p>
   </div>
   <div class='ocr_carea' id='block_1_86' title="bbox 380 5193 2028 5268">
    <p class='ocr_par' dir='ltr' id='par_1_86' title="bbox 380 5193 2028 5268">
     <span class='ocr_line' id='line_1_86' title="bbox 380 5193 2028 5268; baseline -0.002 -16"><span class='ocrx_word' id='word_1_626' title='bbox 380 5212 558 5268; x_wconf 89' lang='lat' dir='ltr'>super</span> <span class='ocrx_word' id='word_1_627' title='bbox 603 5196 868 5268; x_wconf 87' lang='lat' dir='ltr'>Origenis</span> <span class='ocrx_word' id='word_1_628' title='bbox 924 5195 1205 5253; x_wconf 86' lang='lat' dir='ltr'>vocabulo</span> <span class='ocrx_word' id='word_1_629' title='bbox 1262 5199 1351 5251; x_wconf 90' lang='lat' dir='ltr'>est</span> <span class='ocrx_word' id='word_1_630' title='bbox 1409 5193 1727 5250; x_wconf 87' lang='lat' dir='ltr'>calumnia.</span> <span class='ocrx_word' id='word_1_631' title='bbox 1776 5195 2028 5251; x_wconf 89' lang='lat' dir='ltr'>Laudavi</span> 
     </span>
    </p>
   </div>
   <div class='ocr_carea' id='block_1_87' title="bbox 380 5283 2030 5357">
    <p class='ocr_par' dir='ltr' id='par_1_87' title="bbox 380 5283 2030 5357">
     <span class='ocr_line' id='line_1_87' title="bbox 380 5283 2030 5357; baseline -0.001 -16"><span class='ocrx_word' id='word_1_632' title='bbox 380 5284 704 5342; x_wconf 88' lang='lat' dir='ltr'>Eusebium</span> <span class='ocrx_word' id='word_1_633' title='bbox 752 5285 812 5340; x_wconf 88' lang='lat' dir='ltr'>in</span> <span class='ocrx_word' id='word_1_634' title='bbox 868 5287 1246 5342; x_wconf 76' lang='lat' dir='ltr'>Ecclesiastica</span> <span class='ocrx_word' id='word_1_635' title='bbox 1293 5285 1553 5351; x_wconf 78' lang='lat' dir='ltr'>Historia,</span> <span class='ocrx_word' id='word_1_636' title='bbox 1596 5283 1654 5339; x_wconf 89' lang='lat' dir='ltr'>in</span> <span class='ocrx_word' id='word_1_637' title='bbox 1706 5283 2030 5357; x_wconf 85' lang='lat' dir='ltr'>digestione</span> 
     </span>
    </p>
   </div>
   <div class='ocr_carea' id='block_1_88' title="bbox 386 5409 2029 5537">
    <p class='ocr_par' dir='ltr' id='par_1_88' title="bbox 386 5409 2029 5537">
     <span class='ocr_line' id='line_1_88' title="bbox 386 5409 2029 5537; baseline 0.001 -73"><span class='ocrx_word' id='word_1_638' title='bbox 386 5409 469 5537; x_wconf 45' lang='grc' dir='ltr'>ὁ)</span> <span class='ocrx_word' id='word_1_639' title='bbox 502 5409 648 5464; x_wconf 92' lang='lat' dir='ltr'>Nam</span> <span class='ocrx_word' id='word_1_640' title='bbox 679 5414 736 5465; x_wconf 90' lang='lat' dir='ltr'>et</span> <span class='ocrx_word' id='word_1_641' title='bbox 760 5409 872 5482; x_wconf 92' lang='lat' dir='ltr'>ipsi</span> <span class='ocrx_word' id='word_1_642' title='bbox 899 5411 1248 5485; x_wconf 88' lang='lat' dir='ltr'>Hieronymo</span> <span class='ocrx_word' id='word_1_643' title='bbox 1292 5426 1623 5482; x_wconf 72' lang='lat' dir='ltr'>praznomen</span> <span class='ocrx_word' id='word_1_644' title='bbox 1683 5414 1808 5465; x_wconf 88' lang='lat' dir='ltr'>erat</span> <span class='ocrx_word' id='word_1_645' title='bbox 1862 5411 2029 5466; x_wconf 84' lang='lat' dir='ltr'>Euse-</span> 
     </span>
     <span class='ocr_line' id='line_1_89' title="bbox 419 5497 525 5537; baseline -0.019 0"><span class='ocrx_word' id='word_1_646' title='bbox 419 5497 525 5537; x_wconf 77' lang='lat' dir='ltr'>ius.</span> 
     </span>
    </p>
   </div>
   <div class='ocr_carea' id='block_1_89' title="bbox 419 5497 2030 5624">
    <p class='ocr_par' dir='ltr' id='par_1_89' title="bbox 419 5497 2030 5624">
     <span class='ocr_line' id='line_1_90' title="bbox 419 5497 2030 5624; baseline 0 -16"><span class='ocrx_word' id='word_1_647' title='bbox 419 5497 572 5608; x_wconf 50' lang='lat' dir='ltr'>utsin</span> <span class='ocrx_word' id='word_1_648' title='bbox 604 5554 863 5608; x_wconf 77' lang='lat' dir='ltr'>Latinum</span> <span class='ocrx_word' id='word_1_649' title='bbox 893 5554 1304 5621; x_wconf 53' lang='lat' dir='ltr'>venena&#39;Cave</span> <span class='ocrx_word' id='word_1_650' title='bbox 1338 5571 1408 5608; x_wconf 89' lang='lat' dir='ltr'>ne</span> <span class='ocrx_word' id='word_1_651' title='bbox 1442 5552 1734 5624; x_wconf 83' lang='lat' dir='ltr'>intelligas</span> <span class='ocrx_word' id='word_1_652' title='bbox 1767 5552 1875 5607; x_wconf 91' lang='lat' dir='ltr'>hoc</span> <span class='ocrx_word' id='word_1_653' title='bbox 1907 5552 2030 5608; x_wconf 92' lang='lat' dir='ltr'>loco</span> 
     </span>
    </p>
   </div>
   <div class='ocr_carea' id='block_1_90' title="bbox 382 5623 2034 5697">
    <p class='ocr_par' dir='ltr' id='par_1_90' title="bbox 382 5623 2034 5697">
     <span class='ocr_line' id='line_1_91' title="bbox 382 5623 2034 5697; baseline 0 -15"><span class='ocrx_word' id='word_1_654' title='bbox 382 5623 813 5697; x_wconf 88' lang='lat' dir='ltr'>Hieronymum</span> <span class='ocrx_word' id='word_1_655' title='bbox 872 5623 947 5697; x_wconf 17' lang='lat' dir='ltr'>in,</span> <span class='ocrx_word' id='word_1_656' title='bbox 980 5625 1250 5685; x_wconf 89' lang='lat' dir='ltr'>Latinum</span> <span class='ocrx_word' id='word_1_657' title='bbox 1305 5626 1547 5697; x_wconf 82' lang='lat' dir='ltr'>vertisse</span> <span class='ocrx_word' id='word_1_658' title='bbox 1595 5625 2034 5697; x_wconf 72' lang='lat' dir='ltr'>Ecclesiasticam</span> 
     </span>
    </p>
   </div>
   <div class='ocr_carea' id='block_1_91' title="bbox 384 5695 2034 5783">
    <p class='ocr_par' dir='ltr' id='par_1_91' title="bbox 384 5695 2034 5783">
     <span class='ocr_line' id='line_1_92' title="bbox 384 5695 2034 5783; baseline 0.002 -29"><span class='ocrx_word' id='word_1_659' title='bbox 384 5695 691 5773; x_wconf 69' lang='lat' dir='ltr'>Historiam</span> <span class='ocrx_word' id='word_1_660' title='bbox 718 5696 988 5757; x_wconf 87' lang='lat' dir='ltr'>Eusebii:</span> <span class='ocrx_word' id='word_1_661' title='bbox 1021 5697 1194 5756; x_wconf 87' lang='lat' dir='ltr'>vertit</span> <span class='ocrx_word' id='word_1_662' title='bbox 1229 5696 1386 5757; x_wconf 84' lang='lat' dir='ltr'>enim</span> <span class='ocrx_word' id='word_1_663' title='bbox 1438 5696 1811 5783; x_wconf 81' lang='lat' dir='ltr'>solummodo</span> <span class='ocrx_word' id='word_1_664' title='bbox 1859 5695 2034 5757; x_wconf 83' lang='lat' dir='ltr'>Chro-</span> 
     </span>
    </p>
   </div>
   <div class='ocr_carea' id='block_1_92' title="bbox 2136 3317 3776 3395">
    <p class='ocr_par' dir='ltr' id='par_1_92' title="bbox 2136 3317 3776 3395">
     <span class='ocr_line' id='line_1_93' title="bbox 2136 3317 3776 3395; baseline -0.003 -17"><span class='ocrx_word' id='word_1_665' title='bbox 2136 3340 2323 3390; x_wconf 90' lang='lat' dir='ltr'>meus,</span> <span class='ocrx_word' id='word_1_666' title='bbox 2360 3340 2429 3378; x_wconf 91' lang='lat' dir='ltr'>ne</span> <span class='ocrx_word' id='word_1_667' title='bbox 2460 3329 2515 3378; x_wconf 90' lang='lat' dir='ltr'>te</span> <span class='ocrx_word' id='word_1_668' title='bbox 2547 3324 2771 3379; x_wconf 88' lang='lat' dir='ltr'>viderer</span> <span class='ocrx_word' id='word_1_669' title='bbox 2800 3329 3061 3395; x_wconf 81' lang='lat' dir='ltr'>arguere)</span> <span class='ocrx_word' id='word_1_670' title='bbox 3093 3330 3157 3379; x_wconf 89' lang='lat' dir='ltr'>ut</span> <span class='ocrx_word' id='word_1_671' title='bbox 3178 3324 3227 3379; x_wconf 91' lang='lat' dir='ltr'>si</span> <span class='ocrx_word' id='word_1_672' title='bbox 3248 3327 3511 3391; x_wconf 80' lang='lat' dir='ltr'>tacuere,</span> <span class='ocrx_word' id='word_1_673' title='bbox 3533 3338 3699 3389; x_wconf 91' lang='lat' dir='ltr'>reus;</span> <span class='ocrx_word' id='word_1_674' title='bbox 3729 3317 3776 3374; x_wconf 91' lang='lat' dir='ltr'>si</span> 
     </span>
    </p>
   </div>
   <div class='ocr_carea' id='block_1_93' title="bbox 2132 3407 3780 3485">
    <p class='ocr_par' dir='ltr' id='par_1_93' title="bbox 2132 3407 3780 3485">
     <span class='ocr_line' id='line_1_94' title="bbox 2132 3407 3780 3485; baseline -0.001 -20"><span class='ocrx_word' id='word_1_675' title='bbox 2132 3413 2505 3485; x_wconf 86' lang='lat' dir='ltr'>respondero,</span> <span class='ocrx_word' id='word_1_676' title='bbox 2540 3412 2817 3467; x_wconf 92' lang='lat' dir='ltr'>inimicus</span> <span class='ocrx_word' id='word_1_677' title='bbox 2838 3412 3087 3484; x_wconf 89' lang='lat' dir='ltr'>judicer.</span> <span class='ocrx_word' id='word_1_678' title='bbox 3123 3412 3280 3467; x_wconf 90' lang='lat' dir='ltr'>Dura</span> <span class='ocrx_word' id='word_1_679' title='bbox 3310 3416 3559 3484; x_wconf 83' lang='lat' dir='ltr'>utraque</span> <span class='ocrx_word' id='word_1_680' title='bbox 3590 3407 3780 3466; x_wconf 86' lang='lat' dir='ltr'>condi-</span> 
     </span>
    </p>
   </div>
   <div class='ocr_carea' id='block_1_94' title="bbox 2128 3495 3779 3572">
    <p class='ocr_par' dir='ltr' id='par_1_94' title="bbox 2128 3495 3779 3572">
     <span class='ocr_line' id='line_1_95' title="bbox 2128 3495 3779 3572; baseline -0.003 -16"><span class='ocrx_word' id='word_1_681' title='bbox 2128 3502 2230 3567; x_wconf 92' lang='lat' dir='ltr'>tio,</span> <span class='ocrx_word' id='word_1_682' title='bbox 2265 3503 2361 3557; x_wconf 82' lang='lat' dir='ltr'>sed</span> <span class='ocrx_word' id='word_1_683' title='bbox 2399 3518 2428 3556; x_wconf 89' lang='lat' dir='ltr'>e</span> <span class='ocrx_word' id='word_1_684' title='bbox 2470 3501 2703 3556; x_wconf 91' lang='lat' dir='ltr'>duobus</span> <span class='ocrx_word' id='word_1_685' title='bbox 2731 3500 2939 3572; x_wconf 89' lang='lat' dir='ltr'>eligam</span> <span class='ocrx_word' id='word_1_686' title='bbox 2966 3500 3119 3571; x_wconf 92' lang='lat' dir='ltr'>quod</span> <span class='ocrx_word' id='word_1_687' title='bbox 3152 3499 3334 3556; x_wconf 88' lang='lat' dir='ltr'>levius</span> <span class='ocrx_word' id='word_1_688' title='bbox 3360 3503 3468 3555; x_wconf 88' lang='lat' dir='ltr'>est.</span> <span class='ocrx_word' id='word_1_689' title='bbox 3503 3495 3779 3555; x_wconf 87' lang='lat' dir='ltr'>Simultas</span> 
     </span>
    </p>
   </div>
   <div class='ocr_carea' id='block_1_95' title="bbox 2130 3578 3774 3662">
    <p class='ocr_par' dir='ltr' id='par_1_95' title="bbox 2130 3578 3774 3662">
     <span class='ocr_line' id='line_1_96' title="bbox 2130 3578 3774 3662; baseline -0.003 -17"><span class='ocrx_word' id='word_1_690' title='bbox 2130 3591 2510 3661; x_wconf 83' lang='lat' dir='ltr'>redintegrari</span> <span class='ocrx_word' id='word_1_691' title='bbox 2527 3578 3352 3662; x_wconf 75' lang='lat' dir='ltr'>potestzblasphemiaveniam</span> <span class='ocrx_word' id='word_1_692' title='bbox 3367 3605 3486 3644; x_wconf 90' lang='lat' dir='ltr'>non</span> <span class='ocrx_word' id='word_1_693' title='bbox 3500 3588 3774 3644; x_wconf 88' lang='lat' dir='ltr'>meretur.</span> 
     </span>
    </p>
   </div>
   <div class='ocr_carea' id='block_1_96' title="bbox 2131 3673 3777 3751">
    <p class='ocr_par' dir='ltr' id='par_1_96' title="bbox 2131 3673 3777 3751">
     <span class='ocr_line' id='line_1_97' title="bbox 2131 3673 3777 3751; baseline -0.004 -17"><span class='ocrx_word' id='word_1_694' title='bbox 2131 3680 2316 3751; x_wconf 82' lang='lat' dir='ltr'>(Epist.</span> <span class='ocrx_word' id='word_1_695' title='bbox 2348 3678 2427 3733; x_wconf 82' lang='lat' dir='ltr'>Ad</span> <span class='ocrx_word' id='word_1_696' title='bbox 2454 3680 2664 3734; x_wconf 84' lang='lat' dir='ltr'>Pamm.</span> <span class='ocrx_word' id='word_1_697' title='bbox 2693 3680 2756 3733; x_wconf 78' lang='lat' dir='ltr'>Et</span> <span class='ocrx_word' id='word_1_698' title='bbox 2791 3680 3019 3749; x_wconf 84' lang='lat' dir='ltr'>Ocean).</span> <span class='ocrx_word' id='word_1_699' title='bbox 3056 3702 3082 3728; x_wconf 84' lang='grc'>››</span> <span class='ocrx_word' id='word_1_700' title='bbox 3126 3677 3560 3733; x_wconf 88' lang='lat' dir='ltr'>Animadvertis</span> <span class='ocrx_word' id='word_1_701' title='bbox 3604 3673 3777 3731; x_wconf 87' lang='lat' dir='ltr'>invito</span> 
     </span>
    </p>
   </div>
   <div class='ocr_carea' id='block_1_97' title="bbox 2128 3763 3776 3841">
    <p class='ocr_par' dir='ltr' id='par_1_97' title="bbox 2128 3763 3776 3841">
     <span class='ocr_line' id='line_1_98' title="bbox 2128 3763 3776 3841; baseline -0.002 -19"><span class='ocrx_word' id='word_1_702' title='bbox 2128 3768 2273 3823; x_wconf 88' lang='lat' dir='ltr'>mihi</span> <span class='ocrx_word' id='word_1_703' title='bbox 2307 3772 2362 3822; x_wconf 90' lang='lat' dir='ltr'>et</span> <span class='ocrx_word' id='word_1_704' title='bbox 2410 3768 2761 3841; x_wconf 84' lang='lat' dir='ltr'>repugnanti</span> <span class='ocrx_word' id='word_1_705' title='bbox 2812 3767 2919 3822; x_wconf 90' lang='lat' dir='ltr'>hoc</span> <span class='ocrx_word' id='word_1_706' title='bbox 2970 3784 3119 3822; x_wconf 91' lang='lat' dir='ltr'>onus</span> <span class='ocrx_word' id='word_1_707' title='bbox 3167 3766 3557 3838; x_wconf 88' lang='lat' dir='ltr'>impositum;</span> <span class='ocrx_word' id='word_1_708' title='bbox 3593 3769 3651 3822; x_wconf 89' lang='lat' dir='ltr'>et</span> <span class='ocrx_word' id='word_1_709' title='bbox 3688 3763 3776 3819; x_wconf 81' lang='lat' dir='ltr'>fu-</span> 
     </span>
    </p>
   </div>
   <div class='ocr_carea' id='block_1_98' title="bbox 2128 3852 3775 3929">
    <p class='ocr_par' dir='ltr' id='par_1_98' title="bbox 2128 3852 3775 3929">
     <span class='ocr_line' id='line_1_99' title="bbox 2128 3852 3775 3929; baseline -0.002 -17"><span class='ocrx_word' id='word_1_710' title='bbox 2128 3862 2320 3912; x_wconf 75' lang='lat' dir='ltr'>turam</span> <span class='ocrx_word' id='word_1_711' title='bbox 2363 3873 2431 3912; x_wconf 86' lang='lat' dir='ltr'>ex</span> <span class='ocrx_word' id='word_1_712' title='bbox 2461 3857 2869 3927; x_wconf 90' lang='lat' dir='ltr'>hujuscemodi</span> <span class='ocrx_word' id='word_1_713' title='bbox 2902 3873 3073 3929; x_wconf 90' lang='lat' dir='ltr'>opere</span> <span class='ocrx_word' id='word_1_714' title='bbox 3104 3855 3491 3924; x_wconf 90' lang='lat' dir='ltr'>simultatem,</span> <span class='ocrx_word' id='word_1_715' title='bbox 3526 3852 3775 3923; x_wconf 82' lang='lat' dir='ltr'>necessi-</span> 
     </span>
    </p>
   </div>
   <div class='ocr_carea' id='block_1_99' title="bbox 2129 3946 3775 4017">
    <p class='ocr_par' dir='ltr' id='par_1_99' title="bbox 2129 3946 3775 4017">
     <span class='ocr_line' id='line_1_100' title="bbox 2129 3946 3775 4017; baseline -0.003 -16"><span class='ocrx_word' id='word_1_716' title='bbox 2129 3948 2264 4001; x_wconf 88' lang='lat' dir='ltr'>tatis</span> <span class='ocrx_word' id='word_1_717' title='bbox 2295 3946 2667 4001; x_wconf 80' lang='lat' dir='ltr'>excusatione</span> <span class='ocrx_word' id='word_1_718' title='bbox 2697 3949 2961 4001; x_wconf 88' lang='lat' dir='ltr'>curatam</span> <span class='ocrx_word' id='word_1_719' title='bbox 2987 3946 3014 3999; x_wconf 83' lang='lat'>?</span> <span class='ocrx_word' id='word_1_720' title='bbox 3063 3947 3121 4001; x_wconf 90' lang='lat' dir='ltr'>Si</span> <span class='ocrx_word' id='word_1_721' title='bbox 3165 3946 3587 4017; x_wconf 85' lang='lat' dir='ltr'>interpretatus</span> <span class='ocrx_word' id='word_1_722' title='bbox 3617 3957 3775 3999; x_wconf 87' lang='lat' dir='ltr'>esses</span> 
     </span>
    </p>
   </div>
   <div class='ocr_carea' id='block_1_100' title="bbox 2128 4033 3772 4108">
    <p class='ocr_par' dir='ltr' id='par_1_100' title="bbox 2128 4033 3772 4108">
     <span class='ocr_line' id='line_1_101' title="bbox 2128 4033 3772 4108; baseline -0.002 -18"><span class='ocrx_word' id='word_1_723' title='bbox 2128 4036 2309 4090; x_wconf 90' lang='lat' dir='ltr'>libros</span> <span class='ocrx_word' id='word_1_724' title='bbox 2339 4033 2461 4107; x_wconf 72' lang='grc' dir='ltr'>περὶ</span> <span class='ocrx_word' id='word_1_725' title='bbox 2484 4037 2697 4108; x_wconf 72' lang='grc' dir='ltr'>Ἀρχῶν</span> <span class='ocrx_word' id='word_1_726' title='bbox 2756 4035 2978 4105; x_wconf 80' lang='lat' dir='ltr'>absque</span> <span class='ocrx_word' id='word_1_727' title='bbox 3010 4051 3137 4089; x_wconf 91' lang='lat' dir='ltr'>meo</span> <span class='ocrx_word' id='word_1_728' title='bbox 3176 4036 3430 4101; x_wconf 89' lang='lat' dir='ltr'>nomine,</span> <span class='ocrx_word' id='word_1_729' title='bbox 3456 4037 3611 4088; x_wconf 89' lang='lat' dir='ltr'>recte</span> <span class='ocrx_word' id='word_1_730' title='bbox 3635 4045 3772 4104; x_wconf 87' lang='lat' dir='ltr'>que-</span> 
     </span>
    </p>
   </div>
   <div class='ocr_carea' id='block_1_101' title="bbox 2106 4122 3775 4197">
    <p class='ocr_par' dir='ltr' id='par_1_101' title="bbox 2106 4122 3775 4197">
     <span class='ocr_line' id='line_1_102' title="bbox 2106 4122 3775 4197; baseline -0.001 -19"><span class='ocrx_word' id='word_1_731' title='bbox 2106 4123 2340 4180; x_wconf 70' lang='lat' dir='ltr'>~rcreris</span> <span class='ocrx_word' id='word_1_732' title='bbox 2378 4123 2436 4178; x_wconf 91' lang='lat' dir='ltr'>in</span> <span class='ocrx_word' id='word_1_733' title='bbox 2470 4122 2982 4194; x_wconf 87' lang='lat' dir='ltr'>reprehensionem</span> <span class='ocrx_word' id='word_1_734' title='bbox 3015 4128 3177 4178; x_wconf 89' lang='lat' dir='ltr'>tuam</span> <span class='ocrx_word' id='word_1_735' title='bbox 3209 4141 3243 4179; x_wconf 88' lang='lat' dir='ltr'>a</span> <span class='ocrx_word' id='word_1_736' title='bbox 3291 4139 3383 4178; x_wconf 90' lang='lat' dir='ltr'>me</span> <span class='ocrx_word' id='word_1_737' title='bbox 3418 4128 3626 4197; x_wconf 83' lang='lat' dir='ltr'>postea</span> <span class='ocrx_word' id='word_1_738' title='bbox 3654 4136 3775 4177; x_wconf 88' lang='lat' dir='ltr'>esse</span> 
     </span>
    </p>
   </div>
   <div class='ocr_carea' id='block_1_102' title="bbox 2132 4211 3775 4283">
    <p class='ocr_par' dir='ltr' id='par_1_102' title="bbox 2132 4211 3775 4283">
     <span class='ocr_line' id='line_1_103' title="bbox 2132 4211 3775 4283; baseline -0.002 -16"><span class='ocrx_word' id='word_1_739' title='bbox 2132 4212 2469 4267; x_wconf 89' lang='lat' dir='ltr'>translatos.</span> <span class='ocrx_word' id='word_1_740' title='bbox 2504 4212 2670 4267; x_wconf 86' lang='lat' dir='ltr'>Nunc</span> <span class='ocrx_word' id='word_1_741' title='bbox 2701 4217 2898 4267; x_wconf 89' lang='lat' dir='ltr'>autem</span> <span class='ocrx_word' id='word_1_742' title='bbox 2932 4211 3148 4283; x_wconf 87' lang='lat' dir='ltr'>injuste</span> <span class='ocrx_word' id='word_1_743' title='bbox 3194 4211 3381 4279; x_wconf 86' lang='lat' dir='ltr'>doles,</span> <span class='ocrx_word' id='word_1_744' title='bbox 3414 4211 3472 4266; x_wconf 89' lang='lat' dir='ltr'>in</span> <span class='ocrx_word' id='word_1_745' title='bbox 3504 4228 3573 4267; x_wconf 92' lang='lat' dir='ltr'>eo</span> <span class='ocrx_word' id='word_1_746' title='bbox 3605 4223 3775 4283; x_wconf 86' lang='lat' dir='ltr'>opere</span> 
     </span>
    </p>
   </div>
   <div class='ocr_carea' id='block_1_103' title="bbox 2133 4297 3779 4371">
    <p class='ocr_par' dir='ltr' id='par_1_103' title="bbox 2133 4297 3779 4371">
     <span class='ocr_line' id='line_1_104' title="bbox 2133 4297 3779 4371; baseline -0.002 -14"><span class='ocrx_word' id='word_1_747' title='bbox 2133 4320 2167 4357; x_wconf 90' lang='lat' dir='ltr'>a</span> <span class='ocrx_word' id='word_1_748' title='bbox 2197 4319 2289 4357; x_wconf 91' lang='lat' dir='ltr'>me</span> <span class='ocrx_word' id='word_1_749' title='bbox 2314 4301 2416 4356; x_wconf 90' lang='lat' dir='ltr'>tibi</span> <span class='ocrx_word' id='word_1_750' title='bbox 2453 4317 2579 4356; x_wconf 91' lang='lat' dir='ltr'>esse</span> <span class='ocrx_word' id='word_1_751' title='bbox 2623 4317 2994 4371; x_wconf 87' lang='lat' dir='ltr'>responsum,</span> <span class='ocrx_word' id='word_1_752' title='bbox 3047 4302 3105 4355; x_wconf 94' lang='lat' dir='ltr'>in</span> <span class='ocrx_word' id='word_1_753' title='bbox 3154 4316 3268 4371; x_wconf 91' lang='lat' dir='ltr'>quo</span> <span class='ocrx_word' id='word_1_754' title='bbox 3320 4317 3354 4356; x_wconf 87' lang='lat' dir='ltr'>a</span> <span class='ocrx_word' id='word_1_755' title='bbox 3396 4305 3453 4355; x_wconf 89' lang='lat' dir='ltr'>te</span> <span class='ocrx_word' id='word_1_756' title='bbox 3482 4297 3779 4356; x_wconf 88' lang='lat' dir='ltr'>laudando</span> 
     </span>
    </p>
   </div>
   <div class='ocr_carea' id='block_1_104' title="bbox 2133 4388 3781 4455">
    <p class='ocr_par' dir='ltr' id='par_1_104' title="bbox 2133 4388 3781 4455">
     <span class='ocr_line' id='line_1_105' title="bbox 2133 4388 3781 4455; baseline -0.002 -9"><span class='ocrx_word' id='word_1_757' title='bbox 2133 4396 2442 4446; x_wconf 86' lang='lat' dir='ltr'>accusatus</span> <span class='ocrx_word' id='word_1_758' title='bbox 2501 4405 2655 4445; x_wconf 90' lang='lat' dir='ltr'>sum.</span> <span class='ocrx_word' id='word_1_759' title='bbox 2711 4389 2896 4451; x_wconf 88' lang='lat' dir='ltr'>Quam</span> <span class='ocrx_word' id='word_1_760' title='bbox 2955 4389 3111 4444; x_wconf 91' lang='lat' dir='ltr'>enim</span> <span class='ocrx_word' id='word_1_761' title='bbox 3176 4394 3238 4443; x_wconf 89' lang='lat' dir='ltr'>tu</span> <span class='ocrx_word' id='word_1_762' title='bbox 3292 4388 3540 4455; x_wconf 84' lang='lat' dir='ltr'>laudem</span> <span class='ocrx_word' id='word_1_763' title='bbox 3587 4402 3781 4454; x_wconf 86' lang='lat' dir='ltr'>vocas,</span> 
     </span>
    </p>
   </div>
   <div class='ocr_carea' id='block_1_105' title="bbox 2134 4477 3786 4551">
    <p class='ocr_par' dir='ltr' id='par_1_105' title="bbox 2134 4477 3786 4551">
     <span class='ocr_line' id='line_1_106' title="bbox 2134 4477 3786 4551; baseline -0.002 -16"><span class='ocrx_word' id='word_1_764' title='bbox 2134 4497 2341 4536; x_wconf 89' lang='lat' dir='ltr'>omnes</span> <span class='ocrx_word' id='word_1_765' title='bbox 2374 4478 2807 4535; x_wconf 87' lang='lat' dir='ltr'>accusationem</span> <span class='ocrx_word' id='word_1_766' title='bbox 2850 4478 3206 4551; x_wconf 88' lang='lat' dir='ltr'>intelligunt.</span> <span class='ocrx_word' id='word_1_767' title='bbox 3256 4479 3492 4535; x_wconf 88' lang='lat' dir='ltr'>Constet</span> <span class='ocrx_word' id='word_1_768' title='bbox 3522 4477 3681 4551; x_wconf 89' lang='lat' dir='ltr'>apud</span> <span class='ocrx_word' id='word_1_769' title='bbox 3716 4480 3786 4543; x_wconf 87' lang='lat' dir='ltr'>te,</span> 
     </span>
    </p>
   </div>
   <div class='ocr_carea' id='block_1_106' title="bbox 2137 4566 3796 4642">
    <p class='ocr_par' dir='ltr' id='par_1_106' title="bbox 2137 4566 3796 4642">
     <span class='ocr_line' id='line_1_107' title="bbox 2137 4566 3796 4642; baseline -0.002 -18"><span class='ocrx_word' id='word_1_770' title='bbox 2137 4570 2294 4642; x_wconf 92' lang='lat' dir='ltr'>quod</span> <span class='ocrx_word' id='word_1_771' title='bbox 2327 4567 2735 4635; x_wconf 85' lang='lat' dir='ltr'>accusaveris;</span> <span class='ocrx_word' id='word_1_772' title='bbox 2785 4572 2842 4623; x_wconf 90' lang='lat' dir='ltr'>et</span> <span class='ocrx_word' id='word_1_773' title='bbox 2890 4585 3005 4624; x_wconf 91' lang='lat' dir='ltr'>non</span> <span class='ocrx_word' id='word_1_774' title='bbox 3051 4568 3469 4640; x_wconf 86' lang='lat' dir='ltr'>indignaberis,</span> <span class='ocrx_word' id='word_1_775' title='bbox 3523 4566 3681 4640; x_wconf 89' lang='lat' dir='ltr'>quod</span> <span class='ocrx_word' id='word_1_776' title='bbox 3712 4579 3796 4621; x_wconf 85' lang='lat' dir='ltr'>re-</span> 
     </span>
    </p>
   </div>
   <div class='ocr_carea' id='block_1_107' title="bbox 2135 4654 3790 4730">
    <p class='ocr_par' dir='ltr' id='par_1_107' title="bbox 2135 4654 3790 4730">
     <span class='ocr_line' id='line_1_108' title="bbox 2135 4654 3790 4730; baseline -0.004 -16"><span class='ocrx_word' id='word_1_777' title='bbox 2135 4658 2494 4730; x_wconf 87' lang='lat' dir='ltr'>sponderim.</span> <span class='ocrx_word' id='word_1_778' title='bbox 2516 4657 2672 4723; x_wconf 88' lang='lat' dir='ltr'>Esto,</span> <span class='ocrx_word' id='word_1_779' title='bbox 2698 4660 2760 4711; x_wconf 89' lang='lat' dir='ltr'>tu</span> <span class='ocrx_word' id='word_1_780' title='bbox 2786 4657 2943 4712; x_wconf 91' lang='lat' dir='ltr'>bono</span> <span class='ocrx_word' id='word_1_781' title='bbox 2965 4658 3161 4712; x_wconf 88' lang='lat' dir='ltr'>animo</span> <span class='ocrx_word' id='word_1_782' title='bbox 3183 4655 3509 4728; x_wconf 89' lang='lat' dir='ltr'>scripseris,</span> <span class='ocrx_word' id='word_1_783' title='bbox 3535 4659 3596 4712; x_wconf 89' lang='lat' dir='ltr'>et</span> <span class='ocrx_word' id='word_1_784' title='bbox 3617 4654 3790 4710; x_wconf 72' lang='lat' dir='ltr'>home</span> 
     </span>
    </p>
   </div>
   <div class='ocr_carea' id='block_1_108' title="bbox 2135 4746 3787 4818">
    <p class='ocr_par' dir='ltr' id='par_1_108' title="bbox 2135 4746 3787 4818">
     <span class='ocr_line' id='line_1_109' title="bbox 2135 4746 3787 4818; baseline -0.003 -16"><span class='ocrx_word' id='word_1_785' title='bbox 2135 4748 2417 4804; x_wconf 89' lang='lat' dir='ltr'>innocens</span> <span class='ocrx_word' id='word_1_786' title='bbox 2454 4750 2509 4801; x_wconf 94' lang='lat' dir='ltr'>et</span> <span class='ocrx_word' id='word_1_787' title='bbox 2542 4746 2767 4801; x_wconf 89' lang='lat' dir='ltr'>amicus</span> <span class='ocrx_word' id='word_1_788' title='bbox 2799 4746 3147 4813; x_wconf 87' lang='lat' dir='ltr'>fidissimus,</span> <span class='ocrx_word' id='word_1_789' title='bbox 3179 4747 3249 4802; x_wconf 90' lang='lat' dir='ltr'>de</span> <span class='ocrx_word' id='word_1_790' title='bbox 3279 4746 3450 4818; x_wconf 90' lang='lat' dir='ltr'>cujus</span> <span class='ocrx_word' id='word_1_791' title='bbox 3480 4755 3787 4817; x_wconf 88' lang='lat' dir='ltr'>nunquam</span> 
     </span>
    </p>
   </div>
   <div class='ocr_carea' id='block_1_109' title="bbox 2136 4830 3788 4910">
    <p class='ocr_par' dir='ltr' id='par_1_109' title="bbox 2136 4830 3788 4910">
     <span class='ocr_line' id='line_1_110' title="bbox 2136 4830 3788 4910; baseline -0.005 -17"><span class='ocrx_word' id='word_1_792' title='bbox 2136 4852 2439 4910; x_wconf 88' lang='lat' dir='ltr'>egressum</span> <span class='ocrx_word' id='word_1_793' title='bbox 2480 4840 2567 4890; x_wconf 89' lang='lat' dir='ltr'>est</span> <span class='ocrx_word' id='word_1_794' title='bbox 2613 4851 2710 4891; x_wconf 92' lang='lat' dir='ltr'>ore</span> <span class='ocrx_word' id='word_1_795' title='bbox 2757 4835 3149 4901; x_wconf 88' lang='lat' dir='ltr'>mendacium,</span> <span class='ocrx_word' id='word_1_796' title='bbox 3199 4850 3292 4890; x_wconf 90' lang='lat' dir='ltr'>me</span> <span class='ocrx_word' id='word_1_797' title='bbox 3340 4833 3492 4890; x_wconf 73' lang='lat'><strong>468</strong></span> <span class='ocrx_word' id='word_1_798' title='bbox 3549 4830 3788 4889; x_wconf 89' lang='lat' dir='ltr'>nescius</span> 
     </span>
    </p>
   </div>
   <div class='ocr_carea' id='block_1_110' title="bbox 2133 4922 3784 4997">
    <p class='ocr_par' dir='ltr' id='par_1_110' title="bbox 2133 4922 3784 4997">
     <span class='ocr_line' id='line_1_111' title="bbox 2133 4922 3784 4997; baseline -0.004 -16"><span class='ocrx_word' id='word_1_799' title='bbox 2133 4925 2460 4982; x_wconf 88' lang='lat' dir='ltr'>vulneraris</span> <span class='ocrx_word' id='word_1_800' title='bbox 2487 4942 2498 4979; x_wconf 91' lang='lat'><strong>:</strong></span> <span class='ocrx_word' id='word_1_801' title='bbox 2532 4924 2673 4996; x_wconf 90' lang='lat' dir='ltr'>quid</span> <span class='ocrx_word' id='word_1_802' title='bbox 2706 4925 2778 4980; x_wconf 90' lang='lat' dir='ltr'>ad</span> <span class='ocrx_word' id='word_1_803' title='bbox 2809 4941 2922 4993; x_wconf 90' lang='lat' dir='ltr'>me,</span> <span class='ocrx_word' id='word_1_804' title='bbox 2948 4924 3047 4997; x_wconf 91' lang='lat' dir='ltr'>qui</span> <span class='ocrx_word' id='word_1_805' title='bbox 3075 4941 3389 4997; x_wconf 86' lang='lat' dir='ltr'>percussus</span> <span class='ocrx_word' id='word_1_806' title='bbox 3427 4940 3587 4980; x_wconf 87' lang='lat' dir='ltr'>sum.</span> <span class='ocrx_word' id='word_1_807' title='bbox 3635 4922 3784 4977; x_wconf 85' lang='lat' dir='ltr'>Num</span> 
     </span>
    </p>
   </div>
   <div class='ocr_carea' id='block_1_111' title="bbox 2138 5010 3784 5085">
    <p class='ocr_par' dir='ltr' id='par_1_111' title="bbox 2138 5010 3784 5085">
     <span class='ocr_line' id='line_1_112' title="bbox 2138 5010 3784 5085; baseline -0.004 -16"><span class='ocrx_word' id='word_1_808' title='bbox 2138 5015 2352 5069; x_wconf 76' lang='lat' dir='ltr'>ideirco</span> <span class='ocrx_word' id='word_1_809' title='bbox 2380 5014 2572 5069; x_wconf 89' lang='lat' dir='ltr'>curari</span> <span class='ocrx_word' id='word_1_810' title='bbox 2604 5030 2719 5068; x_wconf 91' lang='lat' dir='ltr'>non</span> <span class='ocrx_word' id='word_1_811' title='bbox 2752 5014 2953 5080; x_wconf 91' lang='lat' dir='ltr'>debeo,</span> <span class='ocrx_word' id='word_1_812' title='bbox 2988 5014 3127 5085; x_wconf 91' lang='lat' dir='ltr'>quia</span> <span class='ocrx_word' id='word_1_813' title='bbox 3155 5018 3217 5067; x_wconf 92' lang='lat' dir='ltr'>tu</span> <span class='ocrx_word' id='word_1_814' title='bbox 3268 5029 3363 5069; x_wconf 92' lang='lat' dir='ltr'>me</span> <span class='ocrx_word' id='word_1_815' title='bbox 3405 5012 3558 5068; x_wconf 89' lang='lat' dir='ltr'>bono</span> <span class='ocrx_word' id='word_1_816' title='bbox 3589 5010 3784 5067; x_wconf 87' lang='lat' dir='ltr'>animo</span> 
     </span>
    </p>
   </div>
   <div class='ocr_carea' id='block_1_112' title="bbox 2139 5100 3787 5174">
    <p class='ocr_par' dir='ltr' id='par_1_112' title="bbox 2139 5100 3787 5174">
     <span class='ocr_line' id='line_1_113' title="bbox 2139 5100 3787 5174; baseline -0.003 -16"><span class='ocrx_word' id='word_1_817' title='bbox 2139 5101 2498 5160; x_wconf 83' lang='lat' dir='ltr'>vulnerasti?</span> <span class='ocrx_word' id='word_1_818' title='bbox 2527 5102 2845 5157; x_wconf 84' lang='lat' dir='ltr'>Confessus</span> <span class='ocrx_word' id='word_1_819' title='bbox 2866 5103 3054 5172; x_wconf 87' lang='lat' dir='ltr'>jacco,</span> <span class='ocrx_word' id='word_1_820' title='bbox 3099 5101 3306 5157; x_wconf 90' lang='lat' dir='ltr'>stridet</span> <span class='ocrx_word' id='word_1_821' title='bbox 3352 5101 3570 5157; x_wconf 88' lang='lat' dir='ltr'>vulnus</span> <span class='ocrx_word' id='word_1_822' title='bbox 3601 5100 3662 5154; x_wconf 87' lang='lat' dir='ltr'>in</span> <span class='ocrx_word' id='word_1_823' title='bbox 3694 5113 3787 5174; x_wconf 85' lang='lat' dir='ltr'>pe-</span> 
     </span>
    </p>
   </div>
   <div class='ocr_carea' id='block_1_113' title="bbox 2138 5191 3783 5264">
    <p class='ocr_par' dir='ltr' id='par_1_113' title="bbox 2138 5191 3783 5264">
     <span class='ocr_line' id='line_1_114' title="bbox 2138 5191 3783 5264; baseline -0.004 -14"><span class='ocrx_word' id='word_1_824' title='bbox 2138 5200 2329 5250; x_wconf 92' lang='lat' dir='ltr'>ctore:</span> <span class='ocrx_word' id='word_1_825' title='bbox 2366 5192 2613 5249; x_wconf 69' lang='lat' dir='ltr'>candida</span> <span class='ocrx_word' id='word_1_826' title='bbox 2646 5191 2809 5264; x_wconf 88' lang='lat' dir='ltr'>prius</span> <span class='ocrx_word' id='word_1_827' title='bbox 2843 5192 3129 5263; x_wconf 87' lang='lat' dir='ltr'>sanguine</span> <span class='ocrx_word' id='word_1_828' title='bbox 3160 5192 3426 5247; x_wconf 88' lang='lat' dir='ltr'>membra</span> <span class='ocrx_word' id='word_1_829' title='bbox 3445 5195 3783 5264; x_wconf 86' lang='lat' dir='ltr'>turpantur,</span> 
     </span>
    </p>
   </div>
   <div class='ocr_carea' id='block_1_114' title="bbox 2136 5277 3784 5344">
    <p class='ocr_par' dir='ltr' id='par_1_114' title="bbox 2136 5277 3784 5344">
     <span class='ocr_line' id='line_1_115' title="bbox 2136 5277 3784 5344; baseline -0.004 -4"><span class='ocrx_word' id='word_1_830' title='bbox 2136 5289 2194 5341; x_wconf 91' lang='lat' dir='ltr'>et</span> <span class='ocrx_word' id='word_1_831' title='bbox 2224 5289 2287 5339; x_wconf 92' lang='lat' dir='ltr'>tu</span> <span class='ocrx_word' id='word_1_832' title='bbox 2320 5281 2465 5338; x_wconf 91' lang='lat' dir='ltr'>mibi</span> <span class='ocrx_word' id='word_1_833' title='bbox 2513 5280 2703 5338; x_wconf 88' lang='lat' dir='ltr'>dicis:</span> <span class='ocrx_word' id='word_1_834' title='bbox 2755 5280 2881 5337; x_wconf 90' lang='lat' dir='ltr'>Noli</span> <span class='ocrx_word' id='word_1_835' title='bbox 2935 5297 3177 5337; x_wconf 85' lang='lat' dir='ltr'>manum</span> <span class='ocrx_word' id='word_1_836' title='bbox 3227 5280 3503 5337; x_wconf 87' lang='lat' dir='ltr'>adbibere</span> <span class='ocrx_word' id='word_1_837' title='bbox 3534 5277 3784 5344; x_wconf 46' lang='lat' dir='ltr'>vulneris,</span> 
     </span>
    </p>
   </div>
   <div class='ocr_carea' id='block_1_115' title="bbox 2140 5400 3784 5471">
    <p class='ocr_par' dir='ltr' id='par_1_115' title="bbox 2140 5400 3784 5471">
     <span class='ocr_line' id='line_1_116' title="bbox 2140 5400 3784 5471; baseline -0.005 -7"><span class='ocrx_word' id='word_1_838' title='bbox 2140 5409 2334 5465; x_wconf 90' lang='lat' dir='ltr'>nicum</span> <span class='ocrx_word' id='word_1_839' title='bbox 2390 5407 2703 5471; x_wconf 89' lang='lat' dir='ltr'>Canonem,</span> <span class='ocrx_word' id='word_1_840' title='bbox 2762 5409 2818 5460; x_wconf 86' lang='lat' dir='ltr'>et</span> <span class='ocrx_word' id='word_1_841' title='bbox 2873 5404 3089 5460; x_wconf 89' lang='lat' dir='ltr'>librum</span> <span class='ocrx_word' id='word_1_842' title='bbox 3146 5405 3211 5462; x_wconf 82' lang='lat' dir='ltr'>de</span> <span class='ocrx_word' id='word_1_843' title='bbox 3266 5407 3416 5461; x_wconf 88' lang='lat' dir='ltr'>Locis</span> <span class='ocrx_word' id='word_1_844' title='bbox 3470 5400 3784 5469; x_wconf 75' lang='lat' dir='ltr'>Hebraicis,</span> 
     </span>
    </p>
   </div>
   <div class='ocr_carea' id='block_1_116' title="bbox 2139 5474 3786 5552">
    <p class='ocr_par' dir='ltr' id='par_1_116' title="bbox 2139 5474 3786 5552">
     <span class='ocr_line' id='line_1_117' title="bbox 2139 5474 3786 5552; baseline -0.002 -17"><span class='ocrx_word' id='word_1_845' title='bbox 2139 5498 2289 5552; x_wconf 84' lang='lat' dir='ltr'>quos</span> <span class='ocrx_word' id='word_1_846' title='bbox 2325 5480 2709 5552; x_wconf 17' lang='lat' dir='ltr'>bicﬁrecenset</span> <span class='ocrx_word' id='word_1_847' title='bbox 2740 5493 2875 5552; x_wconf 86' lang='lat' dir='ltr'>cum</span> <span class='ocrx_word' id='word_1_848' title='bbox 2906 5478 3145 5552; x_wconf 58' lang='lat' dir='ltr'>Historia</span> <span class='ocrx_word' id='word_1_849' title='bbox 3181 5478 3585 5552; x_wconf 68' lang='lat' dir='ltr'>Ecclesiastica.</span> <span class='ocrx_word' id='word_1_850' title='bbox 3624 5474 3786 5552; x_wconf 60' lang='grc' dir='ltr'>ΜΑΙξ-</span> 
     </span>
    </p>
   </div>
   <div class='ocr_carea' id='block_1_117' title="bbox 2137 5542 3788 5615">
    <p class='ocr_par' dir='ltr' id='par_1_117' title="bbox 2137 5542 3788 5615">
     <span class='ocr_line' id='line_1_118' title="bbox 2137 5542 3788 5615; baseline -0.005 -8"><span class='ocrx_word' id='word_1_851' title='bbox 2137 5542 2288 5607; x_wconf 61' lang='lat' dir='ltr'>im.</span> <span class='ocrx_word' id='word_1_852' title='bbox 2324 5583 2392 5590; x_wconf 97' lang='lat'><strong>—</strong></span> <span class='ocrx_word' id='word_1_853' title='bbox 2427 5551 2568 5604; x_wconf 84' lang='lat' dir='ltr'>Puta</span> <span class='ocrx_word' id='word_1_854' title='bbox 2597 5549 2948 5606; x_wconf 87' lang='lat' dir='ltr'>Cbronicum</span> <span class='ocrx_word' id='word_1_855' title='bbox 2999 5548 3315 5615; x_wconf 87' lang='lat' dir='ltr'>Canonem,</span> <span class='ocrx_word' id='word_1_856' title='bbox 3367 5555 3424 5604; x_wconf 93' lang='lat' dir='ltr'>et</span> <span class='ocrx_word' id='word_1_857' title='bbox 3469 5546 3694 5603; x_wconf 90' lang='lat' dir='ltr'>librum</span> <span class='ocrx_word' id='word_1_858' title='bbox 3724 5542 3788 5599; x_wconf 76' lang='lat' dir='ltr'>de</span> 
     </span>
    </p>
   </div>
   <div class='ocr_carea' id='block_1_118' title="bbox 2139 5618 3786 5692">
    <p class='ocr_par' dir='ltr' id='par_1_118' title="bbox 2139 5618 3786 5692">
     <span class='ocr_line' id='line_1_119' title="bbox 2139 5618 3786 5692; baseline -0.005 -12"><span class='ocrx_word' id='word_1_859' title='bbox 2139 5625 2338 5692; x_wconf 85' lang='lat' dir='ltr'>Locis;</span> <span class='ocrx_word' id='word_1_860' title='bbox 2392 5622 2828 5680; x_wconf 82' lang='lat' dir='ltr'>Ecclesiasticam</span> <span class='ocrx_word' id='word_1_861' title='bbox 2889 5623 3083 5678; x_wconf 87' lang='lat' dir='ltr'>autem</span> <span class='ocrx_word' id='word_1_862' title='bbox 3129 5622 3449 5692; x_wconf 69' lang='lat' dir='ltr'>Historiam</span> <span class='ocrx_word' id='word_1_863' title='bbox 3483 5618 3786 5692; x_wconf 79' lang='lat' dir='ltr'>laudatam</span> 
     </span>
    </p>
   </div>
   <div class='ocr_carea' id='block_1_119' title="bbox 2141 5689 3562 5770">
    <p class='ocr_par' dir='ltr' id='par_1_119' title="bbox 2141 5689 3562 5770">
     <span class='ocr_line' id='line_1_120' title="bbox 2141 5689 3562 5770; baseline -0.003 -16"><span class='ocrx_word' id='word_1_864' title='bbox 2141 5689 2423 5755; x_wconf 82' lang='lat' dir='ltr'>duntaxat</span> <span class='ocrx_word' id='word_1_865' title='bbox 2454 5712 2487 5755; x_wconf 86' lang='lat' dir='ltr'>a</span> <span class='ocrx_word' id='word_1_866' title='bbox 2516 5710 2600 5767; x_wconf 81' lang='lat' dir='ltr'>se,</span> <span class='ocrx_word' id='word_1_867' title='bbox 2631 5710 2749 5752; x_wconf 86' lang='lat' dir='ltr'>non</span> <span class='ocrx_word' id='word_1_868' title='bbox 2780 5692 2985 5751; x_wconf 86' lang='lat' dir='ltr'>Latine</span> <span class='ocrx_word' id='word_1_869' title='bbox 3014 5691 3364 5770; x_wconf 82' lang='lat' dir='ltr'>explicatam</span> <span class='ocrx_word' id='word_1_870' title='bbox 3394 5689 3562 5751; x_wconf 89' lang='lat' dir='ltr'>dicit.</span> 
     </span>
    </p>
   </div>
  </div>
