3958 6434
203 435 308 501 425

1374 430 1694 498 CONTRA
1737 426 2102 496 RUFINUM
2146 431 2296 497 LIB.
2343 433 2391 498 Ι.

3473 393 3590 506 ηε

197 588 262 628 ne
285 585 382 643 ego
411 571 465 625 te
512 563 711 625 videar
765 567 1153 627 vulnerasse?
1182 570 1532 641 Quanquam
1589 573 1646 624 et
1696 567 1826 639 ipsa
1853 568 1907 634 Α
1937 568 2204 638 quaedam
2235 569 2306 625 de
2336 571 2585 643 epistola
2633 587 2761 628 mea
2791 571 3190 645 philosophice
3237 589 3492 646 carpere,
3533 579 3592 632 et

193 657 474 717 translatio
502 650 692 732 magis
749 658 1062 733 Origenem
1121 675 1300 731 quam
1363 663 1418 714 te
1477 657 1692 729 arguit.
1741 657 1825 711 Tu

190 747 330 804 enim
357 746 673 802 emendasti
705 764 834 821 qua:
853 749 1059 804 addita
1084 748 1158 804 ab
1189 747 1478 804 haereticis
1509 746 1827 803 arbitratus

189 853 264 893 es.
289 836 395 907 Ego
450 835 702 907 prodidi,
765 838 922 909 quod
984 838 1057 893 ab
1111 837 1213 893 illo
1259 836 1548 908 scriptum
1609 834 1830 891 Graecia

193 925 441 981 universa
465 924 814 982 conclamat.
878 927 1020 993 Quis
1079 926 1292 982 restius
1349 925 1666 982 arbitratus
1725 925 1822 993 sit,

189 1029 288 1069 nec
340 1030 547 1081 meum,
590 1030 696 1070 nec
755 1019 926 1071 tuum
996 1015 1284 1087 judicium
1329 1018 1436 1071 est.
1504 1014 1824 1085 Utriusque

187 1100 391 1176 scripta
421 1103 746 1160 censoriam
777 1104 1011 1161 lectoris
1041 1103 1330 1178 virgulam
1377 1103 1654 1159 sentiant.
1685 1103 1828 1160 Tota

183 1190 271 1246 illa
306 1190 577 1264 Epistola,
612 1209 728 1263 qua
756 1210 859 1264 pro
891 1210 983 1249 me
1022 1194 1338 1262 satisfacio,
1399 1197 1599 1249 contra
1639 1193 1820 1249 haere-

182 1280 312 1336 ticos
349 1285 402 1337 et
448 1285 818 1340 accusatores
875 1299 1038 1339 meos
1085 1282 1361 1355 dirigitur
1395 1299 1407 1337 :
1439 1282 1580 1354 quid
1632 1283 1703 1337 ad
1737 1286 1818 1350 te,

181 1369 269 1440 qui
295 1373 350 1426 et
385 1369 775 1427 orthodoxum
823 1376 884 1430 et
933 1371 1300 1429 laudatorem
1353 1388 1552 1428 meum
1603 1377 1660 1426 te
1691 1386 1822 1427 esse

180 1455 328 1523 dicis,
359 1457 408 1515 si
436 1459 701 1532 asperior
731 1477 864 1517 sum
896 1461 956 1517 in
1006 1461 1330 1529 haereticos,
1367 1464 1424 1516 et
1463 1459 1701 1516 illorum
1757 1459 1818 1515 in

179 1546 459 1618 publicum
515 1549 792 1622 strophas
874 1550 1104 1622 profero
1144 1550 1173 1605 ‘2
1221 1551 1438 1606 Laetare
1489 1549 1818 1604 invectione

178 1651 346 1704 mea;
396 1653 468 1692 ne
529 1638 577 1694 si
641 1637 919 1703 dolueris,
981 1637 1289 1695 haereticus
1347 1656 1476 1695 esse
1543 1638 1812 1694 videaris.

173 1724 395 1788 Quando
441 1725 572 1782 sine
623 1728 860 1783 nomine
913 1733 1115 1784 contra
1155 1728 1297 1784 vitia
1347 1727 1669 1795 scribitur;
1712 1728 1811 1799 qui

169 1812 443 1882 irascitur,
497 1819 802 1872 accusator
852 1818 946 1873 sui
1013 1822 1124 1874 est.
1176 1818 1497 1874 Prudentis
1554 1815 1812 1872 hominis

135 1914 142 1923 '
167 1901 556 2007 fuerattetiam‘
585 1904 635 2007 si
667 1904 923 1973 dolebat,
947 1906 1328 1962 dissimulare
1349 1905 1768 1962 conscientiam
1795 1923 1808 1974 ;
1843 1942 1888 2007 Β

160 1995 208 2044 et
237 1991 422 2048 cordis
453 1992 732 2050 nubilum
765 1994 975 2050 frontis
1005 1995 1319 2052 serenitate
1350 1997 1662 2052 discutere.

223 2082 303 2136 12.
353 2083 616 2154 Epistolas
660 2083 942 2156 Theophili
987 2094 1038 2141 et
1084 2085 1403 2158 Epiphanii,
1466 2090 1522 2140 et
1571 2088 1810 2156 impera-

164 2176 330 2236 torum
376 2172 587 2244 scripta
634 2171 902 2229 adversus
955 2174 1262 2243 Origenem.
1323 2206 1392 2216 —-
1448 2173 1698 2246 Alioqui,
1759 2175 1810 2230 si

159 2257 432 2332 quidquid
485 2264 690 2317 contra
723 2261 1031 2334 Origenem
1069 2268 1125 2319 et
1157 2268 1474 2320 sectatores
1504 2265 1635 2334 ejus
1664 2263 1808 2318 dici-

159 2350 266 2416 tur,
313 2347 374 2403 in
417 2353 475 2404 te
523 2348 745 2405 dictum
787 2355 961 2423 putas
1003 2370 1016 2420 ;
1070 2366 1207 2424 ergo
1251 2357 1309 2408 et
1354 2351 1614 2424 epistolae
1645 2369 1807 2424 papae

161 2434 456 2509 Theophili
507 2443 569 2494 et
605 2439 938 2512 Epiphanii,
985 2446 1042 2496 et
1089 2440 1339 2497 aliorum
1372 2442 1805 2514 episcoporum,

155 2539 294 2595 quas
323 2543 520 2600 nuper
548 2527 694 2601 ipsis
716 2529 1067 2600 jubentibus
1096 2529 1375 2588 transtuli
1407 2533 1445 2598 ί,
1479 2534 1533 2586 te
1577 2533 1804 2602 petunt,

157 2614 204 2669 te
227 2612 490 2673 lacerant
511 2615 542 2672 ?
573 2617 999 2689 Imperatorum
1032 2635 1265 2692 quoque
1295 2619 1536 2691 scripta,
1578 2635 1704 2690 quae
1737 2619 1808 2679 de

152 2700 494 2761 Alexandria
525 2709 586 2761 et
615 2707 861 2780 [Egypto
888 2706 1250 2780 Origenistas
1289 2707 1423 2781 pelli
1448 2709 1680 2780 jubent,
1713 2724 1808 2763 me

153 2799 522 2864 suggerente,
568 2796 786 2851 dictata
815 2801 955 2852 sunt
976 2796 1004 2850 ‘?
1037 2797 1110 2852 Ut
1139 2797 1414 2853 Romanae
1445 2797 1610 2853 urbis
1659 2797 1806 2853 Pon-

151 2880 278 2937 tite:
305 2883 463 2940 miro
511 2901 615 2940 eas
661 2885 794 2940 odio
847 2886 1186 2953 detestetur,
1239 2903 1436 2942 meum
1493 2885 1806 2942 consilium

145 2967 292 3025 fuit?
324 2970 398 3026 Ut
437 2977 604 3028 totus
660 2973 818 3029 orbis
862 2979 996 3045 post
1039 2974 1484 3031 translationem
1523 2981 1689 3030 tuam
1747 2973 1806 3029 in

145 3058 403 3132 Origenis
445 3061 590 3118 odia
652 3063 956 3132 exarserit,
1005 3080 1180 3136 quem
1232 3068 1403 3121 antea
1464 3064 1808 3136 simpliciter

143 3143 647 3221 lectitabat,meus
675 3155 950 3224 operatus
971 3158 1062 3208 est
1082 3151 1270 3226 stylus
1291 3153 1319 3208 ‘I
1345 3154 1405 3209 Si
1420 3157 1649 3209 tantum
1672 3167 1806 3224 poe-

143 3251 291 3304 sum,
321 3239 518 3296 miror
547 3256 654 3294 our
683 3256 776 3296 me
811 3257 927 3297 non
961 3246 1209 3298 metuas.
1257 3243 1372 3315 Ego
1405 3241 1502 3298 ille
1533 3243 1806 3297 modera-

143 3327 318 3382 tusin
351 3327 616 3401 epistola
640 3329 876 3401 publica
932 3331 1123 3402 (Epist.
1182 3331 1245 3386 81
1307 3332 1382 3388 ad
1439 3332 1668 3403 Ruﬁn.),
1701 3315 1878 3402 quiC

143 3412 453 3488 diligenter
502 3417 655 3486 cavi,
700 3433 773 3473 ne
840 3419 979 3490 quid
1027 3420 1086 3475 in
1131 3424 1188 3476 te
1259 3421 1482 3476 dictum
1546 3426 1802 3493 putares,

143 3503 345 3577 scripsi
379 3507 456 3562 ad
491 3511 553 3562 te
587 3507 789 3562 statim
821 3507 1054 3564 brevem
1077 3509 1806 3583 Epistolam,expostulans

142 3609 314 3664 super
341 3594 640 3651 laudibus
669 3595 810 3652 tuis.
842 3597 1052 3668 Quam,
1106 3599 1244 3670 quia
1277 3599 1472 3656 Romae
1504 3616 1620 3654 non
1654 3616 1806 3666 eras,

140 3682 302 3738 amici
335 3684 458 3740 mei
496 3684 610 3740 tibi
642 3684 874 3740 mittere
905 3685 1242 3755 noluerunt,
1276 3704 1342 3744 eo
1374 3689 1530 3760 quod
1563 3693 1620 3744 te
1651 3689 1806 3744 dice-

137 3777 256 3826 rent
285 3789 430 3828 cum
466 3772 782 3830 sodalibus
811 3774 832 3808 ⁸
860 3773 976 3830 tuis
1000 3774 1245 3848 indigna
1265 3777 1503 3832 nomine
1531 3777 1810 3833 Christia-

137 3875 204 3914 no
232 3861 303 3917 de
333 3878 479 3918 mea
505 3862 1255 3935 conversationejactitare.
1273 3865 1456 3937 Cujus
1477 3866 1809 3938 exemplum

64 3953 74 3968 ‘
137 3947 263 4005 huic
295 3950 606 4007 volumini
638 3951 898 4021 subdidi,
933 3958 999 4009 ut
1029 3955 1182 4010 scias
1211 3959 1500 4026 quantum
1526 3955 1807 4024 dolorem,

136 4044 353 4109 quanta
387 4040 806 4097 moderatione
838 4042 1297 4099 necessitudinis
1327 4044 1665 4116 temperavi.

192 4130 351 4187 469
419 4131 524 4186 43.
604 4131 825 4187 Judteus
857 4132 1179 4205 Hieronymi
1215 4137 1545 4205 praeceptor.
1605 4135 1805 4202 Grego-

132 4220 243 4274 rius
291 4222 710 4278 Nazianzenus
752 4222 1012 4292 magister
1058 4222 1402 4294 Hieronymi.
1453 4223 1673 4277 Huillus
1708 4225 1808 4278 Ju-

130 4305 295 4366 dceus.
361 4309 602 4366 Psalmi
652 4310 774 4365 sine
827 4310 1012 4366 titulo.
1070 4342 1140 4354 --
1198 4311 1387 4368 Audio
1439 4315 1718 4384 praeterea
1758 4316 1815 4368 te

198 4469 400 4545 fVide
446 4469 570 4526 has
598 4468 880 4545 epistolas
931 4488 966 4527 a
1014 4471 1183 4529 nobis
1233 4472 1490 4545 primum
1536 4473 1724 4530 editas
1756 4473 1814 4530 in

134 4541 306 4615 priori
330 4547 519 4599 tomo
541 4541 721 4615 num.
755 4543 826 4596 92
855 4547 912 4597 et
940 4559 1107 4615 seqq.

195 4615 215 4648 ²
244 4613 444 4672 Vetus
479 4613 656 4682 edit,
702 4629 765 4669 eo
811 4613 954 4686 quod
998 4613 1321 4672 et‘dolere-nl
1348 4633 1474 4672 cum
1511 4615 1814 4685 sodalibus,

127 4711 228 4759 elo.

128 4847 194 4903 de
246 4847 670 4912 Nazianzeno,
717 4845 840 4920 erut
902 4845 1071 4920 olim,
1134 4848 1241 4916 Qui
1267 4848 1556 4920 δαί-αρτιίί
1610 4850 1828 4905 Latinos

127 4921 318 4991 impar
375 4927 492 4992 est,
562 4917 733 4988 quasi
788 4917 996 4973 Latine
1053 4919 1293 4975 scivisse
1325 4917 1494 4992 illum
1527 4925 1829 4992 utcunque

130 4990 462 5073 putaverit,
526 5005 667 5045 cum
716 5005 1239 5073 eum_sermopem
1293 4990 1502 5073 callere
1551 5008 1614 5047 se
1664 4990 1832 5062 neget

129 5062 250 5135 ipse
284 5063 726 5120 Nazianzenus
752 5077 842 5133 ep.
874 5063 939 5116 71
978 5063 1047 5116 ad
1086 5062 1595 5118 Posthumianum.

195 5137 218 5170 ⁴
252 5136 399 5202 Quis
430 5131 605 5205 apud
631 5133 853 5205 Latinos
877 5149 987 5205 par
1014 5136 1107 5189 sui
1130 5143 1207 5190 est
1242 5139 1266 5187 γ
1314 5134 1632 5205 Hucusque
1664 5134 1836 5190 torsit

133 5203 534 5263 eruditorum
592 5203 830 5278 ingenia
874 5203 1038 5260 locus
1078 5207 1188 5261 iste
1235 5205 1388 5261 male
1443 5203 1638 5278 editus
1679 5207 1835 5278 apud

131 5278 462 5336 Erasmum
505 5277 573 5349 et
601 5275 958 5349 Marianum,
993 5278 1092 5349 qui
1124 5294 1257 5333 cum
1318 5277 1622 5349 nonnullis
1671 5275 1832 5349 codi-

131 5351 295 5406 cibus
330 5365 502 5406 mss.
539 5345 625 5421 ita
655 5347 857 5421 legunt
892 5365 904 5402 :
941 5371 969 5398 ‹‹
1010 5345 1298 5421 "Nunquid
1332 5349 1390 5404 in
1442 5348 1544 5403 illa
1589 5348 1838 5420 epistola

130 5421 510 5496 Gregorium
537 5489 550 5496 _
571 5418 762 5496 virum
808 5418 1360 5496 eloquentissimum
1391 5437 1504 5476 non
1539 5418 1697 5492 potui
1734 5438 1836 5476 no-

131 5489 388 5560 minvare,
430 5489 552 5564 qui
608 5489 698 5564 sui
748 5489 1178 5564 apud'Lstinos
1210 5493 1403 5564 impar
1440 5489 1557 5559 est,
1586 5509 1701 5564 quo
1732 5509 1838 5564 ego

133 5560 711 5639 magistro—glorior
740 5560 805 5618 et“
843 5563 1120 5639 exsulto‘l
1151 5585 1178 5614 ››
1215 5560 1314 5639 Ex:—
1338 5560 1677 5639 boc_itaque
1714 5560 1838 5639 loco

129 5633 509 5712 dep-ravum:
558 5633 716 5712 edito
774 5639 1060 5712 putarunt
1103 5635 1259 5691 haud
1298 5634 1468 5712 pauci
1500 5633 1840 5712 Gregorium

134 5705 335 5768 Latine
398 5705 846 5780 scivisse,_sed
899 5724 1013 5780 non
1063 5723 1228 5780 teque
1282 5705 1348 5762 ac
1376 5709 1593 5780 itireece
1615 5705 1656 5764 ἐ
1684 5708 1844 5780 unde

130 5781 330 5860 impar
363 5780 475 5839 sui
515 5777 677 5847 apud
711 5776 948 5835 Latinos
993 5776 1340 5840 habebatur.
1373 5779 1490 5838 Nos
1521 5779 1840 5854 genuinam

487 5905 776 5972 PATROL.
820 5904 1045 5972 XXIII.

1848 4690 1896 4756 D
1928 4690 2286 4770 bibliotheca
2335 4689 2830 4770 Sangeruianensi
2875 4729 2892 4757 ,
2953 4689 3132 4769 'Sorbg

192 4777 213 4809 ³
242 4775 512 4844 Eadem,
557 4774 663 4828 Aul
713 4775 1102 4846 injuriartibz',
1155 4780 1262 4832 etc.
1315 4776 1496 4832 Paulo
1546 4780 1678 4846 post
1725 4776 1826 4832 ubi
1936 4759 2678 4846 ha_betni1_merum'642iu
2710 4759 2965 4846 liminari
3003 4759 3580 4846 pagina.“1.\"ll,\u'riuu,

1937 658 2236 713 hominem
2296 675 2520 734 rugosas
2577 661 2784 716 frontis
2845 660 3201 733 adductique
3260 662 3586 735 supercilii,

1936 744 2206 802 Plautino
2235 746 2294 800 in
2357 763 2449 802 me
2489 747 2609 803 sale
2665 747 2888 817 ludere,
2941 766 3007 804 eo
3067 749 3222 822 quod
3266 751 3587 808 Barrabam

1933 834 2202 890 Judaeum
2233 835 2478 891 dixerim
2511 843 2924 910 praeceptorem
2955 853 3175 894 meum.
3210 839 3324 895 Nec
3366 839 3587 899 mirum

1938 924 1988 978 si
2038 940 2142 995 pro
2209 923 2558 991 BAR-ANINA,
2620 925 2720 981 ubi
2768 931 2857 982 est
2912 926 3111 1000 aliqua
3163 928 3585 987 vocabulorum

1938 1012 2283 1081 similitudo,
2319 1013 2624 1086 scripseris
2654 1017 2980 1082 Barrabam,
3032 1033 3168 1073 cum
3218 1023 3448 1073 tantum
3478 1019 3583 1075 ha-

1937 1102 2076 1159 beas
2106 1101 2402 1159 licentiam
2461 1105 2769 1160 nominum
2829 1105 3358 1175 immutandorum,
3412 1110 3476 1162 ut
3512 1107 3584 1163 de

1936 1192 2184 1248 Eusebio
2206 1192 2686 1265 Pamphilum,de
2713 1194 2982 1251 haeretico
3011 1200 3326 1267 martyrem
3352 1195 3580 1253 feceris.

1932 1282 2234 1338 Cavendus
2264 1281 2459 1349 homo,
2493 1287 2549 1339 et
2579 1283 2722 1338 mihi
2755 1284 3006 1339 maxime
3054 1284 3463 1355 declinandus,
3513 1302 3585 1343 ne

1931 1387 2024 1427 me
2056 1375 2314 1444 repente,
2346 1372 2488 1427 dum
2519 1372 2736 1440 nescio,
2786 1374 2856 1428 de
2887 1372 3236 1445 Hieronymo
3286 1375 3584 1430 Sardana-

1928 1460 2129 1533 palum
2154 1461 2441 1517 nomines.
2474 1461 2624 1517 Audi
2654 1478 2811 1535 ergo,
2855 1463 3152 1535 sapientiae
3201 1463 3494 1532 columen,
3525 1467 3583 1519 et

1928 1567 2135 1606 norma
2162 1550 2486 1606 Catonianae
2520 1551 2864 1606 severitatis.
2899 1555 3013 1624 Ego
3072 1568 3186 1607 non
3227 1551 3393 1607 illum
3452 1568 3580 1608 ma-

1926 1639 2174 1712 gistrum
2227 1640 2393 1707 dixi;
2429 1641 2530 1695 sed
2577 1656 2775 1695 meum
2833 1641 2893 1695 in
2951 1640 3284 1712 Scripturas
3342 1648 3576 1698 sanctas
3652 1647 3654 1649 ’

1924 1729 2187 1785 studium
2219 1728 2375 1785 volui
2411 1729 2808 1800 comprobare,
2839 1733 2905 1784 ut
2957 1730 3328 1785 ostenderem
3369 1747 3462 1786 me
3493 1731 3578 1786 sic

1924 1818 2136 1890 legisse
2193 1818 2524 1892 Origenem,
2584 1819 2880 1890 quomodo
2925 1822 2982 1874 et
3019 1817 3189 1874 illum
3246 1819 3574 1874 audieram.

1922 1908 2119 1980 Neque
2148 1907 2304 1964 enim
2340 1907 2607 1962 Hebraeae
2637 1906 2862 1962 litteras
2911 1925 2944 1961 a
3001 1911 3057 1962 te
3099 1907 3320 1964 discere
3377 1907 3578 1964 debui.

1918 1998 2002 2052 An
2053 1996 2271 2068 injuria
2311 1996 2417 2052 tibi
2465 1997 2486 2029 ³
2525 1996 2678 2051 facta
2706 2000 2814 2065 est,
2849 1997 3004 2068 quod
3039 2013 3142 2069 pro
3179 2001 3232 2053 te
3263 1997 3581 2070 Apollina-

1919 2087 2072 2141 rium
2121 2085 2552 2156 Didymumque
2598 2088 2857 2140 sectatus
2896 2101 3028 2140 sum
3076 2085 3104 2139 ‘?
3172 2086 3452 2158 Nunquid
3517 2087 3578 2142 in

1919 2174 2021 2230 illa
2077 2173 2324 2246 epistola
2370 2173 2713 2244 Gregorium
2766 2173 2956 2228 virum
3021 2173 3577 2246 eloquentissimum

1920 2280 2035 2319 non
2069 2263 2231 2336 potui
2261 2263 2566 2318 nominare
2595 2261 2622 2315 ?
2651 2262 2791 2326 Quis
2846 2264 3000 2334 aput
3062 2263 3299 2319 Latinos
3329 2281 3436 2336 par
3482 2265 3576 2320 sui

1918 2357 2004 2409 est
2033 2355 2055 2387 ’ν
2081 2352 2109 2406 ‘I
2138 2369 2254 2424 quo
2283 2367 2390 2424 ego
2421 2351 2703 2422 magistro
2732 2349 2948 2422 glorior
2968 2353 3025 2406 et
3053 2350 3298 2434 cxsulto.
3332 2353 3443 2408 Sed
3475 2367 3574 2409 eos

1917 2445 2147 2497 tantum
2205 2440 2408 2513 posui,
2469 2439 2569 2511 qui
2619 2439 2677 2493 in
2730 2439 3196 2511 reprehensione"
3265 2446 3450 2509 erant,
3511 2445 3577 2498 ut

1917 2530 2188 2586 similiter
2218 2546 2308 2585 me
2343 2529 2675 2601 Origenem,
2708 2545 2823 2583 non
2856 2529 2929 2584 ob
2952 2529 3084 2585 fidei
3113 2529 3438 2600 veritatem,
3473 2531 3575 2587 sed

1918 2621 1991 2675 ob
2039 2618 2384 2674 eruditionis
2432 2618 2714 2673 meritum
2744 2617 2956 2689 legisse
2982 2622 3252 2674 testarer.
3287 2620 3414 2691 Ipse
3445 2620 3574 2675 Ori-

1916 2725 2114 2781 genes,
2147 2713 2205 2764 et
2235 2707 2525 2775 Clemens,
2556 2711 2613 2761 et
2643 2707 2952 2775 Eusebius,
2980 2711 3155 2778 atque
3185 2708 3282 2763 alii
3315 2708 3577 2782 complu-

1917 2813 2030 2865 res,
2081 2797 2316 2869 quando
2373 2797 2445 2851 de
2502 2795 2818 2867 Scripturis
2876 2796 3075 2868 aliqua
3131 2797 3456 2870 disputant,
3516 2801 3575 2854 et

1914 2886 2120 2942 volunt
2150 2886 2471 2958 approbare
2494 2885 2647 2956 quod
2681 2885 2904 2952 dicunt,
2938 2885 3020 2940 sic
3053 2885 3245 2942 solent
3275 2887 3568 2944 scribere:

1918 2977 2196 3048 Referebat
2250 2976 2395 3030 mihi
2448 2975 2749 3035 Hebraeus;
2804 2978 2880 3040 et,
2941 2975 3142 3030 Audivi
3191 2976 3264 3032 ab
3321 2977 3566 3042 Hebraeo,

1916 3072 1974 3122 et
2002 3067 2350 3121 Hebraeorum
2380 3066 2488 3119 ista
2539 3065 2808 3119 sententia
2865 3071 2958 3118 est.
3019 3066 3184 3120 Certe
3240 3065 3420 3120 etiam
3447 3065 3571 3120 Ori-

1916 3171 2092 3224 genes
2122 3153 2489 3227 patriarchen
2523 3152 2786 3207 Huillum
2817 3153 2858 3218 5,
2914 3152 3014 3224 qui
3046 3153 3411 3224 temporibus
3441 3153 3582 3223 ejus-

1914 3245 2044 3314 fuit,
2079 3243 2344 3298 nominat
2375 3259 2388 3297 :
2421 3245 2478 3296 et
2505 3241 2870 3296 tricesimum
2900 3245 3125 3295 tomum
3153 3240 3213 3295 in
3247 3241 3482 3308 Isaiam,
3506 3240 3568 3295 in

1915 3335 2086 3405 cujus
2118 3333 2232 3387 ﬁne
2275 3330 2590 3386 edisserit:
2634 3331 2713 3384 Vae
2760 3330 2882 3398 tibi,
2936 3331 3127 3385 civitas
3180 3331 3348 3398 Ariel,
3403 3347 3570 3401 quam
3647 3340 3653 3346 '

1914 3422 2250 3496 expugnavit
2291 3419 2478 3488 David,
2527 3418 2687 3474 illius
2741 3419 3102 3491 expositione
3162 3419 3472 3486 concudit;
3508 3421 3567 3475 et

1916 3529 2048 3568 cum
2071 3511 2239 3566 aliter
2268 3510 2431 3582 prius
2462 3509 2720 3564 sensisse
2750 3524 2813 3564 se
2859 3509 3036 3576 dicat,
3072 3509 3310 3564 doctum
3341 3508 3415 3564 ab
3445 3507 3566 3563 illo.

1918 3602 1974 3656 id
2006 3600 2164 3672 quod
2193 3603 2282 3654 est
2309 3599 2525 3665 verius,
2571 3597 2901 3653 conﬁtetur.
2935 3585 3372 3670 Octogesimum
3420 3614 3572 3668 quo-

1917 3707 2029 3763 que
2061 3705 2305 3744 nomum
2337 3687 2653 3755 psalmum,
2689 3686 2790 3758 qui
2822 3686 3099 3742 scribitur
3137 3703 3149 3741 :
3188 3687 3373 3742 Oratio
3401 3686 3575 3756 Moysi

1919 3781 2154 3836 hominis
2184 3780 2298 3834 Dei.
2335 3782 2392 3832 et
2435 3777 2696 3850 reliquos
2727 3777 3024 3841 undecim,
3075 3776 3175 3847 qui
3207 3793 3321 3831 non
3353 3774 3577 3829 habent

1918 3867 2142 3936 titulos,
2188 3866 2515 3922 secundum
2569 3864 2749 3931 Huilli
2800 3863 3243 3936 expositionem,
3304 3862 3572 3933 ejusdem

1921 3956 2103 4028 Moysi
2134 3959 2320 4027 putat,
2355 3955 2509 4009 410
2557 3969 2662 4009 nec
2710 3953 3057 4024 dedignatur
3105 3951 3404 4006 Hebraeum
3438 3949 3579 4006 scri-

1921 4051 2153 4119 pturam
2178 4044 2570 4114 interpretans
2597 4057 2701 4113 per
2729 4039 2964 4112 singula
2984 4039 3130 4107 loca,
3157 4039 3296 4110 quid
3320 4038 3577 4096 chrazis

1919 4135 2204 4198 videatur,
2238 4132 2514 4187 inserere.
3481 4199 3486 4207 ι

1992 4225 2080 4278 44.
2134 4223 2393 4292 Origenes
2439 4221 2751 4276 domamus.
2798 4250 2868 4259 ——
2913 4219 3100 4275 Lectis
3175 4236 3362 4292 nuper
3417 4236 3579 4292 papas

1922 4311 2227 4385 Theophili
2258 4309 2544 4382 epistolis,
2577 4310 2638 4364 in
2671 4308 2891 4381 quibus
2920 4309 3189 4381 Origenis
3220 4310 3458 4382 esponit
3487 4326 3579 4366 er-

1924 4476 2233 4533 lectionem
2269 4471 2603 4546 Hieronymi
2652 4473 3036 4546 restituimus
3067 4473 3149 4546 ad
3190 4473 3578 4546 {idemvetug

1927 4548 2173 4605 stissimi
2232 4545 2450 4600 codicis
2481 4543 2868 4612 Corbeiensls,
2901 4551 2958 4599 et
2988 4544 3229 4600 alterius
3275 4543 3582 4600 Sorbonici

1929 4638 2046 4676 non
2077 4619 2292 4674 inﬁma:
2317 4622 2486 4672 notis.
2513 4617 3129 4672 Corbeiensisnotatur
3160 4616 3261 4669 147
3289 4615 3346 4668 in
3381 4619 3582 4670 nostra

2965 4687 3322 4742 Sorbonicus
3383 4690 3582 4740 autem

2005 4838 2025 4869 ⁵
2056 4831 2387 4910 ηὸυηῐὲειυί
2438 4832 2880 4910 emendandum
2962 4835 3172 4910 putant
3243 4831 3434 4910 ΗτίιειΔ
3480 4844 3586 4910 pro

1938 4908 2205 4964 Huillum.
2238 4902 2401 4975 Certe
2432 4904 2709 4975 Origenes
2739 4902 2894 4957 hunc
2950 4903 3286 4975 Judzeorum
3346 4902 3590 4975 patriar-

1939 4981 2109 5036 cham
2164 4974 2435 5042 ἰοὺλλον,
2491 4972 2703 5031 ,Ιιὶιιιιτη
2753 4977 2933 5037 vocat,
2982 4979 3038 5029 et
3081 4975 3151 5030 ab
3205 4972 3316 5026 alio
3360 4972 3587 5028 erudito

1939 5053 2162 5114 Judaeo,
2215 5051 2312 5119 qui
2361 5054 2502 5102 tunc
2548 5063 2682 5102 cum
2726 5046 2936 5111 Huillo,
2966 5045 3294 5119 seuilluillo
3326 5049 3468 5119 erat,
3525 5055 3590 5098 se

1941 5125 2082 5179 dicit
2112 5115 2410 5177 didicisse.
2445 5120 2639 5174 Potuit
2669 5119 3051 5189 Hieronymus
3082 5116 3274 5171 Huillo
3307 5115 3590 5183 tribuere,

1944 5196 2102 5273 quod
2150 5194 2294 5249 alias
2327 5194 2766 5273 ipseprasscnte
2797 5190 3239 5273 et_approbaute
3290 5189 3591 5273 docuerat.

1944 5259 2107 5332 Quod
2137 5283 2271 5320 vero
2323 5259 2652 5336 patriarcha
2682 5259 3010 5334 appellatur
3057 5267 3113 5336 et
3143 5261 3292 5314 inter
3321 5259 3595 5336 'lfyberia-

1944 5341 2036 5395 dis
2090 5333 2450 5410 patriarchas
2511 5335 2672 5390 nulla
2716 5333 2848 5410 ejus
2898 5333 3270 5410 mentiuest,
3350 5334 3598 5388 fortasse

1947 5404 2192 5467 minoris
2245 5407 2494 5478 alicujus
2551 5406 2839 5478 synedrii,
2881 5411 3024 5476 puta
3080 5404 3449 5478 Diocmsarcm
3497 5420 3598 5478 pag

1945 5482 2266 5538 triarchatu
2321 5477 2410 5548 est
2497 5479 2752 5532 functus.
2813 5477 2892 5531 De
2945 5494 3074 5546 ejus
3125 5477 3361 5532 nomine
3443 5477 3600 5548 quod

1948 5565 2124 5614 ora
2182 5558 2237 5607 et
2291 5538 2444 5610 DBN
2476 5550 2769 5615 scribitur,
2809 5549 2936 5604 vide
2966 5538 3023 5603 in
3056 5549 3304 5604 Gcmara
3334 5538 3602 5604 I‘lier'oso-

1946 5621 2660 5699 lym.titu_l9_Megillah,A
2700 5623 2919 5699 cap._1,
2977 5627 3036 5676 et
3095 5621 3264 5699 titulo
3324 5619 3605 5699 lloraioth

1950 5693 2074 5771 ὢν.
2115 5698 2189 5771 73.
2227 5695 2366 5751 Vide
2396 5693 2570 5771 etiam
2624 5693 2908 5771 Origenis
2951 5695 3299 5771 opusculum
3343 5694 3603 5771 primum

1950 5767 2300 5831 anecdotum
2331 5769 2487 5844 apud
2517 5767 3042 5837 Montfauconium,
3075 5773 3121 5825 t.
3163 5767 3180 5822 ι
3212 5767 3602 5839 Hexaplorum.

3199 5901 3275 5982 14
