3958 6408
394 408 515 478 427

1631 414 1696 476 S.
1742 410 2055 477 EUSEBII
2099 409 2567 477 BIEHONYMI.

3639 420 3649 454 -'
3661 413 3770 480 ΕΒ

396 563 582 616 rores,
611 546 826 603 dicitur
870 544 1175 603 obturasse
1230 562 1402 603 aures
1459 561 1619 615 suas,
1660 550 1717 601 et
1746 548 2043 602 auctorem
2071 550 2127 617 Α
2156 546 2323 603 libris
2356 546 2589 619 proprie
2644 549 2899 614 accuset,
2932 545 3156 619 ignoro.
3191 544 3557 602 Fama‘enim
3586 548 3655 602 ad
3684 558 3770 604 me

393 635 544 692 tanti
576 634 716 692 mali
765 634 921 691 clara
948 650 1083 690 cum
1141 635 1248 706 [Αἱ.
1281 637 1499 704 coram]
1566 634 1842 691 omnibus
1898 651 2037 691 voce

395 724 711 781 damnasse
769 724 809 791 ί,
866 725 924 778 et
980 722 1221 790 dixisse,
1259 739 1447 794 usque
1504 722 1576 778 ad
1606 720 1752 778 illud
1804 727 2037 795 tempus

394 828 457 869 se
510 811 835 884 ignorasse,
891 811 1049 882 quod
1101 815 1224 867 tam
1256 810 1477 867 nefaria
1532 810 1852 883 scripserit.
1911 812 2037 868 Non

392 915 619 967 recuso,
653 914 761 956 nec
787 897 916 955 dico
948 898 1104 970 quod
1159 897 1312 955 alius
1341 899 1557 955 diceret
1606 899 1872 970 forsitan,
1921 918 2037 956 non

378 987 654 1062 potuisse
707 1003 845 1044 eum
901 987 1190 1060 ignorare,
1242 988 1397 1060 quod
1457 988 1875 1060 interpretatus
1927 992 2034 1057 est,

391 1078 564 1150 cujus
590 1075 935 1150 Apologiam
951 1075 1229 1149 scriptam
1261 1076 1332 1132 ab
1361 1076 1629 1132 haeretico
1660 1077 1770 1133 sub
1803 1078 2039 1134 nomine

394 1164 671 1239 martyris
689 1164 872 1222 edidit
903 1184 916 1221 :
949 1166 1122 1237 cujus
1149 1165 1546 1222 defensionem
1596 1166 1772 1223 etiam
1803 1167 2037 1239 proprio

393 1253 692 1311 volumine
745 1254 1042 1327 professus
1073 1257 1162 1311 est
1222 1271 1234 1310 :
1296 1255 1606 1311 adversum
1662 1256 1816 1327 quod
1856 1256 1916 1311 in
1948 1271 2038 1311 se-

394 1342 734 1416 quentibus,
781 1342 832 1398 si
873 1342 1133 1399 dictandi
1181 1342 1439 1416 spatium
1470 1344 1665 1411 fuerit,
1701 1344 2037 1417 disputabo.

392 1431 511 1488 Hoc
571 1430 795 1503 loquor,
854 1430 949 1487 cui
1004 1431 1400 1488 contradicere
1458 1450 1574 1489 non
1604 1438 1817 1505 potest.
1867 1434 1927 1489 Si
1955 1433 2038 1487 illi

382 1519 527 1591 licet
555 1535 671 1576 non
701 1518 1054 1576 intellexisse
1103 1521 1258 1592 quod
1309 1520 1634 1589 transtulit,
1682 1538 1863 1593 quare
1894 1522 2039 1578 mihi

388 1625 505 1667 non
537 1608 711 1665 liceat
738 1609 1042 1682 ignorasse
1071 1608 1255 1666 libros
1284 1609 1409 1684 περὶ
1452 1610 1691 1685 Ἀρχῶν,
1726 1628 1875 1683 quos
1906 1616 2040 1667 ante

390 1714 509 1757 non
531 1695 777 1770 legi;et
824 1714 923 1754 eas
973 1701 1204 1754 tantum
1262 1698 1548 1755 Homilias
1598 1699 1830 1772 legisse,
1892 1717 2039 1773 quas

389 1785 686 1852 transtuli,
738 1786 797 1842 in
845 1786 1061 1858 quibus
1113 1786 1259 1842 nihil
1308 1804 1438 1844 esse
1469 1787 1629 1856 mali,
1664 1788 1851 1861 ipsius
1874 1789 2038 1846 testi-

392 1874 659 1932 monium
689 1879 779 1932 est
804 1874 833 1931 ?
862 1875 965 1931 Sin
996 1880 1194 1932 autem
1225 1881 1427 1933 contra
1469 1879 1820 1934 sententiam
1869 1895 2038 1934 suam

391 1980 549 2019 nunc
578 1979 672 2020 me
703 1964 763 2018 in
791 1962 876 2020 eis
907 1964 1121 2037 arguit,
1151 1964 1212 2019 in
1254 1966 1469 2037 quibus
1509 1971 1643 2022 ante
1683 1966 2038 2034 laudaverat,

2147 635 2461 691 criminum
2495 635 2644 705 ejus,
2678 651 2794 690 non
2823 635 3044 707 scripta
3096 637 3385 691 venerunt
3413 651 3427 690 :
3459 638 3517 691 et
3558 634 3767 692 stulam

2146 728 2235 779 est
2282 726 2454 796 juxta
2511 722 2877 795 Apostolum,
2938 725 3153 797 pugnis
3218 740 3412 780 aerem
3466 724 3769 781 verberare.

2144 817 2362 869 Tamen
2420 812 2480 867 in
2537 811 2828 867 incertum
2875 813 3261 885 respondebo,
3311 814 3495 869 donec
3535 812 3605 868 ad
3633 815 3776 869 certa

2145 901 2477 972 perveniam
2511 917 2525 955 :
2560 897 2848 969 ἀντίζηλον
2888 917 3089 957 meum
3119 901 3338 958 docebo
3367 903 3390 936 ¹
3419 917 3610 969 senex,
3631 901 3776 972 quod

2147 1005 2292 1062 puer
2336 988 2532 1058 didici,
2584 989 2768 1045 multa
2808 1006 2937 1046 esse
2967 1006 3179 1063 genera
3206 989 3528 1046 dictionum
3561 1007 3574 1058 ;
3605 995 3659 1045 et
3685 1004 3777 1062 pro

2147 1078 2433 1150 qualitate
2464 1077 2741 1149 materias,
2776 1096 2889 1133 non
2951 1078 3143 1135 solum
3197 1079 3538 1147 sententias,
3590 1078 3686 1135 sed
3729 1080 3781 1133 et

2146 1166 2580 1239 Scripturarum
2610 1168 2632 1200 ³
2660 1168 2836 1222 verba
2865 1168 3099 1223 variari.

2218 1258 2305 1311 l6.
2370 1256 2764 1313 Commentarii
2814 1257 2946 1328 quid
2998 1258 3177 1328 operis
3233 1257 3487 1313 habeant.
3549 1258 3782 1313 Donatus

2144 1347 2444 1417 prceceptor
2471 1346 2811 1418 Hieronymi.
2872 1377 2940 1387 —
2997 1345 3356 1419 Chrysippus
3387 1348 3446 1401 et
3498 1343 3785 1415 Antipater

2148 1433 2299 1489 inter
2327 1433 2558 1505 spineta
2586 1438 2913 1490 versantur.
2944 1434 3365 1491 Demosthenes
3414 1436 3473 1489 et
3500 1431 3784 1489 Escbines

2149 1526 2350 1577 contra
2380 1539 2441 1577 se
2491 1522 2739 1578 invicem
2775 1522 3110 1579 fulminant.
3145 1522 3349 1595 Lysias
3404 1525 3461 1578 et
3518 1521 3787 1578 Isocrates

2109 1639 2117 1646 -
2149 1610 2398 1667 dulciter
2426 1612 2635 1669 ﬂuunt.
2663 1612 2807 1667 Mira
2826 1612 2887 1667 in
2918 1610 3170 1685 singulis
3200 1609 3637 1676 diversitas,sed
3667 1624 3787 1664 om-

2072 1920 2119 1985 B

2150 1716 2254 1755 nes
2286 1700 2345 1755 in
2375 1716 2481 1755 suo
2512 1700 2751 1772 perfecti
2782 1705 2941 1769 sunt,
2976 1701 3129 1773 Lege
3159 1699 3231 1755 ad
3282 1699 3618 1754 Herennium
3644 1694 3787 1752 Tulli

2152 1787 2358 1855 libros,
2390 1788 2516 1861 lege
2540 1789 2849 1846 Rhetoricos
2878 1790 3042 1861 ejus:
3076 1793 3197 1856 aut,
3232 1788 3373 1860 quia
3389 1787 3492 1843 illa
3515 1786 3625 1843 sibi
3661 1784 3793 1840 dicit

2149 1876 2423 1932 inchoata
2453 1881 2510 1932 et
2539 1878 2710 1934 rudia
2730 1878 3013 1934 excidisse
3034 1878 3106 1934 de
3133 1874 3660 1944 manibus,revolve
3684 1873 3790 1930 tria
3816 1888 3821 1895 '

2149 1965 2450 2022 volumina
2506 1965 2575 2021 de
2612 1967 2859 2033 Oratore,
2918 1966 2978 2021 in
3032 1966 3250 2038 quibus
3308 1963 3629 2020 introducit
3679 1961 3793 2018 elo-

394 2053 659 2126 undique
689 2052 928 2109 strictus
961 2053 1269 2109 tenebitur.
1322 2059 1441 2111 Aut
1487 2056 1646 2111 enim
1690 2054 1905 2113 idcirco
1952 2073 2043 2111 me
2152 2054 2574 2126 quentissimos
2602 2054 2762 2111 illius
2792 2054 3075 2127 temporis
3106 2058 3386 2118 oratores,
3428 2054 3700 2110 Crassum
3740 2052 3795 2106 et

389 2140 703 2198 heriticum
733 2141 1034 2198 hominem
1065 2140 1491 2215 laudavit,quia
1519 2144 1785 2215 ejusdem
1812 2161 2043 2200 mecum
2152 2142 2471 2198 Antonium
2494 2142 2881 2215 disputantes,
2905 2149 2962 2199 et
2988 2147 3264 2215 quartum
3297 2142 3598 2208 Oratorem,
3628 2153 3791 2212 quem

393 2231 689 2304 dogmatis
718 2234 843 2287 erat
867 2248 880 2286 :
904 2234 1007 2287 aut
1037 2248 1193 2287 nunc
1225 2231 1442 2287 frustra
1472 2232 1749 2290 inimicus
1785 2238 2041 2301 accusat,

393 2334 573 2393 quem
605 2319 770 2392 prius
800 2323 865 2376 ut
894 2319 1284 2376 orthodoxam
1332 2321 1688 2394 praedicavit.
1714 2322 1824 2377 Sed
1876 2322 2046 2378 forsi-

2146 2234 2274 2304 jam
2308 2249 2482 2288 senex
2510 2232 2715 2288 scribit
2743 2233 2814 2287 ad
2847 2233 3094 2288 Brutum
3128 2249 3140 2287 :
3174 2235 3312 2286 tunc
3357 2228 3648 2302 intelliges
3701 2225 3795 2283 ali-

2156 2326 2246 2377 ter
2304 2321 2574 2394 componi
2632 2321 2972 2391 Historiam,
3036 2320 3204 2376 aliter
3258 2319 3585 2386 Orationes,
3644 2315 3801 2373 aliter

392 2413 495 2466 tan
530 2412 672 2465 tunc
711 2425 936 2466 errores
984 2426 1145 2466 meos
1191 2410 1361 2482 quasi
1420 2411 1647 2467 amicus
1705 2411 1936 2478 tacuit;
1992 2416 2048 2468 et
2155 2410 2448 2483 Dialogos,
2506 2409 2676 2466 aliter
2733 2409 3040 2481 Epistolas,
3100 2409 3271 2465 aliter
3325 2404 3801 2464 Commentarios.

398 2513 556 2555 nunc
586 2497 772 2554 iratus
802 2497 1024 2571 profert
1052 2499 1206 2571 quod
1238 2499 1403 2571 prius
1432 2499 1735 2556 celaverat.

473 2587 562 2642 15.
594 2587 892 2643 Comment.
928 2588 987 2641 in
1017 2589 1170 2659 epist.
1203 2587 1274 2643 ad
1302 2589 1496 2659 Ephes.
1522 2592 1725 2644 tuetur.
1758 2618 1827 2629 -
1856 2588 2049 2652 Quan-

403 2690 585 2746 quam
614 2690 731 2730 non
762 2678 1056 2731 mereatur
1103 2676 1278 2731 fidem
1306 2676 1719 2741 inconstantia,
1752 2683 1807 2732 et
1838 2678 2055 2749 profes-

403 2779 482 2819 sas
503 2761 768 2818 inimitias
790 2761 1184 2834 suspicionem
1202 2763 1459 2820 habeant
1494 2766 1781 2821 mendacii
1816 2784 1829 2820 :
1856 2770 2051 2821 tamen

405 2855 680 2911 aucacter
732 2850 1026 2907 conferam
1082 2852 1353 2925 gradum,
1430 2852 1632 2910 volens
1693 2854 1842 2911 scire
1911 2854 2052 2926 quid

402 2938 743 2995 haereticum
773 2938 1131 3011 scripserim,
1164 2944 1230 2995 ut
1257 2943 1359 2997 aut
1384 2957 1520 2996 cum
1545 2940 1645 2997 illo
1677 2958 1848 3014 agam
1879 2942 2054 3014 poeni-

402 3027 673 3100 tentiam,
704 3031 761 3084 et
790 3028 1058 3101 Origenis
1089 3028 1246 3085 mala
1288 3030 1590 3103 ignorasse
1621 3048 1714 3087 me
1736 3033 1954 3103 jurem,
1989 3049 2055 3089 ac

397 3133 556 3175 nunc
580 3117 840 3191 primum
871 3134 907 3174 a
934 3134 1087 3191 papa
1115 3118 1439 3191 Theophilo
1470 3119 1747 3176 didicisse
1788 3121 2056 3194 impieta-

395 3210 486 3264 tes
514 3207 643 3280 ejus
670 3224 684 3263 :
716 3211 818 3263 aut
846 3210 1001 3264 certe
1050 3207 1292 3264 doceam
1343 3224 1435 3264 me
1474 3207 1714 3280 quidem
1744 3209 1891 3266 bene
1923 3228 2054 3266 sen-

2159 2500 2276 2572 Ego
2309 2498 2466 2555 enim
2500 2499 2556 2553 in
2608 2498 3058 2554 Commentariis
3087 2498 3158 2553 ad
3191 2496 3477 2570 Ephesios
3508 2496 3594 2552 sic
3622 2494 3805 2565 Orige-

2160 2604 2296 2644 nem
2330 2593 2386 2644 et
2425 2587 2738 2660 Didymum
2771 2591 2829 2643 et
2885 2585 3314 2659 Apollinarium
3380 2589 3622 2643 secutus
3678 2596 3801 2640 sum

2160 2676 2284 2748 (qui
2314 2680 2467 2732 certe
2491 2676 2783 2732 contraria
2814 2675 2967 2731 inter
2992 2690 3055 2731 se
3092 2674 3311 2731 habent
3362 2673 3689 2747 dogmata),
3748 2672 3807 2725 ut

2161 2766 2295 2821 ﬁdei
2329 2782 2469 2820 mea:
2501 2782 2615 2820 non
2674 2765 3002 2821 amitterem
3031 2764 3355 2820 veritatem.
3399 2756 3806 2820 Commentarii

2162 2854 2302 2926 quid
2334 2854 2523 2926 operis
2565 2855 2779 2910 habent
2799 2854 2827 2908 ?
2852 2853 3105 2909 Alterius
3136 2854 3295 2909 dicta
3321 2851 3805 2918 edisserunt,qum

2163 2944 2410 2999 obscure
2439 2944 2655 3015 scripta
2684 2948 2842 3010 sunt,
2875 2942 3050 3015 plano
3080 2958 3347 2998 sermone
3378 2939 3759 3009 manifestant
3791 2951 3803 2990 :

2163 3030 2486 3086 multorum
2509 3032 2827 3087 sententias
2849 3030 3151 3103 replicant,
3173 3034 3232 3085 et
3258 3029 3466 3085 dicunt
3498 3045 3513 3085 :
3547 3027 3711 3084 Hunc
3727 3023 3805 3080 lo-

2163 3135 2297 3175 cum
2330 3119 2569 3191 quidam
2592 3120 2675 3175 sic
2704 3120 3055 3186 edisserunt,
3082 3118 3182 3175 alii
3205 3118 3289 3175 sic
3311 3118 3805 3191 interpretantur:

2166 3207 2250 3263 illi
2282 3226 2522 3264 sensum
2555 3226 2729 3264 suum
2752 3213 2809 3265 et
2838 3206 3283 3280 intelligentiam
3307 3206 3400 3263 his
3432 3203 3807 3269 testimoniis,

404 3295 575 3366 sisse,
608 3296 712 3353 sed
740 3294 909 3351 illum
957 3311 1119 3353 more
1165 3313 1273 3352 suo
1304 3313 1421 3353 non
1469 3296 1811 3371 intelligere.
1854 3299 2055 3371 Neque
2084 3288 2127 3355 C
2165 3302 2222 3353 et
2247 3298 2357 3353 hac
2388 3299 2657 3353 nituntur
2684 3298 2906 3354 ratione
2928 3298 3163 3353 ﬁrmare
3189 3313 3203 3352 :
3235 3300 3300 3351 ut
3331 3296 3596 3368 prudens
3619 3293 3809 3358 lector,

414 3385 573 3465 enim
605 3384 730 3441 ﬁeri
761 3388 952 3458 potest
997 3389 1064 3441 ut
1093 3385 1151 3441 in
1181 3385 1402 3442 eisdem
1434 3386 1506 3442 ad
1556 3387 1837 3460 Ephesios
1866 3388 2057 3458 libris,

417 3477 563 3548 quot
592 3477 657 3529 ut
684 3473 1312 3545 audio,criminatur,et
1341 3476 1489 3531 bene
1509 3480 1567 3531 et
1588 3476 1739 3532 male
1771 3477 2016 3534 dixerim
2037 3496 2058 3541 ,·

414 3569 473 3620 et
501 3563 574 3620 de
594 3563 799 3619 eodem
829 3563 1017 3619 fronte
1046 3562 1215 3620 dulce
1243 3581 1630 3636 amarumque
1660 3568 2009 3637 processerit
2040 3584 2054 3622 :

414 3656 481 3708 ut
509 3652 610 3725 qui
639 3655 761 3709 toto
786 3667 959 3725 opere
1016 3652 1419 3709 damnaverim
1472 3669 1592 3721 eos,
1653 3656 1751 3726 qui
1811 3657 2057 3712 credunt

406 3740 637 3799 animas
694 3758 762 3797 ex
789 3741 1013 3813 angelis
1069 3742 1357 3812 conditas,
1414 3742 1609 3799 subito
1667 3743 1781 3799 mei
1838 3744 2056 3801 oblitus

404 3833 552 3887 471
588 3830 647 3888 id
678 3830 1047 3887 defenderem
1100 3831 1255 3902 quod
1314 3835 1448 3887 ante
1488 3831 1780 3887 damnavi.
1843 3832 2055 3889 Stulti-

404 3919 548 3977 tiam
580 3919 725 3976 mihi
746 3919 997 3992 objicere
1020 3936 1137 3977 non
1158 3924 1371 3993 potest,
1395 3937 1569 3991 quem
1595 3921 2054 3977 disertissimum

407 4013 466 4065 et
492 4007 1044 4081 eloquentissimum
1097 4008 1158 4064 in
1212 4009 1337 4065 suis
1384 4008 1685 4083 opusculis
1714 4010 2049 4083 predicavit.

406 4096 640 4168 Alioqui
689 4100 851 4153 stuta
895 4097 1236 4167 verbositas,
1270 4098 1486 4154 rabulas
1511 4098 1707 4171 potius
1738 4103 1794 4155 et
1833 4100 2053 4171 garruli

404 4181 683 4254 hominis,
724 4200 901 4258 quam
931 4184 1259 4258 eloquentis
1325 4188 1584 4259 putanda
1641 4193 1746 4244 est.
1805 4188 1952 4251 Quid
1992 4188 2053 4244 in

481 4382 498 4415 ¹
531 4380 626 4438 Sic
655 4378 905 4437 habetur
929 4382 986 4437 in
1018 4382 1460 4455 synodicanum.
1510 4387 1546 4438 2
1605 4400 1616 4438 ε
1682 4407 1709 4435 ‹‹
1751 4384 2053 4441 Obturavi-

405 4469 549 4529 mus
578 4468 750 4529 aures
780 4457 1035 4522 nostras,
1065 4458 1122 4510 et
1150 4458 1270 4529 tam
1302 4455 1631 4529 Origenem,
1666 4473 1846 4529 quam
1875 4456 2050 4512 disci—

402 4524 577 4600 pulos
602 4525 769 4600 ejus,_
784 4541 1038 4581 consona
1066 4542 1204 4600 voce
1233 4524 1664 4600 damnavimus,
1684 4524 1731 4600 Β)
1763 4534 1872 4584 etc.

479 4592 849 4665 "Avéttgnkov
903 4612 1086 4652 meum
1138 4597 1354 4654 docebo.
1416 4599 1495 4653 Ex
1546 4592 1659 4654 hoc
1711 4599 1835 4656 loco
1893 4598 2050 4655 haud

2168 3404 2302 3442 cum
2333 3387 2594 3443 diversas
2624 3385 3066 3459 explanationes
3104 3384 3329 3456 legerit,
3381 3388 3442 3440 et
3500 3381 3815 3440 multorum

2165 3476 2253 3532 vel
2282 3476 2602 3549 probanda,
2657 3474 2747 3531 vel
2805 3474 3194 3547 improbanda
3242 3472 3544 3540 didicerit,
3593 3469 3814 3543 judicet

2166 3565 2307 3636 quid
2337 3563 2529 3620 verius
2556 3563 2632 3619 sit
2662 3581 2675 3619 :
2710 3568 2767 3619 et
2796 3562 2966 3635 quasi
3005 3563 3195 3618 bonus
3234 3561 3545 3633 trapezita,
3600 3557 3817 3617 adulte-

2166 3653 2304 3708 rinae
2336 3657 2580 3709 monetae
2612 3651 2919 3725 pecuniam
2951 3651 3236 3724 reprobat.
3270 3650 3426 3706 Num
3459 3651 3704 3706 diverse
3736 3646 3820 3702 in-

2164 3741 2594 3814 terpretationis
2649 3743 2689 3808 ⁴,
2741 3746 2798 3796 et
2855 3740 3280 3797 contrariorum
3331 3740 3493 3797 472
3553 3739 3706 3795 inter
3761 3749 3820 3791 se

2165 3848 2446 3888 sensuum
2474 3830 2744 3887 tenebiur
2794 3847 2949 3894 reus,
3010 3828 3111 3902 qui
3168 3828 3226 3884 in
3286 3845 3404 3885 uno
3438 3844 3619 3902 opere
3665 3824 3817 3899 quod

2163 3920 2845 3992 edisserit,expositiones
2876 3918 3139 3991 posuerit
3186 3916 3587 3991 plurimorum
3615 3916 3644 3971 ?
3683 3915 3824 3971 Puto

2164 4010 2320 4082 quod
2336 4026 2480 4082 puer
2507 4009 2718 4081 legeris
2747 4009 2913 4080 Aspri
2945 4009 3003 4063 in
3034 4006 3348 4080 Virgilium
3377 4012 3438 4063 et
3469 4005 3817 4064 Sallustium

2163 4099 2646 4155 Commentarios.
2697 4098 2945 4154 Vulcatii
3004 4096 3062 4152 in
3134 4096 3443 4153 Orationes
3503 4091 3820 4159 Ciceronis,

2162 4186 2443 4244 Victorini
2464 4187 2526 4242 in
2556 4185 2825 4259 Dialogos
2855 4186 2984 4257 ejus
3013 4189 3071 4241 et
3101 4186 3161 4241 in
3182 4184 3439 4242 Terentii
3461 4182 3823 4248 Comoedias,

2162 4390 2350 4459 ptum,
2379 4385 2533 4458 quod
2566 4383 2814 4439 retineat
2840 4382 2928 4439 vel
2958 4384 3267 4459 antipalon,
3301 4381 3825 4459 velantimaehort.‘

2162 4454 2262 4514 sed
2295 4454 2499 4512 omnes
2532 4472 2674 4510 mss.
2736 4460 2967 4527 nostros
3025 4454 3251 4511 codices
3310 4455 3571 4527 retinere
3614 4465 3829 4527 purum

2160 4530 2402 4585 verbum
2433 4529 2748 4594 antiselon;
2780 4526 2867 4582 vel
2900 4526 3044 4598 illud
3076 4526 3449 4598 apertissime
3474 4522 3831 4598 renuntiare

2162 4602 2219 4655 in
2239 4600 2499 4671 vestigiis
2521 4599 2852 4671 Graecorum
2878 4594 3832 4671 elementorum.’A~r-.:(calcavere

403 4667 659 4752 multum
688 4660 913 4752 difficili
943 4668 1114 4725 velim
1134 4673 1198 4724 ut
1224 4668 1523 4752 intelligat.
1543 4671 1724 4726 lector
1751 4670 2052 4752 studiosus
2084 4660 2129 4725 D
2160 4660 2515 4752 Hieronimi,
2546 4670 2739 4752 idest,
2766 4671 2995 4752 {emulas
3052 4674 3110 4752 et
3146 4670 3429 4752 zelotypus
3463 4660 3611 4752 fuit
3668 4664 3825 4752 ῌμῆξ

405 4744 627 4812 quanta
680 4738 758 4812 sit
804 4740 949 4812 fides
1007 4756 1073 4812 ac
1119 4741 1378 4812 eruditio
1417 4738 1699 4798 'veterum
1755 4741 2047 4798 editorum

401 4808 760 4884 Hieronymi,
792 4808 1215 4884 quidv'cic-qlov
1257 4812 1519 4869 omnium
1579 4830 1721 4869 mss.
1755 4815 2046 4869 codictum

400 4881 692 4941 consensu
723 4899 756 4938 a
787 4881 956 4938 nobis
999 4884 1360 4950 restitutum,
1393 4901 1497 4940 nec
1525 4885 1861 4954 conjectura
1888 4901 2045 4941 asse-

400 4956 860 5036 qui‘potuerun‘t.
913 4954 1010 5036 Sic
1038 4954 1819 5036 igitur-locumpraasentem.
1866 4956 2047 5036 resti-

401 5024 542 5095 t'uit,
568 5031 626 5082 et
653 5024 890 5095 scholiis
921 5026 1045 5081 suis
1066 5024 1391 5082 illustravit

401 5100 494 5165 20,
510 5092 803 5170 ἆντίπᾳλον
834 5114 1017 5153 meum
1045 5097 1259 5170 docebo.
1293 5098 1487 5167 Senex,
1521 5098 1662 5170 quod
1686 5114 1828 5170 puer
1854 5098 2045 5170 didici.

397 5167 821 5242 Adversarium
845 5170 961 5242 haec
990 5185 1099 5224 vox
1140 5169 1453 5241 significat,
1493 5167 1607 5242 h-pc
1663 5167 1751 5224 est
1810 5167 2044 5222 ἐναντὶον

395 5238 486 5293 καὶ
518 5237 711 5313 ἐχθρόν
746 5256 759 5294 :
810 5239 1084 5313 idemque
1119 5237 1376 5313 prorsus
1411 5245 1501 5296 est
1537 5237 1773 5313 sensus,
1807 5241 1864 5313 si,
1891 5246 2047 5313 lega-

398 5314 496 5367 tur
524 5309 851 5396 ἆύτῖμέαἉον.
911 5309 1074 5396 Quod
1120 5309 1318 5367 autem
1358 5310 1475 5394 legi
1517 5312 1702 5396 possit
1733 5312 1818 5366 vel
1847 5311 2051 5393 ῥμογὲ·

401 5400 565 5457 ροντα
603 5370 1138 5458 νὸινᾶδηνογέροντα,
1181 5370 1477 5438 somnium
1516 5370 1601 5458 est
1646 5370 2047 5458 Erasmianum

399 5454 537 5508 nam
556 5454 1136 5535 praeterquamqu-od
1162 5471 1334 5510 sensu
1360 5459 1517 5535 caret
1544 5456 1665 5510 haec
1699 5454 2048 5535 lectio,apud

398 5528 629 5598 cuncta,
663 5540 789 5598 qua:
821 5541 929 5580 nos
955 5525 1212 5598 vidimus
1244 5543 1377 5598 cum
1408 5527 1717 5598 impressa,
1744 5532 1870 5581 tum
1904 5525 2045 5598 mss.

400 5593 788 5667 exemplaria,
830 5599 933 5650 aut
986 5593 1279 5650 ἀντίπαλον
1334 5593 1689 5667 invenimus,
1744 5603 1846 5653 aut
1904 5596 2048 5650 ἀντὶ·

406 5665 607 5741 mag.
669 5665 983 5741 Hucusque
1039 5667 1375 5737 Marianus;
1409 5670 1501 5725 cui
1535 5688 1639 5741 ego
1680 5665 2047 5741 respondeo,

406 5686 607 5797 μαῆον.
669 5686 983 5739 mucusque
1040 5686 1375 5737 marianus;
1409 5686 1501 5725 Olli
1535 5688 1639 5800 8ῗο
1700 5686 2045 5741 respondeo,

398 5755 482 5827 nu
536 5755 635 5801 um
665 5738 823 5816 apud
872 5754 979 5804 nos
1016 5754 1325 5817 superesse
1372 5757 1577 5821 exemp
1605 5758 1671 5803 ar
1717 5742 2045 5800 manuscri-

1486 5027 1724 5082 arianus
1755 5026 2048 5083 Victorius

2156 4761 2289 4809 nus,
2321 4738 2705 4798 ut'invectivaz
2737 4743 2865 4812 ejus
2895 4745 2952 4796 et
2989 4738 3614 4811 calumniis—probare
3649 4738 3825 4795 etiam

2156 4814 2355 4871 stultis
2384 4817 2651 4885 possunt.
2683 4813 2763 4867 Ex
2819 4812 2997 4867 Levit.
3055 4830 3217 4878 xvm,
3254 4812 3320 4885 18
3352 4813 3653 4885 :_Ua:prem
3689 4822 3830 4885 _n_o_n

2154 4878 2399 4956 accipiet
2460 4900 2625 4956 super
2697 4899 2939 4956 sororem
2980 4885 3141 4956 ejus
3187 4926 3234 4956 ,_
3284 4879 3651 4956 ἀγτίζηλονπ
3689 4878 3835 4935 Vide

2157 4950 2313 5014 LXX.
2350 4950 2637 5012 MARTlAN.
2680 4985 2750 4995 -——
2780 4950 3069 5010 Victorius
3120 4950 3439 5020 ἀντίπαλον,
3476 4950 3608 5010 suis
3638 4954 3701 5008 in
3731 4966 3830 5008 eo-

2158 5028 2386 5084 dicibus
2414 5028 2556 5083 dicit
2583 5026 2897 5099 invenisse,
2922 5032 3027 5099 aut
3056 5024 3381 5099 aivzipwxov,
3405 5027 3577 5096 quod
3611 5029 3832 5099 utrum-

2158 5117 2271 5172 que
2311 5098 2710 5172 adversarium
2742 5101 2951 5172 sonat;
2984 5092 3625 5172 simulque'Eras'mum
3657 5092 3832 5172 casti-

2158 5163 2278 5244 gat,
2309 5170 2556 5244 quilegi
2590 5185 2761 5241 posse
2795 5171 3035 5244 putabat
3063 5163 3531 5244 ὁμοῆρρογταβνθι
3563 5163 3832 5244 εἰρηνογὲ-

2161 5236 2343 5317 [Boviani
2377 5236 2751 5296 Martianaeus
2795 5236 3058 5295 restituit
3103 5236 3401 5308 ’ἀνεὲὶζηλυν
3435 5255 3471 5294 e
3520 5236 3663 5296 suis
3685 5236 3834 5294 mss.

2230 5315 2252 5349 ³
2285 5314 2386 5368 Sed
2414 5316 2466 5368 et
2496 5313 2925 5383 Scripturarum.
2961 5314 3019 5366 In
3054 5311 3329 5383 pluribus,
3356 5326 3510 5366 mss.
3546 5310 3833 5383 legimus,

2913 5352 2925 5365 ο
2961 5347 3019 5366 ιιι
3058 5347 3322 5372 μιμιιυυῠ
3358 5347 3510 5366 ιιιῠαο
3547 5347 3833 5372 ιῡκιωυυν

2158 5386 2253 5441 sed
2292 5392 2344 5440 et
2372 5380 2751 5440 stucturdrum
2806 5383 2967 5438 verba
3020 5380 3239 5438 vitiari.
3283 5382 3589 5438 Maurum.
3615 5380 3708 5424 ⁷-
3775 5380 3837 5434 In

2160 5456 2429 5528 pluribus
2472 5472 2616 5511 mss.
2675 5454 2784 5528 legi
2843 5458 3095 5528 testatur
3160 5454 3568 5528 Martianmus,
3631 5453 3734 5528 sed
3787 5456 3840 5528 et

2158 5523 2561 5583 structurarum
2612 5523 2792 5581 verba.
2849 5526 2988 5581 Mihi
3036 5525 3224 5598 magis
3281 5523 3597 5596 arrideret,
3631 5524 3729 5581 sed
3752 5524 3836 5581 est

2158 5601 2563 5657 sententiarum
2594 5598 2773 5659 verba,
2807 5603 2914 5652 etc.

2229 5672 2252 5707 ι
2280 5671 2459 5731 Vetus
2490 5670 2654 5739 edit.,
2686 5670 2802 5726 Non
2831 5668 3062 5726 diversae
3090 5667 3601 5744 interpretationis.
