3958 6440
1415 422 1732 492 CONTRA
1772 423 2137 492 RUFINUM
2180 424 2328 491 LIB.
2375 425 2423 489 Ι.

3458 425 3468 443 ⁵
3497 418 3627 493 ’430

213 562 590 638 praeceptoris
617 561 734 621 mei
760 561 970 620 Donati
997 576 1160 635 teque
1189 561 1250 618 in
1280 561 1615 635 Virgilium,
1639 565 1696 619 et
1724 561 1866 618 alio-
1895 568 1949 631 Α
1979 579 2156 634 quam
2218 578 2322 635 pro
2373 560 2657 617 tribunali
2707 561 2913 617 Festus
2987 561 3206 618 diceret
3238 581 3251 618 :
3307 584 3335 612 «
3394 563 3626 621 Insanis

215 670 345 710 rum
377 653 438 710 in
470 651 617 709 alios
650 668 664 708 :
700 651 974 709 Plautum
1010 650 1303 718 videlicet,
1336 651 1690 720 Lucretium,
1716 650 1871 723 Flac-

215 759 377 810 cum,
407 742 673 798 Persium
703 745 880 814 atque
907 742 1232 798 Lucanum.
1267 743 1462 815 Argue
1516 740 1871 814 interpretes

214 847 446 898 eorum,
497 847 680 903 quare
738 847 853 887 non
919 847 1100 887 unam
1153 829 1628 903 explanationem
1687 829 1871 886 secuti

218 920 344 979 sint
373 937 388 976 :
423 923 482 976 et
509 920 569 977 in
599 920 805 977 eadem
839 936 901 978 re
922 921 1062 993 quid
1087 918 1176 976 vel
1209 919 1346 988 sibi,
1378 918 1466 975 vel
1513 918 1643 975 aliis
1673 918 1871 974 videa-

223 1014 345 1077 tur,
375 1012 739 1065 enumerent.

296 1099 386 1153 17.
420 1098 584 1155 Vitia
611 1098 881 1155 sermonis
911 1096 1123 1169 Ruﬁni.
1150 1128 1219 1137 —
1272 1096 1658 1154 Praetermitto
1716 1096 1872 1152 Gre-

221 1203 345 1255 cos,
379 1203 633 1259 quorum
663 1190 727 1242 tu
751 1187 945 1257 jactas
975 1186 1304 1255 scientiam,
1336 1189 1393 1241 et
1422 1186 1565 1241 dum
1614 1184 1873 1257 peregri-

222 1294 299 1333 na
330 1275 594 1346 sectaris,
627 1292 774 1350 pene
802 1275 892 1331 tui
923 1275 1213 1332 sermonis
1243 1273 1461 1331 oblitus
1483 1290 1545 1330 es
1579 1290 1689 1331 :ne
1721 1276 1874 1329 vete-

216 1366 267 1423 ri
290 1365 619 1439 proverbio,
650 1366 762 1421 Sus
792 1365 1132 1433 Minervam,
1166 1365 1375 1421 docere
1416 1363 1633 1429 videar,
1696 1367 1754 1418 et
1812 1363 1873 1417 in

220 1454 429 1511 silvam
460 1453 623 1527 ligna
664 1458 915 1526 portare.
938 1453 1090 1511 Illud
1149 1454 1352 1521 miror,
1414 1452 1572 1525 quod
1629 1451 1877 1507 Aristar-

220 1544 369 1600 chus
392 1544 406 1579 ¹
435 1543 623 1600 nostri
652 1543 935 1616 temporis
956 1542 1202 1616 puerilia
1225 1543 1340 1598 ista
1361 1540 1658 1597 nescieris.
1682 1541 1875 1605 Quan-

221 1649 403 1705 quam
434 1637 501 1689 tu
532 1636 851 1705 occupatus
877 1632 937 1688 in
968 1631 1262 1700 sensibus,
1304 1635 1364 1688 et
1396 1631 1466 1687 ad
1530 1630 1873 1686 struendam

223 1720 372 1777 mihi
423 1720 784 1778 calumniam
842 1721 1118 1778 cernulus
1142 1723 1186 1788 ³,
1244 1720 1770 1793 grammaticorum
1818 1721 1877 1774 et

221 1814 528 1868 oratorum
594 1815 881 1884 praecepta
936 1809 1401 1883 contempseris,
1488 1809 1875 1881 parvipendes

1980 653 2178 718 Paule,
2211 650 2436 707 insanis
2469 668 2482 719 ;
2516 650 2714 706 multae
2743 654 2799 708 te
2829 650 3032 707 litterae
3064 652 3137 706 ad
3168 651 3463 708 insaniam
3488 668 3627 711 con-

1978 746 2213 797 vertunt
2241 742 2377 812 (Act.
2410 758 2561 807 xxvr,
2591 741 2703 813 24).
2739 764 2760 789 ιι
2797 742 2883 796 Tu
2915 741 3014 813 qui
3045 741 3105 796 in
3143 741 3366 797 Latinis
3404 742 3619 800 mussi-

1979 836 2093 897 tas,
2126 836 2181 886 et
2209 828 2539 886 testudineo
2570 830 2753 903 gradu
2779 830 3029 886 moveris
3076 829 3289 903 potius,
3323 846 3502 902 quam
3533 831 3626 887 in-

1980 919 2176 975 cedis:
2210 917 2301 973 vel
2331 918 2527 975 Graace
2556 919 2733 975 debes
2764 919 3039 986 scribere,
3073 924 3138 975 ut
3168 920 3322 992 apud
3354 920 3630 977 homines

1982 1008 2164 1064 Graeci
2194 1007 2483 1064 sermonis
2510 1008 2752 1080 ignarus
2782 1007 2971 1064 aliena
3001 1009 3150 1065 scire
3193 1009 3444 1066 videaris
3472 1028 3485 1066 :
3536 1008 3628 1066 vel

1982 1098 2032 1154 si
2064 1097 2268 1154 Latina
2297 1096 2635 1166 tentaveris,
2686 1101 2821 1153 ante
2887 1098 3093 1154 audire
3151 1099 3628 1171 grammaticum,

1982 1186 2179 1243 ferulae
2210 1203 2452 1243 manum
2484 1186 2850 1254 subtrahere,
2874 1191 2933 1242 et
2961 1188 3115 1243 inter
3135 1187 3412 1260 parvulos
3442 1186 3632 1256 ἀθηνο-

1983 1276 2157 1350 γέρων
2180 1278 2202 1311 ³
2231 1280 2416 1332 artem
2442 1274 2720 1347 loquendi
2751 1274 2993 1333 discere.
3052 1277 3331 1343 Quamvis
3396 1279 3626 1334 Crassos

1983 1366 2119 1435 quis
2149 1365 2335 1438 Spiret
2364 1369 2422 1421 et
2452 1364 2676 1433 Darios,
2708 1364 2913 1421 litterae
2946 1365 3316 1438 marsupium
3365 1383 3481 1422 non
3541 1383 3633 1423 se-

1984 1458 2264 1526 quuntur.
2299 1453 2543 1510 Sudoris
2582 1454 2827 1511 comites
2857 1456 2997 1511 sunt
3026 1459 3083 1510 et
3111 1453 3531 1523 laboris;sociaa
3546 1456 3633 1527 je-

1975 1544 2307 1615 juniorum,
2340 1560 2458 1599 non
2508 1543 2834 1600 saturitatis
2868 1561 2881 1610 ;
2941 1544 3333 1612 continentiae,
3366 1560 3482 1599 non
3540 1542 3633 1599 lu-

1982 1634 2182 1690 xuriae.
2218 1633 2639 1689 Demosthenes
2667 1632 2799 1704 plus
2832 1633 2939 1688 olei
2975 1649 3154 1705 quam
3180 1633 3299 1688 vini
3323 1633 3633 1706 expendis-

1984 1741 2046 1781 se
2076 1722 2312 1789 dicitur,
2346 1726 2404 1778 et
2432 1738 2637 1778 omnes
2668 1722 2906 1794 Opiﬁces
2928 1722 3227 1778 nocturnis
3259 1739 3492 1795 semper
3548 1721 3633 1777 vi-

1984 1811 2143 1886 giliis
2173 1810 2543 1883 prazvenisse.
2577 1809 2741 1875 Quod
2770 1808 2867 1864 ille
2897 1810 2958 1864 in
2989 1822 3110 1864 una
3140 1809 3336 1866 littera
3367 1809 3506 1866 fecit
3535 1825 3641 1865 ex-

222 1892 505 1975 ὁπὲρϐατα
522 1906 651 1972 post
683 1900 981 1957 anfractus
1024 1899 1283 1966 reddere,
1335 1898 1710 1971 asperitatem
1759 1896 1875 1953 evi-
1901 1933 1952 1999 B
1983 1900 2313 1975 primenda,
2339 1903 2406 1954 ut
2448 1916 2482 1955 a
2512 1915 2656 1955 eane
2684 1897 2789 1954 rho
2820 1897 3091 1965 disceret,
3123 1902 3187 1954 tu
3220 1899 3280 1953 in
3312 1914 3405 1955 me
3436 1897 3642 1954 crimi-

220 1993 349 2046 tare
386 1988 859 2055 consonantium,
893 1988 1150 2045 hiulcam
1181 1988 1383 2060 fugere
1413 1986 1752 2043 dictionem.
1777 1986 1880 2043 Ri-

229 2076 499 2135 diculum
529 2081 621 2134 est
649 2076 935 2134 debilitati
966 2082 1024 2134 et
1043 2077 1208 2134 fracti
1236 2077 1420 2133 totius
1469 2076 1729 2149 corporis
1757 2076 1882 2132 vul-

194 2199 199 2203 -
228 2182 375 2223 nera
402 2182 592 2239 pauca
620 2170 967 2223 monstrare.
991 2166 1114 2223 Non
1149 2165 1298 2239 eligo
1355 2166 1514 2238 quod
1574 2164 1882 2237 reprehen-

224 2256 392 2322 dam,
416 2254 595 2326 eligat
623 2255 749 2328 ipse
769 2255 926 2327 quod
947 2254 1089 2310 vitio
1118 2258 1333 2310 careat.
1356 2254 1439 2309 Ne
1474 2252 1620 2309 illud
1641 2252 1882 2325 quidem

227 2343 602 2401 Socraticum
633 2359 806 2400 nosse
835 2344 1117 2401 debuerat
1147 2361 1161 2399 :
1204 2343 1333 2399 Seio
1364 2342 1507 2416 quid
1540 2342 1738 2399 nescio
1774 2360 1786 2397 :

292 2450 500 2501 Navem
530 2463 688 2514 agere
716 2450 938 2514 ignarus
959 2449 1120 2514 navis
1147 2450 1299 2514 timet
1325 2465 1339 2511 ;
1373 2449 1692 2514 abrotanum
1740 2461 1883 2512 ωενο

291 2514 413 2577 Non
441 2511 619 2572 audet,
633 2511 859 2577 nisifqui
885 2511 1237 2577 didicit,dar_e,
1256 2512 1408 2577 Quod
1423 2512 1762 2577 medicorum
1783 2511 1883 2569 est,

196 2580 207 2583 ’
298 2576 618 2625 Promittunt
644 2574 837 2625 medici
868 2590 881 2623 :
914 2578 1145 2625 tractant
1172 2574 1385 2624 fabrilia
1413 2574 1568 2624 fabri.

293 2638 589 2689 Scribimus
606 2637 807 2689 indocti
835 2638 1085 2701 doctique
1115 2640 1361 2701 poemata
1389 2638 1609 2701 passim.

895 2697 1133 2763 (Bois-In;
1159 2701 1323 2763 Epist.
1361 2697 1407 2759 ις
1438 2699 1513 2749 ad
1539 2697 1788 2762 August.)

228 2807 357 2865 Nisi
390 2807 536 2864 forte
566 2823 628 2864 se
659 2806 886 2863 litteras
911 2823 1026 2862 non
1070 2805 1350 2862 didicisse
1395 2804 1624 2877 jurabit
1659 2830 1673 2872 ;
1733 2820 1883 2877 quos

228 2913 342 2953 nos
373 2896 457 2952 illi
488 2899 545 2952 et
572 2896 796 2968 absque
816 2896 1158 2968 juramento
1206 2893 1481 2968 perfacile
1532 2892 1830 2950 credimus
1865 2908 1879 2949 :

225 2984 323 3041 vel
353 2985 427 3041 ad
455 2983 799 3057 Apostolum
830 2983 1128 3057 confugiet
1185 2983 1559 3056 proﬁtentem
1585 2999 1599 3038 :
1654 3005 1683 3033 «
1713 2982 1784 3037 Et
1833 2981 1883 3037 si

227 3073 547 3148 imperitue
562 3090 858 3141 sermone,
893 3090 1009 3130 non
1038 3076 1237 3129 tamen
1267 3072 1514 3129 scientia
1571 3072 1618 3144 (ι
1645 3074 1769 3129 Cor.
1800 3087 1879 3139 x1,

227 3164 312 3237 6).
348 3185 378 3213 »
411 3162 515 3219 Ille
569 3162 824 3219 Hebraeis
882 3162 1096 3220 litteris
1150 3161 1435 3230 eruditus,
1495 3166 1553 3218 et
1607 3161 1644 3217 d
1702 3161 1882 3233 pedes

229 3252 447 3309 doctus
473 3250 830 3319 Gamalielis,
854 3267 1029 3323 quem
1062 3267 1178 3307 non
1210 3250 1521 3315 erubescit,
1560 3250 1687 3321 jam
1746 3264 1882 3321 apo-

230 3340 458 3399 stolica:
486 3340 813 3414 dignitatis,
845 3340 1200 3414 magistrum
1243 3339 1457 3405 dicere,
1490 3339 1750 3395 Graecam
1795 3337 1879 3393 fa-

235 3428 517 3487 cundiam
548 3429 979 3498 contemnebat,
1009 3428 1098 3486 vel
1127 3432 1301 3497 certe,
1335 3429 1491 3501 quod
1524 3431 1648 3483 erat
1684 3426 1886 3482 humi-

237 3518 448 3586 litatis,
482 3517 899 3575 dissimulabat
930 3536 944 3587 ;
978 3522 1045 3574 ut
1079 3517 1415 3591 praedicatio
1465 3517 1615 3588 ejus,
1650 3533 1766 3571 non
1824 3515 1888 3570 in

236 3608 622 3684 persuasione
650 3608 807 3664 473
839 3608 1174 3674 verborum,
1203 3607 1305 3663 sed
1338 3607 1397 3662 in
1447 3607 1753 3680 signorum
1772 3604 1889 3660 vir-

232 3700 362 3753 tute
390 3696 770 3766 consisteret;
827 3712 1111 3769 spernens
1169 3695 1391 3752 alienas
1447 3710 1608 3768 opes,
1669 3694 1769 3767 qui
1827 3694 1888 3749 in

206 3785 366 3843 -suis
395 3785 557 3842 dives
587 3790 714 3842 erat
745 3802 759 3853 ;
794 3801 1134 3859 quanquam
1166 3786 1237 3841 ad
1279 3785 1644 3857 imperitum,
1677 3788 1735 3840 et
1786 3800 1891 3857 per

232 3871 509 3946 singulas
538 3871 728 3928 instar
753 3872 839 3928 tui
898 3872 1224 3929 sententias
1282 3876 1676 3937 corruentem,
1739 3888 1890 3927 nun-

307 3998 336 4071 ‘_
360 3995 635 4071 Gamium
668 4000 829 4071 puta,
862 3998 1316 4071 grammaticum
1348 4002 1405 4053 et
1435 3997 1704 4071 criticum
1763 4013 1890 4071 ma-

218 4068 340 4142 gni
370 4067 627 4152 nominis
662 4067 686 4123 τ’
709 4067 998 4152 cujusiha:
1028 4074 1226 4152 tamen
1254 4073 1449 4142 partes
1509 4069 1723 4152 Rufino
1761 4068 1889 4152 lmi-

230 4140 353 4196 nus
376 4144 531 4195 certe
561 4140 915 4196 conveniunt
985 4158 1123 4198 uam
1162 4140 1511 4212 Hieronymo
1540 4140 1799 4212 ipsimet.

307 4212 331 4247 ³
360 4215 428 4267 Et
457 4211 527 4267 ad
555 4213 899 4268 struendam.
934 4159 1095 4269 ﬁnus
1125 4213 1306 4269 codex
1334 4216 1499 4269 vetus
1529 4228 1664 4267 cum
1695 4211 1799 4267 edit

307 4212 331 4247 ³
360 4215 428 4267 Et
457 4211 527 4267 ad
555 4213 899 4268 struendam.
934 4211 1095 4270 Unus
1125 4213 1306 4269 codex
1334 4211 1499 4269 vetus
1529 4211 1664 4267 cum
1695 4211 1889 4280 editis,

236 4283 309 4339 ad
356 4283 679 4339 struendam
705 4285 853 4340 mihe
906 4286 1249 4341 calumniam
1305 4300 1563 4340 cernuus.
1627 4283 1892 4339 Cernuus

235 4359 438 4411 autem
486 4353 574 4410 vel
630 4355 906 4411 cernulus
963 4355 1355 4413 calumniator
1412 4354 1895 4427 intelligiturtet

232 4440 563 4483 conversus
592 4427 665 4482 ad
698 4426 1055 4485 calumniam
1088 4427 1450 4484 struendam.
1486 4426 1770 4482 Murrus.
1796 4426 1891 4482 Sic

236 4498 359 4554 ille.
388 4496 501 4553 Alii
528 4497 696 4571 editi,
729 4500 947 4571 quibus
978 4516 1121 4571 mss.
1150 4497 1419 4571 nonnulli
1464 4499 1889 4571 suffragantur,

233 4584 500 4644 cernuus.
532 4568 678 4644 Vide
707 4568 1144 4644 numcervurlus
1169 4570 1281 4643 legi
1316 4570 1522 4644 possit,
1542 4574 1615 4644 Aet
1667 4568 1891 4644 animal

1993 1990 2176 2056 naris,
2208 2004 2391 2061 quare
2420 1988 2598 2045 homo
2630 1989 2701 2044 ab
2731 1987 2968 2044 homine
2993 1988 3263 2044 Hebraeas
3298 1988 3525 2044 litteras
3556 1988 3643 2044 di-

1993 2080 2258 2136 dicerim.
2291 2078 2430 2133 Inde
2461 2082 2551 2133 est
2573 2078 2727 2149 quod
2761 2077 3001 2149 quidam
3058 2076 3353 2133 inerudite
3410 2076 3640 2149 sapien-

1990 2173 2081 2225 tes
2111 2170 2417 2224 remanent
2435 2169 2476 2235 ‘,
2511 2167 2651 2222 dum
2685 2166 2893 2222 nolunt
2917 2166 3142 2223 discere
3163 2167 3319 2238 quod
3341 2165 3637 2238 ignorant.

1992 2258 2107 2315 Nec
2138 2257 2445 2313 Horatium
2476 2255 2728 2312 audiunt
2754 2259 3223 2311 commonentem
3260 2273 3273 2310 :

2083 2383 2186 2431 Cur
2213 2380 2418 2431 nescire
2450 2379 2657 2443 pudens
2684 2380 2704 2414 ³
2725 2392 2906 2443 prave,
2929 2392 3090 2442 quam
3118 2378 3324 2428 discere
3353 2377 3496 2429 malo
3522 2381 3546 2426 ?

1992 2496 2281 2568 Loquitur
2309 2500 2367 2551 et
2396 2495 2714 2567 Sapientia,
2747 2511 2926 2566 quam
2957 2495 3067 2550 sub
3100 2493 3339 2551 nomine
3360 2492 3638 2551 Salomo-

1991 2587 2085 2642 nis
2114 2584 2368 2658 legimus
2401 2602 2413 2641 :
2453 2604 2477 2632 c
2510 2584 2575 2639 In
2609 2582 2954 2639 malevolam
3011 2581 3270 2638 animam
3329 2598 3640 2655 nunquam

1992 2675 2234 2731 intrabit
2262 2673 2569 2747 sapientia,
2604 2689 2710 2729 nec
2739 2672 3028 2728 habitabit
3058 2672 3118 2727 in
3146 2688 3389 2745 corpore
3433 2672 3638 2728 subdi-

1989 2770 2049 2821 to
2080 2763 2355 2837 peccatis.
2388 2762 2645 2835 Spiritus
2682 2761 2840 2818 enim
2872 2765 3114 2817 sanctus
3170 2761 3515 2818 eruditionis
3546 2762 3639 2817 fu-

1991 2854 2111 2927 giet
2140 2852 2362 2919 dolum,
2384 2856 2441 2908 et
2464 2852 2691 2908 recedet
2719 2868 2753 2907 a
2782 2850 3237 2924 cogitationibus
3267 2850 3465 2910 stultis
3485 2850 3639 2923 (Sap.

1992 2962 2031 3015 ι,
2062 2945 2117 3013 4,
2146 2946 2225 3012 5).
2252 2966 2281 2992 »
2306 2941 2481 2997 Aliud
2511 2945 2620 3008 est,
2651 2941 2701 2997 si
2730 2939 2891 3013 vulgi
2918 2939 3165 2998 lectione
3195 2940 3477 3009 contenti,
3525 2940 3633 2996 do-

1990 3036 2219 3091 ctorum
2250 3048 2422 3088 aures
2453 3030 2822 3103 despiciunt;
2855 3033 2912 3085 et
2941 3032 3326 3084 contemnunt
3351 3027 3495 3084 illud
3520 3027 3639 3083 elo-

1990 3123 2175 3197 gium.
2206 3137 2323 3193 quo
2355 3136 2565 3193 procax
2595 3117 2887 3191 imperitia
2916 3118 3232 3173 denotatur
3265 3134 3278 3172 :

2086 3282 2098 3295 .
2134 3282 2146 3297 .
2183 3283 2194 3294 .
2227 3280 2240 3293 .
2277 3281 2289 3293 .
2323 3280 2335 3293 .
2366 3244 2484 3293 Non
2512 3246 2572 3291 tu
2600 3242 2655 3290 in
2692 3241 2879 3303 triviis,
2900 3240 3155 3303 gindocte.
3188 3238 3418 3297 solebas,

2085 3307 2340 3360 Stridenti
2369 3307 2623 3355 miserum
2652 3302 3192 3367 stipula'disperdere
3216 3314 3433 3352 carmen
3459 3302 3486 3351 Ἰ

1998 3432 2175 3498 Quasi
2207 3448 2323 3487 non
2353 3429 2700 3487 cirratorum
2731 3427 2905 3483 turba
2932 3428 2954 3462 ⁸
2985 3427 3349 3484 Milesiarum
3381 3427 3439 3483 in
3472 3424 3645 3487 scho-

1998 3523 2073 3580 lis
2102 3522 2385 3595 ﬁgmenta
2413 3519 2680 3575 decantet
2711 3535 2724 3574 :
2757 3522 2816 3574 et
2844 3521 3269 3574 testamentum
3299 3516 3453 3586 Suis,
3502 3516 3647 3574 Bes-

2003 3629 2202 3670 sorum
2258 3609 2542 3666 cachinno
2572 3608 2839 3664 membra
2894 3607 3205 3675 concutiat,
3267 3612 3441 3680 atque
3498 3608 3652 3664 inter

2001 3717 2338 3758 scurrarum
2369 3697 2595 3773 epulas,
2628 3714 2795 3770 nugae
2825 3696 3164 3753 istiusmodi
3186 3697 3650 3768 frequentantur,

2001 3792 2267 3860 Quotidie
2296 3791 2355 3845 in
2378 3789 2588 3862 plateis
2619 3789 2787 3844 ﬁctus
2819 3786 3039 3843 ariolus
3085 3784 3400 3841 stultorum
3438 3787 3602 3840 nates
3622 3784 3642 3820 ⁷

1999 3882 2281 3949 verberat,
2315 3884 2371 3935 et
2399 3879 2627 3935 obtorto
2674 3879 2830 3933 414
2890 3891 3173 3948 scorpone
3230 3874 3437 3929 dentes
3495 3888 3658 3928 mor-

2000 4007 2133 4074 bus,
2169 4005 2279 4060 Cur
2303 4004 2522 4059 nescire
2543 4000 2785 4074 prudens
2808 4016 3000 4074 prave,
3031 4002 3139 4074 etc.
3199 3999 3504 4074 Erasmus,
3539 3997 3651 4053 Cnr

1998 4069 2209 4134 nescire
2233 4076 2505 4147 prudens,
2539 4069 2650 4129 etc.
2685 4069 2852 4145 Apu‘d
2886 4071 3218 4143 Horatium,
3240 4069 3304 4126 de
3334 4071 3463 4126 Arte
3518 4085 3647 4143 poe-

2001 4152 2111 4205 tica
2138 4149 2208 4204 ad
2239 4149 2462 4203 Pisones
2490 4163 2509 4200 .-

2093 4265 2200 4314 Cur
2229 4262 2420 4327 ego,_si
2450 4273 2676 4327 nequeo,
2711 4259 3026 4323 ignoroque,
3051 4262 3209 4327 poeta
3238 4259 3444 4327 salutor
3471 4260 3495 4307 ?

2094 4328 2197 4377 Cur
2223 4321 2433 4375 néscire
2460 4321 2669 4387 pudens
2696 4321 2878 4386 prave,
2911 4321 3071 4386 Quam
3101 4321 3307 4433 discerpi;
3339 4321 3479 4371 malo
3509 4323 3534 4370 ’ἶ

3300 4397 3500 4435 amas.

2073 4507 2095 4541 ⁸
2126 4506 2294 4580 Quasi
2323 4520 2451 4580 non
2472 4505 2807 4580 cirratorum
2837 4503 3003 4557 turba
3025 4501 3137 4580 _De
3167 4500 3399 4580 cirratis
3444 4497 3657 4580 “pueris

2004 4569 2187 4651 supra
2248 4578 2308 4631 in
2353 4574 2630 4648 Epistolis
2686 4575 2963 4630 diximus.
3025 4573 3265 4628 Persius
3312 4572 3384 4627 de
3441 4569 3656 4625 iisdem

238 4637 535 4723 agnaepxeg
565 4640 1071 4737 sive‘acutis‘s‘imij
1093 4637 1256 4737 visus
1288 4637 1470 4737 nqtet,
1504 4641 1675 4737 eiqpe
1732 4641 1871 4724 Rufi

2025 4637 2100 4706 ἰαὶ
2126 4667 2143 4705 1
2170 4666 2199 4723 :_

234 4711 748 4786 num'assi‘miletL
790 4715 945 4786 quod
1001 4715 1074 4770 ad
1130 4715 1474 4786 struendam
1528 4711 1889 4770 calumniam

235 4788 413 4841 acute
455 4783 1010 4857 videret.gPaeianus
1070 4784 1513 4842 Barcinonensis
1574 4786 1891 4857 quemdam

242 4857 472 4930 librum
503 4855 1075 4930 suuminscripsisse
1106 4858 1505 4930 dicitur.cerus
1533 4855 1621 4912 vel
1650 4856 1891 4930 ceratas,

237 4928 402 5001 quod
432 4943 647 5001 nomen
679 4929 836 4985 idem
868 4928 934 4985 ac
981 4928 1385 5001 calumniator
1424 4943 1633 5001 sonare
1698 4929 1894 5001 visum

236 4999 332 5057 est
366 5016 382 5067 ;
413 5001 474 5073 et
495 5000 745 5073 ceratum
798 5003 1000 5073 facere,
1043 5000 1413 5057 calumniari.
1464 4999 1607 5056 Vide
1654 5016 1783 5071 quae
1834 5000 1894 5073 i_n

237 5069 671 5143 eumgCatalogi
710 5067 906 5143 locum
937 5074 1313 5129 adnotamus.
1399 5142 1403 5143 ν
1672 5067 1690 5071 “
1859 5067 1869 5079 “

308 5141 644 5219 ξραῃηιιοὲ
724 5141 1090 5219 ᾀθῃνογὲρων.
1149 5142 1525 5219 Ἀβῃνογρρων
1597 5147 1685 5198 est
1732 5158 1899 5219 senes:

239 5214 626 5281 scholasticus,
658 5216 755 5286 qui
784 5216 842 5271 in
895 5214 1194 5273 senectute
1224 5214 1433 5270 litteris
1463 5230 1705 5286 navare
1757 5215 1900 5270 inci-

245 5285 768 5360 piat_._‘Composita
828 5286 983 5343 dicto
1043 5304 1112 5345 ex
1166 5288 1394 5360 Ἀθήνη,
1452 5285 1718 5360 Minerua,
1770 5302 1898 5358 quae

246 5357 471 5441 studiis
499 5357 750 5441 prgesse
768 5359 1094 5441 icebatur,
1109 5364 1166 5416 et
1185 5358 1384 5441 γέρων,
1405 5372 1593 5439 senex.
1607 5357 1896 5441 Meminit.

242 5462 312 5470 -—
344 5429 468 5485 Sub
501 5429 737 5485 initium
768 5430 904 5486 libri
934 5431 1111 5503 tertii,
1178 5429 1458 5503 «'gNeque,
1488 5429 1900 5503 inquitLathe-

245 5505 569 5575 nogeronta
606 5518 802 5575 meum
837 5503 1061 5559 scutica
1090 5500 1147 5560 et
1179 5500 1367 5575 plagis
1416 5500 1646 5575 litteras
1698 5501 1903 5557 docere

248 5572 564 5699 minitando.
602 5596 631 5622 »
671 5572 893 5631 Nomen
926 5591 995 5631 ex
1024 5572 1221 5631 Graeco
1281 5572 1641 5645 discipulum
1700 5589 1902 5629 senem

250 5662 321 5699 n0
354 5663 387 5699 ει
423 5688 434 5699 .

250 5651 434 5702 notat.

316 5720 340 5754 ⁴
370 5718 555 5775 Vetus
588 5718 766 5785 Edit.,
799 5718 1024 5789 quidam
1054 5717 1323 5775 inerudili
1370 5715 1671 5789 prudenter
1725 5732 1903 5772 rema-

252 5794 403 5860 nent,
436 5794 549 5847 etc.

321 5864 346 5961 ξ
375 5858 485 5927 Cur
510 5861 727 5946 nescire
743 5861 977 5943 pudens.
1002 5861 1300 5923 Marianas
1330 5875 1467 5946 eum
1496 5874 1643 5920 mss.
1689 5858 1909 5923 codici-

2128 4758 2234 4807 Nec
2262 4753 2510 4804 matutini
2530 4753 2729 4802 cirrata
2758 4755 2975 4801 caterva
3010 4749 3266 4813 magistri.
3300 4749 3549 4798 Murus.

2003 4896 2069 4948 —.
2099 4862 2394 4921 Comtalos
2420 4876 2631 4932 pueros
2662 4857 2955 4932 significat
2977 4856 3146 4928 juxta
3176 4854 3320 4911 illud
3371 4853 3657 4927 vulgatis-

2004 4952 2245 4993 simum.

2096 5041 2223 5094 Ten‘
2255 5041 2569 5090 cirratorum
2599 5038 2816 5086 centum
2847 5036 3045 5087 dictata
3078 5035 3265 5085 fuisse.

2103 5108 2198 5156 Pro
2226 5103 2394 5154 nihilo
2417 5100 2628 5166 pendas
2655 5102 2679 5147 ?

2006 5213 2229 5270 Vitiose
2268 5216 2464 5267 autem
2492 5208 2800 5278 hucusque
2857 5205 3114 5262 obtinuit
3166 5205 3503 5278 Milesiorum
3551 5220 3658 5277 pro

2010 5287 2368 5348 Milesiarum,
2404 5287 2623 5351 Nempe
2654 5275 2910 5334 Milesias
2942 5278 3136 5333 dixere
3166 5275 3394 5351 antiqui
3450 5275 3663 5349 genere

2010 5357 2459 5431 feminino,_non
2496 5349 2749 5431 neutro;
2785 5350 2987 5431 sicque
3017 5349 3397 5431 appellabant
3428 5364 3665 5431 poema-

2011 5435 2071 5485 ta
2100 5434 2156 5484 et
2178 5427 2406 5483 fabulas
2435 5423 2821 5488 lascivientes,
2857 5422 2979 5477 sive
3010 5422 3194 5477 aniles
3242 5422 3419 5477 etiam
3451 5425 3510 5475 et
3565 5437 3663 5476 va-

2012 5500 2259 5565 nidicas,
2293 5503 2349 5553 et
2405 5494 2744 5559 amatorias,
2797 5498 2906 5549 etc.
2968 5494 3114 5549 Vide
3168 5493 3547 5565 Plutarchum
3604 5490 3666 5547 in

2012 5560 2327 5628 Crasso'de
2357 5569 2600 5632 Surena,
2648 5564 2971 5621 Lucianum
3034 5566 3092 5620 in
3151 5564 3391 5637 Dialogo
3443 5560 3663 5637 ἔρωτες,

2014 5650 2123 5701 etc.
2159 5642 2293 5697 Suis
2331 5642 2750 5694 testamentum
2781 5638 2911 5693 vide
2972 5637 3129 5710 apud
3190 5635 3550 5693 Brissonium
3594 5635 3668 5690 de

2016 5713 2307 5772 Formulis
2338 5710 2437 5765 lib.
2471 5727 2569 5764 v11.

2085 5788 2105 5822 "
2138 5783 2511 5855 Martianaeus
2540 5795 2721 5837 nares.
2760 5781 2904 5840 Vide
2924 5796 3054 5855 qua:
3077 5779 3334 5836 diximus
3356 5793 3538 5853 supra
3558 5774 3662 5836 lib.

2019 5878 2057 5923 ιι
2088 5858 2150 5919 in
2176 5858 2307 5924 Jov.
2332 5872 2390 5919 τι.
2424 5854 2494 5914 36
2522 5856 2646 5915 not.
