3958 6408
383 411 497 484 t3!

1621 406 1685 472 S.
1731 405 2048 473 EUSEBII
2081 404 2554 470 HIEBONYMI.

3659 397 3781 464 432

383 544 649 606 dentium
677 543 866 616 quatit
898 560 910 600 :
951 548 1010 600 et
1040 543 1325 602 miramur
1355 543 1405 601 si
1445 543 1852 617 imperitorum
1887 539 2020 597 libri
2051 541 2106 608 Α
2133 543 2189 596 et
2217 541 2438 612 absque
2468 537 2588 594 ulla
2617 537 2963 594 verecundia
2991 534 3278 609 quidquid
3308 534 3369 591 in
3391 533 3639 591 buccam
3681 547 3777 589 ve-

383 635 658 694 lectorem
692 633 994 691 inveniant
1020 634 1048 688 ?

458 724 545 789 18.
579 722 968 796 Indignantur
996 739 1177 795 quare
1206 721 1564 795 Origenistas
1587 722 1921 794 scripserim
1944 721 2029 776 in-

385 816 473 868 ter
500 827 564 868 se
595 811 775 886 orgiis
805 811 1243 868 mendaciorum
1273 811 1559 867 foederari.
1614 810 1920 867 Nominavi
1958 809 2027 863 1i-

384 901 582 967 brum,
611 901 671 960 in
703 917 820 972 quo
851 900 961 956 hoc
990 901 1279 973 scriptum
1311 900 1551 973 legerim
1587 919 1599 956 :
1670 899 1726 954 id
1756 904 1844 954 est
1902 916 2026 955 sex-

385 994 511 1048 tum
541 993 884 1050 Stromateon
907 989 1194 1062 Origenis,
1227 991 1283 1045 in
1318 1007 1433 1062 quo
1491 989 1748 1045 Platonis
1804 993 2028 1044 senten-

385 1080 476 1138 tias
549 1083 817 1137 nostrum
866 1079 1080 1151 dogma
1137 1095 1515 1150 componens,
1583 1077 1664 1133 ita
1719 1077 2024 1149 loquitur:

385 1191 414 1220 ‹‹
444 1166 605 1225 Plato
636 1166 694 1224 in
722 1167 893 1224 tertio
923 1167 988 1224 de
1018 1169 1312 1240 Republica
1342 1168 1492 1224 libro
1523 1185 1536 1223 :
1597 1167 1824 1222 Veritas
1883 1183 2028 1238 quo-

384 1271 498 1327 que
529 1255 807 1314 sectanda
845 1271 1197 1328 magnopere
1253 1260 1362 1312 est.
1406 1257 1464 1312 Si
1525 1256 1702 1320 enim,
1735 1259 1800 1310 ut
1854 1253 2028 1326 paulo

381 1347 516 1399 ante
541 1343 863 1402 rectissime
891 1345 1258 1413 dicebamus,
1290 1350 1402 1401 Deo
1434 1345 1710 1400 indecens
1741 1348 1796 1398 et
1825 1343 2029 1398 inutile

381 1431 752 1494 mendacium
781 1436 891 1500 est,
922 1433 1265 1489 hominibus
1325 1433 1679 1504 quandoque
1740 1431 1881 1486 utile
1941 1433 2028 1500 (ut

380 1525 621 1582 utantur
647 1536 714 1580 eo
746 1522 917 1593 quasi
950 1523 1330 1578 condimento
1365 1527 1543 1593 atque
1575 1520 1983 1591 medicamine)
2010 1539 2022 1587 ;

378 1609 526 1668 nulli
553 1610 802 1669 dubium
831 1616 940 1679 est,
975 1611 1116 1682 quin
1150 1611 1494 1682 hujusmodi
1517 1610 1753 1666 licentia
1783 1609 2027 1664 medicis

378 1699 572 1755 danda
591 1699 687 1767 sit,
721 1703 780 1756 et
803 1699 876 1758 ab
907 1698 1386 1770 imprudentibus
1428 1699 1797 1754 removenda.
1855 1698 2023 1762 Vera,

377 1785 594 1858 inquit,
627 1787 843 1848 asseris
875 1805 888 1843 :
925 1803 1060 1860 ergo
1092 1787 1384 1859 principes
1414 1788 1674 1852 urbium,
1725 1788 1774 1842 si
1809 1788 2024 1859 quibus

377 1874 596 1973 etaliis
627 1875 738 1973 hoc
767 1876 1127 1973 conceditur,
1160 1880 1387 1973 oportet
1417 1875 1735 1973 aliquando
1766 1876 2022 1973 mentiri,
2052 1904 2099 1973 Β

375 1965 465 2024 vel
497 1967 698 2022 contra
724 1963 943 2031 hostes,
975 1963 1061 2020 vel
1094 1980 1196 2036 pro
1232 1965 1417 2036 patria
1437 1969 1493 2020 et
1521 1965 1763 2020 civibus.
1783 1967 1865 2020 Ab
1889 1964 2021 2021 allls

377 2069 510 2110 vero
541 2053 643 2125 qui
667 2053 752 2108 uti
793 2052 1096 2109 mendacio
1155 2053 1445 2121 nesciunt,
1496 2054 1877 2110 auferendum
1931 2060 2022 2110 est

381 2157 554 2200 omne
585 2142 980 2204 mendacium.
1020 2165 1045 2189 ››
1073 2141 1348 2213 Origenes
1384 2161 1396 2198 :
1431 2166 1457 2190 ‹‹
1493 2143 1561 2197 Et
1591 2159 1696 2197 nos
1729 2143 1906 2214 igitur
1951 2143 2018 2197 il-

375 2229 492 2286 lius
515 2231 786 2304 pracepti
803 2247 1142 2290 memoreszv
1171 2231 1504 2302 Loquimini
1526 2231 1825 2286 veritatem
1842 2249 2019 2288 unus-

373 2319 623 2392 quisque
652 2337 787 2374 cum
827 2320 1092 2391 proximo
1125 2336 1230 2376 suo
1289 2319 1502 2391 (Ephcs.
1563 2337 1637 2390 iv,
1665 2321 1776 2386 25),
1814 2345 1839 2369 »
1900 2339 2014 2377 non

370 2409 652 2465 debemus
681 2408 894 2477 dicere,
936 2409 1072 2480 quis
1133 2413 1222 2464 est
1273 2409 1573 2480 proximus
1633 2410 1855 2464 meus?
1912 2412 2012 2466 sed

369 2498 737 2554 considerare
769 2499 1062 2569 quomodo
1119 2497 1506 2570 philosophus
1537 2502 1703 2553 caute
1755 2499 1965 2554 dixerit
1998 2516 2010 2555 :

367 2587 482 2642 Deo
510 2585 788 2642 indecens
815 2590 873 2640 et
902 2585 1109 2640 inutile
1139 2602 1267 2642 esse
1309 2585 1703 2653 mendacium,
1761 2587 2013 2643 homini-

366 2675 479 2731 bus
508 2674 803 2730 interdum
831 2673 974 2730 utile
1001 2692 1014 2742 ;
1064 2679 1122 2730 et
1151 2677 1305 2746 quod
1339 2692 1410 2731 ne
1442 2693 1545 2747 pro
1577 2677 2014 2747 dispensatione

367 2763 608 2835 quidem
639 2763 940 2835 putandus
970 2763 1046 2818 sit
1076 2763 1231 2818 Deus
1263 2764 1577 2835 aliquando
1617 2766 1871 2821 mentiri.
1906 2767 2006 2822 Sin

367 2858 565 2910 autem
595 2851 969 2907 commodum
993 2851 1284 2908 audientis
1312 2853 1582 2924 exegerit,
1604 2855 1794 2909 verbis
1821 2854 2008 2927 loqui-

363 2945 464 2996 tur
487 2940 783 3012 ambiguis
813 2944 869 2995 et
899 2957 1001 3012 per
1029 2941 1343 3011 aenigmata
1372 2959 1498 3013 quae
1529 2941 1648 2997 vult
1687 2945 1925 3014 profert,
1948 2950 2012 3000 ut

363 3035 420 3086 et
440 3029 698 3086 veritatis
729 3030 883 3100 apud
908 3046 1043 3085 eum
1059 3029 1315 3102 dignitas
1337 3035 1712 3086 conservetur
1738 3051 1750 3099 ;
1776 3038 1831 3087 et
1853 3034 2006 3104 quod

364 3119 602 3175 noxium
633 3134 762 3174 esse
793 3123 1040 3190 poterat,
1077 3119 1123 3173 si
1151 3119 1378 3174 nudum
1413 3119 1769 3191 proferretur
1797 3121 1855 3176 in
1879 3122 2007 3177 vul-

361 3224 496 3280 gus,
528 3208 784 3280 quodam
830 3212 1049 3264 tectum
1078 3207 1366 3265 velamine
1426 3209 1772 3280 proferatur.
1825 3211 2008 3267 Homo

2137 631 2285 686 nerit
2297 627 2646 701 confingitin
2661 627 3244 699 fratres,magistrum
3258 642 3319 681 se
3334 624 3624 697 optimum
3641 639 3782 696 pro-

2138 720 2258 773 bat.

2209 809 2296 861 19.
2321 808 2535 862 Psalmi
2587 823 2628 860 ιι
2677 807 3178 878 interpretationem
3234 802 3500 873 defendit.
3552 803 3782 857 Deoscu-

2137 897 2268 950 latio
2289 912 2387 968 pro
2417 897 2764 951 veneratione
2809 894 2953 965 apud
2985 894 3256 949 licentes.
3313 922 3381 934 —
3432 889 3578 946 Illud
3640 905 3786 962 quo-

2137 1001 2249 1056 que
2283 1001 2516 1056 carpere
2547 985 2778 1050 dicitur,
2815 984 2968 1054 quod
3003 982 3325 1038 secundum
3360 979 3657 1036 Psalmum
3692 978 3782 1034 in-

2135 1078 2482 1145 terpretans,
2518 1089 2620 1144 pro
2651 1089 2716 1128 eo
2749 1073 2904 1144 quod
2939 1071 3188 1143 legimus
3219 1071 3277 1124 in
3309 1069 3530 1134 Latino,
3574 1070 3782 1140 Appi-c-

2138 1163 2356 1219 hemtite
2383 1163 2735 1233 disciplinam
2768 1166 2868 1223 :et
2896 1159 2954 1214 in
2989 1159 3270 1215 Hebraico
3300 1157 3598 1213 volumine
3638 1157 3775 1212 scri-

2139 1258 2303 1324 ptum
2334 1256 2422 1307 est
2471 1268 2643 1306 mesen
2703 1267 2833 1316 sxa,
2864 1249 3108 1305 dixerim
3159 1250 3216 1302 in
3275 1245 3785 1302 Commentariolis

2139 1340 2284 1394 meis
2305 1342 2346 1407 ’,
2379 1340 2610 1395 Adorate
2638 1340 2840 1409 ﬁlium.
2874 1339 2941 1393 Et
2971 1353 3206 1392 rursum
3235 1351 3409 1392 omne
3428 1334 3782 1390 Psalterium

2137 1429 2196 1483 in
2230 1429 2560 1484 Romanum
2600 1433 2831 1483 vertens
2861 1442 3095 1494 sonum,
3128 1425 3299 1497 quasi
3340 1424 3655 1480 immemor
3681 1438 3781 1479 ex-

2137 1517 2444 1590 positionis
2475 1518 2724 1588 antiquae
2770 1516 3087 1587 posuerim,
3121 1515 3366 1570 Adorate
3383 1528 3522 1584 pure
3553 1533 3572 1578 ;
3624 1511 3783 1584 quod

2137 1607 2338 1678 utique
2371 1606 2479 1661 sibi
2509 1622 2637 1661 esse
2669 1605 3027 1660 contrarium
3059 1604 3336 1659 omnibus
3367 1605 3545 1674 patet.
3577 1602 3645 1656 Et
3691 1617 3783 1658 rc-

2133 1712 2267 1750 vera
2297 1695 2721 1768 ignoscendum
2753 1699 2839 1750 est
2861 1694 2936 1763 ei,
2960 1693 3008 1748 si
3042 1694 3269 1764 ignoret
3294 1691 3508 1764 linguis
3541 1689 3784 1746 Hebrai-

2133 1802 2210 1839 σω
2231 1785 2556 1856 veritatem,
2592 1785 2691 1857 qui
2716 1785 3010 1839 interdum
3042 1789 3099 1839 et
3146 1784 3204 1838 in
3239 1782 3460 1838 Latinis
3516 1781 3770 1837 haesitat.

2133 1875 2320 1930 Nesco
2346 1876 2386 1939 ³,
2420 1881 2484 1928 ut
2513 1875 2748 1929 verbum
2811 1874 2883 1928 de
2922 1873 3098 1927 verbo
3155 1873 3519 1944 interpreter,
3551 1889 3780 1946 καταφι-

2133 1960 2357 2031 λῆσατε,
2385 1964 2438 2019 id
2472 1969 2579 2030 est,
2612 1964 3009 2019 deosculamini
3037 1961 3251 2017 dicitur
3279 1979 3291 2016 :
3325 1961 3480 2033 quod
3512 1975 3618 2030 ego
3665 1976 3780 2015 no-

2131 2052 2256 2106 lens
2288 2052 2600 2108 transferre
2632 2052 2854 2122 putide,
2878 2067 3117 2106 sensnm
3151 2051 3338 2120 magis
3355 2054 3595 2106 secutus
3618 2064 3777 2116 sum,

2134 2146 2199 2195 ut
2228 2142 2504 2206 dicerem,
2537 2142 2778 2196 adorate.
2813 2142 2958 2206 Quia
2988 2140 3144 2194 enim
3169 2139 3266 2210 qui
3299 2139 3544 2194 adorant
3584 2140 3778 2193 solent

2125 2229 2452 2286 deosculari
2484 2247 2747 2296 manum,
2781 2233 2838 2283 et
2868 2229 3058 2301 capita
3096 2229 3440 2283 submittere
3472 2227 3648 2298 (quod
3707 2238 3774 2283 se

2129 2321 2336 2376 beatus
2363 2320 2474 2375 Job
2506 2319 2813 2376 elementis
2845 2323 2900 2372 et
2920 2317 3095 2373 idolis
3127 2319 3332 2373 fecisse
3355 2320 3548 2388 negat,
3573 2316 3780 2372 dicens

2124 2411 2264 2480 (cap.
2292 2426 2446 2476 xxxi,
2477 2411 2567 2473 27,
2597 2409 2688 2476 28)
2724 2424 2737 2462 :
2780 2428 2806 2459 α
2835 2407 2893 2461 Si
2918 2406 3034 2461 vidi
3055 2405 3236 2462 solem
3262 2423 3396 2461 cum
3420 2404 3688 2477 fulgeret,
3715 2410 3780 2461 et

2121 2496 2323 2552 lunam
2347 2497 2710 2552 incedentem
2741 2495 2894 2550 clare
2923 2511 2934 2548 :
2971 2501 3026 2550 ct
3047 2494 3303 2551 laetatum
3327 2493 3493 2550 estin
3520 2493 3775 2551 abscon-

2123 2587 2244 2640 dito
2267 2602 2365 2640 cor
2385 2601 2605 2651 meum,
2631 2583 3001 2640 etosculatus
3023 2600 3155 2639 sum
3187 2599 3430 2639 manum
3454 2598 3646 2638 meam
3669 2598 3776 2640 ore

2124 2691 2273 2740 meo,
2299 2691 2426 2746 quae
2451 2674 2731 2744 iniquitas
2755 2673 3011 2728 maxima
3058 2677 3166 2740 est,
3191 2677 3249 2728 et
3286 2671 3516 2744 negatio
3566 2675 3776 2728 contra

2123 2763 2306 2819 Deum
2331 2763 2689 2819 altissimum
2728 2763 2879 2832 n),et
2900 2762 3122 2817 Hebraei
3165 2762 3334 2833 juxta
3382 2760 3595 2834 linguae
3647 2777 3774 2816 sue

2122 2851 2556 2923 proprietatem,
2580 2849 3080 2906 deosculationem
3114 2866 3218 2922 pro
3258 2849 3630 2906 veneratione
3660 2865 3776 2920 po-

2119 2946 2286 3006 nunt,
2312 2941 2368 2994 id
2417 2939 2712 3009 transtuli,
2737 2939 2891 3010 quod
2947 2939 3056 3010 ipsi
3119 2937 3479 3010 intelligunt,
3506 2953 3767 3010 quorum

2117 3029 2358 3085 verbum
2375 3034 2481 3085 est.
2509 3030 2629 3084 ΒΑΗ
2650 3033 2844 3084 autem
2868 3028 3022 3099 apud
3048 3027 3177 3083 illos
3199 3028 3429 3083 diversa
3449 3027 3772 3098 signiﬁcat.

2119 3117 2348 3173 Dicitur
2367 3119 2524 3173 enim
2567 3122 2624 3173 et
2643 3119 2816 3188 ﬁlius,
2839 3123 2902 3171 ut
2928 3121 3015 3172 est
3066 3116 3249 3172 illud:
3303 3117 3571 3187 Barjona,
3615 3116 3776 3185 ﬁlius

2117 3208 2402 3274 columbae,
2431 3213 2488 3262 et
2509 3207 2988 3272 Bartholomaaus,
3017 3208 3169 3276 ﬁlius
3201 3207 3517 3263 Tholomaei.
3543 3209 3600 3262 et
3655 3205 3769 3260 Ba-

363 3278 580 3365 autem,
611 3297 707 3352 cui
731 3296 1020 3352 incumbit
1042 3297 1362 3352 necessitas
1393 3278 1738 3364 mentiendi,
1762 3299 2008 3372 diligen-
2041 3278 2082 3344 (ἶ
2121 3295 2321 3352 cbiesu
2345 3298 2384 3362 ‘,
2412 3301 2469 3352 et
2492 3296 2792 3351 Barrabas.
2820 3297 3080 3350 Triticum
3107 3310 3363 3366 quoque,
3383 3299 3439 3350 et
3487 3296 3773 3365 spicarum

366 3388 455 3441 ter
485 3385 766 3450 attendat,
789 3389 854 3439 ut
872 3385 956 3441 sic
974 3389 1175 3441 utatur
1198 3386 1491 3442 interdum
1525 3387 1847 3454 mendacio,
1871 3406 2012 3460 quo-

365 3473 540 3530 modo
573 3473 950 3530 condimento
976 3478 1152 3546 atque
1183 3475 1574 3530 medicamine
1601 3477 1613 3509 ¹
1657 3495 1669 3542 ;
1704 3485 1767 3531 ut
1823 3483 2010 3534 servet

364 3577 705 3620 mensuram
728 3562 877 3631 ejus,
903 3578 974 3618 ne
1013 3563 1251 3618 excedat
1271 3564 1578 3629 terminos,
1637 3566 1854 3635 quibus
1904 3585 2010 3622 usa

362 3654 452 3708 est
478 3649 682 3708 Juditb
716 3655 920 3707 contra
949 3650 1342 3719 Holofernem,
1375 3657 1432 3706 et
1487 3652 1622 3708 vicit
1680 3671 1812 3708 eum
1871 3674 2007 3726 pru-

360 3739 519 3796 denti
548 3739 926 3796 simulatione
957 3740 1290 3796 verborum.
1324 3741 1591 3796 Imitetur
1619 3743 1844 3811 Esther,
1881 3763 2006 3815 qua:

357 3828 684 3890 Artaxerxis
715 3829 1066 3886 sententiam
1091 3829 1380 3886 diutacita
1409 3831 1601 3902 gentis
1621 3832 1862 3888 veritate
1881 3850 2005 3888 cor-

357 3916 520 3974 rexit.
557 3918 622 3972 Et
653 3917 712 3972 in
745 3917 952 3991 primis
983 3917 1379 3990 patriarcbam
1414 3919 1564 3974 475
1597 3919 1795 3987 Jacob,
1830 3937 2006 3993 quem

353 4003 608 4078 legimus
651 4005 1092 4062 benedictiones
1152 4007 1334 4079 patris
1386 4007 1595 4063 artiﬁci
1657 4009 2005 4081 impetrasse

355 4093 678 4150 mendacio.
717 4095 794 4149 Ex
825 4111 940 4166 quo
971 4096 1347 4168 perspicuum
1382 4101 1490 4166 est,
1523 4099 1674 4169 quod
1746 4100 1859 4155 nisi
1923 4101 2004 4156 ita

356 4181 592 4237 mentiti
623 4182 1001 4251 fuerimus,ut
1030 4200 1312 4257 magnum
1335 4185 1505 4239 nobis
1535 4203 1602 4241 ex
1624 4187 1731 4242 hoc
1765 4189 2000 4260 aliquod

356 4274 655 4340 quaeratur
695 4271 1250 4343 bonum,judicandi
1298 4273 1508 4339 simus,
1558 4276 1725 4346 quasi
1776 4277 1998 4333 inimici

354 4359 628 4430 ejus,qui
647 4359 768 4415 ait:
803 4382 822 4409 α
850 4361 968 4433 Ego
985 4377 1117 4416 sum
1152 4361 1366 4417 veritas
1423 4366 1604 4429 (Joan.
1631 4368 1839 4434 x1v,6).
1870 4390 1896 4415 ››
1933 4399 2000 4406 -

351 4446 480 4504 Haec
507 4447 774 4521 Origines
799 4450 1051 4522 scripsit,
1078 4465 1288 4522 negare
1310 4469 1422 4507 non
1449 4469 1764 4524 possumus
1789 4473 1800 4510 :
1822 4456 2001 4528 scrip-

349 4535 500 4594 sitin
523 4536 867 4609 libris,quos
889 4538 958 4594 ad
980 4539 1264 4610 perfectos
1285 4544 1340 4596 et
1359 4542 1427 4596 ad
1453 4541 1775 4614 discipulos
1796 4542 1997 4614 loque-

2115 3386 2432 3454 fasciculus,
2467 3389 2524 3440 et
2539 3386 2757 3449 electus,
2782 3387 2874 3440 47
2889 3386 2936 3440 6
2953 3401 3019 3440 ac
3046 3401 3238 3456 purus.
3263 3384 3413 3449 Quid
3435 3383 3614 3456 igitur
3629 3398 3771 3456 pec-

2117 3475 2262 3538 cavi,
2283 3475 2332 3530 si
2354 3475 2597 3530 verbum
2634 3473 2978 3545 ambiguum
3003 3473 3230 3529 diversa
3287 3472 3770 3544 interpretatione

2117 3565 2417 3620 converti?
2437 3568 2494 3619 et
2518 3563 2617 3636 qui
2639 3564 2696 3618 in
2725 3562 3253 3632 Commentariolis,
3273 3563 3371 3617 ubi
3397 3562 3635 3617 libertas
3674 3567 3770 3620 est

2119 3654 2470 3720 disserendi,
2496 3653 3004 3720 dixeram,adorate
3024 3653 3202 3722 ﬁlium
3219 3669 3240 3714 ;
3268 3653 3326 3707 in
3351 3652 3478 3723 ipso
3501 3667 3772 3723 corpore,

2122 3757 2192 3796 ne
2223 3741 2518 3797 violentus
2548 3743 2777 3797 viderer
2800 3741 3105 3813 interpres,
3125 3747 3181 3796 et
3239 3741 3495 3796 Judaicee
3550 3739 3779 3796 calum-

2118 3831 2226 3886 nia:
2257 3830 2447 3886 locum
2475 3832 2698 3896 darem,
2731 3830 3002 3896 dixerim,
3036 3831 3260 3886 adorata
3283 3847 3440 3902 pure,
3473 3831 3593 3885 sive
3651 3829 3773 3886 ele-

2115 3923 2194 3973 cto.
2229 3937 2240 3974 :
2277 3920 2430 3991 quod
2464 3920 2672 3992 Aquila
2701 3935 2934 3991 quoque
2965 3923 3021 3974 et
3065 3919 3448 3992 Symmachus
3502 3923 3770 3976 transtu-

2114 4008 2328 4064 lerunt.
2363 4009 2510 4074 Quid
2549 4025 2685 4080 ergo
2736 4007 3141 4064 ecclesiastica:
3174 4008 3310 4064 fidei
3356 4012 3540 4075 nocet,
3571 4007 3620 4064 si
3653 4008 3770 4063 do-

2113 4101 2314 4153 ceatur
2339 4096 2536 4164 lector,
2571 4103 2714 4169 quot
2739 4097 2928 4152 modis
2959 4098 3112 4169 apud
3145 4096 3414 4152 Hebraeos
3445 4112 3600 4152 unus
3632 4111 3768 4151 ver-

2112 4185 2333 4241 siculus
2357 4185 2702 4257 explanetur
2732 4187 2760 4240 ?

2181 4277 2269 4330 20.
2295 4275 2547 4344 Originis
2576 4289 2806 4330 errores.
2844 4306 2908 4315 —
2940 4274 3173 4348 Origeni
3204 4281 3305 4331 tuo
3337 4275 3475 4332 licet
3505 4279 3766 4332 tractare

2110 4365 2180 4419 de
2217 4363 3141 4438 pereuntia-libeat,innumerabiles
3182 4366 3436 4421 mundos
3485 4365 3762 4420 introdu-

2111 4470 2260 4517 cere,
2285 4461 2342 4508 et
2373 4453 2752 4508 rationabiles
2773 4459 3071 4508 creaturas
3096 4453 3226 4508 aliis
3270 4460 3444 4527 atque
3491 4453 3625 4510 aliis
3655 4470 3762 4510 ve-

2113 4543 2250 4597 stire
2275 4543 2638 4614 corporibus,
2662 4542 3077 4615 Christumque
3109 4543 3299 4599 dicere
3321 4560 3470 4616 saepe
3492 4560 3763 4618 passum,

348 4625 864 4698 baturzdocetque
898 4627 1196 4700 magistris
1230 4629 1654 4699 mentiendum,
1679 4631 1998 4703 discipulos
2029 4645 2075 4710 ι)
2107 4637 2163 4686 et
2190 4633 2401 4703 smpius
2424 4648 2760 4704 passurum,
2786 4637 2850 4687 ut
2893 4633 3047 4703 quod
3095 4632 3274 4688 semel
3327 4633 3566 4705 profuit,
3600 4649 3761 4688 sem-

348 4718 543 4774 autem
566 4732 682 4774 non
709 4716 916 4774 debere
934 4718 1191 4775 mentiri.
1219 4719 1478 4792 Quiergo
1509 4720 1654 4776 bene
1686 4722 1989 4793 mentitur,

411 5045 428 5080 ¹
459 5044 669 5119 Confer
699 5062 833 5101 cum
864 5043 957 5101 his
991 5061 1117 5118 quae
1149 5041 1326 5119 habet
1351 5045 1408 5102 in
1441 5042 1751 5119 epistolam
1784 5047 1855 5107 ad
1879 5056 1987 5109 Ga-

340 5114 511 5190 latas,
545 5118 646 5172 lib.
694 5135 734 5190 ι,
777 5135 906 5190 cap.
965 5114 1072 5190 21:
1138 5117 1332 5174 Uti/em
1380 5114 1816 5188 simulationem,
1878 5131 1986 5184 etc.

338 5188 483 5243 Item
513 5204 647 5243 cum
677 5188 972 5245 Clemente
1000 5188 1390 5246 Alexandrino
1421 5190 1521 5246 lib.
1559 5209 1656 5255 vn,
1693 5193 1816 5248 730.
1851 5197 1986 5251 Cas~

339 5258 543 5314 sianus
569 5276 699 5330 cap.
729 5261 794 5314 47
829 5277 840 5315 :
877 5285 903 5311 «
933 5261 1095 5324 Quod
1126 5262 1431 5317 venialiter
1462 5263 1769 5318 mendacio
1797 5271 1985 5325 sancti

340 5334 625 5388 tanquam
646 5329 906 5387 elleboro
948 5333 1037 5388 usi
1070 5338 1227 5387 sunt.
1265 5354 1291 5382 »

407 5402 428 5434 ²
458 5401 772 5479 Vi_de_t_om.
800 5408 829 5479 ξ
862 5403 917 5457 in
952 5403 1289 5479 Praefatione
1338 5405 1618 5478 generali,
1656 5425 1782 5479 qua:
1837 5407 1982 5464 dixi-

337 5488 472 5528 mus
503 5473 574 5528 de
605 5472 762 5528 hisce
791 5473 1320 5532 Commentariolis.

404 5545 426 5578 ³
458 5545 805 5615 Praepostere
836 5543 974 5617 legit
1033 5545 1404 5604 Martianaeus
1465 5550 1548 5604 sic
1608 5552 1840 5606 lliesitat
1875 5567 1887 5604 :
1922 5557 1982 5606 ut

329 5616 504 5671 Nescu
532 5617 755 5689 verbium
785 5617 850 5671 de
878 5616 1040 5672 verba
1068 5619 1413 5689 interpreter,
1448 5628 1557 5676 etc.
1594 5622 1771 5677 Paulo
1829 5623 1980 5678 infra

328 5703 498 5760 voces
527 5697 578 5742 et
606 5688 768 5742 idolis
797 5689 946 5760 apud
983 5689 1127 5744 alios
1184 5688 1593 5748 desiderantur
1621 5711 1632 5758 ;
1693 5698 1976 5750 caeterum

327 5757 520 5833 locum
552 5757 884 5833 parenthesi
925 5760 1304 5826 includimus,
1335 5773 1388 5818 et
1445 5770 1801 5833 punctorum
1835 5766 1976 5821 vitio

325 5830 688 5898 laborantem
719 5833 1126 5891 emendamus.
1160 5833 1242 5890 De
1272 5833 1373 5892 illo
1403 5830 1684 5894 adorandi
1714 5836 1831 5895 ritu
1883 5837 1974 5896 in-

2107 4738 2207 4796 per
2255 4720 2439 4794 prosit
2468 4726 2842 4792 assumptum
2878 4741 2890 4778 :
2933 4722 3039 4778 tibi
3070 4739 3304 4794 quoque
3358 4724 3481 4796 ipse
3528 4726 3761 4779 tantam

2101 5046 2587 5124 signiacxempla
2617 5053 2758 5104 sunt
2802 5046 2872 5124 [Il
2902 5049 3129 5124 Regum
3188 5065 3314 5124 cap.
3368 5064 3492 5124 xxx,
3553 5048 3752 5124 Eccle-

2100 5122 2318 5178 siastici
2351 5122 2665 5193 capfxxrx.
2699 5123 2861 5186 Quod
2898 5122 3284 5194 Hieronymus
3313 5122 3496 5184 addit,
3537 5123 3752 5194 adora-

2101 5200 2261 5249 turos
2293 5192 2484 5266 capita
2516 5194 2882 5255 submittere,
2918 5192 3167 5266 explicat
3201 5194 3518 5266 Lampridii
3575 5192 3747 5266 locus

2097 5267 2166 5319 de
2198 5262 2538 5320 Alexandro.
2576 5266 2956 5319 Salutabalur
2988 5262 3220 5321 nomine
3255 5262 3362 5320 hnc.
3408 5287 3426 5312 «
3461 5271 3597 5333 Ave,
3620 5262 3754 5320 Ale-

2096 5339 2333 5393 xander.
2367 5339 2426 5392 Si
2461 5337 2593 5407 quis
2622 5341 2798 5407 caput
2840 5337 3114 5401 flexisset,
3149 5342 3249 5392 aut
3301 5337 3578 5392 blandius
3637 5335 3749 5392 ali-

2096 5409 2236 5481 quid
2295 5409 2556 5474 dixisset,
2591 5409 3057 5481 abjiciebatur.)>
3108 5409 3328 5481 Nempe
3386 5407 3616 5464 adorari
3675 5423 3741 5481 se

2094 5478 2415 5535 Alexander
2442 5485 2722 5534 vetuerat.
2747 5479 2987 5546 Plinius,
3011 5479 3122 5552 lib.
3149 5478 3346 5546 xxviii,
3375 5498 3499 5552 cap.
3524 5483 3558 5534 2
3593 5496 3654 5534 ;‹‹
3681 5478 3748 5536 In

2093 5552 2387 5606 adorando
2419 5552 2712 5606 dexteram
2759 5553 2828 5606 ad
2861 5551 3131 5606 osculum
3193 5551 3522 5618 referimus,
3553 5555 3746 5606 totum

2092 5640 2304 5692 corpus
2361 5623 2841 5692 circumagimus,
2877 5647 2900 5670 ››
2943 5629 3054 5677 etc.

2160 5667 2499 5749 ‘R’ictorius
2525 5667 2734 5748 mafuit
2765 5667 3024 5765 Btirjehu,
3049 5697 3105 5749 et
3133 5695 3280 5750 falso
3301 5695 3360 5749 in
3385 5694 3520 5750 aliis
3543 5707 3746 5750 exem-

2087 5766 2366 5839 plaribus,
2426 5767 2682 5839 Bariesus
2737 5767 2846 5837 legi
2907 5765 3224 5839 contendit.
3284 5767 3392 5839 Pro
3465 5768 3750 5839 Barrqbas

2087 5837 2340 5914 Quoque,
2357 5838 2672 5920 legendum
2689 5842 2858 5920 putat
2883 5837 2971 5896 vel
2989 5837 3400 5910 Barnabas,vel
3424 5839 3606 5896 Barza
3619 5838 3746 5899 bas.
