3958 6406
179 383 286 458 483

1352 378 1667 456 comas
1710 379 2080 454 nomen
2117 383 2288 454 LIB.»
2310 374 2361 452 t.
2421 352 2428 358 ’

3443 384 3565 456 484

183 521 413 586 assumis
439 520 865 594 auctoritatem,
896 528 963 582 ut
1017 525 1089 582 de
1131 525 1399 582 haeretico
1457 529 1793 599 martyrem,
1826 525 1883 591 Α
1911 525 2282 582 referremus.
2317 522 2576 598 Denique
2606 521 2901 584 diximus:
2942 540 2966 577 ι
2998 524 3164 595 Quod
3210 527 3406 591 autem
3443 523 3566 585 ele—

183 613 682 688 dsOrigenislibris
700 613 1102 673 haereticorum
1143 615 1432 672 adulteria
1471 615 1793 672 mentiaris:

181 704 307 762 mihi
337 721 445 760 non
472 702 667 760 licebit
723 705 1022 776 disputare
1053 707 1124 760 de
1173 705 1386 770 verbis,
1421 709 1479 760 et
1507 704 1566 760 in
1627 704 1794 760 Com-

181 793 572 851 mentariorum
605 809 777 865 opere
810 794 1046 850 Latinos
1079 795 1308 862 docere,
1341 794 1497 866 quod
1557 794 1628 850 ab
1688 795 1795 850 He-

176 881 331 939 braeis
360 879 574 937 didici?
605 881 726 935 Nisi
757 882 916 937 enim
957 887 1016 938 et
1063 883 1354 955 prolixum
1404 888 1578 950 esset,
1611 888 1668 939 et
1708 901 1795 940 re-

175 971 380 1027 doleret
400 967 865 1042 gloriolam,jam
898 988 1054 1027 nunc
1078 972 1184 1028 tibi
1225 974 1616 1041 ostenderem,
1653 973 1794 1045 quid

175 1058 419 1116 utilitatis
436 1058 647 1114 habeat
669 1059 1086 1132 magistrorum
1115 1061 1335 1130 ,limina
1365 1067 1570 1130 terere,
1614 1067 1670 1118 ct
1707 1079 1794 1118 ar-

173 1151 275 1204 tem
304 1147 370 1202 ab
399 1147 724 1204 artiﬁcibus
755 1149 1016 1205 discere:
1054 1154 1112 1206 et
1142 1150 1369 1207 videres
1393 1156 1615 1224 quanta
1649 1151 1794 1206 silva

176 1237 244 1293 sit
279 1237 421 1309 apud
468 1236 740 1294 Hebraeos
787 1239 1202 1312 ambiguorum
1252 1241 1559 1296 nominum
1617 1247 1793 1312 atque

171 1326 471 1382 verborum.
497 1328 632 1392 Quae
676 1344 768 1382 res
817 1328 1056 1384 diversa
1088 1329 1555 1402 interpretationi
1606 1335 1790 1386 mate-

173 1414 300 1470 riam
317 1415 590 1487 praebuit:
620 1416 762 1472 dum
797 1418 1206 1491 unusquisque
1233 1418 1386 1474 inter
1411 1419 1610 1486 dubia,
1635 1421 1790 1492 quod

172 1503 268 1560 sibi
286 1505 865 1576 consequentius[Al.
909 1507 1373 1578 convenientius]
1409 1508 1657 1575 videtur,
1682 1508 1791 1565 hoc

169 1592 436 1649 transfert.
462 1593 613 1658 Quid
662 1595 737 1650 ad
796 1596 1107 1669 peregrina
1160 1602 1216 1653 te
1271 1597 1491 1654 mitto?
1547 1599 1790 1654 Revolve

167 1680 531 1750 Aristotelem,
577 1687 634 1739 et
674 1683 1072 1742 Alexandrum
1105 1687 1438 1744 Aristotelis
1488 1687 1789 1744 volumina

169 1769 569 1841 disserentem;
616 1776 674 1829 et
717 1779 940 1845 quanta
988 1775 1404 1849 ambiguorum
1463 1777 1540 1833 sit
1596 1778 1783 1849 copia,

1909 618 2032 672 ctos
2063 632 2190 681 nos,
2224 619 2289 672 ut
2317 632 2582 672 essemus
2613 618 2798 674 sancti
2827 621 2884 673 et
2933 616 3298 674 immaculati
3359 634 3558 675 coram

1907 705 2060 777 ipso,
2092 705 2200 760 hoc
2231 708 2338 771 est,
2371 705 2508 774 Deo,
2543 710 2676 762 ante
2707 707 2986 763 fabricam
3023 707 3249 773 mundi,
3308 710 3560 764 testatus

1907 799 2016 862 est,
2041 794 2112 850 ad
2136 794 2566 866 praescientiam
2597 795 2700 851 Dei
2725 795 2994 867 pertinet,
3018 797 3111 851 cui
3138 795 3340 853 omnia
3359 796 3562 854 futura

1897 884 2028 955 jam
2059 883 2209 940 facta
2238 887 2395 952 sunt,
2428 887 2486 939 et
2510 889 2827 958 antequam
2889 885 3032 942 {iant
3087 884 3360 942 universa
3415 889 3560 943 sunt

1907 977 2064 1029 nota.
2099 973 2262 1028 Sicut
2286 977 2344 1029 et
2373 973 2591 1030 Paulus
2621 975 2748 1047 ipse
2795 973 3244 1047 prmdestinatur
3279 975 3339 1030 in
3382 979 3546 1031 utero

1907 1063 2296 1131 matrissuae;
2332 1067 2389 1119 et
2443 1063 2729 1120 Jeremias
2785 1063 2846 1120 in
2906 1064 3078 1121 vulva
3135 1064 3555 1132 sanctiﬁcatur,

1904 1151 2156 1223 eligitur,
2190 1152 2519 1219 roboratur,
2565 1156 2625 1208 et
2680 1153 2740 1207 in
2801 1156 2936 1226 typo
2997 1150 3214 1208 Christi
3271 1150 3556 1226 propheta

1903 1237 2177 1310 gentibus
2209 1238 2480 1294 mittitur.
2516 1261 2543 1288 »
2578 1243 2740 1296 Certe
2769 1240 2828 1296 in
2860 1239 3218 1312 expositione
3248 1239 3362 1296 ista
3419 1238 3550 1296 nul-

1901 1326 2025 1382 lum
2056 1329 2278 1384 crimen
2307 1332 2426 1384 est:
2461 1333 2520 1384 et
2550 1329 2796 1402 Origene
2825 1329 3052 1386 dicente
3101 1329 3417 1396 contraria,
3449 1345 3558 1398 nos

1901 1417 2367 1473 ecclesiasticum
2398 1435 2640 1474 sensum
2673 1419 2857 1474 secuti
2889 1434 3118 1475 sumus.
3155 1418 3222 1474 Et
3241 1419 3381 1490 quia
3395 1433 3556 1475 com-

1904 1508 2250 1563 mentatoris
2281 1513 2369 1564 est
2397 1508 2680 1580 ofﬁcium,
2711 1507 3032 1565 multorum
3063 1506 3382 1564 sententias
3453 1523 3555 1580 po-

1901 1613 2057 1665 nere,
2091 1600 2148 1652 et
2177 1596 2286 1652 hoc
2318 1613 2411 1653 me
2442 1597 2736 1654 facturum
2769 1597 2828 1651 in
2877 1596 3219 1653 Praefatione
3261 1595 3557 1669 promise-

1900 1702 2050 1753 ram,
2082 1685 2255 1741 etiam
2288 1685 2579 1759 Origenis,
2614 1686 2837 1758 absque
2867 1685 3087 1742 invidia
3111 1684 3368 1742 nominis
3399 1686 3551 1758 ejus,

1898 1774 2367 1847 explanationem
2401 1776 2596 1846 posui,
2629 1775 2873 1831 dicens:
2906 1775 3062 1832 478
3094 1798 3123 1825 «
3170 1773 3337 1831 Alius
3394 1790 3554 1845 vero,

164 1875 342 1915 eorum
387 1860 632 1918 lectione
713 1878 1030 1935 cognosces
1053 1883 1072 1920 :
1122 1869 1189 1921 ut
1259 1866 1498 1922 tandem
1549 1865 1786 1922 desinas
1819 1898 1867 1964 Β
1901 1864 2001 1935 qui
2033 1864 2220 1920 Deum
2243 1865 2482 1936 justum
2515 1868 2762 1921 conatur
2791 1865 3118 1933 ostendere,
3150 1863 3305 1936 quod
3339 1880 3455 1919 non
3485 1881 3556 1920 ex

166 1947 396 2006 amicum
426 1954 597 2007 tuum
630 1950 689 2006 in
735 1967 802 2008 eo
850 1953 1295 2025 reprehendere,
1346 1955 1501 2027 quod
1562 1973 1632 2010 ne
1684 1971 1788 2028 per

164 2038 436 2095 somnium
468 2039 711 2112 quidem
743 2040 1059 2113 aliquando
1091 2041 1367 2099 didicisti.

219 2129 304 2182 21.
331 2127 693 2198 Commentar,
727 2130 796 2185 ad
823 2131 1103 2203 Ephesios.
1139 2141 1220 2173 ‘—-
1252 2133 1364 2188 Sed
1417 2133 1557 2205 quia
1602 2134 1790 2189 Pauli-

162 2215 355 2272 nianus
383 2217 565 2274 frater
594 2234 763 2274 meus
811 2219 881 2276 de
911 2219 1365 2278 Commentariis
1401 2223 1471 2278 ad
1509 2222 1790 2294 Ephesios

162 2305 402 2376 quaedam
433 2307 509 2362 ab
560 2323 626 2364 eo
677 2308 1034 2380 reprehensa
1065 2312 1339 2379 narravit,
1382 2315 1441 2368 et
1483 2327 1671 2384 pauca
1721 2328 1791 2367 ex

159 2392 238 2449 his
265 2395 557 2452 memoriae
585 2398 848 2467 tradidit,
897 2399 1163 2472 mihique
1206 2401 1333 2472 ipsa
1369 2401 1790 2458 demonstravit

157 2481 394 2540 locanon
415 2486 601 2542 debeo
640 2487 1084 2560 subterfugere:
1127 2506 1442 2562 quaesoque
1484 2491 1783 2557 lectorem,

158 2573 274 2629 utsi
301 2574 540 2646 paululo
564 2575 621 2630 in
652 2577 1050 2649 proponendis
1088 2583 1144 2634 et
1181 2577 1478 2636 diluendis
1525 2579 1786 2635 crimini-

155 2660 252 2718 bus
290 2661 520 2737 longior
568 2664 752 2733 fuero,
806 2667 1143 2722 necessitati
1174 2669 1272 2724 det
1329 2672 1476 2726 477
1526 2670 1782 2729 veniam.

153 2749 261 2807 Non
290 2753 442 2808 enim
474 2752 727 2810 alterum
749 2771 994 2824 accuso;
1044 2758 1146 2813 sed
1194 2774 1287 2814 me
1317 2758 1472 2814 nitor
1510 2758 1782 2814 defende-

150 2855 218 2908 re,
247 2845 300 2896 et
327 2842 618 2913 objectam
650 2843 940 2901 haereseos
983 2845 1342 2903 calumniam
1392 2848 1666 2904 refutare.
1720 2851 1781 2904 In

155 2927 454 3001 Epistolam
488 2931 652 2988 Pauli
680 2934 753 2988 ad
799 2933 1106 3006 Ephesios,
1153 2935 1268 2992 tria
1315 2936 1592 3010 Origenes
1632 2937 1782 2993 scri-

151 3017 253 3089 psit
275 3018 600 3077 volumina.
632 3022 917 3094 Didymus
977 3041 1208 3097 quoque
1267 3030 1325 3082 et
1382 3026 1780 3098 Apollinarius

151 3107 364 3179 propria
390 3108 681 3182 opuscula
708 3112 1040 3168 condidere.
1069 3114 1225 3178 Quos
1251 3131 1356 3187 ego
1385 3115 1474 3171 vel
1523 3117 1778 3172 transfe-

149 3209 284 3262 rens,
313 3199 402 3254 vel
434 3199 701 3266 imitans,
735 3201 877 3272 quid
908 3200 968 3256 in
998 3201 1242 3276 Prologo
1273 3205 1538 3274 ejusdem
1583 3205 1774 3277 operis

1903 1953 2241 2024 praejudioio
2273 1954 2530 2009 scientiae
2561 1971 2704 2023 sure,
2735 1954 2838 2010 sed
2868 1970 2937 2009 ex
2969 1953 3178 2010 merito
3233 1953 3554 2010 electorum

1901 2059 2390 2115 unumquemque
2409 2042 2605 2115 eligat,
2627 2042 2767 2098 dicit
2786 2047 2920 2099 ante
2949 2043 3212 2099 visibiles
3232 2047 3559 2111 creaturas,

1901 2129 2134 2200 coelum,
2160 2135 2398 2199 terram,
2433 2130 2638 2201 maria,
2672 2135 2731 2188 et
2759 2133 2960 2188 omnia
2990 2149 3117 2205 quas
3148 2131 3208 2187 in
3247 2131 3332 2188 eis
3391 2136 3552 2198 sunt,

1900 2221 2084 2276 fuisse
2115 2219 2259 2277 alias
2290 2220 2613 2277 invisibiles
2643 2226 2963 2288 creaturas,
2989 2221 3050 2278 in
3084 2221 3302 2294 quibus
3340 2225 3397 2277 et
3425 2221 3552 2278 ani-

1899 2326 2048 2378 mas,
2084 2327 2211 2382 quas
2241 2312 2314 2367 ob
2346 2311 2634 2383 quasdam
2669 2328 2880 2368 causas
2917 2311 3025 2368 soli
3053 2312 3170 2367 Deo
3223 2314 3393 2367 notas
3450 2311 3550 2367 de-

1887 2399 2057 2470 jectae
2089 2399 2207 2455 sint
2239 2401 2538 2468 deorsum,
2567 2399 2626 2455 in
2657 2399 2867 2457 vallem
2903 2400 3078 2456 istam
3131 2399 3547 2472 lacrymarum,

1895 2487 1956 2543 in
1987 2487 2179 2544 locum
2211 2488 2548 2545 afﬂictionis
2579 2493 2636 2544 et
2664 2489 3150 2563 peregrinationis
3195 2491 3429 2556 nostras,
3486 2487 3548 2544 in

1895 2594 2009 2649 quo
2043 2582 2283 2634 sanctus
2315 2578 2672 2634 constitutus
2705 2579 2930 2647 orabat,
2963 2582 3028 2634 ut
3056 2579 3129 2634 ad
3169 2578 3368 2634 sedem
3426 2577 3547 2650 pri-

1893 2665 2112 2722 stinam
2145 2671 2548 2736 reverteretur,
2609 2666 2848 2726 dicens:
2909 2690 2938 2717 «
2997 2667 3122 2723 Heu
3179 2665 3347 2735 mihi,
3405 2666 3549 2738 quia

1891 2755 2182 2812 inoolatus
2252 2772 2420 2812 meus
2468 2757 2850 2829 prolongatus
2907 2761 3032 2813 est:
3092 2755 3348 2812 habitavi
3407 2771 3543 2812 cum

1892 2845 2297 2902 habitantibus
2325 2845 2344 2882 ¹
2376 2846 2580 2915 Cedar,
2613 2846 2866 2902 multum
2897 2847 3263 2920 peregrinata
3294 2847 3386 2902 est
3416 2845 3543 2901 ani-

1891 2949 1988 2989 ma
2019 2950 2149 2990 mea
2180 2935 2353 3006 (Psal.
2387 2951 2536 3006 cxrx,
2567 2936 2644 3005 5).
2672 2956 2702 2985 ››
2737 2936 2806 2991 Et
2859 2933 3216 3008 Apostolus:
3280 2956 3309 2984 «
3367 2933 3545 2998 Miser

1889 3038 1994 3095 ego
2028 3023 2223 3091 homo,
2256 3023 2390 3096 quis
2431 3041 2524 3079 me
2579 3023 2852 3080 liberabit
2903 3025 2974 3080 de
3031 3039 3273 3096 corpore
3327 3022 3543 3080 mortis

1887 3111 2068 3184 hujus
2096 3114 2272 3184 (Rom.
2304 3130 2408 3179 vu,
2439 3114 2531 3180 24)
2552 3113 2580 3167 ?
2614 3136 2640 3161 »
2674 3117 2763 3180 Et,
2793 3135 2822 3163 «
2864 3111 3069 3169 Melius
3098 3115 3189 3168 est
3219 3111 3448 3178 reverti",
3481 3113 3542 3166 et

1887 3217 2015 3257 esse
2073 3217 2206 3256 cum
2267 3201 2496 3256 Christo
2553 3201 2819 3273 (Philipp.
2881 3219 2920 3271 ι,
2973 3201 3086 3272 23).
3147 3224 3168 3252 ι
3240 3201 3308 3256 Et
3353 3198 3535 3256 alibi:

149 3283 485 3358 scripserim,
518 3289 870 3359 subjiciam:
907 3289 1104 3346 «Illud
1151 3272 1386 3365 quoq—ue
1442 3295 1501 3349 in
1557 3272 1774 3351 Ριῖεεῑε-
1803 3272 1846 3340 C
1886 3312 1914 3340 α
1947 3292 2278 3362 Antequam
2335 3272 2698 3359 humiliarer,
2723 3272 2830 3362 ego
2860 3288 3089 3362 peccavi
3128 3289 3303 3360 (Psal.
3335 3304 3531 3356 cxvru,

146 3371 280 3430 tione
309 3392 676 3445 commoneo,
726 3383 791 3433 ut
821 3379 1020 3436 sciatis
1078 3380 1386 3453 Origenem
1445 3381 1559 3438 tria
1607 3384 1775 3439 volu-
1881 3379 1995 3449 67),
2031 3400 2059 3428 ››
2091 3383 2150 3434 et
2178 3383 2384 3434 caetera
2412 3377 2506 3434 his
2536 3377 2774 3448 similia,
2809 3395 2937 3452 quae
2969 3378 3211 3452 longum
3243 3381 3332 3436 est
3387 3377 3533 3434 scri-

146 3461 288 3520 mina
309 3465 367 3520 in
396 3465 556 3522 hanc
577 3465 899 3538 Epistolam
918 3470 1359 3542 conscripsisse,
1386 3488 1558 3543 quem
1582 3477 1640 3528 et
1668 3491 1776 3529 nos

145 3565 207 3608 ex
251 3557 408 3624 parte
467 3555 656 3611 secuti
717 3572 966 3612 sumus:
1028 3557 1456 3622 Apollinarium
1515 3561 1779 3618 etiamet

147 3639 432 3714 Didymum
465 3644 757 3716 quosdam
788 3645 1310 3703 Commentariolos
1359 3648 1636 3705 edidisse.
1699 3652 1779 3706 Ex

144 3730 339 3800 quibus
362 3731 505 3790 licet
536 3750 741 3806 pauca,
777 3733 1219 3807 decerpsimus;
1251 3742 1308 3792 et
1338 3737 1620 3794 nonnulla
1649 3756 1780 3811 quas

147 3819 295 3877 nobis
339 3823 716 3890 videbantur,
775 3823 1102 3894 adjeoimus
1161 3825 1283 3881 sive
1340 3827 1778 3885 subtraximus:

148 3910 204 3963 ut
227 3910 530 3967 studiosus
561 3912 760 3968 statim
791 3913 850 3967 in
893 3913 1180 3986 principio
1236 3913 1420 3971 lector
1477 3922 1781 3989 agnoscat,

153 3996 247 4054 hoc
274 4016 420 4072 opus
451 3999 546 4057 vel
579 4001 835 4057 alienum
867 4017 1017 4070 esse,
1050 4002 1135 4059 vel
1187 4007 1453 4060 nostrum
1487 4006 1782 4077 (Prologus

153 4084 431 4145 Comment.
469 4092 532 4145 in
560 4090 730 4162 Epist.
757 4090 833 4146 ad
863 4091 1058 4163 Ephes.
1097 4091 1112 4161 )
1142 4113 1169 4141 ››
1203 4092 1498 4164 Quidquid
1532 4110 1668 4167 ergo
1721 4096 1782 4150 in

150 4176 544 4248 explanatione
573 4178 754 4251 hujus
783 4179 1055 4252 Epistolis
1081 4180 1203 4236 vitii
1236 4183 1490 4254 potuerit
1542 4184 1782 4239 demon-

150 4265 327 4334 strari,
354 4268 404 4324 si
457 4285 569 4342 ego
612 4267 755 4325 illud
788 4269 847 4325 in
879 4269 1097 4326 Graecis
1151 4269 1572 4344 voluminibus,
1631 4275 1787 4330 unde

151 4351 204 4410 in
231 4355 507 4413 Latinum
537 4357 783 4413 vertisse
824 4375 916 4415 me
956 4358 1097 4425 dixi,
1156 4360 1460 4417 ostendere
1513 4378 1631 4418 non
1683 4379 1783 4434 po-

151 4443 318 4511 tusro,
379 4445 608 4502 crimen
665 4462 1002 4519 agnoscam,
1063 4452 1119 4503 et
1175 4465 1372 4504 meum
1436 4450 1566 4518 erit,
1630 4452 1785 4523 quod

152 4531 392 4591 alienum
419 4552 540 4592 non
564 4535 758 4592 fuerit.
790 4540 1009 4593 Tamen
1054 4553 1126 4593 ne
1174 4555 1382 4595 rursus
1438 4539 1635 4597 videar
1693 4558 1786 4598 ca-

1885 3468 2040 3524 bere.
2070 3489 2098 3517 »
2129 3468 2540 3523 Animadverte
2601 3468 2742 3540 quid
2803 3468 3086 3524 dixerim:
3148 3467 3318 3525 Alius
3373 3483 3530 3536 vero,

1887 3557 1988 3629 qui
2021 3557 2206 3612 Deum
2229 3557 2460 3628 justum
2494 3562 2740 3613 conatur
2770 3558 3111 3614 ostendere:
3146 3560 3390 3613 conatur
3442 3572 3536 3613 os-

1887 3647 2142 3715 tendere,
2186 3645 2453 3719 inquam,
2488 3663 2604 3702 non
2637 3648 2916 3703 ostendit.
2982 3645 3044 3702 Si
3097 3650 3294 3703 autem
3352 3645 3412 3701 in
3472 3661 3540 3701 eo

1889 3733 2236 3791 scandalum
2269 3735 2506 3808 pateris,
2539 3753 2722 3808 quare
2753 3735 3104 3792 latissimam
3137 3732 3403 3806 Origenis
3424 3732 3541 3788 dis-

1890 3824 2252 3896 putationem
2307 3824 2465 3880 brevi
2523 3840 2794 3880 sermone
2854 3822 3423 3895 comprehenderim,
3484 3824 3543 3877 et

1890 3911 2090 3969 lectori
2121 3929 2363 3968 sensum
2393 3913 2522 3984 ejus
2552 3912 2919 3984 aperuerim;
2955 3915 3130 3983 atque
3186 3929 3254 3968 ex
3305 3927 3373 3967 eo
3433 3909 3542 3966 tibi

1892 4000 2156 4056 occultus
2187 4000 2347 4056 illius
2385 4000 2583 4056 videor
2623 4017 2752 4056 esse
2781 4004 3050 4065 sectator,
3083 3999 3222 4073 quia
3269 3999 3418 4056 nihil
3469 3998 3541 4056 ab

1893 4108 1958 4148 eo
1990 4088 2213 4146 dictum
2247 4091 2740 4163 praetermiserim,
2773 4090 2901 4147 vide
2931 4108 3003 4147 ne
3032 4091 3141 4147 hoc
3186 4091 3402 4147 idcirco
3459 4090 3541 4146 fe-

1894 4180 2094 4245 cerim,
2126 4183 2192 4234 ut
2220 4182 2470 4234 vestram
2502 4177 2858 4234 calumniam
2891 4177 3269 4245 declinarem,
3323 4193 3396 4234 ne
3448 4192 3544 4234 me

1895 4268 2165 4325 diceretis
2194 4285 2321 4339 quae
2354 4269 2425 4324 ab
2457 4285 2522 4324 eo
2564 4268 2788 4324 fortiter
2831 4273 2972 4324 sunt
3029 4269 3206 4337 dicta,
3265 4267 3544 4332 tacuisse,

1896 4363 1953 4415 et
1982 4357 2149 4413 illum
2180 4358 2238 4412 in
2271 4359 2465 4414 Graeco
2499 4357 2797 4415 robustius
2827 4357 3148 4430 disputare.
3179 4357 3350 4415 Posui
3409 4371 3546 4430 ergo

1897 4447 2115 4514 omnia,
2147 4447 2279 4503 licet
2327 4447 2581 4513 brevius,
2641 4464 2770 4520 quas
2827 4447 2885 4502 in
2946 4447 3165 4514 Graeco,
3222 4447 3433 4519 reperi,
3484 4447 3550 4499 ut

1898 4535 2044 4592 nihil
2076 4536 2357 4592 haberent
2388 4535 2663 4609 discipuli
2702 4539 2832 4608 ejus
2892 4537 3044 4605 novi,
3106 4535 3262 4607 quod
3319 4532 3550 4590 Latino-
3585 4597 3587 4600 ,

153 4619 345 4691 villari,
374 4628 436 4681 et
466 4623 582 4681 hac
611 4625 1003 4682 excusationis
1043 4627 1306 4700 stropha,
1365 4629 1614 4701 gradum
1672 4647 1788 4686 non
1824 4650 1870 4715 ι)
1902 4642 2033 4682 rum
2064 4627 2308 4682 auribus
2339 4625 2690 4698 ingererent.
2728 4623 2977 4681 Facilius
3001 4623 3160 4680 enim
3191 4627 3348 4692 nota,
3369 4637 3548 4695 quam

153 4711 347 4770 audere
375 4715 665 4782 conferre,
701 4731 916 4786 ponam
943 4715 1072 4787 ipsa
1103 4716 1458 4786 testimonia,
1510 4735 1638 4790 quae
1695 4736 1790 4775 vo-

154 4804 344 4857 cantur
371 4802 436 4858 in
466 4803 714 4860 crimen.

210 4891 294 4947 22.
358 4892 812 4950 Commentatoris
867 4893 1136 4968 ofﬁcium.
1201 4897 1423 4968 Tempus
1479 4898 1796 4970 scriptionis

156 4976 676 5037 Commentariorum
750 4983 810 5037 in
864 4983 1170 5053 Epistolam
1225 4985 1300 5039 ad
1345 4986 1548 5056 Ephes.
1609 5017 1676 5028 —
1728 4988 1791 5042 In

154 5065 325 5136 primo
357 5069 569 5126 statim
590 5070 886 5126 volumine
914 5071 1324 5128 testimonium
1357 5073 1542 5143 Pauli,
1575 5075 1635 5130 in
1679 5094 1796 5149 quo

155 5151 432 5228 loquitur:
468 5182 500 5209 ‹‹
535 5159 698 5216 Sicut
725 5159 900 5233 elegit
940 5177 1046 5216 nos
1076 5161 1135 5216 in
1170 5161 1299 5235 ipso
1332 5168 1465 5220 ante
1518 5167 1798 5222 constitu-

155 5242 359 5305 tionem
390 5249 646 5306 mundi:
681 5253 747 5304 ut
774 5265 1042 5307 essemus
1082 5250 1268 5306 sancti
1328 5256 1385 5307 et
1437 5252 1797 5311 immaculati

157 5346 336 5391 coram
367 5336 504 5411 ipso
536 5339 746 5410 (Ephes.
779 5355 820 5406 ι,
849 5339 926 5411 ἅ),
965 5361 985 5387 ι»
1026 5339 1112 5395 sic
1146 5338 1510 5412 interpretati
1567 5360 1796 5411 sumus,

158 5425 214 5478 ut
237 5423 586 5482 electionem
620 5442 733 5482 non
761 5428 932 5499 juxta
979 5425 1288 5500 Origenem
1318 5445 1520 5485 eorum
1580 5431 1798 5489 dicere-

160 5525 298 5584 mus,
331 5516 433 5588 qui
470 5515 638 5588 prius
667 5517 934 5587 fuerant;
971 5517 1071 5574 sed
1105 5519 1176 5573 ad
1213 5519 1311 5573 Dei
1373 5521 1799 5590 praescientiam

223 5726 241 5763 ί
266 5728 408 5788 Cod.
441 5745 603 5789 unus
631 5725 1020 5805 Cisterciens.,
1048 5745 1180 5792 cum
1208 5732 1656 5793 habitationibus.

1903 4715 2210 4787 repentina
2239 4713 2696 4770 contemnimus.
2725 4713 3003 4786 Exposita
3033 4716 3227 4769 autem
3265 4711 3547 4784 interpre-

1905 4805 2124 4861 tatione
2155 4805 2306 4876 ejus,
2340 4803 2478 4876 quid
2511 4804 2570 4859 in
2601 4805 2716 4859 fine
2747 4802 2986 4875 capituli
3045 4801 3390 4868 dixerimus,
3446 4815 3550 4854 au-

1906 4893 2136 4951 sculta:
2172 4916 2198 4943 ‹‹
2235 4895 2360 4949 Non
2387 4893 2544 4949 enim
2576 4893 2656 4948 ait
2683 4891 3016 4965 Apostolus,
3049 4890 3224 4964 elegit
3263 4905 3370 4946 nos
3418 4890 3553 4944 ante

1906 4982 2383 5040 constitutionem
2413 4981 2638 5049 mundi,
2673 4998 2808 5037 cum
2839 4996 3108 5038 essemus
3147 4979 3334 5036 sancti
3365 4976 3552 5034 etim-

1909 5071 2224 5129 maculati:
2259 5094 2288 5123 »
2322 5072 2451 5140 sed,
2489 5093 2516 5122 «
2547 5070 2724 5143 elegit
2754 5087 2861 5127 nos
2891 5075 2957 5126 ut
2984 5085 3251 5126 essemus
3283 5067 3472 5124 sancti
3498 5070 3557 5123 et

1906 5161 2292 5229 immaculati,
2347 5185 2374 5211 ››
2433 5161 2542 5217 hoc
2599 5164 2705 5228 est,
2767 5160 2866 5233 qui
2925 5158 3110 5216 sancti
3169 5162 3227 5214 et
3268 5159 3554 5214 immacu-

1907 5252 2009 5308 lati
2042 5255 2176 5308 ante
2207 5268 2323 5307 non
2365 5249 2606 5316 fuimus,
2662 5254 2726 5304 ut
2783 5253 2987 5322 postea
3042 5262 3332 5304 essemus.
3393 5247 3588 5315 Quod,

1907 5347 1964 5399 et
1995 5341 2064 5396 de
2086 5342 2492 5413 peccatoribus
2523 5340 2593 5395 ad
2630 5337 2874 5395 meliora
2931 5337 3226 5394 conversis
3282 5335 3398 5394 dici
3457 5353 3560 5410 po-

1909 5436 2061 5497 test;
2096 5435 2152 5486 et
2181 5431 2361 5487 stabit
2384 5429 2485 5486 illa
2515 5429 2844 5485 sententia:
2878 5452 2904 5477 «
2951 5432 3076 5484 Non
3129 5425 3561 5500 justiﬁcabitur

1911 5520 1969 5575 in
1992 5524 2304 5592 conspectu
2337 5523 2436 5574 tuo
2496 5517 2689 5574 omnis
2740 5517 2939 5574 vivens
2989 5516 3163 5588 (Psal.
3197 5531 3369 5586 σιω,
3397 5517 3494 5588 2);
3533 5536 3562 5564 ››
