3958 6406
345 366 500 460 ιᾱει

1587 396 1654 465 S.
1697 390 2007 465 EUSEBII
2048 394 2519 466 HIERONYMI.

3618 376 3763 465 ne

348 522 413 587 id
443 534 550 600 est,
583 530 642 589 in
669 520 797 590 tota
813 532 931 591 vita
962 550 1092 604 sua,
1123 533 1182 591 in
1213 534 1374 592 omni
1409 552 1523 609 quo
1554 534 1614 592 in
1636 536 1986 592 mundoisto
2015 537 2072 604 Α
2100 541 2157 593 et
2184 537 2453 594 homines
2474 536 2621 609 fieri,
2653 534 2809 610 quod
2839 532 3096 595 afﬁrmat
3124 533 3437 611 Origenes:
3470 537 3527 592 et
3577 532 3732 609 ipsos

349 626 617 678 versatus
649 624 664 657 ¹
697 628 804 692 est,
834 629 1115 697 tempore.
1148 625 1309 689 Quod
1354 625 1592 697 quidem
1624 626 1707 681 ita
1762 624 1990 681 intelle-

351 713 534 775 ctum,
565 716 621 767 et
650 713 960 769 adversum
992 730 1123 769 eum
1158 714 1316 781 facit,
1348 715 1447 786 qui
1478 720 1795 786 antequam
1826 730 1995 769 mun-

350 798 464 855 dus
493 800 675 869 fieret,
707 802 936 859 animas
967 802 1107 858 dicit
1135 820 1262 859 esse
1296 803 1510 860 electas
1567 808 1802 876 propter
1856 818 1993 858 san-

349 887 634 959 ctitatem,
680 895 737 945 et
780 890 1008 947 nullum
1055 892 1263 947 vitium
1321 895 1474 949 479
1534 896 1925 965 peccatorum.
1963 914 1990 940 ››

349 976 479 1034 Non
510 979 665 1035 enim
697 980 781 1050 (ut
812 984 946 1036 ante
968 982 1094 1052 jam
1126 982 1403 1053 diximus)
1422 981 1721 1054 eliguntur
1749 980 1989 1044 Paulus,

349 1070 409 1125 et
428 1070 527 1140 qui
554 1069 604 1124 ei
636 1068 858 1124 similes
878 1074 1033 1137 sunt,
1067 1070 1205 1142 quia
1234 1076 1396 1127 erant
1425 1071 1610 1127 sancti
1670 1075 1726 1125 et
1780 1071 1991 1125 imma-

354 1155 571 1212 culati:
634 1158 735 1212 sed
792 1157 1088 1230 eliguntur
1141 1164 1198 1215 et
1255 1160 1772 1231 prmdestinantur,
1832 1162 1897 1213 ut
1931 1157 1990 1212 in

351 1246 734 1317 consequenti
765 1247 880 1302 vita
911 1264 1013 1318 per
1049 1264 1223 1319 opera
1270 1253 1444 1320 atque
1500 1248 1748 1303 virtutes
1800 1246 1991 1303 sancti

350 1337 410 1390 et
464 1334 825 1392 immaculati
878 1337 1039 1392 fiant.
1120 1337 1186 1392 Et
1253 1338 1427 1393 audet
1482 1336 1800 1408 quisquam
1862 1338 1994 1407 post

349 1422 693 1495 hujusmodi
759 1426 1133 1493 sententiam,
1222 1442 1327 1481 nos
1395 1425 1663 1498 Origenis
1706 1425 1992 1480 haereseos

348 1516 667 1571 accusare?
696 1519 901 1571 Decem
933 1520 991 1570 et
1014 1519 1142 1571 octo
1166 1516 1348 1571 ferme
1379 1515 1516 1571 anni
1540 1519 1679 1570 sunt
1705 1515 1748 1581 ³,
1778 1531 1845 1569 ex
1875 1529 1991 1584 quo

348 1601 495 1660 istos
578 1604 786 1659 dictavi
852 1603 1054 1673 libros,
1110 1620 1178 1660 eo
1235 1609 1497 1676 tempore
1557 1620 1672 1675 quo
1728 1602 1991 1674 Origenis

348 1697 565 1748 nomen
596 1693 839 1748 ﬂorebat
867 1692 928 1747 in
962 1694 1220 1762 mundo;
1255 1710 1368 1765 quo
1402 1692 1525 1767 περὶ
1557 1692 1797 1766 Ἀρχῶν,
1830 1690 1991 1746 illius

345 1796 523 1852 opus,
549 1781 763 1836 Latinae
794 1798 964 1837 aures
1004 1782 1389 1853 ignorabant:
1436 1786 1493 1836 et
1520 1785 1715 1837 tamen
1769 1781 1989 1852 profes-

347 1886 453 1926 sus
483 1886 617 1925 sum
648 1871 823 1925 fidem
856 1887 1089 1937 meam;
1140 1874 1197 1926 et
1235 1871 1375 1942 quid
1434 1868 1576 1925 mihi
1633 1868 1989 1941 displiceret,

348 1959 599 2015 ostendi.
626 1960 707 2014 Ex
737 1976 851 2031 quo
883 1958 1057 2015 etiam
1081 1960 1129 2016 si
1159 1960 1219 2015 in
1254 1958 1475 2015 caeteris
1504 1958 1723 2030 aliquid
1774 1957 1995 2014 haereti~

348 2061 486 2101 cum
519 2051 848 2102 monstrare
877 2046 1165 2118 potuisset
1191 2047 1491 2111 inimicus,
1526 2063 1639 2102 non
1670 2051 1791 2101 tam
1849 2047 1990 2118 dog-

349 2138 578 2190 matum
638 2151 1064 2206 perversorum,
1118 2152 1245 2208 qua:
1304 2135 1397 2190 hic
1454 2141 1511 2190 et
1564 2135 1624 2189 in
1668 2134 1801 2190 aliis
1829 2134 1994 2191 libris

347 2239 499 2296 saepe
532 2222 825 2290 damnavi,
858 2240 1034 2296 quam
1066 2223 1374 2296 improvidi
1405 2227 1632 2279 tenerer
1652 2224 1883 2279 erroris.

420 2312 511 2367 23.
540 2314 790 2368 Ecclesia
846 2313 995 2383 ﬁdes.
1055 2344 1122 2353 ——
1178 2313 1512 2368 Secundum
1568 2312 1763 2368 locum
1816 2328 1992 2384 quem

348 2401 495 2458 mihi
555 2402 626 2457 ab
678 2418 744 2457 eo
812 2402 1231 2474 reprehensum
1289 2403 1467 2457 frater
1519 2402 1793 2466 ostendit,
1855 2402 1993 2473 quia

342 2490 512 2547 valde
538 2490 777 2546 frivolus
808 2497 915 2557 est,
944 2496 1001 2547 et
1031 2494 1290 2561 apertam
1344 2490 1435 2546 sui
1493 2491 1725 2563 praefert
1778 2490 1995 2545 calum-

344 2578 530 2645 niam,
555 2595 768 2650 ponam
800 2578 1067 2634 breviter.
1104 2580 1169 2635 In
1197 2596 1263 2635 eo
1285 2578 1621 2634 testimonio
1653 2578 1751 2633 ubi
1780 2577 1993 2633 Paulus

343 2658 640 2737 loquitur:
676 2689 703 2717 ‹‹
737 2667 949 2722 Sedere
979 2676 1111 2722 eum
1143 2667 1367 2722 faciens
1398 2667 1469 2721 ad
1499 2666 1793 2721 dexteram
1824 2681 1993 2721 suam

346 2753 410 2809 in
479 2754 833 2823 coelestibus,
889 2770 1069 2831 super
1150 2771 1383 2810 omnem
1464 2754 1857 2826 principatum
1939 2760 1993 2811 et

347 2846 697 2915 potestatem
734 2847 790 2899 et
818 2844 1094 2899 virtutem
1129 2847 1184 2899 et
1214 2842 1698 2911 dominationem,
1724 2848 1782 2898 et
1822 2860 1995 2899 omne

349 2938 566 2987 nemen
599 2932 750 3003 quod
785 2933 1146 2999 nominatur,
1178 2948 1293 2987 non
1327 2930 1517 2987 solum
1544 2932 1600 2986 in
1633 2931 1741 2987 hoc
1762 2932 1993 2999 saeculo,

349 3019 453 3075 sed
510 3019 686 3075 etiam
750 3020 805 3073 in
864 3020 1061 3076 futuro
1116 3018 1328 3091 (Ephcs.
1393 3037 1433 3085 ι,
1482 3022 1569 3083 20,
1628 3021 1810 3090 21);»
1866 3025 1996 3092 post

350 3106 737 3179 multiplicem
770 3108 1214 3180 expositionem,
1275 3124 1410 3162 cum
1467 3109 1538 3163 ad
1590 3108 1993 3165 ministrorum

348 3197 451 3252 Dei
506 3197 699 3252 officia
754 3197 1170 3269 pervcnissem,
1229 3202 1285 3252 et
1341 3198 1413 3253 de
1471 3197 1896 3270 principatibus
1928 3215 1995 3254 ac

2102 626 2254 682 inter
2284 644 2347 683 se
2387 626 2625 699 angelos
2680 626 2913 683 diversa
2965 627 3293 683 officiorum
3351 641 3562 699 genera
3613 640 3734 681 esse

2101 717 2359 782 sortitos,
2387 716 2543 786 quod
2592 714 2858 770 Ecclesia
2915 731 3032 770 non
3085 718 3392 787 repugnat.
3444 712 3732 777 Quomodo

2100 809 2157 859 et
2185 804 2339 860 inter
2366 804 2635 860 homines
2664 805 2805 860 ordo
2835 804 3188 877 dignitatum
3239 820 3309 859 ex
3367 802 3581 858 laboris
3633 819 3725 857 va-

2100 893 2303 948 rietate
2328 892 2592 949 diversus
2622 898 2731 961 est,
2766 909 2900 949 cum
2932 892 3243 965 episcopus
3272 895 3329 949 et
3356 891 3737 964 presbyter,et

2101 982 2293 1037 omnis
2370 981 2800 1038 ecclesiasticus
2886 983 3106 1053 gradus
3189 981 3402 1037 habeat
3483 979 3735 1036 ordinem

2100 1087 2274 1126 suum
2302 1088 2315 1137 ;
2349 1074 2402 1125 et
2437 1074 2631 1126 tamen
2661 1086 2864 1126 omnes
2895 1070 3164 1127 homines
3185 1073 3355 1126 sunt:
3391 1068 3475 1124 sic
3494 1072 3550 1123 et
3595 1068 3739 1122 inter

2101 1158 2339 1232 angelos
2368 1158 2575 1214 merita
2604 1176 2732 1215 esse
2762 1158 3009 1225 diversa,
3041 1163 3098 1214 et
3125 1162 3323 1213 tamen
3366 1157 3425 1213 in
3487 1155 3741 1228 angelica

2100 1264 2305 1304 omnes
2321 1246 2633 1319 persistere
2655 1247 2942 1320 dignitate
2967 1263 2980 1303 :
3013 1263 3117 1304 nec
3147 1248 3220 1302 de
3239 1245 3463 1319 angelis
3479 1244 3739 1301 homines
3771 1250 3779 1260 ’

2101 1336 2246 1407 fieri,
2278 1353 2382 1392 nec
2412 1352 2650 1391 rursum
2681 1336 2953 1392 homines
3008 1336 3068 1392 in
3127 1334 3367 1408 angelos
3424 1332 3738 1390 reformari.

2169 1428 2260 1479 24.
2298 1424 2603 1481 Verecunde
2628 1440 2738 1480 non
2765 1427 2948 1496 posuit
2971 1426 3207 1479 nomina
3235 1425 3628 1496 expositorum.
3675 1449 3740 1461 —-

2100 1514 2327 1570 Tertius
2355 1518 2445 1569 est
2474 1512 2945 1585 reprehensionis
2975 1512 3136 1569 locus
3154 1513 3310 1585 quod
3345 1512 3577 1568 dicente
3597 1515 3743 1583 Apo-

2100 1601 2287 1658 stolo:
2321 1625 2347 1652 «
2383 1602 2455 1658 Ut
2482 1602 2816 1657 ostenderet
2843 1601 2902 1657 in
2933 1600 3163 1657 smculis
3196 1598 3741 1674 supervenientibus

2100 1690 2465 1746 abundantes
2486 1689 2721 1746 divitias
2742 1690 2943 1763 gratiae
2964 1707 3083 1745 suae
3104 1690 3165 1745 in
3178 1689 3442 1745 bonitate
3458 1702 3747 1762 supernos

2100 1779 2160 1834 in
2181 1778 2409 1835 Christo
2438 1779 2469 1834 J
2477 1795 2579 1834 esu
2601 1780 2811 1851 (Ephes.
2847 1796 2910 1847 ιι,
2930 1780 3008 1849 7),
3036 1801 3057 1828 ι
3082 1794 3189 1834 nos
3211 1777 3507 1850 triplicem
3530 1775 3748 1849 exposi-

2098 1867 2318 1924 tionem
2338 1867 2667 1939 posuimus.
2683 1872 2748 1923 In
2770 1867 2958 1939 prima
2980 1866 3122 1939 quid
3145 1868 3315 1923 nobis
3338 1866 3664 1923 videretur:
3690 1865 3746 1920 in

2102 1957 2360 2013 secunda
2371 1956 2794 2029 quidOrigenes
2808 1960 3155 2028 opponeret:
3172 1955 3233 2011 in
3247 1956 3420 2012 tertia
3433 1955 3578 2028 quid
3589 1952 3750 2027 Apol-

2099 2045 2349 2101 linarius
2380 2044 2727 2118 simpliciter
2753 2044 3108 2117 explanaret.
3136 2047 3397 2111 Quorum
3429 2044 3481 2101 si
3513 2043 3752 2099 nomina

2106 2150 2218 2189 non
2239 2133 2428 2206 posui,
2458 2133 2693 2205 ignosce
2718 2133 3077 2189 verecundiae
3101 2149 3241 2188 meae
3268 2149 3281 2189 :
3306 2149 3423 2189 non
3458 2131 3636 2187 debui
3656 2146 3751 2187 eos

2101 2238 2359 2294 carpere,
2422 2239 2570 2295 quos
2620 2222 2895 2278 imitabar
2951 2238 3019 2277 ex
3077 2225 3263 2294 parte,
3321 2225 3379 2277 et
3399 2236 3660 2294 quorum
3688 2218 3751 2274 in

2102 2311 2368 2381 Latinam
2398 2309 2662 2383 linguam
2694 2310 3016 2366 sententias
3037 2310 3489 2367 transferebam.
3539 2332 3568 2359 ‹‹
3620 2308 3752 2375 Sed,

2102 2398 2241 2467 dixi,
2274 2399 2374 2471 qui
2406 2398 2655 2471 diligens
2706 2400 2886 2455 lector
2940 2404 3049 2466 est,
3104 2399 3303 2455 statim
3363 2399 3649 2471 requiret,
3702 2401 3758 2452 et

2101 2489 2272 2545 dicet.
2307 2492 2374 2543 Et
2406 2505 2612 2544 rursus
2645 2489 2704 2543 in
2736 2489 2869 2545 line.
2904 2488 3073 2544 Alius
3101 2504 3236 2544 vero
3267 2487 3377 2544 hoc
3435 2489 3596 2560 quod
3658 2487 3757 2554 ait,

2104 2598 2132 2627 «
2166 2577 2236 2631 Ut
2266 2577 2601 2632 ostenderet
2632 2577 2691 2631 in
2724 2576 2953 2632 sarculis
2984 2576 3537 2649 supervenientibus
3568 2576 3758 2632 abun-

2102 2666 2309 2721 dantes
2338 2664 2570 2721 divitias
2593 2665 2791 2737 gratia:
2815 2683 2957 2733 suae,
2974 2688 3001 2716 ››
3019 2666 3090 2721 ad
3114 2665 3275 2721 illam
3297 2664 3760 2738 intelligentiam

2103 2753 2386 2809 transfert
2413 2754 2452 2808 ‘.
2491 2776 2511 2803 ιν
2548 2754 2708 2821 Ecce,
2737 2753 2993 2826 inquies,
3025 2754 3137 2809 sub
3168 2753 3474 2827 diligentis
3524 2752 3761 2811 lectoris

2105 2858 2372 2914 persona,
2408 2840 2676 2914 Origenis
2706 2843 3029 2899 sententias
3070 2842 3393 2915 explicasti.
3427 2847 3641 2899 Fateor
3671 2858 3762 2898 er-

2105 2947 2317 2997 rorem,
2349 2947 2464 2987 non
2498 2930 2674 2986 debui
2705 2930 3048 3003 diligentem
3080 2930 3292 2999 dicere,
3322 2932 3429 2988 sed
3482 2930 3763 3004 blasphe-

2106 3036 2309 3076 mum:
2344 3020 2499 3091 quod
2533 3020 2581 3075 si
2614 3019 2905 3091 fecissem,
2936 3024 2993 3075 et
3021 3019 3216 3092 aliquo
3262 3020 3517 3078 scissem
3556 3019 3763 3076 vatici-

2104 3108 2201 3163 nio
2231 3113 2286 3164 te
2317 3108 2650 3164 istiusmodi
2686 3108 2899 3165 nevias
2930 3112 3309 3175 sectaturum,
3331 3109 3518 3165 etiam
3548 3108 3767 3165 calum-

2104 3198 2212 3252 niae
2241 3198 2417 3253 verba
2444 3197 2744 3253 vitassem.
2802 3197 3032 3253 Grande
3085 3197 3306 3253 crimen
3338 3198 3389 3253 si
3446 3198 3767 3272 Origenem

356 3287 743 3358 potestatibus
765 3291 821 3342 et
839 3287 1153 3343 virtutibus
1170 3304 1235 3342 ac
1257 3286 1831 3343 denominationibus
1851 3288 2001 3343 dice-
2029 3273 2072 3340 C
2110 3286 2448 3358 diligentem
2479 3287 2501 3321 ⁵
2529 3286 2646 3341 dixi
2677 3303 2806 3342 esse
2835 3284 3132 3354 lectorem,
3165 3287 3333 3357 cujus
3385 3286 3771 3360 septuaginta

357 3387 506 3440 rem,
535 3373 710 3429 etiam
741 3374 849 3429 hoc
881 3374 1115 3430 addidi:
1151 3398 1179 3425 ‹‹
1238 3376 1485 3430 Necesse
1514 3380 1620 3444 est,
1682 3381 1745 3430 ut
1800 3376 1993 3447 subje-

355 3466 482 3517 ctos
512 3461 787 3527 habeant,
820 3468 876 3517 et
903 3462 1176 3519 timentes
1208 3481 1289 3529 se,
1322 3469 1379 3519 et
1409 3464 1724 3519 servientes
1771 3465 1906 3532 sibi,
1939 3470 1997 3521 et

356 3567 455 3606 eos
488 3551 588 3621 qui
620 3568 653 3606 a
683 3568 792 3606 sua
821 3551 1158 3607 fortitudine
1189 3553 1549 3608 roborentur.
1609 3554 1741 3617 Qua:
1794 3553 1996 3608 distri-

356 3638 629 3695 butiones
660 3640 1008 3707 officiorum,
1059 3656 1171 3696 non
1206 3642 1393 3696 solum
1418 3641 1477 3696 in
1526 3641 1994 3712 praesentiarum,

354 3728 457 3785 sed
485 3728 658 3785 etiam
689 3730 749 3784 in
782 3730 976 3785 futuro
1009 3729 1219 3785 saeculo
1249 3735 1457 3785 erunt:
1491 3734 1556 3785 ut
1583 3745 1686 3802 per
1731 3730 1994 3803 singulos

354 3818 650 3890 profectus
678 3822 735 3873 et
765 3819 1034 3886 honores,
1070 3820 1441 3874 escensiones
1465 3823 1521 3873 et
1560 3818 1990 3886 descensiones,

352 3906 441 3962 vel
475 3915 700 3963 crescat
737 3906 951 3979 aliquis
982 3909 1023 3975 ³,
1083 3908 1169 3963 vel
1230 3909 1544 3977 decrescat,
1604 3911 1662 3962 et
1711 3908 1821 3964 sub
1879 3906 1994 3963 alia

352 3998 526 4067 atque
556 3996 671 4052 alia
702 4002 1009 4068 potestate,
1038 3997 1270 4063 virtute,
1305 3996 1655 4069 principatu,
1698 4002 1755 4051 et
1809 3997 1993 4052 domi-

353 4083 586 4140 natione
616 4086 737 4140 fiat.
774 4108 801 4134 »
848 4087 918 4141 Et
970 4091 1102 4157 post
1156 4086 1489 4157 exemplum
1547 4085 1759 4141 terreni
1818 4085 1989 4157 regis,

352 4176 654 4243 totamque
686 4171 885 4244 palatii
907 4175 1381 4246 descriptionem,
1415 4191 1515 4247 per
1544 4192 1721 4246 quam
1765 4173 1993 4231 diversa

356 4259 816 4317 ministeriorum
852 4262 949 4318 Dei
978 4263 1168 4319 ofﬁcia
1205 4264 1700 4331 demonstrabam,
1757 4263 1987 4319 addidi:

351 4370 379 4398 ‹‹
442 4349 513 4404 Et
572 4355 848 4421 putamus
906 4356 1110 4419 Deum,
1195 4352 1508 4407 Dominum
1593 4353 1986 4420 dominorum,

351 4454 667 4511 regemque
696 4440 1089 4512 regnantium.
1114 4440 1369 4513 simplici
1411 4445 1637 4497 tantum
1662 4442 1989 4497 ministerio

349 4544 477 4583 esse
534 4532 921 4585 contentum?
977 4550 1005 4579 ››
1066 4530 1366 4595 Quomodo
1436 4530 1823 4604 archangelus
1872 4548 1986 4587 non

349 4616 581 4686 dicitur,
616 4617 725 4673 nisi
761 4618 858 4689 qui
890 4618 1049 4691 prior
1076 4623 1166 4675 est
1192 4618 1571 4692 angelorum;
1624 4620 1708 4674 sic
1764 4618 1987 4675 Princi-

347 4710 518 4777 patus
549 4710 605 4762 et
631 4710 951 4764 Potestates
982 4712 1037 4762 et
1066 4708 1503 4764 Dominationes
1534 4726 1651 4763 non
1692 4707 1991 4780 appellan-

343 4800 459 4863 tur,
487 4795 598 4851 nisi
631 4796 926 4867 subjectos
984 4796 1213 4868 aliquos
1270 4797 1525 4852 habeant
1585 4802 1643 4852 et
1699 4797 1990 4853 inferioris

346 4884 585 4955 gradus.
620 4885 775 4940 480
806 4885 907 4940 Sin
946 4890 1142 4941 autem
1165 4890 1333 4957 putat
1363 4885 1578 4941 idcirco
1640 4902 1732 4940 me
1791 4885 1988 4958 Orige-

342 4988 475 5029 nem
508 4974 694 5046 sequi,
724 4974 861 5045 quia
894 4976 1184 5046 profectus
1215 4979 1271 5030 et
1310 4976 1581 5041 honores,
1613 4974 1988 5031 escensiones

340 5066 396 5117 et
425 5063 856 5129 descensiones,
888 5064 1247 5119 incrementa
1289 5068 1345 5119 et
1402 5063 1866 5130 immunitiones,
1926 5065 1986 5119 in

340 5151 698 5220 expositione
729 5169 859 5207 mea
890 5152 1056 5224 posui
1084 5171 1095 5220 ;
1131 5153 1278 5208 sciat
1308 5151 1563 5206 multum
1610 5152 1889 5209 interesse
1914 5153 1987 5208 de

342 5238 566 5309 angelis
595 5245 651 5295 et
680 5240 985 5313 Seraphim
1019 5242 1412 5297 etCherubim
1445 5240 1658 5309 dicere,
1692 5242 1986 5298 daemones

415 5363 430 5396 ¹
464 5364 525 5418 In
551 5363 1025 5434 Commentariis,
1049 5374 1414 5422 conversatus.

408 5434 620 5511 {Quod
656 5434 933 5511 hicstare
967 5454 1248 5511 numerus
1307 5436 1545 5511 omnino
1604 5453 1719 5493 non
1772 5440 1979 5511 possit,

338 5504 395 5559 in
425 5505 484 5560 S.
520 5504 704 5560 Patris
729 5506 859 5561 Vita
890 5524 995 5561 suo
1027 5507 1153 5563 loco
1184 5508 1571 5563 ostendimus.

408 5576 587 5631 8Vid.
650 5594 776 5649 qua)
838 5578 896 5632 in
946 5578 1101 5632 hunc
1159 5580 1703 5651 e‘Commentariis
1789 5580 1981 5638 locum

335 5647 707 5704 adnotamus.
1220 5647 1251 5715 ’ξ
1458 5686 1465 5689 ι
1482 5674 1518 5689 η.

401 5719 422 5753 ⁴
450 5718 605 5776 Alibi
624 5724 689 5791 et
715 5719 776 5778 in
806 5719 1567 5795 Commentar.,?_transferet.

2105 3374 2287 3431 libros
2319 3374 2732 3447 interpretatus
2762 3392 2917 3444 sum,
2951 3392 3125 3447 quem
3149 3374 3208 3437 in
3236 3375 3454 3432 coelum
3486 3374 3772 3432 laudibus

2106 3463 2251 3531 tuli;
2285 3481 2388 3536 pro
2420 3480 2535 3535 quo
2565 3463 2907 3535 compulsus
2938 3480 3071 3519 sum
3094 3470 3229 3520 ante
3257 3464 3578 3521 biennium
3611 3462 3771 3521 brevi

2104 3551 2300 3607 libello
2331 3553 2450 3607 tuis
2482 3556 2686 3609 contra
2716 3569 2808 3607 me
2839 3551 3142 3624 praeconiis
3198 3554 3564 3625 respondere
3614 3553 3773 3626 (Epi-

2104 3641 2252 3696 stola
2276 3641 2346 3696 ad
2367 3641 2683 3709 Pammach,
2717 3645 2844 3697 ante
2866 3641 3151 3697 biennium
3177 3642 3441 3714 scripta).
3478 3641 3772 3699 Ecclesia-

2104 3746 2235 3784 rum
2255 3730 2603 3802 magistrum
2626 3747 2661 3786 a
2682 3746 2776 3785 me
2801 3729 3021 3786 dictum
3048 3746 3177 3786 esse
3197 3729 3541 3803 Origenem,
3566 3731 3631 3788 in
3653 3728 3775 3787 tuis

2104 3817 2381 3875 laudibus
2410 3819 2654 3890 objicis:
2686 3823 2744 3874 et
2772 3823 2946 3891 putas
2978 3820 3132 3891 quod
3183 3819 3615 3891 pertimescere
3674 3821 3774 3876 de-

2104 3907 2294 3974 beam,
2321 3907 2371 3962 si
2430 3907 2774 3980 diligentem
2831 3906 3108 3964 lectorem
3157 3924 3251 3963 me
3306 3905 3486 3964 illum
3549 3909 3777 3965 dixisse

2101 3995 2376 4052 inimicus
2406 4012 2663 4053 accuses.
2699 3995 2966 4052 Solemus
2994 4001 3051 4051 et
3079 3995 3477 4068 negotiatores
3542 3997 3777 4071 parcis-

2102 4085 2305 4151 simos,
2339 4090 2396 4141 et
2428 4085 2579 4157 frugi
2607 4102 2826 4153 servos,
2861 4089 2918 4141 et
2947 4084 3226 4141 molestos
3272 4085 3662 4161 paedagogos,
3726 4089 3785 4142 et

2100 4173 2512 4246 argutissimos
2543 4174 2722 4242 fures,
2758 4173 3070 4246 diligentes
3098 4190 3322 4230 vocare.
3366 4176 3529 4232 481
3599 4177 3675 4232 Et
3721 4175 3780 4232 in

2102 4264 2408 4336 Evangelia
2453 4263 2681 4320 villicus
2713 4263 3046 4336 iniquitatis
3103 4264 3425 4336 prudenter
3489 4266 3779 4338 quadam

2100 4354 2307 4411 fecisse
2322 4354 2538 4410 dicitur
2567 4354 2720 4425 (Luc.
2748 4355 2938 4422 xvx,8)
2964 4370 2977 4409 :
3011 4358 3087 4409 et.
3123 4374 3152 4403 ‹‹
3184 4352 3617 4411 Prudentiores
3638 4357 3785 4412 sunt

2099 4442 2203 4498 filii
2250 4443 2429 4515 hujus
2455 4442 2652 4499 saeculi
2710 4443 2847 4498 filiis
2899 4442 3048 4499 lucis
3088 4442 3148 4497 in
3198 4441 3589 4515 generatione
3669 4458 3782 4499 sua

2098 4532 2302 4603 (Ibid.).
2338 4554 2365 4581 ››
2382 4533 2472 4599 Et,
2508 4532 2805 4603 «Serpens
2828 4530 3150 4604 sapientior
3170 4534 3295 4587 erat
3322 4531 3623 4589 omnibus
3648 4532 3785 4590 bes-

2025 4642 2069 4708 D
2098 4620 2219 4686 tiis,
2251 4636 2400 4693 quas
2431 4618 2566 4675 fecit
2596 4619 2884 4676 Dominus
2914 4634 3094 4692 super
3112 4623 3329 4675 terram
3351 4618 3516 4691 (Gen.
3550 4638 3637 4687 zu,
3661 4620 3778 4692 1).»

2168 4712 2259 4764 25.
2294 4710 2497 4781 Corpus
2527 4713 2722 4765 mortis
2771 4708 2912 4780 quod
2966 4710 3061 4764 sit.
3121 4740 3189 4749 —
3246 4709 3513 4775 Quartus
3574 4724 3778 4782 repre-

2098 4798 2399 4854 hensionis
2434 4797 2618 4863 locus,
2651 4798 2955 4853 exordium
2987 4797 3231 4853 secundi
3271 4796 3405 4853 libri
3469 4799 3775 4870 possidet,
3820 4812 3821 4819 ‘

2097 4888 2156 4943 in
2179 4904 2295 4959 quo
2316 4886 2425 4943 hoc
2449 4886 2611 4943 Pauli
2632 4885 3037 4942 testimonium
3060 4886 3442 4958 exposuimus
3469 4904 3484 4942 :
3514 4910 3544 4939 ‹‹
3574 4887 3779 4961 Hujus

2097 4976 2177 5031 rei
2210 4976 2396 5047 gratia
2427 4992 2531 5048 ego
2562 4974 2776 5031 Paulus
2799 4975 3028 5031 vinctus
3051 4975 3190 5032 Jesu
3216 4973 3427 5031 Christi
3467 4993 3583 5048 pro
3601 4977 3777 5034 vobis

2096 5064 2366 5137 gentibus
2397 5065 2609 5136 (Ephes.
2646 5081 2731 5130 ιιι,
2762 5063 2817 5135 2)
2844 5082 2857 5132 ;
2883 5086 2911 5112 ››
2943 5068 3001 5119 et
3030 5062 3169 5135 quia
3199 5080 3301 5137 per
3331 5079 3394 5120 se
3424 5062 3610 5123 locus
3643 5066 3780 5140 ipse

2096 5154 2444 5210 manifestus
2474 5159 2581 5218 est,
2616 5169 2745 5209 eam
2777 5157 3003 5208 tantum
3040 5157 3262 5225 partem
3297 5169 3525 5226 ponam
3563 5156 3776 5228 expla-

2095 5242 2367 5309 nationis,
2402 5259 2528 5314 quze
2561 5246 2719 5314 patet
2750 5240 3096 5298 calumniae:
3132 5265 3159 5293 «
3193 5242 3480 5302 Vinctum
3538 5243 3777 5303 Christi

2164 5369 2186 5444 ἦ
2206 5367 2446 5422 Minime
2470 5382 2598 5444 vero
2619 5369 2855 5444 accusat
2867 5366 3121 5444 _Ruﬁ_nus
3141 5365 3582 5444 Hieronymum
3605 5371 3776 5444 quod

2093 5438 2401 5510 Origenem
2450 5438 2767 5508 diligentem
2824 5435 3054 5510 dixerit,
3088 5438 3190 5493 sed
3251 5435 3405 5510 quod
3467 5440 3537 5496 in
3603 5435 3778 5500 Hunc

2093 5509 2254 5564 Pauli
2289 5510 2479 5565 locum
2514 5511 2781 5575 senserit,
2816 5509 2935 5564 fore
2962 5512 3026 5563 ut
3056 5509 3351 5565 daemones
3405 5510 3487 5565 ab
3548 5513 3777 5571 ultimo

2083 5581 2309 5656 judicio
2340 5581 2399 5656 in
2429 5580 2638 5656 coelum
2670 5584 3053 5656 revertantur,
3087 5581 3409 5654 eademque
3443 5586 3643 5656 atque
3673 5586 3774 5642 Je-

2091 5651 2194 5709 sus
2224 5652 2490 5710 Christus
2521 5651 2816 5709 voluntate
2845 5654 3102 5709 utantur.
