3958 6396
167 350 290 425 137

1375 353 1690 425 CONTRA
1730 347 2094 427 RUFINUM
2138 357 2289 426 LIB.
2333 328 2390 425 i.‘

3473 352 3597 432 438

170 495 312 556 Jssn
336 491 586 556 Paulum
608 511 736 558 esse
775 514 881 573 pro
911 496 1205 573 gentibus,
1256 499 1450 570 potest
1479 500 1533 553 et
1565 497 1636 552 de
1667 513 1822 554 mar-
1852 501 1909 568 Α
1938 515 2055 553 una
2075 502 2240 554 aetate
2291 497 2413 555 sint
2469 494 2643 571 positi
2672 495 2714 565 ¹,
2771 483 2830 555 id
2881 493 2990 568 est,
3023 509 3228 558 omnes
3259 496 3319 556 in
3351 494 3596 576 angelos

170 589 321 662 tyrio
367 587 640 662 intelligi,
722 589 877 662 quod
967 589 1161 644 Romae
1222 586 1281 642 in
1352 586 1586 641 vincula
1634 587 1825 658 conje-

173 683 328 748 ctus,
360 678 513 735 hanc
536 679 854 751 Epistolam
919 676 1164 745 miserit,
1198 693 1264 732 eo
1310 681 1570 747 tempore
1603 693 1720 747 quo
1752 676 1823 730 ad

171 768 598 834 Philemonem,
658 774 715 824 et
763 768 833 822 ad
893 766 1289 832 Colossenses,
1351 770 1408 820 et
1484 764 1825 838 Philippen-

171 873 294 925 ses,
347 857 409 913 in
473 855 585 912 alio
636 856 760 912 loco
819 857 1067 929 scriptas
1142 871 1291 923 esse,
1341 854 1822 909 monstravimus.

169 945 282 1002 Vel
312 949 486 1008 certe,
517 945 656 1017 quia
703 946 764 1000 in
813 944 1086 1017 plurimis
1125 943 1268 999 locis
1330 942 1548 998 lectum
1579 946 1668 998 est
1696 942 1822 997 vin-

171 1034 376 1092 culum
409 1035 616 1091 animas
673 1051 886 1107 corpus
943 1033 1054 1089 hoc
1083 1033 1218 1101 dici,
1275 1049 1390 1104 quo
1424 1032 1593 1103 quasi
1625 1030 1826 1088 clauso

171 1128 445 1181 teneatur
494 1124 555 1178 in
613 1138 859 1189 carcere,
920 1121 1172 1178 dicimus
1226 1124 1532 1193 pronterea
1578 1119 1826 1176 Paulum

174 1212 435 1285 corporis
457 1212 701 1268 nexibus
725 1211 998 1280 coerceri,
1033 1227 1137 1266 nec
1168 1210 1398 1277 reverti,
1433 1216 1488 1265 et
1539 1225 1667 1265 esse
1691 1225 1826 1264 cum

173 1301 424 1370 Christo,
458 1306 525 1358 ut
554 1302 806 1374 perfecta
837 1301 896 1356 in
946 1306 1150 1373 gentes
1201 1316 1303 1372 per
1333 1315 1468 1354 eum
1492 1299 1826 1370 przedicatio

174 1391 577 1464 compleatur:
611 1389 744 1446 licet
798 1389 1040 1461 quidam
1100 1389 1283 1444 alium
1342 1405 1583 1444 sensum
1623 1387 1683 1442 in
1719 1387 1826 1442 hoc

172 1479 300 1536 loco
330 1480 725 1546 introducant,
786 1480 942 1550 quod
976 1477 1232 1534 ‘Paulus
1285 1476 1738 1549 praedestinatus
1772 1480 1829 1532 et

175 1568 576 1626 sanctiﬁcatus
596 1585 664 1624 ex
686 1574 851 1624 utero
872 1567 1081 1623 matris
1111 1584 1227 1622 suae
1250 1568 1320 1622 ad
1356 1565 1826 1638 praedicationem

175 1658 441 1731 gentium
501 1662 819 1730 antequam
882 1660 1238 1722 nasceretur,
1314 1659 1517 1728 postea
1596 1654 1828 1710 vincula

175 1747 370 1804 carnis
400 1747 708 1820 acceperit.
745 1769 774 1796 »
835 1746 902 1802 Et
929 1745 988 1800 in
1051 1745 1159 1800 hoc
1189 1743 1500 1816 triplicem,
1530 1749 1593 1799 ut
1622 1761 1822 1816 supra,

173 1837 596 1910 expositionem
624 1836 813 1909 posui.
848 1836 910 1891 In
944 1834 1302 1907 prima,quid
1327 1834 1470 1889 mihi
1493 1833 1824 1889 videretur:

173 1927 235 1982 in
265 1926 545 1993 secunda,
587 1925 726 1998 quid
756 1924 1032 1997 Origenes
1053 1927 1374 1990 assereret;
1406 1923 1463 1977 in
1487 1922 1823 1994 tertia,quid

175 2015 577 2089 Apollinarius
609 2018 809 2070 contra
866 2013 1024 2069 illius
1084 2013 1302 2068 vadens
1334 2014 1609 2085 dogmata
1643 2012 1827 2067 senti-

177 2111 285 2162 ret.
321 2106 470 2178 Lege
521 2105 747 2161 Graecos
806 2102 1304 2170 Commentarios;
1340 2107 1397 2157 et
1419 2101 1531 2157 nisi
1561 2101 1643 2156 ita
1670 2117 1828 2173 repe-

175 2194 346 2262 reris,
379 2195 598 2251 crimen
629 2193 872 2249 fatebor.
903 2193 1066 2259 Quod
1098 2196 1185 2247 est
1217 2191 1274 2246 in
1317 2192 1428 2247 isto
1458 2190 1583 2246 loco
1625 2206 1825 2262 pecca-

175 2290 307 2342 tum
340 2283 582 2340 meum?
614 2281 761 2338 Illud
785 2281 1090 2348 nimirum,
1124 2297 1228 2352 pro
1258 2297 1374 2352 quo
1393 2297 1574 2352 supra
1594 2296 1826 2352 respon-

177 2373 277 2430 di:
312 2389 493 2446 quare
553 2389 668 2427 non
717 2388 815 2428 eos
847 2387 880 2427 a
933 2371 1149 2443 quibus
1182 2371 1337 2426 dicta
1369 2376 1526 2437 sunt,
1560 2368 1826 2424 nomina-

175 2463 291 2518 rim
313 2462 341 2517 7
373 2461 745 2534 Superﬂuum
805 2464 929 2516 erat
984 2477 1087 2532 per
1115 2457 1350 2532 singula
1378 2457 1642 2531 Apostoli
1673 2456 1829 2511 testi-

180 2551 402 2619 monia,
434 2567 636 2606 eorum
669 2550 911 2604 nomina
968 2565 1202 2620 ponere,
1235 2565 1487 2620 quorum
1522 2564 1615 2602 me
1647 2547 1828 2619 Opus-

179 2640 312 2697 cula
355 2638 784 2696 translaturum
843 2639 900 2693 in
953 2637 1293 2694 Przefatione
1341 2638 1729 2709 signaveram.
1764 2636 1830 2690 Et

178 2735 379 2786 tamen
410 2729 662 2785 vinctam
723 2728 836 2783 dici
888 2727 1147 2782 animam
1206 2743 1464 2800 corpore,
1522 2727 1704 2782 donec
1755 2726 1825 2780 ad

175 2819 474 2876 Christum
505 2817 720 2880 redeat,
759 2822 815 2872 et
859 2816 917 2871 in
973 2816 1420 2872 resurrectionis
1462 2814 1668 2888 gloria,
1701 2831 1826 2870 cor-

178 2908 478 2982 ruptivum
509 2912 566 2963 et
593 2906 839 2962 mortale
896 2923 1129 2978 corpus,
1170 2906 1608 2977 incorruptione
1638 2909 1693 2960 et
1724 2905 1829 2959 im-

175 2997 534 3055 mortalitate
564 3000 906 3062 commutet,
967 3013 1083 3051 non
1133 2995 1400 3051 absurdae
1430 2993 1826 3066 intelligentiae

172 3090 282 3142 est.
318 3085 477 3142 Unde
497 3089 554 3141 et
581 3084 925 3156 Apostolus:
954 3105 980 3132 ‹‹
1015 3083 1192 3139 Miser
1211 3099 1339 3155 ego,
1371 3082 1587 3154 inquit,
1631 3081 1824 3149 homo;

173 3176 310 3248 quis
341 3191 434 3231 me
488 3173 761 3229 liberabit
793 3173 863 3229 de
909 3189 1149 3244 corpore
1205 3172 1412 3228 mortis
1441 3171 1619 3242 hujus
1648 3172 1822 3240 (Rom.

1936 587 2363 644 reformentur:
2399 589 2499 644 sed
2550 589 3016 661 unumquodque
3058 590 3394 647 membrum
3421 592 3595 664 juxta

1935 693 2273 732 mensuram
2305 682 2361 732 et
2391 677 2649 733 officium
2703 695 2878 734 suum
2927 678 3249 749 perfectum
3279 680 3378 736 sit.
3414 680 3592 738 Verbi

1934 765 2141 838 gratia,
2202 771 2266 821 ut
2314 765 2559 838 angelus
2615 767 2817 840 refuga
2875 767 2931 822 id
2963 784 3092 823 esse
3136 767 3398 841 incipiat,
3431 771 3590 842 quod

1936 859 2166 911 creatus
2198 859 2321 911 est:
2383 859 2448 911 ut
2476 855 2650 912 homo
2703 856 2803 928 qui
2837 857 2906 912 de
2936 856 3206 929 paradiso
3239 858 3432 915 fuerat
3461 861 3588 931 eje-

1936 948 2087 1012 ctus,
2123 947 2193 1001 ad
2226 945 2519 1001 culturam
2541 947 2754 1002 iterum
2787 945 3046 1019 paradisi
3077 946 3437 1018 restituatur,
3477 970 3497 998 η
3533 949 3595 1005 et

1935 1033 2178 1107 reliqua.

2005 1127 2094 1178 27.
2127 1128 2262 1180 Duae
2292 1124 2537 1181 haereses.
2570 1155 2640 1168 —
2672 1124 2852 1180 Miror
2897 1129 2954 1180 te
3003 1125 3304 1182 hominem
3335 1127 3588 1200 pruden-

1937 1213 2241 1268 tissimum
2279 1231 2393 1269 non
2427 1212 2782 1271 intellexisse
2813 1218 2995 1270 artem
3027 1215 3406 1288 expositionis
3427 1233 3586 1273 meas.

1937 1303 2236 1368 «Quando
2294 1303 2452 1358 enim
2510 1304 2660 1373 dico,
2711 1305 2792 1360 ita
2862 1308 3056 1359 tamen
3108 1309 3173 1359 ut
3255 1321 3372 1361 non
3417 1305 3591 1376 juxta

1937 1393 2111 1448 aliam
2166 1392 2432 1448 haeresim
2490 1410 2694 1448 omnes
2753 1394 2812 1448 in
2871 1409 2988 1448 uno
3019 1397 3186 1450 astate
3237 1393 3358 1449 sint
3388 1393 3589 1465 positi,

1934 1481 1991 1537 id
2027 1487 2133 1548 est,
2188 1498 2393 1537 omnes
2448 1481 2506 1537 in
2569 1481 2808 1554 angelos
2867 1481 3281 1550 reformentur,
3337 1482 3584 1540 ostendo

1936 1575 1993 1626 et
2014 1585 2082 1625 ea
2102 1571 2173 1624 de
2205 1570 2421 1641 quibus
2479 1570 2716 1643 disputo
2771 1586 2898 1626 esse
2957 1571 3250 1640 haeretica,
3283 1575 3340 1628 et
3369 1570 3442 1628 ab
3474 1569 3588 1627 alia

1936 1659 2140 1715 haeresi
2171 1659 2522 1731 discrepare.
2558 1683 2586 1709 ››
2620 1661 2754 1724 Quae
2785 1663 2925 1716 sunt
2953 1675 3088 1732 ergo
3119 1661 3248 1716 duae
3289 1659 3540 1716 haereses
3561 1659 3592 1716 ἵ

1936 1748 2080 1815 Una,
2137 1765 2264 1820 quae
2327 1749 2468 1804 dicit
2517 1765 2722 1806 omnes
2770 1749 3146 1805 rationabiles
3192 1752 3494 1805 creaturas
3523 1747 3587 1804 in

1935 1838 2174 1910 angelos
2205 1838 2530 1893 reformari.
2565 1837 2764 1894 Altera
2791 1856 2918 1910 quas
2959 1837 3171 1894 asserit
3207 1837 3588 1910 unumquodv

1936 1944 2048 1999 que
2080 1927 2137 1982 in
2203 1927 2573 1983 restitutione
2627 1927 2831 1983 mundi
2863 1927 2922 1982 id
2950 1927 3070 1984 fore
3101 1927 3256 2000 quod
3288 1925 3591 1984 conditum

1935 2024 2037 2073 est.
2071 2015 2244 2072 Verbi
2273 2017 2498 2089 gratia:
2558 2017 2697 2088 quia
2716 2034 2784 2074 ex
2842 2016 3066 2090 angelis
3099 2018 3395 2073 daemones
3425 2020 3586 2085 sunt,

1936 2123 2144 2161 rursus
2192 2105 2485 2161 daemones
2547 2105 2785 2178 angelos
2843 2106 3004 2173 fieri;
3038 2110 3094 2161 et
3137 2107 3366 2163 animas
3399 2105 3592 2162 homi-

1937 2212 2104 2261 num,
2140 2195 2219 2250 ita
2277 2199 2342 2250 ut
2371 2201 2512 2250 sunt
2559 2196 2825 2264 conditae,
2861 2211 2977 2250 non
3009 2194 3069 2248 in
3103 2193 3364 2268 angelos,
3397 2195 3500 2251 sed
3531 2193 3591 2249 in

1935 2285 1994 2340 id
2028 2285 2185 2356 quod
2216 2301 2250 2340 a
2281 2284 2396 2340 Deo
2420 2288 2560 2339 sunt
2588 2283 2852 2350 conditae,
2899 2283 3224 2351 reformari,
3271 2286 3336 2338 ut
3364 2285 3422 2338 et
3442 2282 3593 2353 justi

1935 2378 1994 2430 et
2045 2377 2376 2445 peccatores
2415 2371 2668 2444 aequales
2698 2373 2860 2428 ﬁant.
2921 2372 3180 2443 Denique
3209 2375 3273 2426 ut
3317 2370 3470 2427 scias
3496 2379 3591 2425 me

1938 2479 2052 2518 non
2087 2479 2275 2518 meam
2309 2461 2630 2534 explicasse
2662 2461 3034 2523 sententiam,
3065 2461 3168 2516 sed
3200 2460 3350 2516 inter
3381 2475 3444 2515 se
3471 2459 3588 2514 ha:-

1937 2569 2095 2608 reses
2118 2568 2512 2623 comparasse,
2565 2567 2815 2623 quarum
2863 2553 3177 2622 utramque
3202 2550 3260 2604 in
3291 2549 3487 2605 Graeco
3517 2546 3594 2604 le-

1937 2658 2161 2715 geram,
2215 2641 2671 2712 disputationem
2728 2657 2920 2696 meam
2971 2640 3126 2696 488
3157 2639 3265 2695 hoc
3296 2638 3412 2694 {ine
3441 2653 3595 2694 com-

1938 2730 2120 2804 plevi:
2156 2753 2183 2779 «
2221 2729 2459 2799 Idcirco,
2521 2733 2586 2785 ut
2615 2746 2796 2802 supra
2845 2728 3125 2796 diximus,
3158 2727 3281 2784 hac
3302 2727 3458 2800 apud
3481 2742 3591 2784 nos

1936 2820 2276 2876 obscuriora
2334 2823 2493 2890 sunt,
2545 2819 2686 2892 quia
2744 2821 3120 2894 μεταφορικῶς
3196 2817 3473 2873 dicuntur
3527 2815 3591 2872 in

1937 2911 2130 2966 Greece
2152 2927 2164 2977 ;
2185 2914 2242 2964 et
2272 2909 2464 2965 omnis
2498 2908 2916 2980 metaphora,si
2947 2909 3020 2963 de
3050 2907 3165 2963 alia
3193 2906 3252 2962 in
3286 2905 3463 2962 aliam
3482 2904 3592 2961 lin-

1937 3015 2112 3071 guam
2175 2999 2568 3054 transferatur
2624 2999 2696 3052 ad
2728 2998 2998 3064 verbum,
3029 2995 3386 3068 quibusdam
3416 2993 3589 3067 quasi

1936 3088 2223 3155 sentibus,
2257 3087 2540 3142 orationis
2565 3103 2775 3142 sensus
2795 3091 2853 3142 et
2879 3085 3146 3158 germina
3167 3085 3590 3140 sutfocantur.»

1936 3175 2058 3232 Nisi
2091 3175 2212 3231 haec
2241 3176 2445 3232 eadem
2478 3175 2532 3230 io
2579 3175 2774 3230 Graeco
2825 3173 3127 3248 repereris,
3152 3170 3440 3245 quidquid
3473 3171 3590 3228 dic-

171 3281 272 3333 m,
331 3265 423 3336 24)
451 3264 524 3318 ?»
554 3267 773 3334 Corpus
820 3261 1025 3318 mortis
1083 3261 1408 3334 appellans,
1460 3261 1614 3332 quod
1667 3259 1824 3315 vitiis
1855 3250 1897 3316 C
1933 3269 2061 3321 tum
2085 3270 2193 3330 est,
2227 3281 2423 3320 meum
2457 3268 2675 3337 putato.

173 3359 232 3411 et
250 3353 473 3410 morbis
501 3357 558 3410 et
614 3351 1154 3425 perturbationibus
1185 3368 1250 3406 ac
1277 3349 1451 3406 morti
1482 3350 1820 3419 subjaceat:

172 3446 357 3501 donec
378 3459 514 3500 cum
544 3442 770 3498 Christo
793 3445 1062 3514 resurgat
1093 3440 1151 3496 in
1193 3439 1399 3512 gloria,
1434 3439 1590 3495 482
1616 3443 1673 3493 et
1705 3439 1823 3491 tra-

172 3533 288 3607 gile
319 3533 484 3606 prius
540 3531 754 3598 lutum,
841 3533 1202 3601 excoquatur
1275 3528 1500 3584 fervore
1570 3525 1824 3598 Spiritus

171 3621 359 3680 sancti
385 3621 444 3678 in
477 3625 688 3678 testam
721 3618 1174 3676 solidissimam:
1208 3619 1522 3674 demutans
1552 3616 1822 3688 gloriam,

173 3729 291 3768 non
315 3716 607 3768 naturam.

240 3802 334 3856 26.
368 3799 618 3867 Quintus
647 3798 810 3855 locus
839 3797 1241 3854 validissimus
1272 3801 1379 3863 est,
1415 3797 1472 3851 in
1505 3812 1620 3868 quo
1651 3811 1823 3866 expo-

173 3895 380 3948 nentes
420 3888 565 3944 illud
597 3886 856 3960 Apostoli
889 3885 1297 3942 testimonium
1330 3886 1543 3957 (Ephes.
1590 3903 1663 3951 IV,
1707 3883 1824 3954 to):

175 4003 202 4030 ι(
233 3982 316 4036 Ex
345 3995 461 4052 quo
491 3983 679 4034 totum
711 3993 924 4049 corpus
977 3980 1348 4048 compactum
1379 3980 1434 4030 et
1461 3972 1824 4045 conglutina-

175 4076 309 4128 tum
339 4085 443 4142 per
472 4083 704 4123 omnem
728 4068 1072 4137 juncturam
1111 4062 1694 4127 subministrationis,
1731 4079 1826 4116 se-

169 4158 434 4216 cundum
462 4155 860 4229 operationem
891 4154 951 4210 in
983 4170 1324 4210 mensuram
1357 4152 1825 4222 uniuscujusque

170 4247 445 4315 membri,
478 4249 861 4319 augmentum
920 4243 1180 4316 corporis
1239 4242 1378 4298 facit
1408 4241 1466 4296 in
1492 4239 1823 4296 aediﬁcatio-

170 4353 307 4394 nem
333 4335 509 4392 suiin
541 4335 825 4392 charitate
854 4334 1004 4402 (Lib.
1041 4350 1099 4387 Il.
1136 4349 1262 4405 cap.
1299 4332 1376 4403 4),
1414 4354 1440 4379 ››
1472 4330 1824 4386 latissimam

167 4425 437 4500 Origenis
470 4423 918 4498 expositionem,
977 4428 1034 4478 et
1094 4422 1331 4477 eosdem
1367 4437 1581 4476 sensus
1605 4435 1706 4492 per
1739 4418 1824 4472 di-

166 4533 336 4575 versa
364 4514 540 4572 verba
568 4512 918 4579 volventem,
982 4511 1138 4567 brevi
1184 4526 1452 4566 sermone
1481 4507 1828 4564 constrinxi-

2003 3358 2092 3409 28.
2126 3356 2384 3419 Sextum,
2448 3353 2603 3424 quod
2632 3358 2688 3408 et
2716 3357 3066 3420 extremum,
3127 3351 3272 3407 mihi
3330 3349 3584 3422 objicere

1933 3445 2148 3500 dicitur
2179 3444 2249 3514 (si
2273 3448 2470 3498 tamen
2495 3442 2639 3498 nihil
2671 3442 2728 3496 in
2783 3441 2974 3498 medio
2997 3442 3172 3498 frater
3201 3439 3418 3498 oblitus
3450 3439 3585 3511 est),

1936 3551 2038 3594 cur
2093 3533 2261 3589 illum
2312 3531 2508 3587 locum
2563 3531 2820 3604 Apostoli
2897 3532 3290 3605 interpretans
3343 3529 3444 3586 ubi
3503 3529 3587 3586 ait

1936 3625 2149 3695 (Ephes.
2183 3640 2236 3687 v,
2294 3624 2386 3692 28,
2416 3621 2546 3689 29):
2615 3621 2776 3685 «Qui
2835 3637 3076 3677 uxorem
3136 3636 3306 3676 suam
3369 3616 3586 3691 diligit,

1936 3713 2199 3786 seipsum
2233 3709 2635 3783 diligit.Nemo
2662 3710 2820 3766 enim
2853 3726 3115 3782 unquam
3147 3724 3315 3764 suam
3349 3721 3587 3763 carnem

1935 3801 2185 3869 odit,sed
2219 3802 2407 3856 nutrit
2427 3803 2484 3854 et
2513 3799 2664 3854 fovet
2693 3798 3005 3866 eam,sicut
3024 3800 3081 3853 et
3101 3795 3368 3852 Christus
3397 3794 3590 3850 Eccle-

1935 3891 2163 3955 siam,»
2226 3894 2358 3962 post
2416 3888 2744 3961 simplicem
2821 3887 3267 3960 expositionem,
3319 3882 3594 3958 Origenis

1936 3979 2230 4053 posuerim
2285 3978 2687 4044 quaestionem,
2747 3994 2815 4033 ex
2876 3978 3045 4047 cujus
3109 3991 3362 4048 persona
3411 3973 3592 4030 tacito

1936 4068 2173 4125 nomine
2193 4067 2435 4122 dixerim
2464 4085 2476 4122 :
2511 4091 2537 4115 ‹‹
2574 4066 2799 4139 Opponi
2834 4064 3003 4122 nobis
3035 4067 3247 4137 potest,
3281 4064 3437 4137 quod
3471 4079 3594 4118 non

1936 4159 2014 4214 sit
2063 4174 2198 4213 vera
2228 4156 2521 4212 sententia
2571 4155 2824 4211 dicentis
2873 4154 3166 4228 Apostoli:
3208 4173 3230 4203 ι
3263 4155 3444 4210 Nemo
3484 4169 3599 4209 un-

1937 4265 2114 4320 quam
2144 4263 2378 4302 carnem
2412 4262 2581 4301 suam
2614 4245 2756 4313 odit,
2795 4268 2821 4294 »
2842 4262 2975 4301 cum
3007 4245 3210 4300 morbo
3243 4243 3404 4317 regio
3431 4242 3596 4300 labo-

1936 4342 2158 4404 rantes,
2190 4335 2438 4408 phthisi,
2469 4339 2527 4390 et
2554 4352 2795 4391 cancere
2823 4340 2879 4392 et
2909 4333 3420 4404 distillationibus,
3440 4349 3598 4390 mor-

1936 4431 2052 4483 tem
2085 4425 2212 4480 vitaa
2276 4426 2608 4498 przsierant,
2661 4433 2717 4480 et
2745 4442 2856 4481 sua
2897 4424 3128 4480 oderint
3157 4440 3448 4496 corpora;
3482 4443 3511 4472 »
3543 4425 3602 4478 et

1938 4515 2138 4571 statim
2173 4515 2313 4587 quid
2338 4513 2463 4586 ipse
2495 4514 2773 4570 sentirem
2806 4513 3086 4585 adjunxi:
3124 4536 3153 4563 «
3177 4511 3364 4585 Magis
3394 4510 3595 4582 itaque

169 4622 325 4674 mus,
359 4603 508 4660 nihil
537 4603 820 4676 exemplis
852 4605 909 4658 et
929 4601 1358 4658 assertionibus
1382 4599 1540 4654 illius
1560 4599 1825 4654 aufercn-
1860 4625 1906 4688 Ι)
1937 4605 2009 4660 ad
2042 4604 2326 4676 tropicam
2350 4601 2798 4674 intelligentiam
2817 4619 3008 4659 sermo
3024 4602 3326 4657 referatur.
3352 4622 3379 4651 ››
3401 4599 3596 4664 Quan-

165 4700 272 4753 tes.
307 4699 572 4766 Cumque
602 4691 1077 4765 pervenissemus
1135 4690 1206 4745 ad
1242 4689 1442 4754 finem,
1480 4687 1602 4743 haec
1625 4687 1826 4756 subje-

169 4785 360 4842 cimus
389 4801 403 4839 :
437 4806 466 4833 «
504 4781 756 4856 Igituret
784 4782 842 4836 in
877 4780 1247 4837 restitutione
1280 4778 1570 4844 omnium,
1593 4776 1828 4849 quando

171 4891 387 4947 corpus
420 4872 601 4928 totius
633 4871 902 4928 Ecclesia
926 4885 1084 4926 nunc
1114 4869 1446 4941 dispersum
1480 4872 1656 4937 atque
1687 4866 1830 4921 lace-

173 4969 392 5032 ratum,
432 4978 604 5018 verus
663 4960 928 5017 medicus
988 4959 1254 5015 Christus
1303 4958 1481 5014 Jesus
1513 4961 1830 5013 sanaturus

176 5052 499 5114 advenerit.
533 5051 945 5124 unusquisque
977 5049 1301 5106 secundum
1328 5063 1666 5103 mensuram
1697 5045 1830 5100 fidei

175 5148 228 5198 et
256 5141 580 5217 agnitionis
609 5140 736 5196 Filii
763 5140 1070 5211 Dei(quem
1098 5139 1226 5194 ideo
1249 5152 1565 5210 agnoscere
1596 5135 1832 5203 dicitur,

175 5233 313 5305 quia
345 5230 511 5305 prius
568 5235 826 5296 noverat,
871 5234 928 5285 et
957 5233 1160 5302 postea
1192 5244 1364 5283 nosse
1396 5226 1624 5296 desivit)
1656 5241 1830 5282 suum

175 5320 660 5396 recipietlocum,
721 5324 779 5376 et
810 5319 1052 5392 incipiet
1109 5317 1166 5372 id
1225 5333 1353 5372 esse
1411 5315 1564 5388 quod
1603 5316 1829 5371 fuerat:

176 5412 254 5468 ita
282 5417 507 5478 tamen,
542 5415 608 5465 ut
637 5426 751 5466 non
794 5411 965 5481 juxta
1021 5405 1287 5463 haeresim
1323 5405 1497 5461 aliam
1538 5422 1742 5460 omnes
1776 5404 1832 5458 in

244 5576 259 5609 ¹
295 5574 360 5630 In
384 5573 808 5636 Commentar.,
842 5571 901 5625 in
931 5571 1028 5625 hoc
1058 5566 1430 5633 introducunt,
1464 5567 1625 5639 quod,
1659 5573 1762 5623 etc.

242 5643 262 5674 ²
293 5643 719 5726 Supplevimus
750 5641 845 5726 hic
874 5658 1077 5726 vocem
1103 5641 1306 5711 positi,
1339 5657 1466 5710 quae
1491 5639 1642 5726 etin
1665 5639 1834 5726 Gem:

178 5711 480 5777 mentariis
509 5714 747 5788 legitur,
779 5717 837 5772 et
892 5714 951 5770 in
993 5713 1257 5771 subnexa
1301 5711 1697 5784 recognitione
1727 5711 1835 5768 loci

1938 4695 2010 4749 do
2041 4692 2508 4764 dico,tropicam,
2532 4692 2712 4748 doceo
2734 4708 2937 4748 verum
2968 4708 3085 4746 non
3115 4688 3430 4762 esse,quod
3463 4686 3604 4744 dici-

1940 4783 2161 4849 tur,sed
2197 4781 2483 4853 allegoriae
2503 4781 2706 4836 nubila
2738 4780 3597 4853 ﬁguratum.Ponamustamen

1941 4873 2069 4945 ipsa
2098 4873 2272 4926 verba
2322 4888 2450 4942 qua:
2484 4871 2542 4925 in
2602 4869 2869 4943 Origenis
2923 4869 3072 4925 libro
3103 4868 3272 4924 tertio
3295 4866 3598 4923 continen-

1939 4968 2074 5019 tur:
2142 4986 2167 5010 ‹‹
2202 4962 2476 5017 Dicamus
2535 4961 2692 5032 quod
2732 4959 2892 5014 illam
2926 4974 3182 5026 carnem,
3245 4974 3372 5030 qua:
3402 4956 3604 5013 visura

1943 5052 2016 5107 sit
2078 5050 2332 5107 salutare
2384 5050 2507 5117 Dei,
2560 5049 2761 5105 anima
2813 5048 3039 5121 diligat,
3071 5051 3128 5104 et
3160 5046 3404 5114 nutriat,
3438 5049 3496 5101 et
3519 5044 3606 5101 fo-

1941 5146 2070 5197 veat
2099 5158 2250 5211 eam,
2282 5138 2610 5212 disciplinis
2643 5137 2940 5202 erudiens,
2965 5142 3019 5192 et
3048 5135 3270 5194 caelesti
3315 5134 3606 5209 saginans

1945 5249 2116 5304 pane,
2151 5236 2206 5286 et
2236 5229 2452 5286 Christi
2512 5228 2801 5301 sanguine
2851 5227 3143 5300 irrigans:
3187 5231 3254 5282 ut
3292 5225 3512 5282 refecta
3549 5227 3608 5281 et

1947 5320 2151 5389 nitida,
2188 5320 2373 5392 possit
2403 5317 2583 5374 libero
2617 5335 2790 5373 cursu
2849 5316 3039 5372 virum
3101 5315 3291 5389 sequi,
3351 5319 3410 5372 et
3439 5313 3602 5371 nullo

1946 5409 2266 5465 debilitatis
2324 5409 2578 5481 pondere
2646 5405 3046 5478 prmgravari".
3112 5405 3358 5462 Pulchre
3423 5404 3602 5461 etiam

1948 5571 2348 5626 confirmatur.

2019 5645 2039 5676 ³
2073 5643 2134 5696 In
2163 5642 2581 5724 Commentar.,
2643 5645 2694 5696 ct
2755 5638 2919 5696 nulla
2978 5639 3263 5698 debilitate
3291 5643 3346 5696 et
3370 5636 3608 5712 pondera

1951 5730 2312 5788 pra’gravart.
