3958 6396
376 338 513 419 M9

1606 343 1696 412 .8.
1728 341 2058 413 EUSBBH
2078 339 2563 415 .IIBRONYEL

3650 343 3777 417 ω

392 474 464 541 in
517 479 971 543 similitudinem
1026 480 1243 540 Christi
1300 480 1619 539 nutrientis
1674 485 1732 538 et
1786 479 2032 536 foventis
2060 479 2118 547 Α
2148 478 2237 539 los
2257 498 2375 540 non
2405 485 2497 540 est
2523 483 2631 549 vir,
2662 497 2852 555 neque
2881 480 3115 553 mulier,
3145 482 3231 541 ita
3254 485 3459 553 «nos,
3486 480 3588 556 qni
3616 480 3768 545 sini-

396 573 737 639 Ecelesiam,
797 576 854 628 et
908 572 1156 628 dicentis
1209 572 1279 627 ad
1337 569 1700 629 Jerusalem:
1748 569 2037 635 «Quoties

394 662 555 721 valui
575 678 928 735 congregare
957 660 1108 716 filios
1165 665 1318 728 tuos,
1381 664 1446 716 ut
1473 659 1693 733 gallina
1722 661 2037 730 congregat

393 750 587 825 pullas
628 766 769 807 suos
827 751 938 807 sub
988 749 1113 806 alas
1169 766 1329 817 suas,
1392 752 1451 804 et
1521 748 1762 804 noluisti
1819 747 2028 817 (Matth.

390 858 557 909 χχιιι,
578 842 693 911 37),
732 858 755 888 ι
788 841 997 896 anima:
1054 855 1289 910 quoque
1319 839 1513 893 fovent
1538 854 1779 909 corpora
1809 854 1937 904 sua,
1971 839 2036 891 ut

393 930 793 1002 corruptivum
846 927 956 985 hac
1008 928 1214 984 induat
1270 926 1766 999 incorruptionem
1818 927 1863 996 (ι
1909 926 2030 981 Cor.

389 1036 483 1087 xv,
516 1020 628 1090 52),
662 1023 719 1074 et
747 1017 973 1073 alarum
1027 1016 1257 1072 levitate
1311 1032 1689 1088 suspensum,
1742 1016 1800 1071 in
1840 1030 2031 1072 aerem

388 1107 620 1165 facilius
651 1106 1001 1162 sublevetur.
1028 1106 1344 1162 Faveamus
1396 1105 1574 1177 igitur
1601 1110 1659 1161 et
1681 1104 1791 1159 viri
1822 1120 2032 1163 uxores

390 1199 642 1265 nostras,
672 1199 730 1251 et
758 1193 963 1250 animae
1012 1199 1221 1250 nostra:
1272 1210 1513 1264 corpora
1539 1197 1590 1248 ‘z
1624 1198 1690 1248 ut
1736 1196 1791 1250 et
1822 1208 2030 1248 uxores

387 1285 449 1344 in
479 1285 653 1353 viros,
708 1288 765 1340 et
820 1300 1062 1356 corpora
1101 1283 1442 1355 redigantur
1484 1284 1544 1338 in
1575 1283 1824 1348 animas,
1856 1286 1914 1337 et
1941 1298 2033 1337 ne-

388 1390 684 1448 quaquam
714 1374 791 1429 sit
820 1388 1066 1428 sexuum
1097 1371 1219 1428 ulla
1247 1372 1574 1439 diversitas;
1608 1372 1707 1427 sed
1740 1371 2032 1442 quomoda

387 1463 542 1535 apud
574 1460 832 1535 angelos,
858 1478 971 1517 non
1005 1465 1095 1517 est
1123 1461 1211 1516 vir
1239 1466 1297 1516 et
1326 1460 1538 1518 mulier
1561 1478 1574 1527 ;
1600 1461 1683 1516 ita
1702 1464 1762 1515 et
1792 1458 2030 1530 nos,qui

387 1550 612 1609 similes
641 1550 865 1624 angelis
898 1550 1076 1606 futuri
1101 1550 1461 1621 sumnsjam
1493 1566 1648 1605 nunc
1678 1549 2033 1622 incipiamur

386 1656 517 1701 esse
539 1640 695 1712 quod
726 1640 895 1695 nobis
927 1638 984 1694 in
1021 1638 1353 1694 caelestibus
1384 1638 1813 1711 repromissum
1846 1640 1955 1693 est.
2001 1659 2028 1685 ››

454 1733 545 1787 29.
570 1732 757 1801 Supra
832 1727 1157 1799 simplicem
1217 1728 1635 1799 expositionem
1695 1728 1851 1784 484
1903 1742 2028 1797 qum

385 1818 557 1877 nobis
583 1819 643 1874 in
694 1816 1027 1874 testimonio
1077 1817 1188 1873 ista
1220 1834 1348 1873 esse
1378 1817 1704 1884 videbatur,
1735 1813 2028 1887 expressi-

383 1908 832 1975 mus,dicentes:
867 1930 894 1957 ‹‹
924 1906 1216 1970 Quantum
1249 1906 1320 1962 ad
1348 1905 1675 1977 simplicem
1706 1903 2031 1976 intelligen-

379 1998 529 2056 tiam
585 1996 855 2069 pertinet,
917 1999 1122 2052 sancta
1170 1996 1276 2067 [AL
1337 1999 1600 2051 sanctam
1660 1993 2027 2063 charitatem]

379 2085 535 2144 inter
587 2086 777 2141 virum
834 2090 892 2142 et
944 2101 1181 2141 uxorem
1239 2084 1522 2140 charitate
1576 2087 1864 2155 praecepta
1918 2083 2026 2154 [AL

379 2179 664 2247 praecepto
704 2174 856 2244 hoc],
918 2191 1073 2229 nunc
1110 2173 1415 2245 jubemur,
1470 2177 1537 2228 ut
1583 2171 1917 2227 nutriamus
1973 2174 2030 2225 et

377 2263 679 2323 faveamus
737 2263 1048 2334 conjuges:
1107 2265 1174 2317 ut
1220 2261 1443 2318 scilicet
1473 2261 1559 2317 eis
1586 2261 1805 2316 victum
1847 2264 1903 2316 et
1932 2276 2026 2315 ve-

377 2352 607 2420 stitum,
633 2354 690 2407 et
721 2366 788 2408 ea
845 2367 973 2422 quae
1027 2354 1167 2406 sunt
1214 2349 1545 2406 necessaria
1576 2349 1960 2422 przebeamus.
1999 2370 2025 2397 »ι

374 2440 508 2497 Haec
538 2445 739 2499 nostra
766 2441 1057 2497 sententia
1084 2444 1192 2496 est.
1228 2440 1412 2512 Igitur
1448 2456 1621 2496 omne
1639 2439 1795 2510 quod
1839 2437 2029 2509 sequi-

374 2534 475 2587 tur
502 2530 797 2601 deinceps,
832 2535 889 2585 et
946 2527 1158 2601 opponi
1219 2528 1387 2585 nobis
1418 2533 1629 2601 potest,
1662 2526 2029 2584 ostendimus

379 2634 498 2675 non
529 2635 596 2674 ex
634 2621 854 2683 nostra,
914 2618 1015 2674 sed
1074 2634 1142 2673 ex
1190 2617 1721 2673 contradicentium
1780 2614 2025 2687 intelligi

378 2706 589 2766 debere
621 2706 1029 2778 persona.0uae
1062 2722 1195 2761 cum
1229 2706 1305 2761 sit
1333 2705 1522 2761 brevis
1554 2709 1611 2761 et
1640 2703 1910 2760 absoluta
1939 2720 2026 2759 re-

379 2794 639 2867 sponsio,
699 2799 758 2849 et
802 2794 975 2864 juxta
1029 2794 1088 2849 id
1145 2794 1301 2866 quod
1334 2811 1513 2866 supra
1543 2793 1818 2860 diximus,
1852 2791 2027 2848 etiam

380 2883 669 2956 allegoriae
710 2883 958 2948 umbris,
1017 2884 1089 2938 de
1118 2899 1183 2938 co
1216 2884 1373 2954 quod
1402 2887 1510 2949 est,
1542 2883 1614 2938 ad
1638 2883 1695 2937 id
1726 2882 1881 2954 quod
1913 2898 2028 2937 non

380 2976 524 3040 erat,
568 2972 915 3044 depravata:
977 2977 1174 3028 tamen
1231 2972 1502 3028 accedam
1538 2971 1807 3043 propius,
1837 2975 1894 3026 et
1924 2969 2030 3026 sci-

380 3060 636 3121 scitabar
663 3060 805 3132 quid
855 3060 960 3117 tibi
1019 3060 1076 3116 in
1136 3060 1245 3117 hac
1276 3060 1675 3132 disputatione
1702 3059 2025 3132 displiceat.

379 3150 600 3223 Nempe
628 3152 766 3223 quia
796 3150 1063 3217 dixerim,
1096 3150 1327 3207 animas
1359 3155 1423 3205 ut
1460 3150 1615 3205 viros
1647 3149 1837 3205 fovere
1858 3147 2027 3221 quasi

2146 570 2230 627 les
2261 571 2485 644 angelis
2506 572 3069 645 futurisumus,jam
3099 588 3255 630 nunc
3276 571 3621 645 incipiamus
3651 586 3769 631 esse

2142 659 2204 719 in
2235 660 2426 728 terris,
2460 661 2614 733 quod
2648 662 2818 717 nobis
2847 661 2909 718 in
2967 661 3307 719 caelestibus
3364 660 3769 734 repromissum

2144 754 2251 806 est.
2280 772 2302 801 ι
2336 750 2507 807 Recte
2539 755 2855 816 moverent,
2914 750 3029 809 nisi
3098 754 3235 823 post
3261 750 3457 823 priora
3482 749 3775 817 dixissem,

2135 839 2260 911 jam
2294 855 2449 895 nunc
2503 838 2854 911 incipiamus
2885 856 3034 905 esse,
3066 841 3223 912 quod
3256 838 3508 911 nobisin
3532 836 3773 899 scelesti-

2144 927 2253 983 bus
2310 927 2732 999 repromissum
2813 933 2922 985 est.
2997 928 3239 994 Quando
3287 927 3437 995 dico,
3511 926 3604 984 hic
3654 940 3774 985 esse

2142 1013 2495 1086 incipiamus
2524 1016 2584 1071 in
2616 1016 2809 1083 terris,
2843 1020 3111 1073 naturam
3160 1033 3275 1073 non
3336 1015 3473 1074 tollo
3495 1030 3768 1085 sexuum;

2140 1104 2241 1161 sed
2272 1104 2579 1161 libidinem
2632 1108 2690 1160 et
2747 1105 2966 1161 coitum
2998 1104 3101 1161 viri
3126 1109 3183 1161 et
3212 1104 3409 1163 uxoris
3437 1106 3654 1178 aufero,
3686 1109 3771 1164 di-

2139 1197 2305 1250 cente
2369 1193 2675 1266 Apostolo:
2729 1194 3044 1267 «Tempus
3115 1194 3287 1251 breve
3360 1198 3450 1250 est
3494 1195 3771 1269 reliquum

2140 1287 2253 1351 est,
2282 1286 2348 1337 ut
2375 1287 2433 1339 et
2457 1282 2556 1355 qui
2580 1282 2799 1339 habent
2830 1300 3060 1351 uxores,
3087 1283 3173 1339 sic
3203 1284 3322 1339 sint
3340 1284 3515 1355 quasi
3536 1300 3645 1342 non
3677 1285 3770 1343 ha-

2140 1372 2315 1428 beant
2346 1373 2393 1443 (I
2421 1372 2540 1428 Cor.
2574 1389 2695 1439 Vill,
2753 1373 2866 1443 29).
2899 1395 2927 1423 ››
2962 1373 3033 1428 Et
3082 1372 3370 1430 Dominus
3398 1373 3773 1447 interrogatus

2139 1459 2199 1517 in
2230 1460 2561 1533 Evangelia,
2593 1462 2766 1533 cujus
2811 1461 2884 1517 de
2941 1465 3166 1534 septem
3198 1461 3480 1519 fratribus
3510 1462 3571 1519 in
3599 1477 3777 1520 resur-

2140 1550 2396 1606 rectione
2423 1566 2552 1606 esse
2573 1549 2808 1607 deberet
2864 1565 3029 1617 uxor,
3062 1550 3175 1607 ait:
3215 1571 3246 1602 α
3267 1550 3510 1618 Erratis,
3532 1550 3776 1609 nescies-

2136 1644 2226 1694 tes
2281 1638 2629 1711 Scripturas,
2705 1654 2897 1711 neque
2941 1638 3224 1696 virtutem
3282 1640 3421 1696 Dei:
3482 1639 3544 1696 in
3594 1654 3776 1698 resur-

2136 1726 2390 1783 rectione
2446 1727 2605 1783 enim
2660 1743 2848 1800 neque
2907 1729 3148 1796 nubent,
3201 1744 3392 1801 neque
3450 1729 3771 1797 subeatur;

2139 1816 2241 1873 sed
2290 1821 2464 1873 erunt
2517 1816 2668 1872 sicut
2727 1815 2920 1889 angeli
2975 1816 3075 1873 Dei
3128 1817 3189 1875 in
3245 1817 3775 1889 cmia(latth.xxu,

2136 1906 2227 1972 29,
2259 1905 2369 1977 30).
2404 1927 2433 1956 η
2458 1906 2524 1961 Et
2546 1921 2746 1961 revera
2800 1905 2899 1962 ubi
2956 1905 3109 1962 inter
3158 1906 3352 1964 virum
3395 1912 3454 1965 et
3482 1906 3771 1965 mulierem

2138 1993 2376 2050 castitas
2403 1993 2667 2061 est,485
2702 2010 2805 2050 nec
2863 1995 2951 2050 vir
2979 1994 3188 2068 incipit
3225 2011 3382 2065 esse,
3410 2012 3517 2054 nec
3546 1996 3770 2063 femina,

2139 2083 2240 2139 sed
2270 2081 2462 2139 adhuc
2501 2083 2561 2138 in
2617 2099 2858 2156 corpore
2894 2084 3067 2157 positi
3101 2088 3409 2142 mutantur
3435 2086 3495 2142 in
3525 2086 3774 2158 angelos,

2138 2171 2197 2226 in
2223 2172 2439 2244 quibus
2473 2188 2588 2229 non
2618 2176 2708 2229 est
2735 2171 2824 2227 vir
2849 2190 3038 2245 neque
3066 2172 3468 2239 mulier.Quod
3495 2178 3553 2231 et
3578 2174 3645 2230 in
3667 2172 3775 2231 alio

2137 2258 2262 2316 loco
2293 2261 2366 2317 ab
2413 2262 2618 2317 eodem
2664 2261 2943 2333 Apostolo
2990 2262 3239 2319 dicitur:
3273 2286 3302 2314 α
3337 2263 3685 2335 Quicunque
3716 2262 3777 2318 in

2135 2348 2363 2405 Christo
2394 2348 2670 2422 baptizati
2724 2350 2890 2418 estis,
2948 2349 3248 2408 Christum
3306 2351 3606 2409 induistis.
3657 2350 3773 2407 Non

2136 2442 2225 2494 est
2254 2437 2495 2495 Judaeus
2528 2454 2716 2510 neque
2774 2438 3031 2507 Graecus,
3081 2456 3195 2496 non
3244 2445 3336 2497 est
3364 2456 3568 2498 servus
3600 2454 3774 2511 neque

2134 2525 2304 2596 liber,
2346 2544 2462 2584 non
2492 2531 2581 2583 est
2609 2528 2906 2584 masculus
2928 2544 3119 2600 neque
3148 2527 3785 2587 femina.0mnesenim

2137 2632 2321 2672 unum
2351 2633 2453 2672 vos
2482 2616 2624 2672 estis
2652 2615 2713 2673 in
2769 2617 2999 2674 Christo
3022 2618 3163 2674 Jesu
3182 2619 3483 2688 (Galeam,
3514 2618 3717 2688 27,28).
3750 2638 3775 2666 »ν

2207 2707 2294 2761 30.
2355 2706 2735 2762 Accusatione:
2799 2708 2985 2778 Ruﬁni
3036 2709 3217 2778 falsae.
3286 2708 3521 2779 Ruﬁnus
3565 2710 3783 2764 Grecae.

2141 2795 2349 2851 litteras
2376 2794 2643 2850 didicerat
2670 2797 2793 2852 sine
2837 2798 3124 2867 magistro.
3157 2796 3508 2868 Gregorium:
3534 2796 3773 2851 Nazian-

2138 2900 2334 2939 wnum
2372 2885 2761 2947 transtulerat._
2789 2915 2855 2926 -
2880 2885 2992 2941 Sed
3051 2884 3331 2956 quoniam
3397 2885 3473 2941 de
3491 2883 3778 2956 confraga:

2138 2972 2220 3028 sis
2249 2975 2306 3028 et
2330 2971 2556 3044 asperis
2607 2972 2749 3029 locis
2808 2973 3137 3045 enavigavit
3178 2972 3386 3039 oratio,
3414 2977 3473 3029 et
3501 2972 3776 3029 hereseos

2137 3060 2358 3117 crimen
2391 3060 2711 3133 impactum
2767 3065 2890 3118 tota
2928 3061 3138 3118 frontis
3159 3061 3430 3118 libertate
3461 3058 3776 3133 repulimne

2140 3149 2289 3219 [mea
2348 3148 2728 3222 respuimus],
2780 3150 2853 3206 ad
2885 3148 3031 3206 alias
3060 3150 3189 3220 ejus
3227 3147 3623 3207 accusationis
3649 3163 3776 3221 per-

391 3221 603 3297 uxorcs
648 3221 902 3312 corpora
938 3257 1065 3306 sua,
1120 3244 1185 3295 ut
1238 3239 1635 3311 corruptivum
1686 3237 1798 3293 hoc
1827 3237 2034 3293 induat
2062 3221 2105 3289 (ἶ
2142 3242 2228 3295 tes
2280 3221 2498 3310 quibus
2535 3255 2643 3294 nos
2698 3238 2964 3295 mordere
3019 3238 3245 3305 nititur,
3301 3242 3694 3296 transeamus.
3734 3235 3774 3295 Ε

396 3329 913 3402 incorruptionem,
954 3333 1008 3385 et
1055 3328 1280 3385 alarum
1306 3328 1535 3385 levitate
1564 3344 1941 3400 suspensum,
1976 3326 2034 3382 in

403 3436 595 3479 aerem
622 3418 1463 3481 faciliussublevetur.Quanda
1488 3418 1615 3473 dico
1637 3418 2033 3489 corruptivum

391 3508 501 3565 hac
527 3508 739 3563 induat
793 3506 1312 3578 incorruptionem,
1371 3523 1485 3562 non
1540 3510 1702 3561 muto
1761 3510 2031 3561 naturam

378 3611 711 3668 corporum,
773 3595 873 3650 sed
908 3610 1092 3665 augeo
1139 3593 1404 3666 gloriam.
1458 3594 1572 3650 Nec
1604 3610 1718 3649 non
1748 3594 1901 3665 quod
1936 3611 2030 3650 se~

382 3686 602 3759 quitur,
643 3684 870 3740 alarum
900 3683 1133 3739 levitate
1200 3698 1557 3753 suspensum
1591 3683 1650 3737 in
1669 3699 1861 3738 aerem
1895 3683 2029 3738 faci-

376 3774 491 3832 lius
548 3774 890 3831 sublevetur
910 3773 1007 3845 qui
1069 3772 1193 3829 alas
1246 3772 1520 3838 assumit,
1555 3771 1611 3827 id
1644 3776 1753 3836 est,
1786 3772 2023 3827 immor-

375 3863 683 3931 talitatem,
744 3868 809 3919 ut
860 3862 1045 3920 levius
1098 3863 1171 3918 ad
1230 3861 1440 3918 caelum
1479 3860 1652 3928 volet,
1686 3877 1800 3917 non
1836 3861 2027 3933 perdit

371 3970 499 4011 esse
531 3953 687 4025 quod
748 3954 955 4008 fuerat.
1016 3951 1127 4009 Sed
1187 3951 1366 4016 dices,
1393 3953 1627 4005 movent
1652 3966 1744 4005 mc
1776 3966 1905 4021 quae
1935 3966 2022 4005 se-

375 4046 669 4115 quuntur:
701 4065 727 4090 ‹‹
773 4042 1092 4097 Faveamus
1122 4039 1301 4112 igitur
1330 4043 1386 4096 et
1414 4039 1520 4096 viri
1554 4055 1783 4106 uxores,
1817 4042 1874 4095 et
1904 4038 2025 4095 ani-

377 4146 487 4186 mae
517 4133 727 4186 nostra:
771 4146 1030 4202 corpora,
1089 4134 1240 4185 utet
1296 4145 1502 4185 uxores
1545 4128 1605 4184 in
1638 4128 1876 4196 viros,et
1903 4145 2025 4184 caro

377 4235 522 4292 para
588 4218 928 4290 redigantur
1000 4218 1057 4274 in
1109 4218 1357 4285 animas,
1409 4222 1465 4273 et
1519 4235 1889 4290 nequaquam
1946 4217 2024 4275 sit

376 4323 623 4364 sexuum
657 4306 1142 4379 ulla,diversitas;
1196 4307 1298 4363 sed
1331 4308 1622 4379 quomodo
1655 4308 1811 4381 apud
1844 4324 2020 4381 ange-

450 4529 709 4603 'Supple
737 4532 1049 4602 foveant.ln
1081 4529 1428 4596 Comment.,
1461 4538 1512 4586 et
1567 4533 1776 4588 animae
1812 4536 2019 4590 nostra?

372 4617 402 4657 ε
436 4617 466 4656 r
536 4619 619 4657 ra.

389 4617 685 4746 _0’p§{allet
715 4674 1005 4730 Victorius
1038 4674 1500 4743 infringere,tum
1533 4689 1601 4728 ex
1628 4673 2025 4746 genuinprum

370 4744 634 4818 dentium
667 4746 765 4818 qui
798 4747 995 4801 cibum
1032 4746 1326 4815 frangunt,
1352 4750 1751 4818 _natura,__tum
1800 4744 1867 4801 ei
1898 4747 2026 4802 Per—

369 4816 441 4885 sii
474 4816 859 4890 versu,quem
892 4818 1279 4888 Hieronymus
1312 4816 1541 4871 videtur
1566 4816 1842 4885 alludere,

992 4932 1171 4981 Secuit
1192 4932 1423 4981 Lucilius
1447 4932 1637 4980 Urbem
1664 4946 1675 4980 :

475 4997 565 5055 Te,
595 4998 739 5060 Lupe
766 5011 776 5055 ;
810 4999 880 5056 te,
913 4996 1070 5055 Muti;
1100 4998 1151 5044 et
1178 4995 1473 5058 genuinum
1507 4993 1662 5057 fregit
1691 4994 1745 5043 in
1777 4993 1904 5043 illis.

433 5102 456 5136 ³
486 5102 556 5155 Et
586 5104 869 5169 Luscium,
893 5107 1001 5156 etc.
1062 5102 1335 5157 Luscium
1392 5100 1692 5155 Lavinium
1741 5102 2018 5160 mmulum

368 5173 550 5227 fuisse
580 5173 855 5239 Terentii,
917 5179 972 5229 et
1026 5174 1314 5229 Ciceronis
1368 5170 1633 5226 Asinium
1673 5172 2015 5242 Pollionem,

364 5243 533 5297 docet
563 5245 779 5299 Seneca
811 5245 867 5300 in
934 5244 1459 5309 Declamatianibus;
1512 5245 1756 5299 Ruﬁnus
1780 5250 1836 5299 et
1867 5245 2017 5303 alius

364 5315 714 5388 monachus,
751 5317 846 5388 qui
882 5333 943 5371 se
968 5317 1229 5387 jartabat
1258 5317 1328 5371 de
1358 5329 1567 5388 genere
1593 5316 2013 5385 Corneliorum,

364 5385 747 5441 imitabantur
772 5385 783 5388 ’
808 5388 937 5443 illas
973 5385 1249 5443 tremulos.
1305 5386 1514 5442 Confer
1543 5387 1657 5442 ista
1686 5403 1819 5443 cum
1852 5390 2015 5445 Com-

365 5458 666 5513 mentariis
700 5460 753 5512 in
787 5460 1019 5525 Janam,
1084 5461 1177 5514 ubi
1236 5460 1306 5514 de
1348 5458 1650 5513 cucurbita
1680 5476 1869 5517 sermo
1901 5467 2009 5518 est.

364 5531 944 5606 nisurum—Stemus
966 5534 1283 5606 Lanuvinus
1312 5529 1640 5606 appellatur
1661 5533 1834 5586 etiam
1856 5536 2009 5606 apud

363 5600 1087 5673 Hieronymum,'tametsi
1136 5602 1287 5673 apud
1356 5600 1662 5658 Donatum
1723 5600 2008 5672 Lavinius,

361 5672 516 5742 quod
548 5672 703 5731 idem
760 5679 867 5732 cst.
904 5676 966 5730 1n
1026 5672 1285 5747 Epistola
1333 5673 1406 5729 ad
1434 5674 1830 5747 Augustinum
1864 5678 2005 5735 H2:

2144 3328 2361 3401 quibus
2391 3326 2580 3400 prima
2607 3332 2715 3395 est,
2746 3344 2840 3383 me
2893 3327 3191 3384 hominem
3248 3328 3629 3394 maledicum,
3654 3341 3773 3382 om-

2142 3417 2306 3473 nium
2338 3416 2806 3485 detractorem,in
2840 3432 3222 3489 praeessores
3253 3432 3418 3474 meos
3450 3414 3767 3489 genuinum

2142 3523 2374 3579 semper
2414 3506 2706 3578 infigere”.
2768 3505 2872 3561 Det
2923 3522 3129 3573 unum,
3162 3506 3336 3577 cujus
3368 3507 3429 3563 in
3489 3500 3779 3578 opusculis

2140 3596 2288 3651 meis
2344 3610 2556 3651 nomen
2614 3594 2954 3660 taxaverim,
3008 3594 3096 3650 vel
3152 3610 3330 3666 quem
3385 3596 3561 3667 juxta
3596 3596 3776 3651 artem

2138 3684 2300 3740 illius
2353 3685 2605 3756 figurata
2661 3683 2833 3739 laude
2888 3682 3351 3755 perstrinxerim.
3434 3684 3537 3741 Sin
3585 3685 3775 3739 autem

2136 3777 2338 3829 contra
2365 3772 2591 3829 invidos
2650 3772 2864 3844 liquor,
2886 3776 2946 3828 et
2972 3771 3244 3828 Luscium
3264 3771 3287 3807 ³
3330 3771 3667 3839 Lavinium,
3691 3766 3775 3824 vel

2134 3861 2406 3919 Asinium
2484 3860 2800 3917 Pollionem
2904 3861 2975 3917 de
3054 3876 3266 3933 genere
3349 3858 3776 3920 Corneliorum.

2134 3949 2268 4022 styli
2328 3950 2442 4007 mei
2499 3966 2701 4005 mucro
2754 3948 3149 4017 convulnerat,
3206 3948 3258 4005 si
3306 3947 3627 4007 histrionis:
3652 3948 3687 3983 ‘-
3721 3949 3778 4002 et

2130 4037 2316 4095 lividae
2359 4038 2571 4095 mentis
2627 4037 2928 4094 hominem
2977 4055 3013 4094 a
3065 4054 3160 4095 me
3215 4038 3560 4103 submaveo,
3613 4039 3670 4093 et
3705 4033 3774 4113 ad

2133 4144 2317 4184 unum
2344 4126 2603 4199 stipitem
2635 4130 2846 4183 cuncta
2882 4126 3091 4199 jacula.
3123 4126 3334 4200 dirigo,
3370 4124 3785 4201 quidvulnera

2131 4233 2243 4273 sua
2278 4215 2533 4289 partitur
2587 4216 2648 4272 in
2676 4215 2933 4273 multos?
2990 4215 3130 4288 quid
3188 4233 3258 4273 ex
3286 4214 3659 4288 impatientia
3696 4228 3783 4269 re-

2129 4304 2506 4378 spondendi,‘
2533 4305 2792 4362 ostendit
2848 4321 2913 4363 se
2964 4321 3094 4363 esse
3143 4304 3246 4377 qui
3277 4303 3544 4377 petitur?
3570 4299 3781 4375 Objioit

2132 4528 2330 4600 «Ante
2387 4544 2573 4585 annos
2632 4527 2918 4600 plurimas
2974 4527 3282 4600 cucurbita
3337 4525 3502 4600 venit
3556 4524 3617 4585 in
3671 4536 3785 4600 μιᾳ-

2055 4589 2102 4655 D
2133 4598 2319 4673 dium,
2374 4589 2674 4673 asserente
2727 4598 2889 4673 illius
2937 4600 3219 4673 temporis
3252 4598 3544 4673 Cornelia,
3574 4599 3633 4653 et
3661 4593 3785 4673 Iisi-

2136 4671 2232 4745 nio
2290 4670 2569 4745 Pollione,
2601 4688 2698 4727 me
2724 4671 3013 4745 Hederam
3063 4670 3785 4745 procucurbitatransttt-

2132 4742 2291 4819 lisse.
2328 4765 2356 4793 ››
2400 4744 2566 4819 Vide,
2600 4760 2670 4798 ne
2696 4743 2882 4819 _longi
2913 4738 3121 4819 simus,
3180 4743 3240 4799 in
3306 4746 3553 4819 ἄρηαωῄ

2134 4815 2413 4870 Memorat
2444 4815 2663 4871 Seneca
2692 4814 2749 4869 in
2802 4812 3152 4882 D'cclamatt,
3192 4812 3469 4870 aemulum
3506 4812 3778 4875 Terentii,

2133 4885 2405 4963 Luscium
2459 4887 2784 4963 bavinium,
2855 4892 2917 4943 ut
3000 4892 3058 4943 et
3100 4886 3421 4963 _As_inium_
3454 4882 3779 4963 Pollionem

2129 4958 2840 5034 CiceronisLNumitaque
2872 4965 3071 5034 noster
3100 4958 3377 5034 Rufinum
3406 4956 3503 5013 his
3524 4954 3780 5034 nomini-

2131 5030 2263 5093 bus,
2296 5035 2397 5103 aut
2447 5026 2788 5103 Rufinianas
2845 5030 3075 5087 sodales
3106 5030 3295 5103 carpit
3317 5034 3375 5085 et
3402 5044 3540 5085 cum
3576 5026 3791 5099 primis.

2129 5100 2506 5175 monachum,
2564 5102 2757 5175 quise
2813 5103 2885 5159 de
2941 5100 3341 5163 Corneliorum
3403 5116 3539 5158 esse
3568 5111 3777 5172 genere

2118 5173 2381 5243 jactabat
2400 5174 2427 5227 ?

2197 5245 2218 5279 ι
2243 5244 2313 5320 Si
2348 5246 2666 5320 histriculae.
2703 5245 3000 5320 Marianus
3023 5250 3155 5320 post
3188 5246 3499 5320 Erasmum
3535 5236 3787 5320 ωμιαγίι·

2125 5314 2431 5390 lectionem
2473 5318 2737 5390 omnium
2798 5314 3065 5374 codicum
3135 5334 3275 5373 mss.
3306 5316 3406 5390 qui
3443 5316 3779 5390 constanter

2124 5389 2377 5443 retinent
2404 5389 2642 5443 verbum
2672 5389 2971 5445 histriculaz
2996 5409 3014 5445 :
3048 5390 3293 5446 histrica
3310 5383 3472 5444 énim
3517 5390 3577 5441 et
3604 5383 3785 5441 livida

2122 5464 2245 5533 erat
2278 5475 2444 5514 mens
2476 5460 2691 5522 Ruﬁni,
2731 5478 2925 5533 quem
2962 5479 2996 5517 a
3044 5479 3156 5518 sua
3185 5459 3448 5517 amicitia
3479 5454 3775 5533 submovit

2124 5531 2533 5605 Hieronymus.
2594 5532 2742 5605 Editi
2766 5525 3002 5605 -legunt
3040 5535 3363 5601 histricosm,
3395 5547 3581 5605 sensu
3613 5525 3765 5605 haud

2122 5603 2269 5675 satis
2298 5603 2661 5675 congruenti.
2703 5601 2984 5663 Maaﬁm.
3017 5636 3086 5647 -—
3115 5604 3415 5663 Victorius
3472 5601 3775 5659 histrist

2120 5672 2440 5747 legendum
2460 5674 2689 5733 maluit.
2755 5699 2768 5712 ο
