3958 6388
337 347 458 417 M3.

1580 349 1645 415 S.
1692 349 2007 417 EUSEBII
2045 345 2517 418 HIERONYMI.

3617 340 3742 412 ω
3772 393 3774 396 ,

341 489 612 544 aestuant.
644 485 731 542 Tu
761 502 795 542 a
823 501 917 543 me
947 484 1159 544 somnii
1191 485 1375 560 exigis
1417 485 1791 559 sponsionem
1818 505 1830 542 :
1871 503 1976 559 ego
2005 495 2062 561 Α
2091 486 2248 543 ultor
2277 488 2382 543 tibi
2413 486 2698 544 Dominus
2729 483 3124 560 respondebit,
3159 484 3260 558 qui
3290 482 3434 542 dicit
3461 497 3566 558 per
3610 499 3739 558 pro-

339 581 396 633 te
415 577 611 632 verius
630 576 1010 648 strictiusque
1026 577 1382 632 conveniam.
1405 575 1608 631 Fecisti
1631 575 1828 631 omnia
1853 591 1978 646 quae

339 666 397 722 in
431 666 784 738 baptismate
815 665 1486 738 promisisti?Quidquid
1512 665 1778 720 monachi
1810 682 1973 720 voca-

337 755 545 812 bulum
578 755 822 827 ﬂagitat,
851 759 1116 811 nostrum
1152 761 1394 826 uterque
1425 753 1734 825 complevit
1757 755 1784 808 ?
1814 757 1976 821 Cave,

340 861 558 916 quaeso,
610 861 682 900 ne
749 860 851 916 per
913 845 1138 900 trabem
1206 849 1388 909 tuam,
1433 843 1714 898 festucam
1788 860 1978 897 meam

336 935 557 990 videas.
611 933 833 989 Invitus
883 931 1110 1004 loquor,
1156 938 1210 988 et
1262 936 1666 987 retrectantem
1713 929 1977 1003 linguam

339 1021 504 1078 dolor
530 1021 591 1078 in
622 1021 799 1078 verba
841 1021 1152 1092 compellit.
1187 1022 1309 1076 Non
1355 1021 1456 1076 tibi
1504 1019 1805 1076 sufficiunt
1850 1037 1977 1091 qua:

335 1112 407 1166 de
438 1109 715 1183 vigilante
746 1110 1052 1181 contingis,
1087 1110 1238 1165 488
1271 1109 1381 1164 nisi
1415 1113 1470 1164 et
1517 1109 1748 1164 somnia
1779 1109 1977 1164 crimi-

335 1200 512 1256 neris.
529 1200 776 1254 Tantam
795 1199 976 1254 habes
997 1198 1393 1255 curiositatem
1417 1215 1682 1253 meorum
1716 1203 1976 1262 actuum,

335 1294 400 1344 ut
456 1288 596 1360 quid
655 1287 952 1342 dormiens
1010 1286 1243 1342 fecerim
1304 1285 1973 1352 dixerimve,discutias.

331 1375 732 1444 Preetermitto,
757 1393 882 1448 qua:
911 1379 1112 1430 contra
1163 1393 1254 1431 me
1310 1375 1579 1446 loquens,
1614 1374 1974 1446 propositum

331 1471 500 1522 tuum
533 1465 884 1537 deturpasti:
911 1481 1038 1536 quae
1074 1465 1134 1519 in
1166 1463 1676 1536 depompationem
1711 1463 1974 1517 omnium

330 1554 816 1621 Christianorum,
876 1559 932 1608 et
988 1553 1184 1608 verbis
1243 1558 1299 1607 et
1347 1568 1517 1624 opere
1576 1552 1798 1608 feceris.
1859 1551 1976 1606 Hoc

331 1660 516 1700 unum
575 1643 875 1708 denuntio,
936 1646 992 1696 et
1040 1645 1307 1713 repetens
1355 1642 1563 1696 iterum
1647 1640 1977 1711 iterumque

332 1733 602 1788 monebo.
637 1732 955 1786 Cornutam
1017 1731 1265 1786 bestiam
1326 1729 1472 1802 petis
1507 1747 1518 1784 :
1552 1735 1607 1785 et
1666 1729 1774 1785 nisi
1811 1745 1976 1784 cave-

330 1836 453 1876 rem
522 1818 665 1873 illud
724 1818 1003 1890 Apostoli,
1041 1840 1069 1869 «
1101 1817 1365 1874 Maledici
1413 1835 1657 1890 regnum
1703 1818 1801 1873 Dei
1861 1835 1972 1873 non

330 1909 773 1981 possidebunt(l
787 1909 906 1963 Cor.
925 1925 980 1962 v1
1001 1908 1088 1979 10)
1114 1925 1175 1974 ;››
1209 1913 1327 1975 et,u
1365 1908 1694 1963 Mordentes
1726 1907 1973 1962 invicem

329 1996 662 2068 consumpti
711 1997 853 2052 estis
901 1997 973 2052 ab
1033 1996 1278 2051 invicem
1328 1997 1526 2066 (Galat.
1560 2015 1613 2063 v,
1656 1997 1757 2067 l5),
1798 2018 1816 2043 ι
1845 1997 1972 2068 jam

330 2103 486 2143 nunc
526 2085 768 2141 sentires
817 2085 886 2141 de
938 2085 1178 2157 parvula
1226 2085 1589 2157 subdolaque
1641 2085 1969 2152 concordia,

330 2191 606 2248 magnam
636 2174 695 2228 in
728 2174 947 2229 mundo
980 2175 993 2207 ¹
1028 2178 1212 2229 ortam
1241 2190 1369 2230 esse
1415 2174 1788 2230 discordiam.
1824 2175 1968 2239 Quid

325 2265 433 2321 tibi
465 2263 720 2336 prodest,
753 2264 908 2335 apud
943 2267 1110 2319 notos
1142 2265 1356 2335 pariter
1384 2268 1439 2319 et
1488 2263 1716 2335 ignotos
1757 2264 1813 2318 in
1865 2279 1971 2319 nos

327 2352 640 2410 maledicta
705 2352 1059 2423 congerere?
1107 2354 1192 2407 An
1258 2353 1395 2424 quia
1454 2353 1790 2424 Origenistn:
1854 2369 1966 2406 non

325 2457 554 2507 sumus,
585 2444 642 2496 et
673 2440 731 2494 in
765 2441 906 2496 ccclo
949 2457 1054 2498 nos
1087 2457 1359 2512 peccasse
1408 2443 1724 2508 nescimus,
1758 2441 1816 2495 in
1851 2445 1966 2496 ter-

325 2529 405 2585 ris
436 2529 742 2603 arguimur
805 2530 1181 2601 peccatores?
1213 2531 1280 2585 Et
1309 2530 1435 2585 ideo
1485 2530 1546 2584 in
1596 2529 1966 2585 concordiam

326 2619 668 2684 redivimus,
706 2623 769 2673 ut
817 2617 960 2672 mihi
1028 2617 1187 2690 loqui
1245 2624 1445 2674 contra
1504 2618 1803 2674 haereticos
1852 2635 1966 2673 non

321 2705 541 2774 liceret,
576 2723 668 2774 ne,
719 2706 766 2760 si
829 2705 961 2761 illos
1010 2706 1392 2778 descripsero,
1426 2712 1486 2763 tu
1538 2712 1594 2762 te
1644 2707 1965 2779 appetitum

323 2793 533 2864 putes?
554 2792 822 2857 Quandiu
857 2810 970 2848 non
1002 2793 1318 2848 renuebam
1350 2793 1743 2849 laudationem
1779 2797 1964 2857 tuam,

321 2883 662 2954 sequebaris
694 2897 786 2936 me
817 2885 881 2935 ut
910 2880 1278 2953 magistrum,
1312 2881 1550 2936 fratrem
1583 2886 1640 2936 et
1684 2881 1965 2952 collegam

319 2971 590 3036 vocabas,
623 2976 680 3026 et
711 2969 1062 3025 catholicum
1095 2970 1152 3024 in
1181 2970 1455 3026 omnibus
1490 2971 1786 3026 fatebaris.
1812 2971 1968 3026 Post-

321 3077 497 3133 quam
556 3078 670 3116 non
721 3059 926 3132 agnovi
979 3058 1182 3115 laudes
1218 3064 1368 3126 tuas,
1410 3065 1466 3114 et
1516 3077 1609 3115 me
1657 3060 1964 3132 indignum

317 3149 466 3205 tanti
495 3150 602 3205 viri
653 3148 942 3222 preaconio
991 3148 1271 3218 judicavi,
1307 3147 1460 3204 illico
1491 3149 1668 3205 vertis
1722 3149 1963 3221 stylum,

317 3244 374 3295 et
405 3239 605 3296 omnia
633 3238 871 3294 laudata
900 3237 1063 3310 prius
1090 3238 1403 3309 vituperas,
1435 3238 1505 3293 de
1530 3239 1732 3295 eodem
1781 3256 1878 3294 ore
1908 3243 1964 3293 et
1994 3225 2037 3292 C

317 3326 486 3385 dulce
517 3327 813 3399 proferens
843 3331 901 3381 et
928 3343 1216 3382 amarum.
1249 3327 1512 3383 Sentisne
1545 3329 1683 3400 quid
1713 3333 1956 3395 taceam,

319 3417 474 3488 quod
505 3415 773 3471 aestuanti
831 3415 1048 3486 pectori
1094 3417 1270 3472 verba
1313 3434 1428 3472 non
1458 3417 1824 3473 commodem
1845 3418 1872 3472 ‘I
1903 3422 1961 3473 et

319 3522 454 3562 cum
486 3503 797 3560 Psalmista
825 3503 1059 3576 loquar:
1081 3526 1102 3554 ι
1129 3505 1303 3572 Pone,
1337 3506 1597 3572 Domine,
1632 3507 1959 3563 custodiam

318 3593 404 3649 ori
437 3609 586 3661 meo,
617 3597 676 3648 et
705 3591 919 3648 ostium
952 3594 1244 3648 munitum
1277 3593 1448 3650 labiis
1483 3595 1648 3651 meis.
1682 3597 1806 3650 Non
1865 3597 1960 3650 de-

317 3681 498 3740 clines
530 3699 630 3738 cor
685 3698 880 3737 meum
940 3682 998 3737 in
1058 3682 1234 3738 verba
1292 3683 1720 3755 malitiaa(Psal.
1749 3701 1872 3751 οη,
1902 3686 1958 3752 3,

317 3773 390 3841 4).
427 3794 449 3822 ι
489 3772 557 3826 Et
603 3769 741 3826 alibi
795 3787 806 3824 :
861 3795 888 3820 «
931 3770 1075 3826 Cum
1125 3771 1468 3828 consisteret
1509 3773 1817 3828 advorsum
1867 3790 1959 3828 me

315 3865 599 3934 peccator,
659 3860 948 3926 obmutui,
982 3866 1039 3916 et
1071 3859 1418 3916 humiliatus
1469 3878 1624 3928 sum,
1655 3867 1711 3918 et
1758 3862 1893 3917 silui
1926 3880 1960 3919 a

313 3950 484 4007 bonis
533 3951 703 4021 (Psal.
737 3967 971 4018 xxxvm,
1008 3954 1049 4015 t,
1081 3951 1155 4022 3).
1195 3973 1222 3998 »
1271 3951 1339 4006 Et
1395 3968 1603 4008 rursus
1639 3969 1651 4006 :
1687 3976 1712 4002 ‹‹
1749 3953 1958 4009 Factus

314 4055 447 4096 sum
477 4039 646 4111 quasi
697 4039 871 4095 homo
913 4055 1030 4094 non
1083 4040 1348 4107 audiens,
1385 4057 1487 4097 nec
1519 4041 1741 4098 habens
1771 4041 1830 4096 in
1861 4059 1957 4098 ore

315 4144 421 4184 suo
465 4127 883 4200 increpationes
913 4129 1080 4200 (Psal.
1105 4145 1317 4195 xxxvn,
1350 4130 1459 4201 15).
1497 4153 1523 4178 ››
1555 4130 1665 4186 Sed
1712 4147 1814 4202 pro
1866 4148 1956 4187 me

388 4307 401 4339 ¹
436 4305 616 4361 Vetus
646 4305 812 4376 edit.,
842 4323 1102 4374 magnam
1128 4308 1232 4362 tibi
1262 4311 1321 4362 in
1351 4309 1574 4376 mundo,
1607 4313 1716 4365 etc.

389 4377 704 4453 {Fortasse
744 4373 887 4431 illud
915 4376 1103 4453 Siricii
1136 4396 1314 4450 papae,
1359 4380 1510 4436 utin
1557 4373 1792 4436 laudata
1843 4382 1962 4453 epi-

319 4447 468 4506 stola
515 4449 587 4504 ad
619 4448 913 4504 Oceanum
971 4447 1340 4506 adnotamus.
1377 4456 1494 4508 Aut
1541 4453 1734 4524 potius
1789 4447 1957 4508 Inno-

2091 576 2350 648 phetam,
2382 601 2409 626 ‹‹
2445 575 2584 632 Mihi
2640 576 2914 642 vindicta,
2949 581 3007 631 et
3053 592 3159 648 ego
3207 576 3554 641 retribuam,
3595 573 3738 630 dicit

2090 664 2376 721 Dominus
2435 668 2614 736 (Rom.
2646 683 2746 731 xu,
2785 667 2889 734 19).
2925 687 2952 714 ››
2984 666 3052 720 Et
3083 664 3141 718 in
3201 664 3314 719 alio
3363 664 3489 719 loco
3525 680 3536 718 :
3573 686 3600 712 ‹‹
3633 664 3734 719 Se-

2089 754 2234 809 dens
2257 755 2536 810 adversus
2561 755 2798 810 fratrem
2826 758 2993 809 tuum
3017 753 3443 825 loquebaris,et
3457 752 3737 808 adversus

2091 842 2277 898 filium
2313 843 2516 898 matris
2547 848 2658 897 tua:
2701 843 2960 914 ponebas
2991 841 3356 897 scandalum.
3389 840 3518 896 Haac
3550 840 3735 896 fecisti

2089 934 2144 986 et
2169 931 2324 986 tacui
2352 949 2365 999 ;
2397 930 2764 1000 existimasti,
2800 931 3023 1002 inique,
3055 931 3208 1002 quod
3243 946 3340 986 ero
3372 929 3457 984 tui
3485 929 3730 995 similis;

2089 1036 2331 1091 arguam
2365 1025 2440 1088 te,
2472 1025 2529 1075 et
2560 1025 2817 1076 statuam
2847 1026 3048 1075 contra
3104 1020 3312 1075 faciem
3362 1023 3526 1074 tuam
3558 1019 3731 1089 (Psal.

2086 1125 2236 1177 mx,
2268 1111 2356 1179 20,
2388 1110 2503 1178 21),
2538 1132 2566 1158 ››
2599 1113 2664 1164 ut
2693 1109 2752 1163 in
2796 1113 2850 1164 te
2901 1108 3100 1165 videas
3143 1108 3549 1175 condemnata,
3605 1125 3732 1180 quae

2089 1197 2234 1253 falso
2269 1200 2327 1254 in
2360 1197 2492 1254 aliis
2524 1197 2877 1254 criminaris.

2157 1288 2243 1341 32.
2306 1287 2680 1359 Chrysogonus
2722 1291 2952 1343 sectator
2985 1288 3190 1357 Ruﬁni.
3249 1317 3312 1327 -—
3351 1284 3538 1342 Audio
3595 1301 3736 1356 pre-

2086 1380 2241 1431 terea
2297 1376 2470 1446 objici
2527 1375 2670 1431 mihi
2728 1393 2762 1431 a
2813 1375 3188 1448 Chrysogono
3245 1379 3530 1431 sectatore
3582 1375 3734 1444 ejus,

2086 1481 2192 1520 cur
2220 1465 2280 1520 in
2313 1464 2661 1536 baptismate
2693 1464 2939 1520 dixerim
2971 1463 3244 1520 universa
3275 1468 3512 1534 peccata
3541 1462 3737 1518 dimit-

2085 1553 2150 1620 ti,
2184 1558 2241 1608 et
2294 1558 2522 1609 mortuo
2571 1553 2864 1619 bimarito,
2915 1570 3131 1609 novum
3173 1553 3365 1607 virum
3417 1553 3475 1607 in
3505 1551 3734 1607 Christo

2086 1657 2389 1713 resurgere
2421 1659 2434 1697 :
2468 1645 2641 1713 atque
2673 1641 3009 1697 istiusmodi
3060 1641 3390 1696 sacerdotes
3445 1639 3503 1693 in
3536 1638 3733 1695 Eccle-

2086 1728 2190 1784 siis
2252 1747 2380 1786 esse
2440 1729 2776 1785 nonnullos.
2840 1729 2943 1784 Cui
3008 1729 3161 1786 489
3219 1728 3377 1785 brevi
3464 1743 3737 1784 sermone

2085 1818 2446 1890 respondebo
2481 1834 2493 1872 :
2529 1820 2755 1873 Habent
2783 1817 3050 1874 libellum
3085 1817 3288 1890 (Epist.
3314 1817 3384 1873 ad
3415 1816 3732 1887 Oceanum),

2083 1923 2258 1978 quem
2309 1906 2367 1961 in
2425 1907 2645 1962 crimen
2703 1905 3078 1962 vocantzille
3135 1907 3505 1978 respondeat,
3576 1905 3736 1961 hunc

2083 2012 2191 2050 sua
2246 1995 2640 2067 disputatione
2712 1997 3030 2064 subvertet,
3101 2000 3157 2050 et
3215 1996 3433 2068 scripta
3496 1994 3737 2067 scriptis

2082 2090 2306 2156 arguat.
2355 2084 2503 2150 Quid
2561 2084 2903 2140 austeritate
2990 2084 3221 2154 frontis,
3289 2089 3345 2139 et
3416 2083 3754 2139 contractis.

2083 2173 2420 2245 rugatisque
2463 2171 2728 2243 naribus,
2780 2190 3032 2228 concava
3076 2173 3252 2228 verba
3299 2173 3641 2239 trutinatur,
3675 2177 3737 2228 et

2081 2254 2448 2318 sanctitatem
2501 2262 2654 2334 apud
2686 2261 2898 2334 vulgus
2923 2261 3180 2335 ignobile
3211 2260 3488 2318 simulato
3542 2260 3734 2333 rigore

2079 2351 2625 2406 mentitur‘IAudiat
2649 2367 2754 2407 nos
2775 2350 2988 2406 iterum
3011 2349 3731 2424 proclamantes,veterem

2076 2440 2260 2495 Adam
2288 2441 2346 2494 in
2377 2440 2605 2496 lavacro
2634 2445 2820 2495 totum
2854 2440 3023 2508 mori,
3051 2445 3108 2496 et
3138 2456 3354 2495 novum
3395 2455 3530 2495 cum
3569 2439 3734 2495 Chri-

2078 2535 2168 2585 sto
2227 2531 2282 2584 in
2342 2530 2692 2602 baptismate
2753 2529 3025 2586 suscitari
3061 2547 3074 2584 :
3109 2529 3300 2602 perire
3347 2528 3641 2593 choicum,
3674 2533 3735 2584 et

2078 2619 2236 2674 nasci
2271 2617 2762 2691 supercmlestem.
2797 2619 2928 2674 Haec
2959 2618 3236 2686 dicimus,
3260 2634 3376 2672 non
3406 2617 3562 2688 quod
3587 2615 3732 2688 ipsi,

2076 2708 2326 2780 propitio
2384 2707 2634 2774 Christo,
2696 2708 2804 2763 hac
2863 2708 3180 2779 quastione
3235 2711 3562 2774 teneamur,
3624 2706 3728 2761 sed

2077 2796 2414 2868 interrogati
2480 2813 2514 2852 a
2575 2797 2874 2864 fratribus,
2931 2795 3077 2868 quid
3152 2794 3324 2850 nobis
3407 2795 3728 2862 videretur,

2076 2886 2512 2957 respondimus,
2549 2885 2689 2939 nulli
2723 2886 3171 2957 prmjudicantes
3213 2883 3380 2956 sequi
3425 2885 3578 2956 quod
3631 2900 3728 2939 ve-

2072 2972 2160 3040 lit,
2190 2975 2344 3029 490
2376 2990 2480 3029 nec
2511 2973 2751 3029 alterius
2796 2974 3094 3029 decretum
3124 2975 3146 3007 ³
3177 2978 3378 3028 nostra
3436 2972 3734 3029 sententia

2076 3063 2498 3118 subvertentes.
2533 3063 2729 3135 Neque
2757 3063 2913 3118 enim
2958 3061 3255 3118 ambimus
3306 3060 3728 3129 sacerdotium,

2077 3152 2178 3224 qui
2219 3152 2470 3208 latemus
2502 3151 2559 3206 in
2593 3151 2860 3220 cellulis;
2891 3167 2995 3208 nec
3040 3149 3378 3206 humilitate
3419 3150 3726 3217 damnata,

2075 3243 2476 3313 episcopatum
2495 3258 2637 3296 auro
2651 3241 2935 3296 redimere
2949 3240 3299 3296 festinamus
3315 3257 3330 3307 ;
3349 3255 3453 3294 nec
3473 3237 3726 3294 electum

2071 3331 2408 3402 pontificem
2458 3347 2493 3385 a
2522 3330 2659 3397 Deo,
2695 3329 2893 3386 rebelli
2945 3329 3218 3402 cupimus
3267 3333 3459 3384 mente
3489 3325 3727 3400 iugula-

2070 3437 2286 3476 reznec
2320 3420 2564 3475 favendo
2596 3418 2909 3487 haereticis,
2939 3417 3244 3474 haereticos
3276 3434 3384 3472 nos
3415 3417 3723 3473 docemus.

2067 3509 2350 3565 Pecunias
2407 3525 2512 3564 nec
2587 3508 2896 3576 habemus,
2945 3523 3051 3562 nec
3101 3506 3316 3562 habere
3382 3505 3657 3563 volumus
3709 3523 3722 3562 :

2069 3619 2097 3646 «
2131 3599 2421 3654 Habentes
2476 3597 2696 3653 victum
2729 3601 2786 3653 et
2838 3596 3140 3664 vestitum,
3166 3595 3259 3650 his
3317 3593 3574 3651 contenti
3629 3611 3728 3650 su-

2070 3703 2202 3742 mus
2250 3688 2291 3756 (1
2337 3687 2469 3740 Tim.
2519 3703 2599 3752 vr,
2648 3687 2723 3756 8),
2757 3708 2784 3735 ››
2827 3684 2972 3740 illud
3025 3685 3096 3739 de
3142 3700 3452 3740 ascensore
3502 3683 3725 3740 montis

2067 3773 2355 3830 Dominici
2397 3774 2620 3846 jugiter
2669 3775 3048 3830 decantantes
3112 3791 3124 3828 :
3171 3795 3198 3822 ‹‹
3243 3773 3347 3838 Qui
3409 3771 3724 3844 pecuniam

2067 3879 2235 3920 suam
2267 3880 2380 3920 non
2436 3863 2596 3918 dedit
2644 3863 2715 3918 ad
2750 3878 3014 3925 usuram,
3047 3865 3105 3917 et
3135 3877 3383 3917 munera
3426 3876 3605 3933 super
3631 3860 3724 3916 in-

2067 3957 2371 4009 nocentem
2449 3969 2561 4008 non
2641 3952 2865 4023 accepit
2905 3952 2927 3985 ³
2987 3969 3000 4006 :
3049 3949 3148 4022 qui
3218 3950 3356 4006 facit
3403 3949 3546 4015 haec,
3601 3966 3725 4005 non

2070 4041 2394 4097 movebitur
2448 4040 2507 4096 in
2565 4044 2847 4096 aeternum
2879 4039 3050 4112 (Psal.
3082 4055 3195 4094 xxv.
3229 4040 3307 4111 5).
3346 4061 3374 4088 ››
3406 4039 3554 4112 Ergo
3611 4038 3716 4110 qui

2067 4148 2183 4186 non
2216 4129 2373 4196 facit,
2402 4131 2525 4201 jam
2559 4127 2780 4186 corruit
2812 4128 2870 4184 in
2902 4132 3206 4184 aeternum.

2140 4310 2267 4364 ntii.

2140 4327 2267 4364 ntu.

2071 4327 2160 4415 ce’
2190 4380 2443 4452 Respicit
2499 4378 2730 4452 initium
2791 4376 3025 4435 Psalmi.
3063 4401 3090 4426 «
3141 4377 3284 4442 Quis
3335 4375 3610 4434 ascendet
3669 4377 3733 4434 in

2073 4451 2329 4510 montem
2362 4451 2650 4508 Domini?
3765 4453 3768 4457 ‘

1504 4848 1830 4934 LIBER
1898 4847 2541 4937 SECUNDUS.

389 5210 538 5264 49]
577 5210 625 5262 1.
673 5212 791 5265 Vult
851 5227 910 5265 se
963 5210 1272 5282 defendere,
1330 5230 1440 5267 non
1494 5214 1632 5268 alios
1677 5227 1952 5268 accusare.
1992 5216 2037 5281 D
2071 5220 2134 5270 ut
2183 5214 2379 5282 debui,
2415 5215 2514 5270 sed
2551 5217 2614 5269 ut
2664 5212 2846 5284 potui,
2896 5210 3195 5266 moderato
3254 5207 3452 5265 dolore
3495 5209 3602 5279 [AL
3638 5207 3726 5264 la-

317 5325 382 5336 —-
418 5295 730 5368 Hucusque
773 5299 843 5352 de
899 5299 1266 5366 criminibus,
1303 5301 1419 5355 imo
1463 5319 1565 5372 pro
1611 5301 1958 5358 criminibus

319 5382 486 5449 meis,
521 5400 645 5455 quae
681 5385 739 5439 in
768 5402 860 5440 me
889 5388 1184 5457 quondam
1216 5389 1498 5445 subdolus
1558 5390 1826 5446 laudator
1878 5391 1961 5447 in-

321 5472 526 5542 gessit,
548 5477 605 5528 et
634 5473 906 5546 discipuli
935 5475 1062 5545 ejus
1120 5479 1486 5535 constantius
1535 5485 1810 5553 arguunt,
1845 5498 1958 5536 non

361 5711 366 5714 -
403 5681 417 5714 ¹
458 5679 617 5737 Hanc
655 5679 807 5737 infra
832 5680 1196 5742 annectimus
1227 5689 1360 5758 post
1395 5688 1634 5746 tertium
1663 5687 1902 5746 librum.

2069 5305 2225 5374 bore]
2261 5303 2553 5376 respondi.
2582 5301 2953 5374 Propositum
3003 5299 3220 5372 quippe
3270 5297 3416 5354 mihi
3461 5302 3570 5365 est,
3607 5313 3727 5354 non

2067 5397 2188 5448 tam
2221 5391 2365 5448 alios
2415 5408 2708 5457 accusare,
2741 5406 2920 5462 quam
2972 5405 3064 5445 me
3103 5388 3431 5444 defendere.
3464 5385 3714 5443 Veniam

2069 5483 2138 5538 ad
2190 5482 2534 5554 Apologiam
2582 5481 2711 5552 ejus
2741 5480 2782 5547 ¹,
2815 5495 2934 5551 qua
2981 5482 3182 5535 sancto
3225 5475 3558 5544 Anastasio,
3616 5476 3734 5532 Ro-
