3958 6398
182 375 299 450 με

1379 385 1691 452 CONTRA
1733 377 2095 452 RUFINUM
2141 385 2290 452 LlB.
2336 382 2413 451 Il.

3481 375 3631 450 446‘“

188 537 376 579 manas
407 520 575 580 urbis
604 521 899 597 episcopo,
932 521 1265 580 satisfacere
1296 522 1523 592 nititur,
1558 527 1615 580 et
1644 523 1702 578 in
1737 523 1834 579 de-
1865 523 1921 590 Α
2021 523 2073 577 3.
2106 523 2295 593 Ruﬁni
2338 523 2521 579 verba.
2581 553 2650 564 -‹
2682 545 2709 574 ‹‹
2744 523 3065 596 Carpamus
3093 521 3339 596 reliqua,
3385 523 3442 580 et
3469 521 3622 597 ipsa‘

187 610 516 668 fensionem
541 612 632 668 sui
665 611 811 668 mihi
833 629 1070 668 rursum
1101 612 1456 668 calumniam
1481 612 1692 681 struit;
1717 615 1843 668 tan-

185 704 436 772 tumque
461 717 553 756 me
585 699 795 774 diligit,
820 705 885 757 ut
901 705 1104 774 raptus
1125 702 1378 770 turbine,
1395 701 1530 757 etin
1553 702 1844 773 profunda

184 789 517 859 demersus,
545 805 742 847 meum
775 790 1149 863 potissimum
1191 791 1426 847 invadat
1483 791 1749 864 pedem‘,
1776 795 1841 846 ut

191 894 431 935 mecum
461 883 561 935 aut
589 879 898 947 liberetur,
922 885 1022 936 aut
1053 886 1268 952 pereat.

261 971 317 1023 2.
377 969 637 1039 Apologia
711 970 916 1039 Ruﬁni.
993 971 1256 1026 Parentes
1323 971 1541 1041 vulgari
1595 986 1843 1026 sermone

184 1055 510 1112 dicebantur
537 1060 759 1126 cognati
805 1063 854 1114 et
885 1061 1098 1130 amnes.
1149 1091 1208 1100 --
1259 1059 1409 1114 Dicit
1463 1077 1524 1116 se
1582 1061 1839 1132 primum

187 1146 545 1217 respondere
577 1147 932 1215 rumoribus,
969 1147 1185 1220 quibus
1218 1147 1378 1203 illius
1405 1149 1598 1204 Romae
1630 1166 1839 1222 carpa-

189 1238 289 1289 tur
319 1235 488 1301 ﬁdes,
519 1235 774 1292 hominis
805 1237 1225 1309 probatissimi,
1259 1242 1378 1293 tam
1411 1239 1468 1293 in
1505 1240 1637 1306 fide,
1661 1256 1839 1310 quam

187 1321 251 1377 in
280 1322 566 1379 charitate
596 1323 717 1380 Dei.
751 1325 820 1380 Et
850 1325 962 1381 nisi
993 1331 1122 1398 post
1155 1326 1396 1400 triginta
1422 1345 1606 1384 annos
1638 1345 1841 1400 parcn-

193 1410 356 1466 tibus
386 1411 675 1480 redditus,
709 1413 892 1470 nollet
919 1431 1018 1470 eos
1048 1415 1333 1483 deserere,
1361 1432 1508 1487 quos
1535 1421 1652 1472 tam
1677 1418 1842 1472 tarde

1952 611 2210 683 epistolm
2243 613 2370 682 ejus
2390 612 2560 668 verba
2595 629 2918 685 ponamus:
2945 613 3222 678 Quamvis
3253 612 3434 685 igitur
3452 613 3600 669 fides

1952 705 2171 768 nostra,
2207 702 2628 773 persecutionis
2667 702 3071 758 haereticorum
3124 705 3410 774 tempore,
3462 717 3599 756 cum

1951 790 2010 845 in
2044 795 2245 846 sancta
2273 791 2662 847 Alexandrina
2691 791 2952 848 Ecclesia
2981 792 3348 863 degeremus,
3382 790 3442 846 in
3475 807 3600 846 car-

1950 879 2184 936 ceribus
2211 885 2264 935 et
2298 880 2544 951 exsiliis,
2579 898 2706 953 quae
2735 898 2840 953 pro
2861 881 2973 937 fide
2993 882 3014 915 ⁵
3036 881 3454 946 inferebantur,
3474 896 3604 952 pro-

1951 969 2088 1024 bata
2117 968 2210 1024 sit.
2249 992 2276 1018 ››
2312 969 2499 1024 Minor
2519 971 2673 1041 quod
2707 987 2820 1026 non
2855 969 3164 1040 adjecerit:
3193 969 3441 1025 Vinctus
3461 968 3600 1025 Jesu

1950 1057 2186 1124 Christi,
2237 1063 2295 1113 et
2320 1057 2600 1114 liberatus
2631 1076 2763 1116 sum
2796 1060 2868 1114 de
2898 1076 2996 1115 ore
3032 1057 3242 1126 leonis,
3269 1063 3326 1114 et
3355 1063 3600 1114 Alexan-

1950 1147 2088 1202 driae
2121 1148 2192 1203 ad
2222 1139 2442 1204 bestias
2471 1148 2750 1220 pugnavi,
2799 1153 2855 1204 et
2886 1165 3127 1204 cursum
3171 1147 3598 1213 consummavi,

1950 1237 2124 1292 fidem
2160 1237 2403 1308 servavi,
2437 1241 2706 1310 superest
2752 1236 2894 1292 mihi
2929 1253 3143 1293 corona
3165 1236 3434 1307 justitize.
3469 1238 3604 1302 Qua:

1950 1326 2175 1394 exsilia,
2208 1344 2356 1398 quos
2385 1326 2494 1382 iste
2516 1343 2778 1382 carceres
2799 1326 3108 1382 nominat?
3129 1326 3316 1381 Pudet
3331 1343 3424 1382 me
3445 1342 3608 1398 aper-

1950 1415 2165 1472 tissimi
2197 1416 2550 1482 mendacii“;
2586 1417 2753 1487 quasi
2773 1432 3034 1471 carceres
3065 1419 3121 1470 et
3141 1413 3347 1470 exsilia
3378 1415 3604 1486 absque

190 1499 434 1568 viderat,
489 1517 562 1556 ne
619 1500 982 1558 inhumanus
1036 1508 1341 1576 putaretur
1396 1510 1499 1560 aut
1548 1507 1754 1571 durus,
1787 1509 1843 1560 et
1943 1505 2212 1576 judicum
2245 1505 2551 1561 sententiis
2597 1505 2947 1577 irrogentur.
3007 1503 3150 1561 Volo
3206 1508 3403 1559 tamen
3435 1503 3606 1580 ipsos

188 1591 311 1644 tam
343 1587 502 1662 longi
543 1589 771 1646 itineris
795 1589 992 1648 labore
1021 1591 1299 1665 fragilior,
1333 1593 1405 1648 ad
1437 1594 1734 1650 iterandos
1765 1594 1843 1650 la-

189 1676 363 1733 bores
383 1682 537 1734 esset
566 1677 861 1748 infirmus,
892 1679 1090 1752 ipsum
1121 1681 1319 1737 venire
1357 1682 1630 1739 voluisse.
1677 1685 1840 1750 Quod

189 1765 330 1838 quia
369 1783 485 1822 non
515 1767 731 1835 fecerit,
767 1773 969 1824 contra
997 1769 1306 1826 latratores
1329 1789 1466 1828 suos
1492 1773 1728 1829 misisse
1747 1773 1843 1829 ba-

1952 1595 2101 1650 scire
2133 1609 2414 1662 carceres,
2468 1598 2525 1650 et
2557 1611 2810 1666 quarum
2860 1592 3290 1667 provinciarum
3335 1609 3398 1648 se
3449 1591 3630 1648 dicat-

1950 1682 2155 1740 exsilia
2181 1683 2556 1740 sustinuisse.
2582 1685 2650 1738 Et
2670 1684 2874 1755 utique
2897 1682 3074 1738 habet
3095 1681 3322 1754 copiam
3353 1682 3424 1737 de
3446 1681 3624 1736 mul--

1949 1773 2026 1829 tis
2058 1773 2391 1829 carceribus
2422 1777 2478 1828 et
2509 1772 2754 1828 inﬁnitis
2787 1772 3007 1828 exsiliis
3038 1787 3222 1826 unum
3248 1769 3484 1842 aliquod
3511 1787 3614 1825 no-

189 1853 392 1954 culum
422 1854 770 1926 litterarum,
801 1874 977 1929 quem
1009 1858 1108 1914 illo
1140 1864 1364 1916 teneret
1403 1861 1462 1917 in
1496 1863 1752 1929 dextera,
1785 1866 1842 1917 et
1868 1897 1917 1963 B
1950 1861 2240 1918 minandi.
2282 1863 2497 1917 Prodat
2517 1861 2683 1917 nobis
2714 1861 3102 1917 confessionis
3133 1877 3252 1916 suae
3283 1864 3432 1927 acta,
3468 1875 3600 1932 quae

190 1945 496 2001 saevientes
553 1950 759 2002 contra
805 1963 868 2002 se
899 1948 1158 2021 abigeret
1202 1967 1396 2006 canes.
1448 1951 1507 2007 Si
1557 1953 1839 2024 probatus
1870 1945 1917 1963 ¹’
1950 1952 2256 2024 hucusque
2310 1951 2709 2018 nescivimus;

191 2039 284 2092 est
312 2035 562 2104 cunctis,
597 2040 653 2091 et
684 2035 938 2093 maxime
986 2038 1099 2111 ipsi
1151 2040 1242 2094 cui
1299 2040 1503 2096 scribit
1544 2042 1838 2114 episcopo,

191 2123 253 2178 in
282 2123 398 2180 fide
427 2127 483 2180 et
533 2123 814 2181 charitate
859 2127 1032 2184 Dei’:
1093 2129 1384 2200 quomodo
1434 2131 1629 2186 Romae
1680 2147 1840 2186 mor-

191 2212 383 2281 detur,
416 2217 473 2269 et
502 2214 786 2287 carpitur,
834 2221 892 2272 et
939 2218 1212 2289 appetita:
1261 2219 1669 2276 aestimationis
1714 2222 1841 2292 ejus

191 2302 354 2358 fama
385 2303 740 2360 crebrescit?
760 2305 980 2361 Deinde
1001 2307 1173 2378 cujus
1194 2312 1281 2364 est
1311 2307 1690 2378 humilitatis,
1713 2326 1841 2382 pro-

193 2392 399 2448 batum
463 2409 526 2448 se
581 2393 772 2450 dicere
832 2395 890 2449 in
943 2395 1057 2451 fide
1117 2401 1175 2451 et
1223 2397 1504 2453 charitate
1551 2399 1671 2465 Dei,
1706 2415 1840 2454 cum

197 2479 460 2553 Apostoli
482 2486 752 2553 petant:«
776 2481 1038 2553 Domine,
1055 2485 1278 2558 adauge
1300 2487 1468 2541 nobis
1491 2487 1665 2543 ﬁdem
1690 2489 1840 2560 (Luc.

198 2587 364 2637 xvm,
386 2571 464 2640 5),
497 2593 524 2621 »
558 2576 615 2627 et
639 2571 902 2643 audiant,
936 2574 1038 2627 «Si
1072 2574 1396 2632 habueritis
1427 2576 1602 2632 fidem
1627 2582 1690 2633 ut
1710 2595 1842 2650 gra-

200 2676 345 2716 num
371 2659 828 2733 sinapis(1bid.6)
849 2679 860 2729 ;
883 2683 908 2711 ››
929 2667 985 2718 et
1006 2663 1078 2718 ad
1107 2663 1301 2736 ipsum
1317 2665 1546 2721 dicatur
1567 2667 1800 2723 Petrum
1829 2684 1841 2721 :

197 2773 224 2799 «
259 2748 495 2804 Modicse
526 2749 684 2820 ﬁdei,
725 2766 906 2822 quare
937 2752 1218 2808 dubitasti
1247 2755 1454 2824 (Matth.
1497 2773 1613 2826 xw,
1643 2757 1734 2829 31)
1755 2758 1783 2812 ‘I
1818 2780 1844 2806 »

193 2836 343 2900 Quid
376 2835 585 2909 loquar
614 2837 684 2893 de
711 2837 1015 2906 charitate,
1039 2857 1165 2911 quae
1188 2845 1245 2896 et
1296 2841 1410 2897 fide
1440 2845 1497 2897 et
1533 2860 1635 2915 spe
1659 2845 1848 2915 major

195 2930 306 2994 est,
339 2930 397 2981 et
421 2942 597 2998 quam
624 2925 841 2982 Paulus
873 2931 1035 3000 Optat
1073 2930 1267 3000 potius
1299 2948 1475 3002 quam
1511 2934 1844 3004 prmsumit:

199 3015 331 3071 sine
361 3032 478 3088 qua
506 3019 562 3071 et
617 3015 892 3088 martyrio
945 3017 1187 3090 sanguis
1227 3021 1472 3086 effusus,
1519 3039 1848 3095 corpusque

197 3103 455 3160 ﬂammis
476 3103 781 3172 traditum,
808 3121 1080 3161 coronam
1099 3125 1213 3162 non
1237 3107 1411 3165 habet
1433 3111 1806 3182 praemiorum
1822 3112 1850 3167 ?

197 3192 422 3248 Harum
450 3196 760 3265 utramque
807 3193 916 3250 iste
969 3195 1053 3251 sic
1084 3196 1196 3252 sibi
1245 3198 1521 3268 vindicat,
1559 3205 1621 3256 ut
1651 3205 1847 3258 tamen

2758 1956 2821 2006 ut
2852 1949 3006 2006 inter
3046 1949 3192 2006 alios
3246 1947 3607 2005 Alexandria:

1950 2045 2237 2113 martyres
2269 2039 2447 2112 hujus
2481 2056 2712 2112 quoque
2743 2045 2905 2111 gesta
2938 2040 3274 2105 recitemus,
3318 2043 3373 2095 et
3405 2043 3609 2094 contra

1949 2130 2256 2186 latratores
2306 2146 2443 2184 suos
2475 2129 2662 2201 possit
2711 2129 2939 2185 dicere:
2976 2151 3003 2178 «
3041 2128 3120 2186 De
3169 2132 3377 2184 caetero
3427 2143 3600 2184 nemo

1951 2219 2096 2275 mihi
2129 2218 2412 2274 molestus
2448 2218 2542 2283 sit,
2567 2234 2672 2290 ego
2697 2218 2854 2273 enim
2877 2217 3154 2290 stigmata
3184 2215 3418 2272 Domini
3441 2216 3595 2272 nosti

1948 2308 2089 2364 Jesu
2121 2307 2330 2363 Christi
2354 2308 2411 2362 in
2447 2323 2686 2379 corpore
2736 2323 2866 2362 meo
2888 2309 3059 2378 porto
3082 2305 3295 2376 (Galat.
3328 2322 3409 2374 v1,
3437 2305 3549 2376 17).
3579 2326 3607 2352 ››

2021 2398 2072 2454 ἦ.
2109 2397 2346 2465 Quazslio
2390 2396 2456 2451 de
2507 2397 2702 2451 animo
2734 2395 2960 2450 Christi.
3012 2426 3080 2435 —
3113 2417 3140 2442 «
3186 2394 3428 2461 Tamen,
3460 2397 3519 2448 et
3549 2392 3597 2447 si

1953 2487 2084 2558 quis
2117 2501 2271 2541 nunc
2295 2489 2382 2540 est
2403 2487 2442 2552 τ,
2464 2484 2563 2556 qui
2587 2483 2674 2539 vel
2695 2487 2919 2539 tentare
2941 2483 3117 2538 fidem
3140 2486 3403 2538 nostram
3424 2480 3637 2554 cupit,-

1951 2575 2036 2630 vel
2097 2575 2316 2642 audire,
2367 2573 2456 2630 vel
2509 2574 2754 2642 discere,
2790 2573 2937 2629 sciat
2988 2572 3143 2644 quod
3192 2572 3262 2626 de
3322 2570 3632 2627 Trinitate’

1954 2666 2108 2721 493
2141 2663 2226 2720 ita
2254 2664 2571 2731 credimus,
2610 2685 2636 2711 »
2682 2667 2740 2718 et
2771 2662 3016 2734 reliqua.
3051 2662 3240 2734 Supra
3285 2663 3488 2717 contra
3517 2661 3639 2716 ca-'

1955 2771 2060 2811 nes
2085 2760 2217 2810 tuos
2266 2752 2539 2809 baculum
2587 2753 2860 2824 episcopo
2910 2751 3184 2824 porrigis,
3231 2766 3347 2823 quo
3395 2767 3501 2822 pro
3547 2766 3610 2805 se

1957 2843 2220 2899 munitus
2262 2843 2514 2898 incedat.
2569 2843 2732 2897 Nunc
2764 2841 2932 2914 quasi
2985 2841 3291 2914 ambigens
3324 2839 3509 2896 dicis:
3545 2839 3606 2894 Si

1957 2933 2091 3005 quis
2123 2937 2213 2988 est
2253 2931 2352 3003 qui
2384 2936 2610 2987 tentare
2659 2931 2833 2986 ﬁdem
2869 2934 3131 2986 nostram
3183 2930 3387 3002 cupit;
3420 2930 3613 2985 denuo

1957 3021 2215 3087 dubitas,
2250 3038 2385 3076 cum
2420 3021 2738 3077 multorum
2785 3019 3036 3076 latratus
3067 3019 3139 3075 ad
3173 3023 3230 3074 te
3260 3035 3448 3089 usque
3478 3021 3636 3091 per-‘

1955 3109 2238 3165 venerint.
2272 3109 2397 3164 Non
2429 3107 2680 3164 discutio
2713 3123 3029 3180 parumper
3055 3104 3412 3161 elocutiones
3458 3112 3634 3172 luas,"

1960 3215 2108 3270 quas
2139 3202 2197 3252 et
2225 3202 2286 3252 tu
2320 3196 2648 3253 contemnis
2673 3201 2731 3251 et
2757 3195 3040 3267 despicis;
3077 3197 3309 3250 tantum
3334 3193 3612 3250 sensibus

196 3286 403 3338 contra
430 3298 492 3338 se
524 3282 738 3339 habeat
771 3282 1078 3340 latratores
1104 3304 1116 3354 ;
1147 3287 1247 3357 qui
1283 3288 1394 3342 nisi
1428 3288 1627 3362 inclyti
1659 3291 1849 3362 ponti-
1877 3273 1920 3340 C
1959 3287 2345 3358 respondebo.
2368 3285 2538 3341 Aliud
2581 3303 2614 3341 a
2645 3289 2699 3341 te
2731 3284 3035 3357 quaeritur,
3067 3286 3124 3339 et
3153 3299 3256 3354 pro
3289 3281 3404 3338 alio
3437 3281 3639 3338 salis--

195 3369 367 3426 ficis3
398 3371 603 3427 baculo
663 3371 1040 3444 repellantur,
1076 3377 1230 3432 492
1283 3376 1497 3434 latrare
1550 3396 1665 3434 non
1717 3397 1844 3436 ces-

195 3463 351 3516 sant.
388 3459 534 3516 Illud
565 3477 699 3518 vero
730 3461 1069 3531 ridiculum,
1105 3465 1261 3536 quod
1313 3472 1444 3538 post
1472 3467 1716 3540 triginta
1741 3487 1846 3526 an-

198 3566 307 3606 nos
338 3549 410 3604 ad
440 3555 710 3622 parentes
733 3568 796 3606 se
827 3567 1124 3608 reversum
1156 3571 1283 3610 esse
1305 3557 1510 3627 jactat,
1535 3556 1711 3614 homo
1744 3560 1846 3632 qui

198 3653 307 3694 nec
337 3642 561 3710 patrem
594 3639 787 3707 habet,
821 3657 925 3696 nec
976 3647 1261 3712 matrem;
1309 3649 1366 3700 et
1394 3662 1544 3717 quos
1591 3649 1848 3705 viventes

189 3726 428 3800 juvenis
458 3727 789 3800 dereliquit,
840 3735 1103 3786 mortuos
1135 3748 1312 3788 senex
1360 3735 1697 3792 desiderat:
1733 3737 1847 3794 nisi

199 3816 348 3872 forte
381 3821 650 3888 parentes
680 3819 702 3852 ⁴
751 3817 989 3874 militari
1038 3820 1382 3894 vulgarique
1427 3841 1719 3892 sermone,
1754 3843 1847 3883 co-

200 3909 411 3978 gnatos
441 3909 498 3960 et
527 3907 732 3962 afﬁnes
762 3907 1046 3979 nominat,
1083 3927 1232 3981 quos
1264 3912 1403 3983 quia
1451 3931 1566 3970 non
1597 3916 1720 3970 vult
1750 3917 1850 3972 de-

203 4010 417 4062 serere,
457 4012 529 4051 ne
557 3995 920 4052 inhumanus
952 4003 1189 4070 putetur
1235 4005 1336 4056 aut
1379 4003 1585 4069 durus,
1634 4005 1849 4061 idcirco

202 4084 394 4156 patria
424 4083 718 4154 derelicta,
750 4085 1026 4158 Aquileiae
1060 4087 1305 4144 habitat.
1340 4091 1708 4148 Periclitatur
1738 4094 1849 4150 Ro-

197 4189 309 4229 me
338 4171 438 4228 illa
467 4173 889 4246 probatissima
919 4175 1066 4232 fides
1117 4179 1266 4249 ejus,
1300 4183 1356 4235 et
1385 4180 1480 4235 hic
1511 4181 1763 4253 supinus
1795 4187 1852 4238 et

196 4260 484 4330 lassulus,
511 4270 642 4336 post
663 4263 902 4338 triginta
923 4281 1129 4334 annos,
1153 4284 1258 4340 per
1287 4268 1704 4326 mollissimum
1720 4271 1848 4327 Fla-

197 4350 393 4407 minias
425 4351 556 4419 iter,
586 4354 793 4409 essedo
822 4354 1018 4411 venire
1057 4371 1171 4411 non
1214 4363 1434 4428 potest;
1469 4359 1669 4432 sicque
1701 4378 1850 4432 pra:-

196 4440 382 4497 tendit
412 4440 573 4515 longi
626 4443 864 4500 iteneris
913 4443 1348 4516 lassitudinem,
1401 4449 1572 4520 quasi
1606 4449 1852 4524 triginta

196 4529 374 4586 annis
423 4547 658 4604 semper
723 4533 1064 4602 cucurrerit,
1118 4540 1220 4592 aut
1277 4536 1511 4594 biennio
1567 4539 1847 4613 Aquileiae

194 4620 430 4688 sedens,
465 4621 737 4692 praeteriti
764 4621 992 4679 itineris
1021 4623 1218 4682 labore
1248 4626 1548 4683 contectus
1582 4629 1677 4684 sit.

268 4800 283 4833 ¹
323 4799 530 4875 Id_est,_
555 4805 793 4858 notante
823 4801 1096 4871 Victorio,
1130 4804 1336 4875 pedem
1381 4804 1557 4862 simul
1591 4809 1846 4866 natantis

195 4870 621 4976 apprehendat,
649 4890 721 4930 ne
751 4870 1188 4958 submergatur.

269 5015 280 5017 _
318 4942 499 5017 Yetus
525 4945 691 5013 ed1t.,
719 4946 1124 5017 probatissimo.

205 5088 213 5097 ο
263 5015 286 5049 ³
309 5015 540 5097 ‘Eadem
569 4987 922 5084 vetusreditq
946 5020 1058 5074 nisi
1080 5021 1280 5090 inﬂicti
1299 5021 1600 5090 Pontiﬁcis.
1631 5021 1844 5080 Victor.

191 5095 420 5238 ιηῖιξξὲ
467 5157 604 5215 alibi
664 5161 933 5238 Rufinus,
993 5162 1192 5238 Hister.
1249 5163 1437 5238 ocreis.
1472 5180 1526 5229 ν,
1571 5165 1665 5230 24,
1700 5165 1848 5238 frag-

191 5234 461 5310 mentum
493 5247 562 5286 ex
586 5232 756 5304 epist.
793 5231 1113 5310 Polycratis
1137 5235 1339 5289 Latine
1360 5240 1700 5310 convertens
1723 5231 1848 5310 συῨ-

188 5306 367 5384 γξνεῖς
386 5374 396 5384 ο
418 5319 629 5388 nomen
649 5308 900 5386 parentes
921 5305 1112 5360 reddit
1134 5322 1260 5388 ‘pro
1293 5307 1558 5388 cognatis
1581 5309 1700 5388 sive
1724 5305 1848 5382 prc-

189 5375 454 5459 pinquis.
495 5375 833 5459 Eutropius
870 5391 1102 5459 quoque
1134 5375 1305 5459 lib.'1
1338 5375 1462 5449 cap.
1485 5381 1551 5459 _7,
1601 5375 1846 5459 Brutum

185 5449 473 5518 parentem
531 5449 833 5518 Tarquinii
876 5453 1092 5504 vocat:
1141 5454 1197 5505 et
1240 5449 1572 5506 Jornandes
1622 5469 1672 5507 c.
1727 5455 1793 5507 17
1831 5471 1843 5508 :

191 5518 353 5592 Getas
383 5517 715 5592 Gepidosque
737 5526 1016 5592 parentes.

199 5535 353 5575 uetas
383 5535 715 5592 uepzaosque
737 5535 1016 5602 parentes.

199 5590 388 5718 ῐηδῆξίιέ
413 5605 525 5646 ms.
557 5589 894 5648 Corbeiensl
937 5607 1117 5662 penes
1174 5593 1234 5648 P.
1259 5592 1690 5665 Constantium,
1723 5612 1850 5668 quae

188 5663 597 5794 miiﬂidtaﬁnum
626 5738 748 5795 tam
786 5735 1160 5810 impudenter
1190 5751 1293 5812 pro
1325 5752 1389 5794 se
1418 5735 1603 5798 fuisse
1634 5739 1845 5798 menti-

1956 3377 2121 3433 facis.
2157 3375 2374 3432 Contra
2429 3374 2551 3429 Arii
2609 3375 2908 3447 dogmata,
2969 3375 3094 3446 jam
3155 3371 3518 3428 Alexandriae
3550 3371 3638 3427 in;

1957 3465 2287 3522 carceribus
2325 3469 2381 3520 et
2412 3464 2635 3520 exsiliis
2684 3463 3092 3530 dimicaveras,
3140 3478 3256 3518 non
3286 3477 3445 3528 voce,
3509 3462 3610 3519 sed

1958 3555 2264 3627 sanguine.
2298 3555 2465 3610 Nunc
2497 3571 2675 3626 super
2713 3552 2981 3624 Origenis
3015 3551 3220 3610 hazresi
3252 3551 3356 3608 tibi
3387 3550 3610 3607 calum-

1960 3645 2056 3700 nia
2131 3648 2550 3700 commovetur.
2610 3642 2755 3699 Nolo
2811 3659 3004 3710 cures,
3065 3659 3193 3716 quae
3251 3657 3396 3697 sana
3448 3644 3610 3708 sunt,

1957 3731 2198 3788 vulnera
2230 3731 2537 3788 medicare.
2571 3730 2922 3786 Trinitatem
2946 3728 3092 3784 dicis
3122 3727 3300 3782 unius
3329 3742 3458 3782 esse
3488 3726 3639 3781 Dei-‘

1957 3822 2116 3878 tatis.
2149 3821 2266 3876 Hoc
2297 3825 2416 3876 toto
2450 3820 2722 3876 credente
2746 3820 2874 3890 jam
2907 3817 3151 3884 mundo,
3194 3820 3334 3888 puto
3368 3816 3523 3886 quod
3553 3819 3612 3870 et

1961 3911 2254 3966 daemones
2287 3910 2674 3965 confiteantur
2708 3905 2916 3962 Filium
2948 3906 3050 3962 Dei
3082 3908 3287 3960 natum
3316 3904 3387 3959 de
3432 3903 3614 3958 Maria

1959 3999 2217 4071 Virgine,
2242 4002 2300 4054 et
2325 4013 2558 4053 carnem
2584 4000 2807 4052 naturae
2829 3995 3126 4060 humanae,
3154 3999 3330 4065 atque
3351 3991 3609 4049 animam
3631 4021 3639 4027 ·

1959 4087 2310 4159 suscepisse.
2345 4085 2404 4142 Si
2436 4086 2656 4142 arctius
2683 4084 2824 4156 quid
2860 4099 3155 4156 rogavero,
3178 4081 3611 4138 contentiosum

1957 4178 2213 4233 vocabis.
2246 4175 2304 4232 Si
2341 4174 2489 4231 dicis
2524 4173 2735 4230 Filium
2768 4173 2866 4228 Dei
2918 4173 3193 4229 humanm
3235 4175 3461 4228 naturis
3493 4187 3615 4228 car-

1960 4283 2093 4323 nem
2126 4270 2300 4338 atque
2349 4264 2608 4320 animam
2641 4263 3000 4336 suscepisse,
3054 4279 3155 4319 oro
3187 4267 3263 4329 te,
3297 4266 3362 4319 ut
3391 4261 3616 4334 absque

1959 4355 2262 4412 stomacho
2315 4354 2668 4426 respondeas
2695 4371 2708 4421 ;
2734 4353 2935 4409 anima
2980 4353 3115 4419 ista,
3149 4368 3323 4425 quam
3355 4350 3617 4423 suscepit

1957 4447 2375 4513 Jesus,eratne
2427 4448 2744 4516 antequam
2795 4445 3136 4499 nasceretur
3165 4459 3233 4498 ex
3282 4439 3507 4496 Maria?
3541 4455 3614 4495 an

1959 4535 2018 4591 in
2049 4534 2273 4608 origine
2301 4531 2598 4606 virginali,
2633 4549 2762 4605 quae
2813 4531 2884 4588 de
2913 4530 3133 4604 Spiritu
3183 4534 3384 4588 sancto
3412 4543 3614 4584 nasce-

1879 4649 1926 4713 D
1958 4625 2150 4694 batur,
2197 4640 2331 4680 cum
2391 4638 2632 4694 corpore
2662 4620 2841 4678 simul
2903 4624 3101 4677 creata
3131 4624 3240 4688 est,
3262 4618 3349 4675 vel
3389 4618 3518 4689 jam
3550 4616 3612 4672 in

1955 4809 2106 4872 tum,
2137 4803 2230 4860 vix
2261 4801 2517 4869 credam,
2568 4804 2671 4857 aut
2701 4815 2776 4872 ne
2822 4799 2916 4872 vix
2942 4799 3201 4871 quidem.
3245 4797 3328 4854 Ex
3356 4794 3614 4872 Socratis

1958 4868 2153 4933 autem
2187 4877 2290 4930 lib.
2325 4891 2400 4929 1v.
2433 4868 2561 4946 cap.
2593 4873 2686 4941 22,
2720 4871 2778 4927 in
2810 4868 3162 4946 Arianorum
3211 4868 3614 4946 persecutione

1957 4950 2088 5004 dira
2117 4948 2285 5004 illum
2315 4939 2824 5020 perpessum'esse
2854 4960 2970 4999 non
3019 4939 3264 5020 obscure
3294 4939 3608 5020 colligitur.

1954 5021 2172 5076 Verum
2205 5011 2349 5075 Acta
2405 5011 2462 5073 et
2507 5017 2795 5089 judicum
2833 5016 3175 5089 sententias,
3227 5011 3455 5089 quibus
3491 5011 3605 5066 sibi

1957 5110 2140 5166 poenae
2173 5084 2919 5166 irrogatae_sunt,_proferre
2944 5087 3091 5158 ipse,
3121 5084 3461 5166 utopinior,
3495 5099 3610 5139 non

2000 5165 2268 5231 otuisset,
2295 5156 2691 5236 quodomnia
2731 5161 2789 5214 in
2823 5159 2923 5236 illa
2952 5156 3611 5236 persecutioneabsque

1981 5253 2153 5309 egum
2187 5229 2424 5309 ordine,
2456 5234 2832 5309 factiosorum
2876 5229 3200 5309 hominum
3227 5229 3470 5309 arbitrio
3499 5229 3612 5309 ile-

1959 5300 2107 5364 rebt.
2139 5307 2248 5364 Alii
2283 5308 2363 5362 ita
2396 5306 2671 5360 Rufinum
2726 5321 2759 5359 a
2809 5301 3112 5358 mendacio
3142 5301 3416 5366 liberant,
3450 5305 3517 5356 ut
3549 5300 3612 5355 fi-

1959 5382 2094 5436 dem
2127 5396 2305 5452 quam
2339 5379 2463 5451 ipse
2509 5375 2765 5448 exponit,
2800 5374 3105 5447 probatam
3161 5373 3612 5452 carceribus_at-

1958 5469 2072 5524 que
2104 5444 2464 5524 exsiliisftot
2495 5444 2705 5519 nempe
2739 5444 3088 5524 martyrum,
3125 5446 3234 5524 qui.
3258 5463 3362 5518 pro
3407 5444 3612 5501 eadem

1958 5518 2118 5580 recta
2150 5525 2264 5578 ﬁde
2295 5518 2721 5590 occubuerunt,
2756 5535 2870 5574 non
2907 5518 3114 5592 ipsam
3148 5518 3366 5575 suimet
3413 5533 3613 5591 perso-

1957 5613 2093 5652 nam
2121 5593 2426 5665 intelligat.

2029 5670 2048 5703 ⁷
2077 5666 2255 5738 Alibi,
2280 5662 2473 5722 Tamen
2502 5670 2552 5719 ει
2580 5677 2727 5718 nunc
2757 5663 2806 5717 si
2834 5662 2956 5736 quis
2983 5670 3082 5730 est,
3106 5667 3214 5720 etc.
