3958 6386
354 355 480 428 ω
1623 357 1690 421 S.
1717 353 2040 424 -ωυεηω
2080 353 2552 428 IIBRONYML
3631 354 3764 424 ΜΘ

353 496 520 551 utero
551 508 794 567 corpore
821 491 1090 566 ﬁgurato,
1145 490 1344 549 statim
1377 492 1529 549 facta
1573 495 1632 548 et
1685 491 1868 548 missa
1904 497 1994 549 est
2019 495 2076 562 Α
2096 495 2430 566 judicium;
2461 497 2521 553 in
2553 513 2669 570 quo
2709 494 2954 568 judicio,
2989 516 3018 546 »
3061 495 3120 552 et
3146 496 3370 551 enters.
3401 495 3588 567 Super
3615 507 3750 550 ver-

354 583 427 640 de
457 581 636 639 ccelo‘?
678 583 746 637 Et
776 581 968 638 tribus
996 598 1180 637 unum
1214 582 1354 654 quid
1385 580 1602 636 sentias
1653 579 1801 636 scire
1845 581 1993 637 desi-
2103 584 2310 641 borum
2333 587 2488 643 vitiis
2521 591 2709 643 tacere
2729 587 3096 642 decreveram
3125 602 3138 652 ;
3171 584 3272 640 sed
3305 582 3445 656 quia
3475 580 3752 655 discipuli

354 672 514 730 dero.
549 672 608 727 Si
641 671 751 726 fuit
781 672 893 742 (At.
929 687 1044 726 non
1068 671 1198 741 fuit)
1229 675 1542 742 antequam
1566 674 1904 725 nasceretur
1927 686 1995 725 ex
2101 675 2229 746 ejus
2260 676 2548 731 mirantur
2566 675 2958 747 eloquentiam
2991 672 3386 746 praeceptoris,
3409 688 3598 745 pauca
3627 687 3750 744 per.

353 760 557 830 Maria,
589 760 840 816 necdum
889 776 1025 832 ergo
1073 765 1196 814 erat
1253 760 1449 814 anima
1476 759 1637 823 Jesu,
1679 764 1738 814 et
1787 759 1996 830 agebat
2103 763 2408 834 stringam.
2442 765 2676 820 Dixerat
2723 763 3018 834 judicium
3087 763 3392 828 futurum;
3425 761 3526 816 sed
3573 760 3749 816 homo

351 847 592 921 aliquid,
627 866 692 904 ac
725 853 962 920 propter
1008 848 1218 904 merita
1270 848 1551 903 virtutum
1609 851 1812 918 postea
1839 847 1994 902 facta
2101 860 2309 909 cautus
2337 854 2536 909 timuit
2556 854 2748 909 solum
2779 853 2969 908 dicere
2997 855 3059 907 in
3081 867 3205 924 quo,
3229 855 3286 906 et
3316 850 3532 922 posuit,
3564 851 3623 905 in
3645 866 3750 921 quo

349 942 439 994 est
466 938 666 993 anima
694 939 844 1008 ejus.
886 937 942 992 Si
995 937 1145 1009 cepit
1175 954 1242 992 ex
1285 937 1543 1003 traduce,
1595 935 1990 991 humanarum
2093 943 2338 1014 judicio;
2363 960 2434 998 ne
2466 943 2514 999 ei
2547 959 2658 998 non
2685 942 2942 998 secundo
2964 941 3274 1012 repetisset
3291 939 3592 1011 judicium,
3616 956 3746 1009 nos,

349 1026 529 1099 igitur
560 1027 916 1094 animarum,
966 1043 1110 1098 quas
1158 1031 1404 1082 aeternas
1455 1026 1725 1089 fatemur,
1767 1030 1825 1079 et
1854 1026 1989 1080 bru-
2101 1031 2267 1087 obliti
2301 1033 2690 1104 superiorum,
2725 1048 2827 1104 pro
2872 1030 3096 1100 judicio
3126 1031 3351 1084 asinum
3379 1033 3746 1100 putaremus.

317 1120 542 1184 ,torum
561 1115 972 1181 animantium,
992 1133 1118 1187 quae
1145 1131 1276 1170 cum
1300 1131 1540 1186 corpore
1567 1112 1988 1177 dissolvuntur,
2103 1121 2252 1176 Illud
2283 1138 2515 1193 quoque
2545 1121 2701 1193 quod
2725 1123 2926 1192 postea
2949 1119 3144 1186 infert,
3171 1141 3198 1168 ‹‹
3225 1117 3326 1190 qui
3355 1117 3750 1173 criminantur

351 1221 471 1260 una
503 1203 755 1260 conditio
777 1208 881 1260 cst.
909 1204 1005 1260 Sin
1031 1209 1225 1259 autem
1259 1205 1506 1275 figurato
1528 1219 1765 1275 corpore
1795 1201 1990 1258 statim
2102 1210 2328 1275 fratres,
2359 1225 2494 1265 cum
2534 1209 2660 1280 ipso
2701 1207 2916 1280 pariter
2961 1206 3159 1262 aeterni
3211 1205 3366 1279 ignis
3411 1205 3748 1261 haereditate

346 1297 574 1348 creatur
602 1297 659 1348 et
689 1293 962 1362 mittitur,
998 1293 1175 1348 fatere
1228 1291 1593 1364 simpliciter,
1627 1295 1684 1347 et
1706 1307 1812 1348 nos
1833 1307 1995 1348 scru-
2101 1298 2418 1371 potientur,
2462 1320 2490 1347 ››
2539 1297 2803 1368 ejusdem
2853 1299 2942 1352 est
2987 1294 3334 1351 venustatis.
3391 1293 3532 1359 Quis
3587 1293 3744 1350 enim

347 1381 488 1453 ΡυῘο
519 1382 721 1437 “bere-
2101 1403 2362 1458 unquam
2391 1385 2614 1442 audivit
2659 1387 2832 1457 potiri
2861 1384 3104 1454 ignibus,
3137 1386 3197 1438 et
3225 1382 3340 1437 frui
3384 1381 3692 1454 suppliciis
3719 1382 3748 1436 ?

419 1471 474 1524 5.
507 1470 665 1526 Nihil
695 1470 904 1527 horum
938 1469 1228 1543 loqueris:
1263 1470 1363 1526 sed
1395 1473 1716 1540 occupatus
1748 1469 1805 1522 in
1837 1466 1991 1532 aliis,
2100 1476 2212 1532 sed
2243 1476 2418 1531 homo
2447 1475 2681 1532 Greene
2720 1475 2950 1529 videtur
2980 1472 3126 1529 mihi
3174 1472 3327 1528 495
3361 1471 3624 1544 seipsum
3655 1471 3748 1527 in-

343 1557 720 1631 simplicitate
736 1563 936 1615 nostra
955 1559 1234 1626 abuteris,
1253 1563 1309 1614 et
1331 1557 1642 1630 praestigiis
1663 1571 1992 1629 pompaque
2099 1565 2404 1637 terpretnri
2433 1563 2708 1632 voluisse,
2732 1567 2790 1620 et
2820 1579 2922 1635 pro
2939 1579 3006 1619 eo
3037 1562 3190 1633 quod
3222 1561 3378 1634 apud
3399 1575 3503 1616 eos
3531 1561 3750 1616 dicitur

340 1647 653 1703 verborum
684 1648 900 1704 haerere
931 1664 1037 1703 nos
1067 1663 1182 1702 non
1243 1647 1391 1702 sinis
1439 1645 1770 1718 quaestioni.
1820 1644 1990 1709 Quid,
2099 1650 2637 1726 κληρονομήσουσιν,
2677 1656 2733 1707 et
2785 1651 2939 1723 apud
2974 1667 3080 1707 nos
3127 1666 3245 1706 uno
3294 1648 3468 1705 verbo
3498 1648 3614 1704 dici
3644 1666 3746 1721 po-

342 1733 596 1807 inquies!
629 1751 822 1791 nonne
853 1735 1097 1806 quaestio
1149 1739 1273 1790 erat
1305 1735 1376 1790 de
1405 1735 1831 1790 resurrectione
1862 1749 1990 1788 εει·-
2099 1745 2215 1798 test
2243 1741 2660 1806 haereditabunt,
2695 1738 3082 1813 compositius
3112 1742 3172 1794 et
3199 1738 3467 1794 ornatius
3505 1737 3745 1803 dixisse,

343 1823 459 1931 [λῖθ’
486 1828 569 1931 ξι
597 1825 782 1895 Ρωηίε
825 1823 1088 1878 diem“?
1147 1824 1350 1931 Fati?”
1398 1823 1502 1895 (Αίο
1559 1823 1801 1931 Ϋθιῐθΐθξ
1846 1823 1990 1920 ΕΓξο
2021 1831 2409 1931 Βήιενεάέιαιθ
2447 1832 2746 1902 potientur.
2796 1827 3131 1884 Istiusmodi
3164 1826 3340 1899 nugis
3397 1829 3455 1880 et
3484 1824 3743 1898 acyrolo-

341 1911 593 1968 breviter
624 1927 883 1983 pureque
927 1912 1232 1984 responde.
1266 1912 1388 1967 Non
1423 1928 1619 1984 qumro
1651 1911 1806 1983 quod
1840 1909 1987 1966 scri-
2021 1909 2072 1931 υ
2097 1919 2212 1990 giis
2242 1918 2434 1975 omnis
2484 1920 2612 1990 ejus
2662 1921 2848 1974 scatet
2888 1915 3093 1973 oratio.
3141 1915 3252 1971 Sed
3286 1917 3646 1970 revertamur
3673 1915 3748 1970 ad

341 1999 458 2065 bis,
498 2000 764 2056 eamdem
794 2015 1028 2056 carnem
1069 2016 1393 2072 resurgere,
1448 2001 1507 2055 in
1563 2017 1682 2072 qua
1709 1999 1984 2066 vivimus,
2097 2023 2364 2063 sensum,

344 2087 507 2144 nullo
532 2089 796 2145 membro
825 2092 1150 2162 amputato,
1183 2106 1287 2145 nec
1316 2089 1708 2162 aliqua'parte
1729 2087 1988 2160 corporis
2164 2099 2218 2151 7,
2276 2095 2428 2150 Ridet
2485 2095 2668 2166 Ruﬁni
2727 2094 2908 2150 verba,
2961 2093 3108 2164 Ignis
3135 2099 3378 2148 κιονῃυε
3408 2091 3582 2162 juxta
3629 2091 3752 2148 ονε.

343 2177 599 2245 desecta,
633 2176 754 2232 hac
775 2177 933 2234 enim
964 2183 1065 2234 tua
1083 2179 1258 2234 verba
1282 2179 1563 2234 suntzsed
1590 2195 1804 2250 quaero,
1831 2177 1984 2250 quod
2092 2201 2306 2256 genam.
2341 2216 2408 2224 -
2441 2183 2663 2238 Grandi
2697 2180 2968 2237 diabolus
3017 2179 3222 2236 lancea
3269 2179 3610 2251 percutitur,
3642 2181 3749 2251 qui

344 2265 626 2339 Origenes
655 2270 849 2339 negat,
878 2269 1035 2322 494
1085 2272 1284 2323 utrum
1334 2267 1393 2322 in
1424 2268 1627 2323 eodem
1669 2284 1830 2332 sexu,
1873 2282 1986 2338 quo
2095 2272 2369 2330 omnibus
2398 2272 2596 2328 existit
2615 2287 2792 2327 causa
2814 2269 3056 2342 peccati,
3089 2268 3140 2324 si
3170 2284 3272 2340 pro
3310 2266 3586 2339 operibus
3615 2268 3748 2324 suis

342 2359 574 2413 mortua
604 2360 745 2411 sunt
781 2372 1043 2428 corpora,
1083 2356 1472 2413 suscitentur:
1493 2360 1548 2411 et
1579 2355 1760 2411 Maria
1781 2355 1983 2425 Maria,
2096 2360 2266 2435 quasi
2313 2361 2510 2426 homo,
2544 2360 2881 2416 redditurus
2911 2362 3001 2414 est
3047 2357 3354 2423 rationem,
3389 2360 3446 2412 et
3474 2372 3608 2411 cum
3641 2373 3752 2412 an-

340 2443 598 2501 Joannes
628 2445 1294 2517 resurgatJoanneszan
1317 2444 1626 2500 commisto
1645 2461 1784 2500 sexu
1811 2447 1987 2516 atque
2094 2448 2242 2521 gelis
2271 2449 2396 2506 suis
2453 2449 2650 2505 aeterni
2701 2447 2855 2521 ignis
2901 2446 3240 2502 haereditate
3288 2444 3564 2516 potietur.
3622 2444 3746 2500 Hoc

340 2533 597 2598 turbato,
628 2549 733 2588 nec
763 2533 869 2600 vir,
929 2549 1034 2590 nec
1085 2534 1302 2590 femina
1348 2535 1454 2600 sit;
1491 2534 1591 2590 sed
1645 2537 1984 2604 utrumque,
2094 2536 2250 2592 enim
2282 2536 2500 2603 deerat,
2533 2541 2598 2592 ut
2626 2534 2968 2592 hominibus
2997 2537 3289 2590 tormento
3341 2533 3617 2600 subditis,
3646 2531 3750 2588 ille

340 2621 432 2688 vel
460 2621 799 2677 neutrum?
847 2626 916 2676 Et
945 2639 1019 2678 an
1065 2622 1194 2694 ipsa
1241 2639 1484 2694 corpora
1541 2622 1900 2694 incorrupta,
1931 2627 1989 2677 et
2096 2624 2384 2695 potiretur
2411 2624 2431 2657 ⁸
2486 2623 2723 2696 ignibus
2768 2623 3023 2690 aeternis,
3071 2637 3220 2692 quos
3267 2623 3430 2676 tanto
3487 2625 3754 2692 tempore

341 2709 722 2780 immortalia,
751 2714 809 2766 et
838 2714 904 2765 ut
931 2715 1135 2783 argute
1175 2726 1520 2784 praemonet-3,
1547 2712 1717 2781 juxta
1747 2713 1988 2782 Aposto-
2095 2712 2542 2768 desideraverat.
2575 2713 2646 2767 Et
2683 2711 2900 2767 videris
2927 2709 3072 2765 mihi
3102 2710 3123 2744 ⁸
3154 2707 3516 2764 calumniam
3545 2707 3605 2764 in
3636 2707 3754 2764 hoc

341 2797 466 2854 lum
497 2796 824 2870 spiritualia
864 2805 1246 2870 permaneant
1287 2799 1347 2854 in
1399 2803 1722 2856 internum:
1774 2803 1831 2854 et
1869 2815 1984 2854 non
2094 2799 2221 2856 loco
2254 2801 2442 2856 facere
2472 2799 2724 2866 diabolo,
2759 2803 2818 2855 et
2868 2798 3304 2855 criminatorem
3335 2795 3602 2852 omnium
3634 2796 3747 2852 fal-

343 2885 534 2944 solum
584 2903 845 2959 corpora,
879 2887 979 2944 sed
1013 2903 1146 2943 caro
1180 2893 1237 2944 et
1266 2887 1506 2961 sanguis
1535 2887 1790 2953 infusus,
1823 2887 1986 2944 venis
2095 2889 2180 2945 sis
2199 2888 2546 2944 criminibus
2568 2905 2862 2945 accusare.
2897 2887 3056 2943 Dicis
3084 2886 3266 2954 enim,
3290 2908 3319 2936 ‹‹
3343 2885 3444 2958 qui
3464 2884 3746 2942 omnibus

343 2981 402 3032 et
429 2976 666 3033 ossibus
696 2976 990 3048 irrigatus,
1024 2993 1150 3048 quaa
1182 2977 1436 3033 Thomas
1465 2976 1694 3049 tetigit:
1729 2993 1803 3032 an
1835 2981 1986 3032 certe
2093 2978 2324 3034 exsistit
2348 2994 2530 3034 causa
2559 2978 2776 3050 peccati
2803 2995 2850 3046 ;»
2887 2980 2945 3032 et
2973 2977 3115 3031 dum
3142 2976 3200 3030 in
3231 2973 3399 3030 illum
3432 2973 3613 3030 refers
3635 2974 3745 3030 cri-

341 3064 628 3138 paulatim
681 3065 1048 3122 resolvantur
1101 3067 1158 3121 in
1192 3065 1476 3134 nihilum,
1516 3071 1573 3122 et
1619 3067 1690 3121 ad
1736 3069 1987 3137 quatuor
2094 3067 2275 3135 mina,
2323 3067 2590 3123 homines
2621 3067 2793 3139 culpa
2820 3066 3058 3131 liberas,
3110 3062 3385 3136 tollisque
3415 3061 3640 3119 arbitrii
3671 3062 3742 3118 li-

342 3155 498 3212 unde
527 3159 832 3226 compacta
859 3158 1000 3210 sunt
1046 3154 1356 3222 elementa,
1407 3154 1824 3210 retrahantur?
1855 3154 1984 3210 Haec
2093 3156 2398 3224 bertatem,
2433 3155 2730 3212 Salvatore
2761 3154 3008 3222 dicente,
3041 3154 3197 3226 quod
3229 3176 3258 3203 ‹‹
3295 3153 3368 3207 de
3398 3152 3572 3208 corde
3602 3169 3747 3208 nos-

341 3248 448 3300 aut:
469 3243 659 3301 dicere
681 3245 987 3308 debueras,
1017 3249 1119 3300 aut
1166 3260 1396 3316 negare,
1430 3249 1490 3300 et
1532 3259 1648 3299 non
1696 3260 1764 3299 ea
1793 3242 1980 3316 loqui,
2011 3234 2054 3302 C
2090 3248 2180 3301 tro
2210 3249 2423 3301 exeunt
2452 3245 2830 3318 cogitationes
2862 3241 3402 3311 malai,homicidia,
3428 3240 3739 3310 adulteria,

342 3349 476 3405 qua;
502 3331 748 3388 subdole
796 3332 1071 3406 Origenes
1100 3333 1349 3398 fatetur;
1406 3336 1470 3388 ut
1516 3331 1686 3404 quasi
1716 3332 1894 3388 fatuis
1924 3335 1982 3387 et
2091 3333 2526 3400 fornicationes,
2561 3333 2716 3389 furta
2772 3331 2922 3388 falsa
2969 3330 3325 3398 testimonia,
3361 3328 3744 3401 blasphemia

341 3419 540 3490 pueris
580 3419 858 3488 illudens,
891 3425 948 3476 et
996 3421 1158 3477 nullo
1189 3421 1451 3477 membro
1500 3425 1825 3493 amputato,
1874 3435 1980 3475 nec
2091 3424 2294 3495 (Matth.
2330 3440 2423 3488 xv,
2456 3423 2567 3493 49).
2630 3445 2657 3471 »
2691 3422 2759 3477 Et
2815 3437 3050 3477 rursum
3101 3420 3173 3474 de
3226 3419 3382 3476 Juda
3438 3417 3498 3473 in
3550 3417 3742 3474 Evan-

341 3506 544 3580 aliqua.
595 3507 854 3579 corporis
911 3513 1074 3580 parte
1112 3510 1365 3565 desecta.
1402 3532 1429 3558 ››
1483 3508 1711 3565 Scilicet
1767 3508 1876 3565 hoc
1906 3509 1977 3563 ti-
2089 3511 2239 3585 gelic
2271 3511 2564 3584 legimus:
2609 3533 2636 3560 ‹‹
2670 3511 2808 3567 Post
2850 3507 3173 3565 buccellam
3227 3505 3468 3562 intravit
3494 3505 3555 3560 in
3596 3522 3741 3563 eum

341 3596 625 3663 muimus,
659 3613 732 3653 ne
761 3597 890 3653 sine
937 3614 1080 3654 naso
1125 3603 1182 3654 et
1221 3598 1463 3654 auribus
1493 3614 1890 3670 surgeremus,
1923 3603 1981 3653 et
2088 3601 2329 3656 Satanas
2360 3599 2536 3670 (Joan.
2567 3615 2690 3664 xm,
2713 3599 2804 3670 27)
2831 3616 2844 3654 :
2871 3619 2899 3647 »
2917 3596 3018 3668 qui
3049 3599 3184 3652 ante
3208 3592 3531 3650 buccellam
3562 3610 3744 3666 spon-

339 3685 658 3758 amputatis
697 3685 990 3758 sectisque
1037 3685 1417 3759 genitalibus,
1465 3685 1868 3742 cunuchorum
1918 3685 1979 3741 in
2088 3693 2146 3744 te
2189 3691 2543 3760 peccaverat,
2603 3691 2660 3741 et
2712 3702 2819 3744 nec
2872 3684 3230 3748 humilitate,
3283 3700 3390 3740 nec
3418 3683 3739 3740 clementia

339 3773 556 3831 caelesti
585 3775 909 3832 Jerusalem
941 3775 1145 3832 civitas
1175 3776 1540 3832 conderetur.
2087 3776 2402 3833 Salvatoris
2433 3775 2617 3832 ﬂexus
2646 3780 2738 3832 est
2765 3776 2836 3832 ad
2861 3772 3284 3848 pmnitentiam.
3311 3772 3468 3830 Unde
3493 3773 3740 3844 Aposto-

407 3866 460 3920 6.
494 3865 668 3921 Porro
707 3865 777 3920 de
828 3864 1060 3921 diabolo
1117 3865 1202 3922 sic
1258 3865 1608 3921 sententiam
1654 3869 1975 3936 temperat:
2088 3863 2210 3921 lus:
2258 3887 2284 3913 ‹‹
2337 3865 2490 3930 Quos
2535 3863 2768 3931 tradidi,
2825 3863 3037 3936 inquit,
3071 3863 3320 3931 Satanae,
3379 3864 3447 3916 ut
3502 3859 3739 3916 discant

338 3974 368 4002 ‹‹
400 3952 661 4009 Dicimus
688 3969 917 4025 quoque
946 3959 1003 4010 et
1024 3953 1316 4026 judicium
1348 3955 1634 4023 futurum,
1666 3954 1727 4009 in
1759 3970 1873 4026 quo
1887 3954 1980 4025 ju-
2088 3971 2203 4010 non
2235 3953 2607 4026 blaphemare
2638 3955 2686 4021 (l
2725 3955 2856 4008 Tim.
2889 3970 2928 4021 ι,
2973 3953 3086 4023 20).
3122 3973 3151 4002 ››
3183 3952 3260 4007 Et.
3293 3951 3352 4006 in
3402 3948 3516 4005 alio
3563 3948 3733 4007 loco:

337 4041 483 4100 cioio
513 4043 925 4116 unusquisque
962 4042 1202 4116 recipiet
1226 4045 1462 4117 propria
1492 4045 1772 4118 corporis,
1808 4047 1980 4117 prout
2087 4067 2115 4093 ‹‹
2151 4041 2386 4099 Tradidi
2418 4041 2760 4112 hujusmodi
2793 4042 3019 4097 Satanas
3070 4040 3130 4095 in
3181 4038 3480 4094 interitum
3511 4037 3735 4108 carnis,

337 4130 540 4203 gessit,
585 4131 705 4186 sive
734 4131 906 4199 bona,
939 4133 1059 4188 sive
1106 4132 1281 4189 mala.
1315 4133 1476 4197 Quod
1509 4133 1557 4188 si
1584 4133 1856 4190 homines
1887 4149 1975 4188 re-
2086 4137 2155 4190 ut
2183 4132 2427 4205 spiritus
2457 4129 2653 4186 salvus
2699 4132 2798 4186 ﬁat
2827 4132 2878 4202 (ι
2909 4130 3031 4186 Cor.
3066 4146 3122 4201 ν,
3152 4129 3232 4200 5).
3267 4149 3295 4177 ››
3324 4126 3598 4184 Tradidit
3629 4143 3736 4185 eos

337 4219 561 4289 cepturi
593 4223 734 4275 sunt
783 4237 885 4292 pro
930 4221 1206 4293 operibus
1251 4222 1395 4290 suis,
1430 4228 1650 4295 quanto
1684 4223 1872 4295 magis
1923 4226 1980 4278 et
2089 4217 2527 4292 Satanae,.quasi
2557 4219 2848 4275 tortoriad
2879 4217 3390 4291 puniendum,.qui
3410 4219 3734 4288 antequam

338 4306 746 4380 diabolus,qui
781 4309 1060 4364 omnibus
1087 4311 1358 4366 exsistit.‘
1405 4328 1584 4368 causa
1613 4311 1865 4384 peccati!
1904 4313 1979 4366 De
2087 4311 2482 4378 traderentur,
2525 4308 2824 4367 voluntate
2873 4306 3111 4380 propria
3152 4304 3733 4377 blasphemaverant.

336 4413 452 4469 quo
484 4395 627 4452 illud
661 4397 950 4454 sentimus
975 4399 1132 4469 quod
1155 4399 1438 4472 scriptum
1470 4406 1560 4456 est
1587 4401 1647 4455 in
1670 4400 1978 4473 Evangelia
2087 4398 2157 4453 Et
2187 4398 2399 4454 David:
2443 4420 2471 4448 ‹‹
2503 4397 2588 4453 Ab
2631 4395 2900 4464 occultis,
2931 4394 3146 4467 inquit,
3181 4393 3329 4450 meis
3359 4392 3584 4448 munda
3613 4408 3736 4459 me,

337 4485 548 4554 (Matth.
579 4487 745 4557 xxv):
779 4486 919 4559 quia
946 4490 1005 4542 et
1052 4486 1178 4559 ipse
1223 4487 1512 4556 diabolus,
1546 4497 1601 4545 et
1631 4505 1836 4545 omnes
1873 4506 1977 4544 an-
2087 4487 2352 4556 Domine,
2384 4492 2440 4543 et
2470 4487 2542 4543 ab
2574 4484 2780 4542 alienis
2830 4500 3001 4556 parce
3031 4498 3198 4538 servo
3228 4486 3329 4538 tuo
3360 4481 3534 4553 (Psat.
3565 4497 3734 4549 xvm,

335 4573 448 4671 geli
479 4575 628 4671 ejus,
685 4592 820 4631 cum
851 4574 958 4630 his.
991 4576 1089 4648 qui
1120 4593 1296 4649 opera
1323 4579 1451 4648 ejus
1484 4577 1724 4644 faciunt,
1756 4578 1813 4632 id
1867 4581 1977 4647 est,
2009 4606 2056 4671 Β
2087 4576 2177 4645 l3)
2196 4594 2208 4644 ;
2227 4599 2254 4626 »
2272 4576 2519 4633 breviter
2538 4580 2594 4632 et
2613 4591 2731 4631 sua:
2749 4573 3069 4671 voluntatis
3090 4573 3442 4643 errorem,et
3452 4569 3735 4671 vitiorum

336 4662 437 4736 qui
460 4664 852 4720 criminantur
883 4665 1091 4721 fratres
1121 4666 1162 4732 ²,
1197 4682 1332 4722 cum
1378 4666 1505 4739 ipso
1535 4667 1754 4738 pariter
1780 4666 1976 4721 aeterni
2009 4655 2052 4671 ’⁷
2087 4663 2826 4737 incentivasignificans.ln
2847 4659 3197 4718 Ecclesiaste
3211 4655 3727 4731 quoquelegimus:

335 4751 491 4826 ignis
519 4753 856 4810 haereditate
884 4754 1198 4827 potientur.
1233 4755 1292 4811 Si
1326 4756 1460 4828 quis
1491 4772 1627 4828 ergo
1660 4761 1837 4828 negat
1861 4756 1980 4812 dia.
2087 4778 2116 4804 «
2141 4755 2202 4810 Si
2230 4754 2477 4827 spiritus
2505 4756 2854 4826 potestatem
2891 4749 3164 4806 habentis
3193 4746 3523 4804 ascenderit
3550 4763 3732 4820 super

335 4842 536 4900 bolum
578 4845 809 4900 aeternis
852 4844 1089 4918 ignibus
1140 4845 1521 4918 mancipari",
1570 4850 1792 4918 partem
1844 4863 1978 4902 cum
2088 4860 2187 4900 cor
2238 4848 2429 4910 tuum,
2461 4842 2652 4898 locum
2701 4846 2871 4897 tuum
2919 4855 2992 4895 ne
3059 4836 3356 4894 dimiseris
3419 4835 3614 4905 (Esaia.
3673 4852 3732 4903 ι,

336 4931 462 5004 ipso
494 4933 691 4989 aeterni
723 4933 878 5007 ignis
903 4933 1167 5006 accipiat,
1200 4940 1268 4991 ut
1298 4934 1512 4991 sentiat
1538 4937 1692 5007 quod
1727 4935 1977 5007 negavit.
2091 4934 2164 5005 4).
2198 4955 2226 4983 ››
2261 4934 2341 4988 Ex
2371 4949 2485 5004 quo
2515 4931 2737 5004 liquido
2776 4933 3038 5003 apparet,
3073 4928 3123 4984 si
3158 4925 3502 4983 dederimus.
3525 4937 3734 4981 ascen-

340 5020 691 5094 R‘epetamus
722 5023 974 5098 singula.
1024 5049 1050 5075 «
1103 5023 1386 5092 Dicimus,
1447 5024 1658 5096 inquit,
1717 5025 1980 5080 futurum
2090 5019 2250 5077 denti
2279 5020 2492 5087 locum,
2527 5035 2636 5076 nos
2661 5033 2932 5092 peccasse
2957 5017 3058 5088 qui
3079 5015 3437 5081 dederimus,
3462 5014 3520 5070 et
3536 5025 3736 5070 ascen-

413 5258 432 5332 ξ
462 5255 528 5311 In
555 5256 803 5328 vulgatis
824 5261 1162 5315 constanter
1181 5257 1405 5332 obtinet
1434 5259 1651 5332 exstitit,
1675 5258 1769 5314 hic
1811 5263 1986 5332 atque
2132 5331 2138 5332 ί
2163 5257 2184 5290 ⁴
2211 5253 2391 5332 Vetus
2438 5252 2577 5310 edit.
2611 5268 2747 5310 cum
2793 5250 3046 5324 negandi
3100 5249 3330 5323 pertic.,
3376 5245 3473 5302 ille
3499 5259 3612 5301 non
3634 5259 3734 5316 po-

340 5327 530 5403 infra»;
579 5327 748 5384 secus
805 5345 972 5399 mss.,
1034 5335 1181 5386 teste
1239 5330 1300 5385 P.
1352 5331 1716 5399 Constantio,
1778 5327 1987 5403 nempe
2095 5331 2355 5403 tiretyr._
2409 5397 2425 5403 _
2510 5395 2542 5403 Δ·
2617 5395 2680 5403 __
2822 5395 2832 5403 _
2903 5395 2917 5403 _
2973 5394 2987 5403 _
3062 5395 3074 5403 _
3273 5391 3310 5403 μ
3407 5388 3418 5400 ,
3468 5387 3536 5403 η
3647 5385 3658 5397 ,

342 5388 554 5462 erigit.
931 5397 934 5399 Α
959 5388 970 5397 ’
1703 5388 1714 5399 ’
1915 5388 1935 5403 ³
2165 5399 2186 5433 ⁵
2216 5399 2365 5454 Sunt
2394 5395 2547 5452 docti
2576 5395 2704 5462 viri,
2737 5395 2834 5467 qui
2869 5395 2946 5467 ab
2973 5391 3315 5467 hujusmodj
3370 5388 3614 5446 sinistra
3644 5388 3736 5440 in-

411 5468 852 5546 ’_Goi_s_lin‘ianus
902 5471 1364 5546 quidamhmssq
1408 5481 1589 5546 patres
1642 5490 1744 5546 pro
1787 5475 1987 5546 fratres
2095 5469 2534 5546 terpretaticne
2567 5457 2846 5522 Rufinum
2898 5457 3233 5546 viridi-Canta
3276 5463 3494 5546 Revera
3547 5473 3750 5546 neque-

341 5542 512 5616 legit;
549 5541 690 5596 illud
725 5533 1091 5599 retinendum
1145 5543 1327 5616 liquet
1353 5533 1423 5601 ex
1472 5533 1808 5619 Hieronymi
1853 5562 1985 5603 cen-
2096 5533 2288 5619 illum,
2320 5541 2422 5619 cui
2462 5538 2607 5619 alter
2655 5555 2832 5595 causa
2877 5533 3341 5619 adpeccandum
3375 5533 3737 5619 fu‘it_sugge-

344 5601 525 5684 suum;
659 5649 674 5660 κ
1205 5601 1226 5616 ⁸
1557 5601 1561 5602 ν
1652 5601 1708 5619 νυ
1766 5601 1771 5602 ί
1896 5601 1906 5603 ἡ
2099 5601 2300 5684 ι’θιιᾶό,
2333 5611 2505 5684 culpa
2533 5610 2876 5684 liberamus,
2926 5601 3066 5680 quia
3094 5624 3282 5680 neque
3307 5601 3534 5665 arbitrii
3567 5601 3740 5659 liber-

412 5687 434 5722 ³
462 5683 616 5742 Alibi
647 5684 1078 5758 mancipandam
1109 5685 1342 5758 legitur.
2097 5681 2293 5745 tatem
2308 5681 2654 5757 obsequenti
2683 5681 3022 5747 adimimus.
