3958 6390
173 375 296 450 M9

1364 375 1682 451 CONTRA
1726 377 2089 453 HUFINUM
2135 374 2285 453 Lis.
2327 380 2410 453 II.

3480 374 3605 456 Μ

175 523 416 578 dentem
447 537 652 578 muros
682 521 912 579 hostem
942 533 1057 578 non
1089 520 1444 594 praecipitem
1488 522 1834 579 deturbave-
1865 540 1919 605 Α
1950 530 2046 579 ma
2077 525 2427 598 qumstiones
2468 526 2633 582 491'
2667 539 2796 582 esse
2843 528 3206 582 commotas:
3260 524 3331 583 de
3374 542 3493 597 qua
3542 542 3604 584 re

173 611 385 667 rimus.
418 611 584 676 Quod
617 615 814 666 autem
846 610 1192 682 imprecaris
1221 610 1522 679 fratribus,
1544 612 1700 668 406
1726 612 1837 668 hoc

173 705 282 769 est,
315 700 799 757 criminatoribus
851 699 986 766 tuis,
1038 703 1284 756 aeternos
1332 699 1500 772 ignes
1539 717 1675 756 cum
1708 701 1837 757 dia-

173 789 333 856 bolo,
365 805 482 846 non
510 793 632 844 tam
665 789 877 845 fratres
907 788 1053 844 mihi
1093 789 1310 845 videris
1340 806 1625 862 premere,
1658 807 1837 862 quam

174 877 480 934 diabolum
509 877 832 948 sublevare,
860 877 1036 934 cumI
1066 877 1278 933 iisdem
1310 879 1528 950 quibus
1567 878 1836 935 homines

174 965 495 1023 Christiani
542 966 783 1040 ignibus
857 966 1193 1039 puniendus
1253 968 1350 1024 sit.
1408 968 1580 1040 Ignes
1637 971 1834 1024 autem

173 1058 443 1124 zeternos,
475 1071 621 1127 quos
651 1054 980 1129 intelligere
1008 1055 1157 1112 solet
1185 1055 1486 1129 Origenes,
1513 1061 1654 1128 puto
1677 1058 1832 1128 quod

170 1148 229 1199 te
261 1160 378 1200 non
425 1144 629 1217 fugiat,
681 1144 1096 1202 conscientiam
1139 1144 1408 1200 videlicet
1437 1149 1832 1216 peccatorum,

170 1235 229 1288 et
249 1232 676 1305 pcsnitudinem
707 1233 942 1290 interna
965 1232 1159 1290 cordis
1201 1238 1492 1290 urentem.
1521 1234 1602 1289 De
1633 1250 1750 1305 qua
1775 1238 1834 1290 et

169 1320 684 1396 lsaiasloqu-itur:
719 1345 748 1373 ‹‹
785 1322 1009 1379 Vermis
1038 1339 1241 1379 eorum
1282 1339 1400 1379 non
1442 1322 1746 1391 morietur,
1771 1329 1831 1379 et

170 1411 325 1485 ignis
357 1428 560 1468 eorum
593 1429 709 1469 non
741 1413 1146 1486 exstinguetur
1180 1413 1313 1484 (Isa.
1350 1429 1502 1481 LXVI,
1533 1413 1644 1484 24).
1682 1435 1710 1462 ››
1764 1413 1834 1468 Et

172 1501 245 1556 ad
293 1500 650 1574 Babylonem
694 1501 979 1574 scriptum
1029 1503 1194 1558 est':
1251 1501 1504 1558 «Habes
1549 1502 1832 1558 carbones

169 1588 346 1664 ignis,
395 1590 630 1646 sedebis
677 1607 856 1664 super
897 1606 1032 1647 eos:
1087 1590 1149 1646 hi
1202 1594 1374 1647 erunt
1419 1590 1525 1645 tibi
1567 1590 1628 1646 in
1658 1591 1831 1661 adju-

168 1678 316 1736 toric
365 1679 493 1751 (Isa.
543 1697 722 1750 XLVII,
775 1681 864 1748 14,
912 1695 1016 1749 sec,
1063 1680 1304 1752 LXX).‘»
1358 1683 1428 1735 Et
1483 1679 1543 1734 in
1602 1679 1831 1735 Psalmo

169 1768 466 1840 panitens
497 1768 696 1824 audit:
747 1791 775 1818 «
808 1768 957 1834 Quid
1007 1768 1180 1824 detur
1223 1769 1355 1836 tibi,
1406 1772 1508 1824 aut
1556 1768 1697 1841 quid
1730 1785 1830 1840 ap-

172 1860 427 1929 ponatur
454 1855 561 1912 tibi
591 1857 661 1913 ad
693 1856 958 1930 linguam
998 1857 1262 1914 dolosam
1281 1857 1310 1912 ‘I
1340 1858 1578 1931 Sagittae
1627 1862 1830 1930 poten-

170 1909 532 2011 ἷίῖὶξιὲιέεξ
544 1909 560 1912 ⁷
587 1909 1588 2002 Sin}"3111-8511353;"'(i‘ess'iiidi-iié
1620 1909 1834 2017 nisi.
1867 1909 1913 1974 Β

169 2050 320 2102 cxrx,
355 2034 412 2101 3,
445 2034 540 2105 li);
577 2056 605 2083 »
645 2037 710 2090 ut
739 2033 1003 2107 linguam
1035 2033 1325 2100 dolosam,
1357 2035 1584 2106 sagittae
1617 2051 1837 2106 praece-

168 2126 408 2195 ptorum
441 2123 540 2178 Dei
570 2123 664 2192 (de
695 2124 914 2195 quibus
942 2123 1001 2178 in
1043 2123 1156 2178 alio
1203 2123 1330 2179 loco
1379 2124 1665 2196 Propheta
1696 2123 1839 2180 dicit

171 2212 348 2283 (Psal.
380 2229 535 2281 xxxx,
571 2212 662 2284 li):
697 2235 726 2264 «
754 2212 1040 2268 Versatus
1086 2229 1220 2268 sum
1267 2212 1327 2268 in
1377 2212 1637 2282 miseria,
1693 2213 1835 2267 dum

169 2300 489 2374 conﬁgitur
531 2301 676 2357 mihi
729 2301 902 2374 spina
932 2324 952 2350 ν
992 2303 1009 2373 )
1058 2301 1368 2358 vulnerent
1416 2305 1590 2374 atque
1639 2302 1839 2357 confo-

170 2389 360 2455 diant,
411 2393 469 2445 et
525 2394 899 2462 peccatorum
957 2391 1021 2446 in
1080 2407 1149 2446 ea
1180 2390 1562 2447 solitudinem
1595 2390 1833 2447 faciant.

181 2477 337 2534 Illud
371 2495 606 2551 quoque
632 2478 1038 2535 testimonium
1070 2479 1130 2534 in
1161 2496 1276 2552 quo
1321 2479 1608 2559 Dominus
1645 2479 1840 2552 loqui-

184 2573 322 2624 tur:
375 2589 405 2617 «
463 2568 663 2641 Ignem
720 2568 851 2624 veni
923 2568 1159 2625 mittere
1236 2585 1415 2642 super
1483 2573 1722 2637 terram,
1783 2573 1842 2625 et

184 2673 366 2728 quam
406 2655 536 2713 volo
583 2662 651 2714 ut
697 2657 938 2713 ardeat‘I
979 2659 1133 2728 (Luc.
1179 2675 1280 2729 xn,
1331 2659 1443 2730 49),
1479 2681 1507 2708 »
1540 2657 1624 2714 sic
1656 2659 1838 2715 inter-

185 2748 486 2818 pretatur:
543 2769 564 2796 α
598 2746 815 2802 Omnes
862 2749 1034 2820 cupio
1092 2764 1265 2820 agere
1312 2747 1738 2820 pcenitentiam,
1783 2751 1841 2804 et

183 2851 507 2907 excoquere
535 2835 757 2908 Spiritu
790 2841 993 2892 sancto
1032 2837 1173 2893 vitia
1216 2841 1390 2910 atque
1419 2842 1673 2910 peccata.
1713 2839 1840 2910 Ipse

182 2924 344 2980 enim
375 2939 506 2980 sum
539 2925 610 2980 de
639 2941 754 2997 quo
785 2924 1102 2981 scribitur:
1154 2946 1183 2975 «
1236 2929 1388 2982 Deus
1437 2925 1591 2999 ignis
1622 2943 1839 2982 consu-

182 3029 353 3069 mens
401 3015 490 3069 est
535 3013 710 3084 (Deut.
762 3031 838 3082 ιν,
886 3015 1000 3086 24).
1054 3036 1083 3064 ››
1132 3015 1259 3070 Non
1308 3030 1444 3088 ergo
1494 3016 1714 3089 grande
1751 3019 1840 3071 est

183 3103 294 3158 hoe
321 3103 395 3158 de
423 3102 658 3159 diabolo
691 3104 903 3172 dicere,
935 3104 1091 3176 quod
1136 3108 1194 3160 et
1241 3104 1584 3160 hominibus
1615 3121 1837 3176 praepa-

182 3196 379 3247 ratum
409 3195 518 3247 est.
553 3192 738 3265 Magis
769 3193 1057 3249 debueras
1089 3193 1176 3266 (ut
1204 3193 1600 3265 suspicionem
1628 3193 1838 3250 salutis

1949 617 2147 668 utrum
2207 614 2385 686 recipi
2441 614 2651 670 debeat
2708 612 3077 685 querimonia
3133 631 3206 668 an
3263 614 3459 687 abjici,
3498 632 3603 672 vos

1948 703 2209 774 probate.
2243 703 2303 759 Si
2336 707 2533 758 autem
2563 706 2621 758 et
2669 703 2739 758 de
2790 719 2882 758 me
2923 703 3062 774 quid
3113 703 3365 759 sentiam
3398 704 3606 780 quieri-

1947 797 2066 856 tur,
2097 791 2282 847 fateor
2311 807 2404 846 me
2435 792 2505 847 de
2535 790 2643 846 hac
2677 791 2999 863 quaestione
3030 792 3185 863 apud
3235 792 3604 864 quampluri-

1946 895 2074 935 mos
2124 883 2507 935 tractatorum
2559 879 2789 936 diversa
2834 879 3068 952 legisse.
3119 880 3253 954 Legi
3311 882 3603 953 quosdam

1944 967 2227 1033 dicentes,
2270 968 2424 1040 quod
2475 969 2694 1040 pariter
2742 985 2876 1024 cum
2925 985 3164 1041 corpore
3213 985 3318 1041 per
3355 969 3602 1026 humani

1945 1057 2234 1112 seminis‘
2263 1058 2566 1113 traducem
2600 1058 2778 1114 etiam
2811 1058 3020 1115 animae
3069 1059 3510 1116 diffundantur:
3544 1064 3604 1115 et

1945 1147 2064 1201 haec
2095 1146 2313 1217 quibus
2359 1151 2626 1219 poterant
2676 1147 3103 1204 assertionibus
3151 1149 3600 1204 conﬁrmabant.

1944 1235 2108 1299 Quod
2160 1240 2300 1307 puto
2350 1235 2503 1291 inter
2549 1236 2787 1291 Lati-nos
2838 1235 3266 1293 Tertullianum
3322 1239 3603 1302 sensisse,

1941 1323 2025 1380 vel
2061 1325 2450 1392 Lactantium,
2501 1325 2776 1381 fortassis
2817 1330 2876 1381 et
2917 1325 3234 1382 nonnullos
3283 1327 3449 1383 alios.
3491 1326 3602 1382 Alii

1943 1418 2240 1483 asserunt,
2277 1414 2458 1486 quod,
2481 1414 2747 1470 formatis
2777 1414 2836 1469 in
2869 1418 3033 1470 utero
3056 1415 3426 1487 corporibus,
3450 1421 3604 1472 Deus

1942 1501 2201 1574 quotidie
2232 1502 2406 1558 faciat
2437 1503 2664 1558 animas
2707 1508 2764 1558 et
2812 1503 3106 1559 infundat.
3137 1503 3251 1559 Alii
3283 1505 3436 1576 quod
3463 1505 3483 1538 ¹⁵
3516 1504 3604 1559 fa-

1943 1595 2068 1646 ctas
2085 1591 2212 1662 jam
2245 1590 2412 1657 olim,
2444 1591 2502 1646 id
2533 1595 2641 1659 est,
2666 1595 2809 1646 tunc
2834 1608 2965 1646 cum
2990 1590 3190 1647 omnia
3211 1591 3424 1648 creavit
3445 1592 3602 1649 Deus

1942 1695 2013 1735 ex
2043 1678 2248 1748 nihilo,
2283 1695 2440 1735 nunc
2469 1696 2568 1734 eas
2605 1680 2825 1749 judicio
2877 1696 2984 1735 suo
3014 1680 3178 1736 nasci
3209 1679 3509 1752 dispenset
3539 1679 3602 1736 in

1941 1784 2202 1840 corpore.
2249 1769 2368 1825 Hoc
2421 1768 2598 1824 sentit
2653 1772 2710 1824 et
2765 1767 3043 1840 Origenes
3095 1773 3153 1824 et
3205 1768 3471 1824 nonnulli
3505 1768 3604 1825 alii

1944 1857 2298 1912 Grecorum.
2322 1858 2441 1930 Ego
2472 1874 2606 1913 vero
2640 1873 2775 1913 cum
2802 1857 2924 1913 hac
2944 1855 3179 1930 singula
3199 1857 3440 1931 legerim
3463 1858 3604 1930 (Deo

1947 1949 2094 2002 teste
2125 1945 2276 2016 dico)
2307 1947 2446 2018 quia
2478 1962 2665 2018 usque
2718 1946 2786 2001 ad
2831 1962 3085 2018 praesens
3116 1947 3256 2002 certi
3287 1951 3347 2002 et
3375 1947 3603 2002 deﬁniti

1947 2033 2172 2106 aliquid
2203 2035 2274 2090 de
2298 2035 2408 2091 hac
2439 2036 2760 2108 quaestione
2790 2051 2907 2092 non
2935 2039 3104 2092 teneo
3131 2053 3144 2101 ;
3171 2036 3271 2092 sed
3296 2036 3413 2091 Deo
3435 2035 3608 2092 relin-

1947 2139 2062 2194 quo
2095 2124 2244 2179 scire
2273 2125 2416 2195 quid
2451 2125 2529 2180 sit
2552 2123 2612 2178 in
2637 2141 2771 2179 vero
2792 2125 2834 2193 δ,
2867 2128 2924 2179 et
2953 2125 3004 2180 si
3046 2123 3142 2180 cui
3195 2124 3321 2196 ipse
3351 2124 3606 2181 revelare

1946 2211 2304 2285 dignabitur.
2339 2214 2456 2285 Ego
2488 2217 2685 2268 tamen
2729 2213 2850 2268 haec
2898 2212 3134 2286 singula
3162 2218 3218 2268 et
3268 2212 3481 2286 legisse
3510 2229 3604 2269 me

1945 2317 2066 2357 non
2098 2317 2267 2373 nego,
2325 2307 2383 2358 et
2436 2301 2628 2357 adhuc
2684 2302 2952 2374 ignorare
3008 2301 3334 2358 conﬁteor:
3394 2306 3605 2373 praeter

1947 2390 2055 2444 hoc
2085 2391 2242 2462 quod
2275 2391 2582 2447 manifeste
2611 2391 2790 2446 tradit
2810 2391 2830 2425 ⁷
2861 2389 3139 2460 Ecclesia,
3173 2390 3357 2445 Deum
3386 2405 3516 2446 esse
3546 2393 3604 2446 et

1945 2479 2278 2535 animarum
2309 2484 2366 2535 et
2394 2495 2704 2552 corporum
2759 2479 3142 2535 conditorem.
3178 2500 3206 2528 »

2017 2661 2069 2713 9.
2104 2661 2430 2730 Antequam
2463 2659 2534 2714 de
2563 2657 2838 2715 sensibus
2867 2657 3184 2729 disputem,
3211 2656 3602 2730 Theophrasti

1942 2747 2120 2803 verba
2154 2748 2444 2804 mirabor:
2483 2769 2511 2798 ‹‹
2552 2747 2762 2815 Audio,
2812 2747 3028 2818 inquit,
3079 2745 3150 2802 de
3199 2747 3398 2803 anima
3445 2763 3603 2818 quae-

1946 2836 2168 2892 stiones
2197 2848 2522 2892 commotas
2571 2851 2733 2892 esse:
2787 2836 2859 2892 de
2906 2851 3024 2907 qua
3068 2852 3129 2890 re
3175 2839 3377 2891 utrum
3421 2833 3602 2907 recipi

1946 2926 2155 2981 debeat
2200 2925 2586 2997 querimonia,
2640 2929 2743 2980 aut
2791 2925 2984 2995 abjici,
3033 2940 3136 2979 vos
3185 2923 3445 2996 probate.
3482 2945 3510 2974 »
3539 2922 3604 2979 Si

1947 3015 2298 3087 quaestiones
2329 3016 2401 3071 de
2432 3015 2642 3071 animas
2674 3018 2832 3070 statu
2853 3013 2912 3068 in
2937 3012 3087 3069 Urbe
3107 3017 3410 3069 commotae
3438 3017 3599 3078 sunt.

1946 3119 2072 3175 quae
2105 3108 2195 3159 est
2225 3103 2340 3159 ista
2370 3103 2738 3175 querimonia
2784 3103 2872 3157 vel
2924 3101 3180 3174 querela,
3231 3117 3361 3172 quae
3399 3105 3601 3156 utrum

1946 3193 2124 3264 recipi
2147 3193 2376 3259 debeat,
2400 3192 2808 3265 episcoporum
2825 3190 3048 3262 judicio
3071 3189 3465 3261 relinquitur?
3487 3189 3603 3246 nisi

182 3279 484 3337 diabolica
542 3280 886 3350 declinares)
954 3282 1144 3338 dicere
1182 3301 1195 3338 :
1247 3303 1275 3332 ‹‹
1327 3283 1578 3339 Perditio
1644 3285 1834 3339 factus
1863 3281 1905 3348 C
1944 3281 2092 3336 forte
2125 3281 2508 3353 quaestionem
2541 3285 2598 3335 et
2627 3279 3058 3350 querimoniam
3084 3279 3346 3351 idipsum
3379 3277 3598 3351 signiﬁ-

181 3388 279 3439 es;
325 3375 384 3427 et
425 3387 541 3427 non
590 3371 706 3427 eris
762 3372 821 3426 in
881 3375 1163 3427 aeternum
1209 3371 1420 3444 (Ezech.
1479 3389 1677 3441 xxvm,
1727 3390 1832 3429 sec.

181 3459 370 3531 LXX);
408 3483 428 3509 ι
465 3463 522 3516 et
550 3477 619 3517 ex
646 3477 899 3532 persona
928 3461 1158 3516 Domini
1197 3459 1493 3534 loquentis
1525 3462 1594 3517 ad
1626 3462 1737 3518 Job
1765 3463 1836 3519 de

179 3548 450 3605 diabolo:
487 3571 516 3600 «
547 3549 686 3606 Ecce
717 3567 852 3622 spes
882 3551 1011 3622 ejus
1044 3551 1428 3607 frustrabitur
1471 3568 1630 3619 eum,
1660 3556 1718 3608 et
1747 3552 1834 3607 vi-

180 3638 454 3695 dentibus
492 3639 718 3695 cunctis
749 3639 1210 3712 praecipitahitur
1233 3640 1348 3712 (Job
1373 3658 1461 3708 xc,
1483 3642 1596 3712 28).
1619 3672 1688 3681 -—
1709 3642 1835 3698 Non

179 3727 349 3801 quasi
383 3727 638 3784 crudelis
667 3729 967 3785 suscitabo
1000 3745 1156 3785 eum.
1187 3730 1328 3794 Quis
1359 3731 1517 3786 enim
1568 3730 1838 3788 resistere

179 3821 372 3891 potest
398 3817 583 3874 vultui
611 3819 784 3874 meo?
831 3819 975 3885 Quis
1025 3823 1159 3875 ante
1209 3819 1372 3876 dedit
1418 3819 1566 3876 mihi
1611 3825 1676 3876 ut
1705 3822 1834 3876 red.

181 3908 316 3963 dam
347 3907 448 3963 ei?
477 3907 686 3964 Omnia
715 3925 843 3980 quas
875 3909 986 3964 sub
1013 3908 1156 3965 coelo
1188 3913 1346 3977 sunt,
1373 3926 1504 3966 mea
1523 3916 1682 3966 sunt.
1709 3910 1834 3966 Non

179 4013 416 4069 parcam
461 3998 538 4065 ei,
585 4001 644 4053 et
679 3997 873 4054 verbis
903 3998 1264 4069 potentibus,
1309 4003 1366 4054 et
1396 4000 1467 4054 ad
1517 3999 1834 4072 deprecan-

176 4087 319 4143 dum
354 4087 695 4159 compositis
727 4087 840 4160 (Job
887 4105 1003 4159 xm,
1062 4088 1085 4144 4
1151 4089 1322 4161 seqq).
1375 4110 1404 4139 »
1463 4093 1680 4144 Verum
1711 4088 1834 4145 hzec

173 4181 426 4249 possunt
456 4177 625 4248 quasi
657 4176 948 4249 simplicis
979 4176 1240 4234 hominis
1269 4177 1534 4234 excusari
1561 4195 1574 4244 ;
1607 4181 1666 4232 et
1697 4193 1832 4232 cum

175 4265 438 4322 eruditos
468 4283 584 4322 non
615 4266 1068 4340 subterfugiant,
1091 4266 1246 4340 apud
1271 4267 1537 4323 indoctos
1563 4267 1834 4339 praferre

175 4356 523 4412 innocentiae
555 4355 1026 4412 similitudinem.

241 4446 298 4500 8.
332 4443 493 4509 Quod
524 4445 792 4518 sequitur
826 4445 898 4501 de
950 4445 1284 4501 animarum
1335 4449 1516 4512 statu,
1565 4445 1831 4502 excusari

173 4535 416 4592 omnino
445 4551 561 4591 non
594 4538 806 4610 potest.
834 4534 984 4591 Dicit
1011 4534 1168 4591 enim
1195 4552 1207 4590 :
1245 4557 1273 4584 «
1302 4533 1492 4592 Audio
1517 4538 1574 4590 et
1605 4534 1674 4590 de
1705 4535 1829 4590 ani-

1945 3377 2076 3427 dare
2106 3375 2311 3442 putat:
2345 3369 2485 3442 quia
2507 3370 2565 3424 in
2591 3369 2764 3441 Capri
2785 3368 3234 3425 Commentariis
3255 3368 3603 3439 hujusmodi

1944 3461 2194 3531 ﬁguram
2254 3458 2487 3531 reperit.
2552 3458 2771 3514 Deinde
2829 3458 3012 3530 ponit.
3064 3480 3093 3508 «
3126 3457 3261 3530 Legi
3310 3457 3604 3531 quosdam

1945 3550 2224 3618 dicentes,
2282 3549 2438 3621 quod
2488 3549 2707 3621 pariter
2759 3563 2898 3604 cum
2947 3564 3186 3620 corpore
3226 3563 3330 3619 per
3359 3547 3604 3603 humani

1945 3639 2190 3695 seminis
2238 3639 2542 3694 traducem
2595 3638 2772 3694 etiam
2823 3637 3034 3693 animae
3084 3637 3512 3706 diffundantur,
3545 3641 3603 3692 et

1946 3729 2066 3784 hinc
2099 3728 2314 3801 quibus
2341 3731 2611 3800 poterant
2641 3727 3065 3784 assertionibus
3094 3725 3547 3780 conﬁrmabant.
3573 3746 3602 3774 η

1947 3819 2104 3891 Rogo
2127 3835 2256 3891 qua:
2279 3823 2370 3874 est
2390 3819 2503 3873 ista
2525 3816 2762 3873 licentia
2781 3814 3266 3888 figurarum?qu:e
3291 3813 3602 3870 modorum

1944 3912 2000 3962 et
2029 3912 2361 3979 temporum
2394 3905 2801 3978 perturbatio?
2833 3928 2860 3955 «
2901 3903 3033 3976 Legi
3067 3903 3346 3970 dicentes,
3381 3901 3602 3974 quibus

1947 4001 2212 4067 poterant
2241 3995 2664 4052 assertionibus
2713 3994 3159 4049 conﬁrmabant.
3197 4014 3224 4040 υ
3273 3993 3343 4047 Et
3371 3991 3431 4047 in
3463 4008 3602 4047 con-

1944 4085 2361 4158 sequentibus:
2390 4108 2418 4135 «
2446 4084 2554 4140 Alii
2578 4083 3056 4155 asserunt,quod,
3080 4081 3347 4138 formatis
3363 4081 3518 4138 498
3541 4080 3599 4137 in

1944 4180 2108 4230 utero
2127 4172 2654 4247 corporibus,Deus
2677 4172 2936 4246 quotidie
2959 4170 3131 4227 faciat
3148 4187 3328 4228 novas
3347 4171 3600 4243 animas,

1943 4269 2000 4320 et
2023 4264 2314 4320 infundat.
2348 4263 2482 4331 Alii,
2517 4263 2698 4319 factas
2721 4264 2848 4335 jam
2876 4261 3036 4330 olim,
3063 4260 3120 4316 id
3153 4265 3263 4328 est,
3294 4264 3437 4317 tunc
3461 4273 3597 4317 cum

1942 4371 2049 4410 suo
2081 4354 2242 4410 nasci
2275 4353 2576 4426 dispenset
2606 4353 2662 4406 in
2698 4368 2957 4425 corpore.
2995 4374 3021 4400 n
3073 4351 3139 4406 Et
3167 4349 3264 4406 hic
3295 4351 3438 4406 ordo
3465 4349 3602 4423 pul-

1941 4442 2289 4500 cherrimus.
2343 4442 2474 4511 Alii,
2527 4442 2738 4515 inquit,
2793 4445 3070 4498 asserunt
3116 4441 3227 4497 hoc
3272 4439 3360 4496 vel
3413 4438 3597 4494 illud:

1942 4533 2038 4589 alii
2074 4534 2256 4588 factas
2280 4533 2408 4604 jam
2441 4531 2602 4599 olim,
2637 4532 2693 4587 id
2728 4536 2838 4598 est,
2871 4535 3011 4587 tunc
3042 4547 3178 4587 cum
3209 4527 3408 4586 omnia
3441 4528 3600 4585 Deus

243 4666 524 4722 ‘Nodum
557 4667 617 4722 in
645 4668 1181 4739 scirpoquaerunt,
1232 4667 1334 4739 qui
1385 4667 1506 4723 haec
1544 4666 1826 4739 itagintel-
1859 4653 1906 4717 Ι)
2006 4668 2027 4702 ³
2066 4668 2246 4723 Vetus
2290 4666 2456 4731 edit.,
2508 4670 2557 4721 et
2615 4682 2775 4738 quem
2832 4667 2950 4721 volo
3006 4680 3214 4736 semper
3270 4670 3331 4719 ut
3387 4661 3600 4731 ardeat,

169 4739 206 4795 li
253 4745 384 4807 unt,
417 4743 483 4794 ut
511 4738 1210 4812 senserit’Hieronymus,
1255 4738 1608 4795 Christianis
1640 4738 1827 4794 homi-

169 4756 370 4867 nﬁms.
404 4810 502 4867 aui
558 4809 656 4866 Dei
716 4812 997 4867 mandata
1053 4811 1419 4867 violaverint.
1473 4827 1672 4867 poenas
1713 4827 1827 4866 non

169 4809 370 4878 nibus,
404 4810 502 4883 qui
558 4809 656 4883 Dei
716 4809 1419 4878 mandata'violaverint,
1473 4827 1672 4883 poenas
1713 4827 1827 4866 non

169 4881 859 4966 [uti-iras—sempiternas,
914 4899 1082 4939 secus
1157 4887 1332 4966 atque
1387 4881 1831 4966 infidelium_et

167 4953 634 5027 diaboli;iatque
666 4955 808 5010 adeo
857 4970 923 5010 eo
973 4971 1150 5027 sensu
1197 4953 1424 5027 dicere,
1461 4953 1749 5010 sublevari
1796 4971 1830 5010 a

169 5027 384 5083 Rufino
415 5025 734 5093 diabolum,
767 5031 825 5083 et
853 5026 1223 5083 Christianos
1244 5025 1452 5097 premi,
1480 5043 1613 5082 cum
1643 5043 1827 5097 unum

166 5100 446 5182 idemque
462 5098 827 5182 supplicium.
842 5099 1108 5182 utrisque
1123 5095 1661 5182 'i‘mp'recaturltfam
1683 5095 1827 5182 nihil

165 5173 234 5227 de
252 5169 593 5244 ipaénarum'
611 5169 932 5244 aiternitate
950 5169 1073 5244 __hic
1123 5169 1512 5242 Hieronymus
1539 5169 1826 5244 loquitur,

165 5241 450 5312 sed‘quas
477 5242 773 5298 damnatis
804 5241 1080 5298 omnibus
1111 5241 1358 5296 internas
1381 5257 1498 5295 non
1521 5241 1825 5308 difﬁtetur,

165 5313 401 5371 diabolo
430 5320 627 5370 tamen
661 5314 988 5371 acerbiores
1021 5329 1150 5370 esse
1183 5312 1380 5385 sentit,
1411 5329 1666 5385 eumque
1696 5313 1829 5367 sub-

166 5386 370 5454 levari,
403 5386 451 5442 si
484 5387 554 5442 iis
584 5386 912 5459 addicatur,
963 5387 1183 5459 quibus
1233 5384 1464 5441 scelesti
1513 5384 1826 5441 Christiani

167 5459 443 5516 homines
467 5457 898 5514 excruciantur.

233 5533 256 5567 ³
285 5529 470 5587 Aliter
498 5547 676 5614 penes
723 5528 1044 5614 qugatum
1090 5528 1506 5614 interpretem:
1542 5529 1654 5614 N'on
1697 5531 1828 5614 sunt

164 5599 619 5678 prunxgquibus
667 5599 944 5678 cale/idat,
994 5617 1100 5678 nec
1153 5602 1326 5678 focus,
1385 5603 1446 5655 at
1501 5601 1725 5678 sedeant
1758 5599 1828 5656 ad

167 5672 308 5732 eum.
344 5672 439 5732 Sic'
461 5677 612 5748 facta
660 5672 792 5730 sunt
836 5674 940 5731 tibi
980 5675 1042 5732 in
1088 5672 1503 5749 quibuscunque
1548 5673 1826 5730 laborave-

169 5765 272 5808 ναι.

1940 4744 2050 4796 etc.
2083 4738 2333 4795 Consule
2362 4741 2627 4793 Graecum
2660 4741 2905 4792 textum.

2011 4813 2032 4844 ‘
2060 4809 2280 4866 Vitiose
2322 4814 2446 4866 erat
2488 4813 2661 4864 antea
2709 4810 2950 4880 corporis
2995 4823 3098 4880 pro
3146 4805 3393 4880 seminis,
3437 4802 3594 4876 quod

1940 4883 2098 4966 exS.
2150 4881 2415 4966 Doctoris
2456 4877 2813 4966 repetitione
2853 4877 3166 4966 legendum
3212 4877 3434 4950 liquet;
3470 4881 3597 4932 tum

1939 4954 2178 5028 quidam
2220 4970 2364 5009 mss.
2399 4951 2618 5008 habent
2645 4953 2838 5007 anima
2867 4951 3219 5024 infundatur.

2010 5027 2030 5060 ⁸
2060 5024 2278 5082 Vocula
2310 5026 2458 5097 quod
2489 5025 2548 5097 in
2595 5040 2738 5097 mss.
2774 5041 2905 5097 non,
2941 5022 3141 5097 haberi
3174 5018 3425 5097 dicitur;
3460 5033 3597 5074 cen-

1940 5115 2078 5154 sura
2119 5098 2275 5170 ipsa,
2319 5093 2442 5170 qua
2492 5095 2757 5170 phrasim
2808 5095 2988 5170 hujus
3035 5093 3145 5150 loci
3166 5093 3595 5170 _Hiemnlmqs

1939 5160 2239 5242 suggilliat,
2262 5160 2458 5224 innuit
2485 5160 2739 5223 additam
2768 5160 3142 5242 non'fuiss‘e‘a
3166 5160 3597 5242 Ruﬁno._Paulo

1939 5237 2071 5314 post
2099 5242 2341 5296 verbum
2373 5244 2527 5314 nasci
2557 5242 2613 5294 in
2645 5238 2934 5314 Apologia:
2976 5237 3420 5314 qditionibus__et
3449 5251 3595 5292 mss.

1938 5307 2342 5440 iiqsidergtqr;
2378 5312 2477 5368 sed
2519 5328 2652 5366 cum
2688 5307 2858 5366 inl‘ra‘
2879 5311 2936 5365 S.
2988 5309 3200 5365 Doctor
3230 5307 3400 5364 tertio
3432 5321 3596 5381 repe-

1967 5403 1980 5440 ι
2017 5426 2032 5440 .
2067 5402 2170 5440 nro
2219 5403 2249 5439 a
2283 5427 2293 5439 .

1939 5385 2032 5440 tit.
2067 5385 2293 5440 probat.

2007 5426 2032 5491 ἕ
2057 5402 2451 5538 Ιθὲἳίῗξῗιῐῐὶῳυε,
2484 5455 2614 5526 quid
2644 5455 2716 5509 sit
2747 5455 2804 5508 in
2839 5457 3010 5520 utero,
3057 5453 3306 5509 fortasse
3339 5451 3594 5523 impres-

1938 5544 2137 5584 sorum
2170 5544 2415 5582 lnCUl‘la.

2008 5602 2026 5636 ⁷
2057 5599 2208 5657 Alibi
2268 5598 2522 5670 tradidit,
2574 5597 2784 5655 deinde
2836 5601 3139 5656 creatorem
3195 5613 3298 5671 pro
3349 5594 3594 5674 conditay

1934 5686 2072 5730 rem.
