3958 6404
391 370 530 444 461

1653 369 1721 432 S.
1765 366 2079 434 EUSEBII
2122 363 2594 434 HIERONYMI.

3684 367 3792 432 452

397 504 636 562 creavit
664 519 732 559 ex
763 499 946 558 nihilo
995 517 1152 557 nunc
1195 518 1300 567 ,eas
1341 502 1569 573 judicio
1609 520 1714 559 suo
1757 504 1920 559 nasci
1953 504 2071 560 dis-
2101 507 2156 572 Α
2183 508 2299 577 ejus
2330 507 2451 576 quis
2479 502 2762 560 enarrabit
2793 501 2917 572 (Isa.
2953 515 3068 566 Lm,
3097 496 3196 568 8)?
3246 497 3516 555 audacter
3539 499 3792 571 loquitur.

414 597 620 666 penset
649 593 707 647 in
741 607 997 663 corpore.
1045 591 1187 646 Tam
1234 591 1438 663 putide
1491 596 1548 648 et
1591 593 1830 648 confuse
1881 592 2069 664 loqui-

397 688 536 750 .tur,
569 686 634 738 ut
663 681 796 754 plus
819 697 923 752 ego
956 680 1016 734 in
1047 681 1525 751 reprehendendo
1576 681 1857 750 laborem,
1891 700 2068 753 quam

412 771 510 826 ille
563 771 619 826 in
685 769 1013 826 scribendo.
1078 769 1161 824 Ad
1221 774 1548 825 extremum
1598 771 1834 842 posuit:
1891 794 1918 821 ‹‹
1952 772 2068 844 Ego

408 875 541 915 vero
591 875 725 914 cum
777 858 899 913 haec
945 857 1178 927 singula
1221 857 1483 930 legerim,
1524 882 1544 906 ι
1594 863 1651 912 et
1699 859 1890 914 adhuc
1923 876 2068 932 pen-

408 947 582 1003 dente
612 945 924 1013 sententia,
961 946 1128 1017 quasi
1173 962 1387 1001 novum
1433 945 1653 1018 aliquid
1702 949 2066 1018 protulisset,

407 1036 660 1108 adjecit:
696 1059 722 1085 «
759 1035 875 1108 Ego
929 1039 1126 1090 tamen
1174 1034 1293 1090 haec
1339 1034 1572 1106 singula
1616 1041 1672 1090 et
1729 1036 1940 1108 legisse
1972 1053 2065 1092 me

411 1141 529 1180 non
561 1140 730 1197 nego,
763 1128 819 1179 et
849 1123 1038 1179 adhuc
1073 1123 1341 1196 ignorare
1381 1125 1680 1180 confiteor.
1717 1147 1745 1172 δυ

477 1214 564 1268 10.
643 1213 927 1268 Trinitatis
997 1214 1320 1283 mysterium
1406 1213 1722 1283 ignoratum
1793 1217 2060 1286 antiquis.

405 1332 471 1343 —~
502 1301 546 1356 Ο
599 1299 861 1356 infelices
908 1299 1160 1366 animas,
1209 1318 1335 1372 quae
1385 1301 1566 1357 tantis
1613 1302 1885 1358 vitiorum
1937 1303 2064 1359 lan-

405 1389 522 1445 ceis
582 1390 997 1446 vulnerantur!
1066 1407 1178 1445 non
1237 1406 1336 1445 eas
1387 1396 1524 1462 puto
1569 1392 1742 1462 juxta
1795 1392 2062 1463 Origenis

403 1495 660 1534 errorem
692 1482 923 1534 tantum
953 1477 1278 1547 laborasse,
1311 1495 1445 1533 cum
1501 1478 1572 1533 de
1613 1479 1756 1534 coelo
1788 1481 1844 1535 in
1879 1487 2061 1536 terras

402 1571 668 1633 ruerent,
693 1573 750 1622 et
779 1567 994 1623 crassis
1025 1567 1370 1638 corporibus
1399 1569 1778 1638 vestirentur,
1812 1573 1876 1623 ut
1909 1586 2062 1624 nunc

402 1659 460 1711 et
490 1656 684 1711 verbis
715 1660 772 1711 et
802 1654 1107 1712 sententiis
1150 1654 1287 1710 hinc
1338 1654 1474 1712 inde
1513 1655 1785 1723 collisas;
1821 1663 1883 1712 ut
1913 1675 2060 1730 prae-

403 1744 724 1800 termittam
771 1743 1178 1818 mutum-toﬁ,
1228 1760 1343 1814 quo
1401 1744 1474 1799 de
1516 1743 1761 1799 humani
1819 1745 2061 1803 seminis

404 1833 644 1887 traduce
676 1832 923 1887 diffundi
955 1832 1162 1886 animae
1195 1832 1491 1887 dicuntur.
1529 1832 1659 1888 Scio
1711 1833 1863 1889 inter
1900 1834 2060 1888 Chri-

403 1920 633 1991 stianos
665 1921 975 1976 verborum
1009 1920 1149 1976 vitia
1181 1937 1293 1976 non
1339 1920 1524 1976 solere
1556 1921 1896 1992 reprehendi
1921 1942 1932 1986 ;
1964 1924 2063 1978 sed

419 2025 486 2064 ex
513 2009 715 2081 paucis
749 2010 1053 2066 ostendere
1083 2007 1264 2076 volui,
1295 2011 1464 2080 cujus
1497 2010 1845 2066 temeritatis
1877 2012 1952 2066 sit
1982 2013 2078 2067 do-

413 2113 540 2153 cere
571 2098 724 2171 quod
773 2098 1022 2167 nescias,
1074 2098 1328 2153 scribere
1378 2099 1533 2169 quod
1585 2099 1858 2172 ignores:
1895 2106 1958 2155 ut
1994 2101 2074 2156 si-

414 2185 614 2241 milem
674 2187 1047 2259 prudentiam
1108 2191 1166 2242 et
1229 2186 1287 2241 in
1349 2187 1622 2243 sensibus
1682 2189 2073 2260 requiramus.

412 2273 588 2329 Mittit
619 2274 949 2347 epistolam,
985 2275 1040 2330 id
1090 2280 1198 2341 est,
1247 2275 1725 2332 robustissimum
1774 2277 2072 2346 baculum,

415 2378 533 2434 quo
563 2367 837 2420 Romana:
872 2362 1038 2418 urbis
1079 2368 1344 2420 armetur
1382 2365 1734 2438 episcopus:
1769 2371 1826 2422 et
1856 2366 1914 2421 in
1947 2367 2077 2438 ipsa

414 2452 757 2523 quastione,
791 2470 894 2524 pro
942 2469 1059 2525 qua
1106 2469 1280 2509 canes
1311 2453 1550 2521 latrant,
1585 2455 1728 2510 dicit
1757 2472 1818 2512 se
1851 2455 2074 2526 nescire

414 2541 568 2611 quod
601 2543 902 2612 queritur.
931 2542 989 2597 Si
1023 2541 1273 2613 ignorat,
1305 2560 1409 2614 pro
1457 2560 1572 2615 quo
1633 2544 1743 2599 sibi
1777 2544 2075 2601 calumnia

416 2634 833 2697 commovetur,
867 2630 1008 2702 quid
1052 2647 1289 2687 necesse
1319 2637 1409 2686 est
1438 2631 1781 2704 Apologiam
1818 2634 2072 2705 mittere,

417 2733 544 2788 quae
578 2735 693 2773 non
726 2719 903 2774 habet
950 2719 1349 2775 defensionem
1405 2721 1516 2787 sui,
1579 2722 1677 2776 sed
1733 2722 2072 2793 ignorantia:

419 2807 842 2863 confessionem
865 2808 893 2862 ?
924 2807 1039 2862 Hoc
1081 2813 1169 2864 est
1208 2809 1574 2880 suspiciones
1620 2809 1925 2867 hominum
1957 2830 2072 2868 non

420 2895 633 2967 sopire,
669 2897 768 2951 sed
803 2912 1012 2952 serere.
1047 2897 1188 2952 Tres
1222 2913 1400 2967 super
1429 2898 1760 2953 animarum
1789 2905 1944 2955 statu
1978 2918 2073 2973 po-

418 2985 506 3039 nit
553 2985 895 3054 sententias,
948 2990 1004 3041 et
1050 2985 1107 3040 in
1157 2987 1270 3041 fine
1315 2985 1710 3068 concludens:
1753 3007 1774 3036 ι
1809 2989 2068 3061 Singula,

416 3072 630 3145 inquit,
680 3091 773 3130 me
817 3074 1028 3146 legisse
1077 3091 1191 3130 non
1241 3090 1410 3146 nego,
1463 3079 1519 3129 et
1561 3075 1754 3130 adhuc
1804 3077 2071 3149 ignorare

395 3163 705 3235 confiteor.
743 3186 772 3213 »
804 3163 1126 3220 Arcesilam
1183 3168 1285 3219 aut
1336 3163 1691 3220 Carneadem
1743 3171 1934 3237 putes,
1969 3167 2070 3240 qui

2175 601 2233 650 et
2275 593 2618 666 mysterium
2677 590 2952 648 omnibus
3009 593 3160 644 retro
3218 587 3444 644 saeculis
3489 587 3793 660 ignoratum

2183 683 2436 738 scientiae
2467 699 2584 738 sua:
2614 681 2905 736 vindicat:
2939 684 2994 734 et
3024 679 3132 733 hoc
3163 677 3353 733 solum
3385 678 3626 749 ignorat,
3655 679 3791 750 quod

2182 772 2517 843 ignoratum
2549 769 2778 825 cunctis
2809 767 3151 823 scandalum
3198 766 3351 822 facit.
3385 766 3502 822 Scit
3530 767 3796 837 quomodo

2183 864 2362 914 Deum
2394 859 2568 930 Virgo
2598 858 2926 931 generarit;
2960 861 3015 912 et
3046 856 3231 912 nescit
3261 855 3549 927 quomodo
3592 854 3706 926 ipse
3732 855 3798 911 sit

2175 952 2371 1002 natus.
2408 947 2754 1002 Animarum
2788 951 2842 1002 et
2875 961 3182 1017 corporum
3216 943 3571 1000 conditorem
3608 943 3799 999 fatetur

2173 1035 2509 1101 Dominum,
2545 1036 2667 1091 sive
2697 1034 2903 1090 animae
2959 1038 3092 1088 ante
3141 1050 3385 1104 corpora
3432 1032 3656 1098 fuerint,
3694 1033 3798 1087 sive

2171 1140 2304 1179 cum
2337 1141 2649 1196 corporum
2701 1129 3021 1178 nascantur
3079 1122 3354 1189 exordiis,
3399 1120 3514 1176 sive
3561 1122 3670 1192 jam
3701 1121 3799 1176 for-

2171 1210 2346 1266 matis
2370 1211 2427 1265 in
2450 1217 2615 1266 utero
2637 1212 3023 1282 tiguratisque
3047 1210 3394 1282 corporibus
3414 1209 3797 1264 immittantur.

2174 1299 2233 1353 In
2274 1300 2549 1355 omnibus
2581 1301 2852 1354 novimus
2881 1303 3186 1354 auctorem
3241 1299 3568 1354 Dominum.
3605 1297 3711 1352 Nec
3739 1297 3800 1352 de

2171 1387 2279 1442 hoc
2311 1405 2466 1443 nunc
2498 1389 2741 1460 qumstio
2773 1392 2882 1452 est,
2921 1393 3119 1442 utrum
3152 1387 3306 1442 Deus
3339 1403 3413 1442 an
3448 1385 3594 1441 alius
3623 1402 3712 1440 eas
3732 1385 3800 1440 fe-

2171 1477 2352 1543 cerit;
2387 1478 2486 1531 sed
2535 1493 2563 1531 e
2615 1476 2804 1531 tribus
2857 1494 3008 1547 quas
3058 1476 3276 1547 posuit,
3325 1492 3452 1546 quae
3485 1475 3562 1530 sit
3592 1473 3800 1528 illarum

2169 1565 2454 1620 senlentia
2489 1582 2641 1632 vera,
2696 1565 2927 1619 nescire
2986 1581 3046 1618 se
3099 1565 3263 1619 dicit.
3325 1563 3469 1618 Vide
3527 1579 3595 1618 ne
3623 1561 3801 1618 statim

2167 1653 2272 1708 tibi
2303 1654 2630 1724 objiciatur,
2667 1654 2880 1708 idcirco
2919 1658 2976 1707 te
3011 1652 3188 1708 trium
3223 1653 3611 1724 ignorantiam
3642 1649 3802 1706 confi-

2165 1741 2296 1807 teri,
2329 1759 2400 1797 ne
2431 1759 2613 1798 unum
2646 1743 2932 1798 damnare
2975 1740 3240 1812 cogaris;
3283 1746 3340 1796 et
3389 1739 3730 1796 't‘ertulliano
3756 1742 3803 1793 et

2169 1831 2462 1886 Lactantio
2493 1831 2620 1886 ideo
2653 1846 2919 1902 parcere,
2958 1846 3027 1884 ne
3074 1828 3385 1900 ()rigenem
3417 1845 3548 1883 cum
3581 1825 3689 1881 illis
3713 1827 3806 1896 ju-

2187 1918 2372 1990 gules.
2424 1922 2719 1986 Quantum
2767 1919 3051 1974 memoria
3108 1917 3391 1990 suggerit,
3459 1916 3571 1972 nisi
3631 1920 3806 1970 tamen

2189 2007 2373 2076 fallor,
2407 2009 2601 2063 nescio
2651 2023 2744 2062 me
2794 2007 3004 2078 legisse
3054 2008 3425 2063 Lactantium
3475 2003 3806 2077 συσπειρομὲ-

2186 2117 2281 2162 νην
2306 2097 2327 2130 ³
2357 2097 2614 2152 animam
2647 2097 2856 2152 dicere.
2891 2099 3172 2152 Cmterum
3205 2097 3307 2168 qui
3357 2096 3566 2168 legisse
3602 2101 3655 2150 te
3681 2092 3808 2149 scri-

2187 2185 2298 2250 bis,
2331 2185 2422 2240 dic
2455 2185 2511 2240 in
2548 2202 2662 2256 quo
2697 2186 2839 2240 libro
2887 2185 3117 2256 legeris,
3165 2202 3238 2240 ne
3285 2190 3352 2241 ut
3400 2202 3490 2240 me
3540 2182 3807 2240 dormien-

2184 2281 2322 2341 tem,
2353 2275 2436 2329 sie
2467 2273 2633 2329 illum
2666 2279 2965 2329 mortuum
2989 2273 3385 2329 calumniatus
3407 2290 3533 2329 esse
3560 2270 3807 2328 videaris.

2185 2363 2292 2417 Sed
2327 2367 2383 2418 et
2413 2363 2470 2417 in
2503 2363 2611 2417 hoc
2641 2363 3084 2418 cunctabandus
3135 2362 3360 2418 incedis
3391 2367 3447 2419 et
3477 2366 3694 2418 cautus.
3725 2360 3808 2416 Di-

2184 2451 2268 2506 cis
2299 2451 2497 2506 enim:
2533 2474 2560 2500 ‹‹
2594 2455 2740 2506 Puto
2769 2450 2920 2506 inter
2971 2451 3202 2506 Latinos
3234 2451 3656 2507 Tertullianum
3693 2465 3807 2505 sen-

2185 2539 2356 2607 sisse,
2377 2539 2464 2595 vel
2488 2539 2873 2606 Lactantium,
2900 2540 3164 2596 fortassis
3187 2546 3244 2596 et
3264 2541 3412 2597 alios
3439 2537 3758 2596 nonnullos.
3780 2559 3799 2588 ι

2185 2628 2330 2683 Nom
2363 2628 2555 2684 solum
2590 2631 2661 2684 de
2694 2629 3025 2684 animarum
3057 2633 3212 2684 statu
3253 2629 3637 2692 dubitas,eed
3668 2631 3719 2682 et
3747 2625 3808 2680 de

2183 2723 2486 2772 auctorum
2533 2720 2839 2774 sententiis
2883 2724 3093 2791 putas:
3143 2723 3200 2774 et
3244 2723 3445 2774 tamen
3489 2716 3703 2790 aliquid
3732 2715 3806 2768 in-

2181 2810 2376 2861 terest.
2413 2806 2489 2860 De
2545 2807 2853 2862 animabus
2901 2813 3098 2862 autem
3148 2812 3349 2879 aperte
3397 2807 3606 2876 nescis,
3649 2809 3702 2859 et
3735 2802 3810 2858 in-

2181 2895 2406 2950 scitiam
2440 2895 2734 2950 confiteris
2763 2914 2774 2950 :
2801 2897 2872 2951 de
2894 2897 3233 2951 auctoribus
3256 2896 3343 2950 sic
3374 2911 3548 2951 nosse
3579 2899 3634 2949 te
3659 2890 3809 2955 dicis,

2181 2989 2245 3040 ut
2274 2990 2442 3055 putes
2477 2984 2668 3056 potius
2699 3001 2875 3055 quam
2925 3001 3268 3056 prmsumas.
3317 2986 3379 3040 In
3432 2984 3556 3039 solo
3585 2981 3812 3053 Origene

2182 3090 2294 3128 non
2327 3073 2597 3144 ambigis.
2632 3073 2786 3129 Dicis
2811 3075 3052 3147 quippe,
3077 3098 3103 3124 ‹‹
3129 3078 3245 3129 Hoc
3273 3075 3454 3130 sentit
3476 3073 3758 3144 Origenes.
3783 3090 3808 3118 »

2179 3161 2548 3234 Interrogabo
2597 3167 2683 3217 te:
2737 3163 2882 3218 bene
2932 3163 3085 3219 500
3134 3163 3331 3231 sentit,
3380 3181 3452 3219 an
3494 3157 3812 3218 male?Ne-

418 3251 616 3308 omnia
647 3252 870 3309 incerta
927 3253 1328 3326 pronuntiant,
1360 3251 1496 3308 licet
1544 3258 1600 3307 et
1648 3253 1778 3309 illos
1837 3262 2070 3328 superet
2101 3243 2143 3309 C
2182 3251 2321 3316 scio,
2357 3250 2574 3322 inquis.
2609 3250 2756 3316 Quid
2807 3267 2899 3305 me
2945 3251 3125 3322 igitur
3173 3252 3375 3308 missis
3426 3250 3734 3307 tabellariis
3761 3251 3812 3302 et

419 3339 707 3397 cautione.
742 3340 828 3397 llli
880 3342 1034 3396 enim
1080 3343 1343 3398 omnium
1391 3341 1872 3414 philosophorum
1919 3346 2070 3400 invi~

418 3427 576 3481 diam
610 3445 725 3483 non
757 3429 1028 3487 ferentes.
1052 3431 1207 3501 quod
1232 3429 1532 3484 veritatem
1549 3432 1570 3464 ²
1591 3447 1622 3485 e
1642 3433 1758 3486 vita
1782 3433 2071 3501 tollerent,

402 3513 750 3584 verisimilia
805 3522 1164 3586 repererunt,
1198 3520 1350 3573 499
1402 3525 1464 3573 ut
1515 3519 1916 3590 ignorantiam
1981 3541 2070 3580 re-

415 3619 544 3657 rum
605 3603 892 3674 probabili
951 3605 1271 3660 assertione
1331 3610 1779 3679 temperarent:
1841 3610 1952 3666 iste
2009 3629 2072 3667 se

409 3691 553 3766 dicit
604 3692 916 3762 incertum,
965 3698 1021 3747 et
1069 3708 1098 3747 e
1143 3693 1330 3748 tribus
1376 3695 1614 3749 omnino
1667 3697 1888 3753 nescire
1931 3700 2068 3770 quid

405 3795 609 3834 verum
645 3780 740 3835 sit.
774 3781 834 3835 Si
867 3780 975 3836 hoc
1007 3786 1129 3837 erat
1161 3799 1572 3853 responsurus,
1605 3801 1730 3855 qua:
1754 3803 1886 3841 eum
1922 3789 2068 3844 ratio

403 3867 667 3939 impulit,
706 3873 768 3923 ut
801 3873 1030 3925 tantum
1066 3871 1401 3926 Pontificem
1435 3871 1677 3927 inscitia:
1711 3891 1828 3929 sum
1860 3882 2066 3933 testem

409 3955 672 4010 faceret?
697 3955 986 4012 Nimirum
1021 3957 1141 4012 haec
1173 3958 1272 4014 illa
1301 3963 1389 4013 est
1438 3959 1747 4027 lassitudo,
1781 3964 1934 4033 quod
1969 3965 2066 4020 tri-

407 4042 570 4114 ginta
614 4060 902 4101 annorum
955 4046 1162 4102 itinere
1198 4048 1519 4114 confectus,
1574 4049 1817 4106 Romam
1869 4053 2066 4109 venire

409 4147 525 4185 non
558 4132 765 4203 potuit.
801 4135 1030 4197 Quanta
1058 4139 1114 4190 et
1143 4134 1256 4190 alia
1287 4135 1606 4205 nescimus,
1639 4143 1695 4192 et
1727 4145 1922 4194 tamen
1955 4141 2064 4196 im-

406 4217 625 4290 peritia:
684 4225 892 4275 nostrae
944 4226 1121 4276 testes
1179 4240 1295 4278 non
1354 4225 1710 4295 quaerimus!
1757 4226 1835 4282 De
1869 4233 2062 4296 Patre,

411 4306 569 4374 Filio,
603 4312 660 4362 et
689 4308 909 4380 Spiritu
942 4315 1180 4378 sancto;
1213 4312 1283 4367 de
1337 4313 1638 4368 nativitate
1682 4315 1912 4372 Domini
1945 4318 2066 4374 Sal~

403 4395 645 4479 vatoris,
703 4413 882 4470 super
925 4415 1042 4470 qua
1086 4399 1270 4456 Isaias
1318 4399 1613 4457 clamitat:
1650 4402 2063 4463 Generationem

400 4559 403 4564 ⁴
475 4541 492 4617 ξ
525 4538 876 4617 Qbscmnam
910 4540 1215 4598 lectionem
1247 4547 1346 4598 aut
1378 4544 1783 4617 incongruam.

2184 3338 2552 3394 creberrimis
2582 3340 2805 3394 nuntiis
2835 3341 3040 3395 docere
3063 3340 3313 3407 conaris,
3340 3345 3406 3396 ut
3437 3341 3639 3405 sciam,
3669 3335 3810 3409 quod

2182 3427 2408 3482 nescias
2429 3427 2457 3480 ?
2489 3428 2556 3482 Et
2591 3444 2660 3481 ne
2692 3428 2835 3482 forte
2866 3445 2980 3482 non
3012 3429 3244 3483 credam
3290 3429 3576 3501 imperita:
3608 3433 3734 3492 tuas,
3762 3427 3812 3478 et

2180 3516 2428 3570 arbitrer
2454 3521 2509 3569 te
2539 3515 2744 3571 callide
2794 3516 3031 3572 reticere
3079 3517 3232 3588 quod
3283 3519 3461 3584 nosti,
3504 3519 3670 3587 juras
3711 3515 3809 3570 Deo

2179 3608 2344 3667 teste,
2378 3605 2532 3674 quod
2566 3621 2752 3675 usque
2783 3607 2850 3659 ad
2898 3623 3151 3676 przcsens
3200 3606 3342 3661 certi
3383 3612 3442 3662 et
3471 3604 3689 3662 deﬁniti
3717 3601 3812 3658 ali-

2179 3692 2316 3761 quid
2343 3693 2413 3746 de
2435 3693 2543 3747 hac
2566 3695 2888 3763 quaestione
2913 3711 3026 3749 non
3049 3699 3246 3751 teneas
3269 3713 3282 3764 ;
3307 3700 3366 3751 et
3388 3697 3506 3752 Deo
3530 3695 3811 3764 relinquas

2179 3781 2326 3835 scire
2357 3780 2496 3852 quid
2531 3781 2605 3836 sit
2629 3781 2685 3836 in
2719 3799 2874 3849 vero,
2905 3789 2960 3838 et
2992 3784 3039 3838 si
3070 3783 3163 3838 cui
3193 3783 3316 3856 ipse
3349 3784 3604 3840 revelare
3625 3782 3811 3854 digna-

2179 3867 2352 3924 bitur.
2387 3870 2492 3924 Per
2522 3875 2682 3926 tanta
2713 3871 2924 3926 szecula
2957 3872 3062 3926 tibi
3109 3871 3310 3928 nultus
3352 3873 3582 3928 videtur
3611 3870 3812 3941 dignus

2178 3957 2376 4024 fuisse,
2410 3958 2502 4013 cui
2549 3959 2618 4014 de
2668 3958 2775 4014 hac
2825 3961 3147 4031 qumstione
3192 3961 3482 4017 Dominus
3522 3953 3819 4016 revelarit?

2177 4046 2297 4100 Non
2331 4047 2683 4118 patriarcha,
2719 4065 2832 4104 non
2869 4049 3171 4121 propheta,
3204 4068 3318 4106 non
3352 4049 3676 4124 apostolus,
3705 4061 3810 4101 non

2176 4137 2440 4207 martyr?
2471 4136 2552 4192 Ne
2584 4137 2688 4191 tibi
2722 4138 2985 4208 quidem,
3033 4140 3267 4210 quando
3299 4140 3360 4196 in
3403 4139 3732 4196 carceribus
3759 4137 3812 4189 et

2173 4224 2392 4280 exsiliis
2441 4226 2786 4292 moraberis,
2839 4227 3245 4298 hujuscemodi
3296 4233 3667 4285 sacramenta
3719 4241 3812 4297 pa—

2173 4314 2460 4369 tuerunt?
2492 4315 2772 4370 Dominus
2819 4315 2878 4370 in
2930 4316 3258 4388 Evangelio,
3313 4337 3333 4365 ε
3369 4318 3563 4385 Pater,
3613 4313 3812 4387 inquit,

2175 4403 2417 4458 revelavi
2451 4420 2660 4460 nomen
2713 4409 2880 4460 tuum
2931 4405 3270 4463 hominibus
3300 4409 3480 4477 (Joan.
3523 4423 3658 4476 xvn,
3689 4404 3762 4474 ὃ).
3786 4423 3812 4448 ››

2175 4549 2302 4601 vita.
2328 4545 2666 4620 Lectionem
2700 4547 2906 4618 probat
2934 4546 3172 4620 insuper
3193 4549 3462 4606 Arcesila:
3495 4554 3547 4605 et
3579 4550 3812 4620 Carnea-

473 4612 673 4690 2Quod
704 4614 1277 4690 i'eritat‘ein._Przeter
1306 4612 1584 4670 codicem'
1611 4623 1907 4690 vetustum
1944 4637 2062 4676 mo-
2092 4612 2138 4676 D
2171 4620 2262 4673 dis
2323 4619 2644 4690 ingenium,
2700 4612 2952 4690 quorum
3026 4612 3173 4675 alter
3249 4622 3451 4678 mediae
3512 4616 3812 4677 academim

398 4683 638 4761 nasterii
673 4685 855 4761 nostri
889 4685 1298 4761 Floriacensis,
1332 4703 1534 4742 omnes
1573 4687 1670 4742 alii
1721 4707 1868 4761 quos
1913 4692 2058 4746 vidi-

401 4756 727 4830 musjuxta
759 4757 1067 4830 Erasmum
1099 4757 1320 4830 legunt,
1353 4761 1492 4828 quod
1547 4761 1716 4814 vitam
1737 4756 1776 4815 ‘c
1803 4765 1914 4816 vita
1955 4765 2058 4818 tol-

400 4827 596 4881 lerent.
627 4831 698 4881 At
731 4827 884 4898 cogit
911 4847 1015 4884 nos
1044 4827 1312 4886 Arcesilae
1353 4827 1409 4884 et
1451 4831 1766 4887 Carneadis
1814 4833 2060 4890 historia

399 4898 653 4972 retinere
682 4901 984 4972 ueritatem,
1015 4917 1193 4972 quam
1243 4901 1301 4956 hi
1345 4901 1678 4972 philosophi
1728 4919 1756 4958 e
1801 4905 1919 4959 vita
1950 4906 2059 4961 tol-

399 4967 618 5039 lebant,
679 4967 1493 5046 incertabmnia‘dicentcs,
1550 4967 1606 5028 et
1666 4974 2057 5046 ignorantiam

400 5056 595 5120 rerum
645 5042 931 5120 probabili
982 5044 1300 5120 assertione
1350 5044 1468 5100 sive
1519 5042 1810 5120 sententia
1841 5053 2058 5120 tempe-

402 5113 826 5192 rantes.uf’orro
859 5116 1144 5192 Arcesilas
1170 5120 1409 5171 vocatus
1435 5121 1524 5172 est
1554 5116 1868 5192 cavillator,
1901 5113 2056 5190 quod

403 5198 534 5261 cum
587 5182 757 5261 nih_il_
785 5202 845 5239 se
893 5187 1040 5242 scire
1090 5189 1477 5261 diceret,_nec
1532 5187 1686 5261 alios
1722 5182 2055 5261 quidquam

403 5254 552 5308 scire
579 5254 938 5378 8atiebatur,
990 5276 1193 5314 omnes
1250 5258 1513 5313 turbaret
1562 5254 2054 5330 sophiématibus.

403 5323 550 5378 Vide
626 5323 758 5378 icer.
791 5325 894 5378 lil).
955 5347 990 5378 ιι
1048 5331 1116 5378 de
1173 5332 1416 5378 Finibus-
1452 5333 1490 5378 A
1527 5329 1820 5378 Carneade.
1851 5350 2054 5378 mwnn-

403 5323 550 5405 Yide
579 5323 758 5405 Dicor.
791 5325 894 5405 lib.
955 5347 991 5405 ii
1048 5331 1145 5405 de‘
1172 5332 1416 5386 Finibus.
1450 5333 1492 5386 A
1527 5323 1820 5405 carpende
1851 5350 2055 5390 caven-

405 5395 547 5479 dum
581 5395 811 5479 dicebat
844 5397 916 5451 Μ.
951 5401 1102 5479 (lato
1133 5401 1188 5456 in
1214 5402 1642 5479 ‘senatu,_qu.i_a
1673 5403 1745 5458 ob
1775 5404 2055 5476 eloquen-

408 5467 573 5549 tiam,
607 5471 665 5547 et
704 5467 1024 5549 disserendi
1076 5467 1644 5549 facultatemgfaeile
1693 5467 2055 5549 quaecunque

406 5537 1187 5617 vellet,‘impetrare_posset.
1241 5545 1379 5600 Vide
1427 5544 1676 5600 Gellium
1711 5537 1823 5601 'lib.
1876 5537 1977 5603 xvi
2001 5554 2056 5603 et

406 5605 878 5674 Quintillianum.
915 5605 1202 5691 Maurum.
1240 5647 1306 5656 ——
1341 5619 1422 5670 [ta
1455 5617 1744 5672 Victorius
1794 5622 2056 5691 reposuit

405 5697 512 5776 ope
563 5697 707 5738 mss.
761 5683 1204 5759 exemplarium,
1247 5704 1379 5745 cum
1411 5694 1582 5746 antea
1623 5694 1794 5760 esset,
1831 5683 1999 5749 vitam
2027 5710 2056 5751 e

2171 4695 2376 4746 auctor
2406 4696 2514 4763 est,
2546 4689 2692 4744 alter
2722 4689 2902 4763 tertia:
2938 4691 3227 4763 princeps.

2238 4763 2260 4796 ³
2293 4763 2350 4816 ln
2384 4762 2553 4835 tertio
2585 4766 2779 4835 autem
2811 4762 2956 4818 libro
2990 4762 3186 4835 aperte
3235 4769 3429 4835 negat,
3474 4763 3750 4835 scriptum
3783 4775 3814 4813 a

2171 4833 2470 4888 Lactantio
2502 4833 3244 4906 αηὶωᾶωγσυσπειρόμέντμ,
3298 4833 3353 4890 id
3405 4833 3498 4892 est
3535 4833 3702 4890 sintut
3730 4846 3811 4906 sq-

2169 4915 2299 4968 tam,
2362 4909 2464 4959 aut
2521 4921 2624 4975 per
2664 4902 3005 4961 traducem:
3053 4902 3079 4956 g.
3131 4907 3349 4963 Scribis
3403 4914 3524 4964 tres
3574 4908 3643 4962 de
3691 4902 3810 4960 ani-

2171 4977 2379 5050 mabus
2437 4993 2563 5050 esse
2621 4977 2980 5033 sententias:
3044 4996 3244 5042 unam,
3304 4997 3483 5050 quam
3553 4976 3813 5049 sequitur

2168 5049 2481 5131 Qrigenes,‘
2515 5047 2780 5131 alteram,
2833 5065 3007 5131 quam
3058 5047 3454 5131 Tertullianus
3481 5054 3545 5131 et
3580 5047 3811 5131 Lactan-

2167 5117 2308 5186 tius,
2345 5118 2478 5173 licet
2507 5119 2577 5173 de
2611 5117 2906 5174 Lactantio
2939 5122 3309 5191 apertissime
3332 5122 3662 5178 mentiaris.
3689 5142 3713 5166 η
3738 5117 3811 5171 Re

2168 5191 2595 5264 ipsa_lib._vn,
2646 5208 2703 5244 n.
2744 5193 2842 5264 712,
2898 5191 3234 5264 Lactantius
3283 5193 3393 5248 sibi
3448 5191 3810 5264 probandum

2167 5261 2350 5336 sumit
2381 5261 2638 5336 animam
2662 5263 2934 5332 originem
2956 5263 3170 5320 trahere
3189 5265 3256 5320 de
3271 5265 3401 5319 caelo
3431 5261 3648 5336 {atque
3678 5261 3810 5336 adeo

2168 5334 2344 5388 mirer
2369 5333 2576 5407 magis,
2602 5331 2761 5407 inter
2774 5335 3148 5407 ejusgerrores
3169 5355 3202 5390 a
3222 5336 3411 5392 doctis
3434 5331 3661 5407 aliquot
3682 5331 3812 5387 viris

2167 5405 2463 5459 numerari
2497 5404 2797 5478 traducem
2831 5405 3058 5460 animm.
3095 5408 3369 5462 Rutinum
3421 5404 3595 5478 porro
3644 5419 3812 5461 excu-

2167 5494 2315 5549 sare,
2351 5481 2594 5549 non_est
2642 5476 2894 5549 instituti
2947 5479 3164 5545 nostri;
3219 5476 3540 5534 maximam
3594 5483 3811 5549 partem

2165 5546 2657 5622 Occident_aliun_1_._
2699 5547 2825 5618 ipso
2873 5548 3220 5622 Hieronymo
3270 5556 3416 5606 teste
3463 5546 3638 5622 epist.
3692 5548 3809 5612 126,

2167 5625 2372 5695 praster
2408 5617 2843 5695 Tertullianum
2894 5625 2948 5695 et
2995 5617 3387 5692 Apollinarem
3443 5617 3546 5694 pro
3595 5639 3655 5678 se
3687 5634 3810 5695 pre-

2165 5690 2360 5767 sbyter
2390 5690 2778 5764 Aquileiensis
2805 5690 3061 5750 laudare
3075 5696 3380 5769 potuisset.
