3958 6446
177 422 318 487 ’453

1392 417 1705 486 CONTRA
1747 415 2104 486 RUFINUM
2151 415 2301 480 LIB.
2346 417 2426 481 II.

3481 411 3617 486 ’484

206 557 309 632 qui
342 556 576 612 Patrem
604 554 902 628 revelavit,
934 555 1004 612 de
1056 553 1388 612 animarum
1439 560 1592 613 statu
1637 556 1856 613 tacuit:
1887 557 1940 623 Α
1972 554 2154 610 taris:
2189 558 2246 609 et
2274 553 2547 625 posthaec
2596 553 2777 609 audes
2823 553 3036 623 dicere,
3069 553 3224 627 quod
3274 559 3332 611 et
3377 556 3532 613 bona
3561 563 3618 614 et

206 652 263 704 et
291 645 533 702 miraris
566 645 617 701 si
649 649 853 701 contra
875 650 933 701 te
964 645 1212 701 fratrum
1244 645 1524 702 scandala
1567 646 1860 702 conciten-

205 739 326 806 tur,
358 751 496 791 cum
525 734 586 789 id
637 733 860 790 nescire
892 737 949 790 te
984 735 1172 806 jures,
1210 735 1362 806 quod
1411 733 1626 790 Christi
1669 733 1863 789 Eccle-

209 824 312 881 sia
339 840 403 880 se
431 839 604 879 nosse
637 822 978 879 fateantur?

285 912 376 970 Η.
407 911 678 984 Exposita
708 911 823 968 ﬁde
857 929 983 981 sua,
1018 913 1136 967 imo
1180 911 1426 968 inscitia:
1475 912 1862 980 confessione,

201 998 432 1059 transit
458 1002 527 1057 ad
554 999 714 1056 aliud
741 1019 754 1070 ;
787 1004 846 1058 et
873 1016 1151 1058 excusare
1197 1017 1260 1058 se
1289 1000 1516 1070 nititur,
1551 1019 1656 1057 cur
1681 1001 1865 1056 libros

211 1089 339 1166 περὶ
369 1092 585 1165 Ἀρχῶν
636 1089 697 1144 in
749 1089 1020 1146 Latinum
1071 1090 1330 1147 verterit.
1383 1091 1449 1146 Et
1495 1091 1614 1146 hac
1660 1089 1868 1146 scribit

219 1180 293 1237 ad
324 1179 609 1235 verbum:
642 1201 671 1229 «
719 1179 870 1235 Sane
918 1179 1057 1251 quia
1102 1179 1277 1236 audio
1330 1181 1502 1237 etiam
1563 1180 1697 1235 inde
1740 1195 1868 1235 esse

222 1268 596 1342 disputatum
627 1268 781 1341 quod
818 1269 1085 1341 quadam
1126 1268 1394 1342 Origenis
1425 1273 1664 1340 rogatus
1698 1286 1732 1324 a
1754 1268 1866 1322 fra-

213 1357 407 1414 tribus
437 1357 507 1413 de
537 1357 734 1414 Graeco
766 1357 824 1412 in
874 1357 1144 1414 Latinum
1195 1357 1492 1426 transtuli,
1539 1361 1681 1430 puto
1711 1356 1868 1429 quod

215 1463 422 1503 omnes
443 1446 792 1519 intelligant,
834 1447 956 1502 haec
987 1464 1092 1520 pro
1140 1446 1263 1504 solo
1312 1446 1490 1503 livore
1538 1445 1783 1518 culpari.
1810 1444 1869 1500 Si

217 1536 376 1592 enim
407 1534 631 1607 aliquid
663 1539 752 1592 est
783 1536 939 1609 quod
971 1535 1280 1608 displiceat
1305 1536 1365 1590 in
1399 1540 1659 1604 auctore,
1693 1551 1873 1608 quare

216 1626 276 1681 id
307 1626 378 1681 ad
421 1625 798 1698 interpretem
849 1624 1274 1698 detorquetur?
1327 1625 1490 1681 Sicut
1541 1625 1600 1679 in
1660 1623 1871 1679 Graecis

217 1714 485 1780 habetur,
517 1718 756 1787 rogatus
790 1730 921 1770 sum
951 1718 1014 1770 ut
1045 1713 1266 1769 Latinis
1297 1715 1688 1769 ostenderem.
1716 1713 1872 1768 Grae-

219 1803 325 1870 cis,
358 1803 631 1859 sensibus
660 1804 837 1859 verba
865 1802 998 1858 dedi
1028 1802 1233 1858 Latina
1285 1803 1718 1858 tantummodo.
1745 1800 1874 1856 Sive

217 1908 356 1965 ergo
397 1891 457 1946 in
507 1889 626 1947 illis
673 1891 948 1947 sensibus
1004 1890 1133 1947 laus
1183 1891 1338 1947 inest
1385 1890 1604 1963 aliqua,
1637 1907 1753 1946 non
1785 1894 1875 1945 est

205 1997 389 2050 mea;
423 1980 543 2037 sive
573 1979 765 2052 culpa,
800 1980 1072 2036 similiter
1101 1997 1216 2036 non
1247 1984 1337 2036 est
1367 1997 1515 2036 mea.
1536 2003 1563 2030 ››
1600 2003 1628 2030 ‹‹
1660 1979 1868 2046 Audio,

223 2070 439 2142 inquit,
460 2068 636 2125 etiam
667 2069 804 2125 inde
834 2085 964 2125 esse
1015 2069 1373 2141 disputatum.
1420 2089 1446 2120 η
1501 2071 1683 2135 Quam
1735 2084 1872 2140 pru-

222 2162 432 2216 denter
484 2158 918 2215 accusationem
959 2175 1151 2227 suam,
1202 2159 1630 2228 disputationem
1668 2155 1869 2213 vocat!

223 2271 253 2298 «
286 2248 452 2314 Quod
482 2248 738 2320 quedam
784 2246 1053 2320 Origenis
1102 2251 1343 2320 rogatus
1391 2264 1426 2302 a
1473 2247 1756 2302 fratribus
1804 2247 1876 2301 de

223 2338 422 2394 Graeco
453 2337 512 2392 in
545 2336 815 2392 Latinum
846 2335 1141 2392 transtuli.
1178 2359 1205 2385 »
1237 2337 1372 2400 Quae
1417 2340 1559 2392 sunt
1588 2335 1690 2391 illa
1718 2352 1875 2407 quaa-

225 2427 416 2484 dam?
444 2427 666 2482 Nomen
697 2442 812 2481 non
861 2424 1125 2481 habent?
1172 2425 1402 2481 Taces?
1459 2423 1663 2480 Libelli
1707 2441 1878 2480 accu-

225 2521 494 2573 satorum
524 2514 868 2588 loquuntur.
904 2537 931 2564 «
965 2515 1248 2582 Puto,ait,
1283 2515 1440 2586 quod
1472 2530 1678 2570 omnes
1707 2512 1877 2568 intel-

228 2605 417 2678 ligant
471 2604 592 2660 hzec
655 2621 757 2677 pro
815 2604 928 2660 solo
977 2605 1148 2659 livore
1206 2603 1453 2676 culpari.
1511 2627 1530 2651 υ
1597 2603 1704 2658 Pro
1765 2619 1879 2674 quo

226 2694 450 2750 livore?
473 2693 625 2749 Num
656 2692 922 2749 invident
968 2691 1313 2764 eloquentiae
1363 2692 1518 2747 tuae?
1547 2696 1665 2747 Aut
1696 2690 1881 2747 fecisti

229 2784 388 2856 quod
437 2781 637 2839 nullus
692 2781 1006 2838 huminum
1065 2798 1330 2854 unquam
1402 2781 1589 2838 facere
1646 2781 1883 2853 potuit?

229 2877 376 2928 Ecce
422 2876 480 2928 et
527 2887 634 2944 ego
687 2870 957 2944 Origenis
998 2871 1143 2928 ὅθι
1208 2870 1398 2926 multa
1459 2869 1772 2926 transtuli:
1828 2872 1884 2925 et

229 2966 443 3035 praeter
469 2965 526 3016 te
546 2976 719 3016 nemo
751 2975 857 3016 nec
891 2959 1130 3027 invidet,
1161 2976 1268 3016 nec
1311 2959 1726 3016 calumniatur.
1762 2981 1790 3008 «
1822 2958 1881 3014 Si

231 3053 414 3118 enim,
448 3049 659 3123 inquit,
683 3049 906 3122 aliquid
938 3053 1027 3105 est
1041 3049 1196 3121 quod
1220 3049 1602 3121 displiceatin
1625 3052 1880 3116 auctore,

231 3157 417 3214 quare
473 3141 531 3195 id
588 3141 659 3196 ad
722 3140 1099 3211 interpretem
1158 3137 1586 3211 detorquetur?
1636 3137 1787 3194 sicut
1823 3136 1884 3192 in

232 3229 449 3286 Graecis
476 3229 744 3297 habetur,
779 3232 1017 3301 rogatus
1062 3244 1196 3283 sum
1227 3231 1295 3283 ut
1343 3227 1566 3283 Latinis
1614 3227 1882 3282 ostende-

1972 641 2130 699 mala
2160 659 2275 698 non
2309 642 2437 710 tibi,
2470 642 2571 698 sed
2620 642 2843 698 auctori
2865 658 2880 683 τ
2901 643 3152 699 debeant
3191 644 3518 719 imputari?
3547 651 3619 702 Et

1973 747 2292 806 oppressus
2347 730 2566 787 invidia
2624 732 2814 787 adhuc
2885 733 3062 788 verba
3127 735 3499 804 moderaris;
3565 741 3622 792 et

1975 821 2145 893 quasi
2179 837 2357 893 super
2409 821 2621 877 aristas
2669 821 2946 892 pendenti
3001 821 3280 880 incedens
3310 825 3623 898 gradu,lo-

1975 910 2230 982 queris.«
2263 909 2392 965 Sive
2423 909 2480 963 in
2514 909 2630 965 illis
2663 910 3080 967 sensibuslaus
3113 916 3219 981 est,
3240 912 3360 969 sive
3391 913 3622 987 culpa.»

1958 999 2292 1056 'Defenderc
2325 1017 2436 1054 non
2479 1001 2682 1066 audes,
2713 1005 2770 1055 et
2815 1004 3009 1057 tamen
3063 1001 3342 1058 damnare
3371 1019 3489 1058 non
3511 1004 3620 1060 vis.

1977 1089 2134 1160 Elige
2162 1105 2192 1143 c
2223 1088 2454 1144 duobus
2483 1090 2640 1160 quod
2671 1089 2780 1156 vis,
2815 1091 2970 1161 optio
3005 1090 3108 1145 tibi
3138 1091 3349 1148 datur:
3385 1092 3434 1148 si
3468 1093 3624 1150 bona

1976 1181 2064 1233 est
2084 1177 2482 1250 interpretatio
2528 1181 2652 1242 tua,
2703 1177 2917 1235 lauda:
2971 1178 3021 1234 si
3065 1179 3242 1247 mala,
3274 1182 3625 1239 condemns.

1976 1266 2195 1322 Verum
2228 1270 2468 1322 excusat
2511 1282 2592 1330 se,
2633 1271 2689 1321 et
2738 1267 3032 1322 subnectit
3070 1267 3247 1324 aliam
3295 1271 3623 1343 stropham.

1979 1356 2131 1411 Dicit
2157 1356 2353 1411 enim:
2388 1378 2415 1405 ‹‹
2450 1355 2598 1421 Quin
2648 1356 2766 1411 imo
2808 1356 2984 1411 etiam
3031 1356 3189 1413 aliud
3234 1359 3444 1430 adjeci,
3472 1360 3630 1417 sicut

1979 1446 2040 1500 in
2087 1444 2531 1500 Praefatiuncula
2575 1459 2706 1499 mea
2751 1444 3090 1517 designavi;
3126 1455 3190 1502 ul
3236 1447 3295 1502 in
3337 1453 3628 1520 quantum

1981 1550 2237 1607 possem,
2289 1531 2590 1604 aliquanta
2655 1534 3022 1590 deciderem:
3068 1534 3168 1591 illa
3232 1539 3431 1592 tamen
3499 1555 3630 1610 quas

1983 1622 2129 1678 mihi
2163 1623 2234 1678 ad
2269 1621 2667 1694 suspicionem
2698 1623 2713 1656 ¹
2748 1622 3236 1696 veniebant,quod
3263 1641 3379 1680 non
3407 1627 3479 1682 ab
3503 1627 3629 1699 ipso

1984 1711 2230 1784 Origene
2257 1712 2335 1766 ita
2366 1711 2546 1777 dicta,
2572 1711 2670 1766 sed
2723 1713 2793 1766 ab
2844 1710 2975 1766 aliis
3017 1712 3353 1769 viderentur
3383 1731 3512 1771 esse
3542 1715 3632 1770 in-

1985 1805 2162 1867 serta,
2192 1804 2429 1872 pr0pter
2476 1799 2584 1855 hoc
2617 1801 2768 1871 quod
2813 1801 2883 1856 de
2930 1800 3150 1857 eisdem
3202 1803 3378 1859 rebus
3412 1803 3468 1858 in
3501 1803 3634 1860 aliis

1986 1889 2243 1945 auctoris
2271 1888 2538 1959 ejusdem
2569 1887 2712 1943 locis
2744 1888 3027 1945 catholico
3049 1890 3270 1946 dictum
3302 1890 3578 1964 legeram.
3604 1915 3634 1942 ››

1984 1978 2130 2034 Mira
2181 1978 2538 2050 eloquentia,
2583 1981 2640 2034 et
2686 1978 2873 2034 Attico
2917 1978 3056 2034 ﬂore
3107 1979 3365 2036 variata:
3420 2004 3448 2032 «
3483 1982 3634 2046 Quin

1985 2068 2104 2122 imo
2135 2067 2348 2136 etiam;
2387 2089 2414 2115 ››
2447 2071 2504 2122 et
2541 2089 2561 2115 σι
2598 2068 2734 2132 Quae
2755 2067 2899 2122 mihi
2932 2068 3001 2123 ad
3028 2068 3424 2140 suspicionem
3448 2071 3637 2126 venie-

1985 2157 2146 2212 bant.
2183 2179 2210 2205 »
2243 2157 2518 2211 Admiror
2550 2155 2701 2212 502
2733 2173 2944 2212 ausum
2989 2157 3157 2212 illum
3208 2174 3337 2214 esse
3376 2159 3496 2214 haec
3525 2160 3635 2216 Ro-

1986 2261 2144 2300 mam
2190 2245 2502 2300 verborum
2552 2249 2824 2316 portenta
2869 2247 3285 2301 transmittere.
3328 2247 3638 2319 Compedi-

1986 2338 2108 2389 tam
2140 2337 2311 2405 putes
2343 2333 2609 2406 linguam
2652 2334 2803 2404 ejus,
2838 2338 2894 2389 et
2934 2335 3434 2392 inextricabilibus
3465 2337 3637 2394 nodis

1986 2423 2246 2495 ligatam,
2279 2422 2372 2478 via
2396 2423 2457 2477 in
2488 2423 2815 2478 humanum
2842 2431 3054 2479 sonum
3085 2426 3537 2497 erumpere.Sed
3561 2427 3634 2482 ad

1989 2529 2226 2568 causam
2255 2513 2510 2569 redeam.

2061 2602 2124 2656 11
2162 2644 2173 2655 .
2203 2601 2454 2672 Origenis
2485 2601 2840 2673 blasphemia.
2871 2633 2939 2642 ——
2974 2602 3115 2668 Quis
3159 2602 3265 2659 tibi
3297 2604 3458 2660 dedit
3485 2603 3638 2659 hanc

1989 2689 2309 2758 licentiam,
2344 2695 2410 2746 ut
2443 2689 2632 2746 multa
2662 2692 2731 2747 de
2770 2691 3249 2764 interpretatione
3295 2693 3639 2750 decideres?

1992 2780 2251 2852 Rogatus
2279 2797 2408 2836 eras
2455 2785 2522 2835 ut
2565 2784 2762 2836 Graeca
2791 2780 2848 2835 in
2910 2781 3184 2837 Latinum
3222 2787 3499 2849 verteres,
3523 2799 3639 2838 non

1993 2873 2058 2923 ut
2085 2869 2467 2924 emendares:
2503 2873 2570 2925 ut
2599 2868 2839 2925 alterius
2880 2869 3036 2926 dicta
3083 2871 3392 2943 proferres,
3430 2888 3546 2927 non
3577 2875 3644 2926 ut

1992 2970 2094 3022 tua
2123 2967 2424 3023 conderes.
2467 2967 2593 3023 Non
2625 2966 2832 3022 fecisse
2863 2972 2919 3023 te
2957 2969 3112 3039 quod
3165 2971 3403 3040 rogatus
3435 2985 3521 3038 es,
3551 2986 3640 3024 re-

1995 3055 2239 3111 cidendo
2269 3055 2544 3128 plurima,
2579 3056 2896 3112 confiteris.
2923 3058 3114 3128 Atque
3163 3056 3389 3112 utinam
3438 3058 3642 3129 praeci-

1995 3143 2185 3200 disses
2217 3144 2394 3211 mala,
2428 3151 2486 3200 et
2511 3162 2626 3200 non
2658 3145 2717 3199 in
2768 3144 3152 3200 assertionem
3193 3144 3508 3212 malorum,
3542 3149 3644 3201 tua

1995 3231 2182 3288 multa
2212 3233 2550 3304 posuisses!
2583 3233 2625 3287 E
2658 3233 2874 3305 quibus
2906 3249 3092 3287 unum
3125 3235 3440 3305 proferam,
3470 3239 3536 3290 ut
3574 3250 3643 3290 ex

233 3336 381 3376 rem.
412 3317 623 3374 Graecis
665 3317 939 3376 sensibus
986 3317 1162 3373 verba
1208 3316 1342 3372 dedi
1389 3316 1593 3371 Latina
1621 3319 1882 3371 tantum-
1914 3303 1956 3370 C
1993 3321 2102 3378 hoc
2133 3303 2561 3394 cognoscantur
2607 3303 2928 3377 et‘cmtera.
2965 3322 3025 3376 In
3080 3303 3267 3394 primo
3327 3322 3475 3378 libro
3517 3320 3642 3397 περὶ

234 3409 432 3465 modo.
466 3407 596 3464 Sive
646 3423 782 3478 ergo
830 3405 890 3461 in
948 3405 1066 3462 illis
1110 3405 1382 3462 sensibus
1433 3405 1564 3461 laus
1598 3405 1752 3461 inest
1781 3404 1883 3461 ali-

235 3515 373 3571 qua,
408 3514 522 3552 non
572 3501 661 3554 est
701 3512 868 3552 mea:
925 3495 1046 3552 sive
1097 3493 1288 3567 culpa,
1340 3493 1612 3550 similiter
1649 3510 1764 3549 non
1797 3497 1887 3550 est

235 3604 386 3643 mea.
425 3610 452 3636 ››
478 3586 547 3641 Et
600 3583 855 3652 miraris,
887 3585 934 3639 si
991 3585 1060 3640 de
1110 3589 1166 3639 te
1223 3583 1493 3639 homines
1542 3582 1698 3638 mala
1754 3599 1885 3638 sen-

234 3676 409 3744 tiant,
435 3691 570 3731 cum
602 3674 672 3730 de
718 3674 935 3746 apertis
985 3672 1373 3746 blasphemiis
1414 3673 1605 3728 dicas:
1641 3694 1669 3722 «
1710 3673 1768 3728 Si
1799 3677 1888 3728 est

236 3764 484 3837 aliquid,
517 3764 671 3836 quod
705 3762 1012 3835 displiceat
1063 3763 1122 3817 in
1175 3762 1465 3818 auctore?
1518 3785 1548 3811 »
1599 3761 1887 3818 Omnibus

238 3871 369 3927 qua
419 3853 479 3908 in
527 3851 648 3908 illis
690 3851 857 3908 libris
910 3851 1067 3908 dicta
1123 3854 1281 3919 sunt,
1335 3849 1686 3923 displicent:
1731 3855 1788 3906 et
1823 3855 1886 3906 tu

238 3943 407 4000 solus
427 3942 681 4010 dubitas,
714 3946 772 3996 et
795 3942 1078 4013 quereris,
1111 3958 1215 3996 cur
1261 3941 1332 3995 ad
1377 3940 1756 4012 interpretem
1788 3940 1886 3995 de-

236 4037 603 4106 torqueatur,
656 4031 811 4102 quod
841 4031 900 4086 in
947 4029 1350 4086 translationis
1397 4034 1509 4084 tuae
1550 4028 1890 4085 Prmfatione

238 4122 518 4179 laudasti.
553 4121 812 4194 Rogatus
840 4137 989 4186 eras,
1022 4123 1089 4174 ut
1135 4119 1429 4191 quomodo
1474 4118 1801 4175 habebatur
1828 4118 1887 4172 in

237 4213 458 4279 Graeco,
520 4210 579 4266 in
647 4209 919 4266 Latinum
985 4212 1260 4264 verteres.
1339 4207 1576 4262 Utinam
1653 4205 1892 4262 fecisses

236 4301 394 4372 quod
427 4302 693 4363 rogatum
724 4302 780 4353 te
808 4314 939 4354 esse
978 4296 1227 4352 simulas
1253 4295 1265 4350 l
1294 4295 1441 4351 nulli
1471 4313 1629 4351 nunc
1659 4296 1889 4351 invidia:

232 4389 593 4460 subjaceres.
643 4387 704 4443 Si
753 4391 819 4442 tu
865 4385 1271 4442 translationis
1335 4401 1630 4442 servasses
1690 4385 1889 4452 ﬁdem,

209 4477 380 4535 ‘mihi
413 4476 733 4534 necessitas
781 4493 896 4532 non
951 4474 1160 4531 fuisset
1206 4475 1746 4549 interpretationem
1781 4474 1889 4531 fal-

229 4584 362 4625 sam
412 4583 548 4624 vera
595 4565 1072 4639 interpretatione
1128 4566 1482 4621 subvertere.
1537 4564 1708 4620 Novit
1754 4580 1890 4620 con-

1993 3412 2233 3484 una»,
2267 3410 2367 3465 ubi
2399 3411 2676 3483 Origenes
2706 3409 2910 3482 lingua
2956 3411 3241 3485 sacrilega
3261 3406 3645 3484 blasphema-

1993 3499 2096 3565 vit,
2129 3501 2282 3572 quod
2354 3498 2534 3555 Filius
2601 3501 2827 3556 Patrem
2887 3517 3004 3556 non
3070 3501 3282 3570 videat,
3343 3508 3408 3557 tu
3465 3501 3644 3558 etiam

1997 3606 2204 3645 causas
2236 3589 2455 3659 reddis,
2487 3589 2653 3661 quasi
2689 3605 2757 3644 ex
2787 3607 3035 3660 persona
3055 3592 3205 3662 ejus,
3239 3591 3339 3664 qui
3387 3590 3644 3664 scripsit,

1997 3683 2055 3735 et
2085 3678 2316 3751 Didymi
2350 3679 2753 3750 interpretaris
2785 3673 3011 3752 σχόλιον
3034 3682 3076 3747 ²,
3109 3680 3167 3735 in
3199 3697 3314 3751 quo
3346 3679 3443 3736 ille
3482 3695 3650 3735 casso

1999 3766 2196 3824 labore
2227 3771 2472 3824 conatur
2501 3767 2758 3823 alienum
2801 3785 3055 3825 errorem
3117 3768 3450 3836 defendere,
3493 3767 3651 3838 quod

1999 3857 2277 3930 Origenes
2309 3857 2548 3928 quidem
2580 3858 2726 3912 bene
2758 3858 3006 3914 dixerit:
3036 3857 3135 3912 sed
3197 3874 3304 3912 nos
3351 3855 3651 3928 simplices

1997 3946 2355 4013 homines,et
2384 3946 2607 4002 cicures
2634 3945 2882 4001 Enniani
2911 3947 3067 4012 3,nec
3088 3944 3249 4000 illius
3271 3944 3647 4016 sapientiam,

2000 4051 2106 4090 nec
2133 4041 2317 4101 tuam,
2351 4035 2450 4106 qui
2494 4034 2910 4106 interpretatus
2959 4052 3042 4102 es,
3074 4032 3399 4106 intelligere
3445 4050 3652 4106 possu-

2000 4141 2154 4180 mus.
2190 4123 2455 4178 Praafatio
2500 4127 2626 4189 tua,
2666 4140 2841 4194 quam
2884 4124 3179 4187 nominas,
3210 4129 3269 4179 et
3316 4124 3375 4179 in
3408 4140 3527 4196 qua
3555 4140 3649 4180 me

2001 4212 2168 4268 miris
2199 4229 2374 4268 ornas
2423 4212 2720 4279 laudibus,
2754 4217 2810 4268 te
2858 4230 3023 4269 reum
3076 4213 3345 4286 pessimis
3393 4211 3646 4269 transla-

1999 4301 2176 4358 tionis
2209 4301 2367 4358 facit.
2403 4301 2560 4357 Dicis
2591 4301 2747 4356 enim
2797 4303 2954 4374 quod
2999 4305 3071 4358 de
3115 4304 3311 4360 Graaco
3343 4301 3531 4358 multa
3559 4302 3656 4359 de-

2001 4389 2235 4461 cideris,
2263 4390 2400 4446 licet
2428 4395 2622 4447 taceas
2653 4392 2809 4464 quod
2843 4393 3159 4449 addideris.
3185 4395 3320 4459 Quae
3361 4390 3651 4460 decidisti,

2002 4478 2157 4535 mala
2185 4483 2371 4548 erant,
2415 4497 2488 4536 an
2549 4481 2742 4536 bona?
2789 4483 3002 4554 Utique
3051 4481 3226 4538 mala.
3277 4481 3413 4546 Qua:
3466 4496 3651 4536 reser-

1999 4569 2168 4634 vasti,
2204 4569 2356 4624 bona
2401 4585 2473 4624 an
2523 4569 2724 4625 mala?
2756 4570 2966 4643 Utique
3023 4571 3194 4627 bona.
3245 4571 3445 4641 Neque
3491 4568 3650 4624 enim

231 4656 481 4714 scientia
507 4661 628 4723 tua,
661 4673 789 4728 qua:
813 4654 1128 4719 addideris,
1169 4671 1297 4726 qua:
1347 4653 1728 4724 subtraxeris,
1761 4670 1887 4726 qua:
1921 4677 1966 4742 Β
2000 4656 2155 4713 mala
2181 4657 2497 4714 transferre
2523 4663 2774 4729 poteras.
2824 4660 2973 4732 Ergo
3023 4659 3177 4716 mala
3220 4657 3564 4731 amputasti,
3595 4661 3654 4713 et

229 4747 289 4803 in
324 4751 637 4818 utramque
669 4749 915 4817 partem,
950 4748 1015 4799 ut
1061 4743 1168 4799 tibi
1211 4745 1402 4800 visum
1456 4743 1648 4809 fuerit,
1677 4743 1888 4798 immu-

308 4908 323 4941 ¹
357 4906 469 4962 Alii
503 4906 642 4962 editi
674 4908 734 4962 in
786 4907 1174 4978 suspicionem,
1218 4905 1606 4978 renitentibus
1652 4922 1797 4961 mss.
1833 4911 1890 4961 et

233 4979 612 5051 Hieronymo,
648 4977 747 5051 qui
778 4977 1040 5051 phrasim
1073 4977 1244 5033 istam
1288 4977 1532 5051 deridet.

309 4996 612 5051 eronymo,
688 4996 747 5032 111
778 4996 1040 5050 pnrasim
1073 4996 1244 5033 is1am
1288 4996 1532 5032 deridet.

305 5053 329 5085 ²
362 4996 953 5123 Didymus%revibus
984 5046 1890 5123 Commentariolis,quze616m:

233 5119 564 5196 inscripsit,
595 5122 654 5176 in
696 5121 859 5196 hunc
887 5121 1011 5196 napi
1040 5125 1257 5196 Ἀρχῶγ
1303 5119 1560 5196 Ιίὺτυῐρξ
1580 5119 1888 5193 Οῐιὶεὸήθῐη

233 5191 526 5266 catholice
558 5193 796 5260 sentire,
828 5211 893 5249 ac
933 5191 1268 5250 diverse'ab
1297 5191 1530 5247 Arianis
1560 5191 1890 5266 propugna-

235 5269 360 5323 bat.
394 5265 539 5321 Vide
569 5266 883 5338 infraﬂpag.
917 5265 1043 5320 508.

307 5339 331 5374 ³
359 5339 422 5393 Εἰ
452 5339 664 5394 cicures
706 5333 973 5392 Enniani.
1027 5335 1193 5392 Haud
1254 5335 1430 5390 dubie
1489 5333 1788 5403 animalia,
1835 5339 1892 5390 et

233 5411 494 5483 pecudes
525 5414 866 5483 mansuetas
897 5408 1104 5483 habuit
1147 5407 1488 5483 Ennianus,
1508 5407 1628 5483 sive
1667 5405 1891 5483 Ennius

233 5478 412 5556 poeta
469 5479 906 5547 celeberrimus,
965 5480 1066 5552 qui
1159 5479 1218 5556 in
1284 5479 1571 5556 Aventino
1616 5478 1890 5556 habitans

233 5549 481 5636 sumptu
518 5555 869 5636 contentus
911 5549 1001 5634 est
1058 5550 1428 5632 parcissimo,
1489 5557 1547 5606 et
1602 5549 1891 5636 ancillulae

237 5623 591 5683 ministerio.
623 5623 723 5680 Vel
758 5626 910 5679 certe
959 5623 1084 5683 ipse
1131 5623 1396 5678 cicurare
1426 5626 1665 5678 noverat
1697 5623 1889 5678 feras:

238 5700 395 5754 unde
427 5696 676 5754 Enniani
706 5694 931 5751 cicures
975 5694 1069 5751 hic
1118 5694 1414 5750 dicuntur.
1451 5695 1513 5748 In
1547 5694 1745 5750 codice
1775 5694 1891 5750 col-

237 5770 374 5857 legii
404 5767 708 5832 Navarrici
740 5766 1087 5828 Parisiensis
1119 5765 1448 5842 legimus,et
1471 5768 1735 5824 cinctura:
1764 5767 1892 5826 Sen-

2000 4746 2286 4819 reliquisti
2317 4747 2471 4802 bona
2491 4746 2679 4802 ?Nulli
2714 4747 2959 4803 dubium
2984 4752 3091 4804 cst.
3109 4747 3439 4804 Probantur
3453 4749 3650 4802 autem

1997 4909 2175 4964 niani.
2212 4908 2497 4963 Marrnara
2533 4939 2598 4948 —
2630 4908 2877 4972 Quidam
2931 4908 3018 4962 vir
3076 4908 3284 4965 doctus
3333 4906 3651 4979 legendum

2004 4985 2168 5052 putat
2199 4979 2436 5053 Cinctuti
2468 4982 2732 5053 Enniani,
2770 4985 2833 5053 ut
2863 4985 3069 5053 gentes,
3120 4979 3228 5035 illae
3261 4979 3523 5036 barbarae
3555 4994 3655 5034 no-

2000 5051 2219 5117 tentur,
2252 5051 2452 5123 qualcs
2485 5051 2660 5124 primi
2697 5051 2887 5107 ltalim‘
2922 5051 3124 5107 incolas
3155 5056 3343 5117 erant,
3377 5066 3524 5122 quos
3553 5066 3652 5106 vo-

1999 5130 2093 5180 cat
2122 5127 2389 5179 cz'nctutos
2423 5128 2621 5180 Horat.
2657 5126 2775 5178 Art.
2809 5126 3008 5179 Poetic.
3043 5141 3194 5180 vers.
3217 5124 3316 5178 50:

2094 5231 2316 5294 Fingere
2346 5231 2595 5280 cinctutis
2625 5243 2732 5279 non
2766 5229 3018 5280 exaudita
3046 5229 3309 5292 Cethegis.

1999 5337 2137 5392 Mihi
2172 5336 2314 5391 nihil
2369 5337 2687 5409 immutari
2733 5335 2952 5409 placet;
2986 5335 3241 5409 tametsi,
3294 5335 3450 5409 quod
3495 5334 3654 5408 apud

2001 5407 3007 5481 Enniumginfragmentishistoria
3039 5407 3240 5463 isthazc
3293 5407 3404 5464 non
3447 5407 3654 5481 super-

2003 5481 2098 5545 sit,
2133 5479 2363 5535 ariolari
2397 5477 2551 5534 haud
2603 5477 2795 5548 velim.
2831 5478 3047 5534 Verum
3113 5481 3348 5535 Cicuria
3396 5477 3654 5537 Enniana

2004 5553 2329 5622 insz'gnz'oris
2375 5551 2651 5619 magistri,
2686 5551 2832 5604 dixit
2881 5551 3054 5605 etiam
3098 5551 3497 5608 'I‘crtullianus
3546 5551 3650 5608 lib.

2001 5627 2194 5697 contra
2249 5623 2691 5697 Valentinianos,
2749 5623 2859 5697 sub
2918 5624 3118 5697 finem,
3181 5623 3490 5697 siveucap.
3557 5623 3648 5683 37.

2001 5699 2142 5780 Pera
2171 5695 2429 5780 ingenia,
2481 5698 2584 5748 aut
2633 5694 2837 5780 barda,
2891 5693 3062 5780 malis
3113 5693 3651 5780 auspiciisﬁ‘atque‘

2001 5767 2167 5828 irrito
2200 5770 2408 5824 conatu
2441 5767 2958 5827 mansuetudinem
2989 5767 3194 5828 edocto.
3221 5766 3497 5828 innuerit.
3646 5766 3656 5778 '
