3958 6394
357 388 480 466 4.55

351 539 482 596 quae
512 521 798 580 translata
837 531 949 576 sun
980 559 995 586 ,

346 609 531 682 igitur
561 607 782 665 malum
813 608 871 664 in
902 610 1288 688 translatione
1319 605 1852 673 monstravero,tibi
1887 605 1996 660 im-

349 697 677 769 putabitur,
711 697 810 768 qui
859 695 1002 753 illud
1055 714 1161 770 pro
1211 699 1362 753 bono
1411 695 1784 753 transtulisti.
1825 694 1997 750 Aliud

350 791 459 851 est,
511 785 562 842 si
606 784 844 858 iniquus
901 802 1110 842 censor
1167 787 1433 858 ejusdem
1492 785 1760 841 criminis
1790 799 1926 840 reus
1957 784 1996 848 ¹,

349 873 498 930 alios
529 874 601 929 de
632 878 845 930 senatu
894 891 979 946 pc.
1018 893 1086 940 ιε,
1120 875 1264 932 alios
1297 876 1353 931 in
1404 876 1566 930 curia
1612 874 1850 930 retines.
1886 873 1996 928 Sed

346 960 519 1017 dicis.
552 985 579 1012 ‹‹
615 961 828 1018 Omnia
869 967 1101 1019 nutare
1145 981 1259 1018 non
1310 967 1608 1036 poteram;
1637 961 1738 1018 sed
1773 977 1843 1018 ea
1870 966 1996 1016 tan-

344 1055 494 1119 tum,
548 1067 674 1123 qua:
733 1050 934 1107 addita
989 1052 1063 1106 ab
1121 1051 1416 1108 haereticis
1463 1051 1808 1114 arbitrabar,
1851 1049 1997 1104 mihi

343 1139 710 1210 amputanda
757 1139 996 1195 credidi.
1048 1163 1067 1188 υ
1107 1139 1380 1197 Pulchre.
1413 1141 1471 1196 Si
1519 1139 1836 1212 amputasti
1867 1155 1992 1210 quae

342 1226 540 1284 addita
585 1227 658 1282 ab
708 1226 994 1283 haereticis
1050 1228 1449 1299 cxistimabas,
1517 1245 1654 1302 ergo
1711 1245 1839 1300 quae
1874 1226 1998 1285 reli-

342 1314 548 1387 quisti,
582 1315 712 1386 ejus
745 1319 885 1370 sunt
911 1333 1084 1388 quem
1114 1316 1543 1389 interpretatus
1589 1333 1652 1374 es
1683 1315 1789 1389 [AL
1820 1316 1994 1371 inter-

337 1403 684 1475 pretabaris]
715 1421 727 1471 ;
765 1404 918 1461 508
943 1407 1248 1478 responde,
1282 1410 1480 1462 utrum
1518 1407 1693 1472 bona,
1738 1423 1811 1461 an
1843 1404 1998 1459 mala

339 1492 506 1552 sint?
534 1491 686 1549 Mala
726 1494 1044 1550 transferre
1092 1512 1208 1551 non
1260 1499 1510 1567 poteras.
1579 1493 1771 1550 Semel
1812 1493 1990 1561 enim,

339 1598 465 1652 quae
498 1582 568 1637 ab
603 1581 892 1638 haereticis
941 1584 1144 1639 addita
1191 1583 1444 1649 fuerant,
1492 1582 1837 1655 amputasti.
1871 1583 1990 1640 Nisi

338 1669 487 1726 forte
536 1669 945 1726 haereticorum
1004 1671 1159 1728 mala
1215 1676 1521 1744 amputare
1579 1673 1874 1742 debueris,
1937 1669 1995 1726 et

339 1758 607 1832 Origenis
632 1774 860 1815 errores
891 1759 949 1815 in
1001 1760 1275 1816 Latinum
1325 1761 1585 1833 integros
1616 1767 1854 1817 vertere.
1893 1761 1989 1815 Dic

1619 389 1685 448 S.
1730 375 2046 450 EUSEBII
2088 373 2560 444 HIERONYMI.

1098 537 1204 578 ene
1247 521 1449 578 omnia
1489 519 1664 576 mala.
1715 515 2010 588 Quidquid
2041 513 2097 580 Α
2128 529 2418 569 mensurae
2485 512 2623 568 fore.
2657 511 2920 584 Cumque
2975 511 3046 568 ad
3114 511 3363 568 formam
3437 513 3496 567 et
3554 508 3769 566 libram

3646 373 3770 442 ωδ

2119 602 2414 672 aequitatis
2466 601 2850 673 pervenerint,
2918 606 2976 656 et
3032 598 3410 656 rationabiles
3469 603 3770 656 creaturas

2121 691 2274 748 504
2321 692 2481 746 omni
2549 706 2857 762 corporum
2925 691 3060 746 faece
3123 689 3406 762 deposita,
3450 705 3634 745 novus
3695 681 3771 744 de

2120 779 2324 834 mundi
2397 779 2598 834 exsilio
2665 777 2864 851 populi
2951 778 3290 835 revertentis
3357 776 3773 834 monstraverit

2119 869 2433 934 exercitus,
2468 872 2606 923 tunc
2636 884 2842 923 rursus
2883 883 2951 924 ex
2983 867 3096 924 alio
3127 867 3410 940 principio
3441 866 3564 922 fieri
3596 881 3770 922 mun-

2105 957 2246 1012 dum
2279 956 2497 1025 alium,
2530 961 2587 1012 et
2642 955 2758 1012 alia
2813 973 3076 1029 corpora,
3117 957 3334 1029 quibus
3386 955 3652 1011 labantes
3698 955 3773 1010 de

2104 1045 2248 1100 coelo
2277 1046 2485 1102 animae
2513 1047 2883 1112 vestiantur,
2919 1050 2983 1101 ut
3011 1046 3331 1102 verendum
3363 1044 3534 1100 nobis
3565 1044 3663 1110 sit,
3696 1059 3771 1099 ne

2103 1133 2203 1205 qui
2235 1151 2391 1190 nunc
2420 1134 2525 1190 viri
2560 1151 2790 1201 sumus,
2822 1139 3032 1206 postea
3061 1151 3376 1191 nascamur
3404 1134 3464 1189 in
3483 1132 3763 1200 feminas;

2103 1227 2305 1294 etquae
2335 1223 2506 1279 hodie
2535 1223 2717 1295 virgo,
2769 1229 2910 1280 tunc
2965 1224 3078 1294 [AL
3128 1223 3349 1296 postea]
3381 1223 3524 1278 forte
3553 1223 3767 1295 prosti-

2101 1311 2310 1368 bulum
2359 1312 2453 1368 sit.
2501 1314 2626 1370 Haec
2675 1313 2733 1368 in
2777 1312 2872 1367 Ori
2891 1313 3058 1384 genis
3114 1312 3280 1369 libris
3337 1328 3442 1384 ego
3490 1311 3765 1368 heretica

2103 1401 2314 1458 doceo:
2345 1405 2407 1458 tu
2459 1402 2720 1467 ostende,
2755 1402 2813 1457 in
2850 1419 2964 1474 quo
3017 1403 3148 1474 ejus
3205 1416 3377 1475 opere
3406 1400 3501 1456 his
3530 1404 3760 1457 contra-

2105 1488 2190 1544 ria
2217 1489 2452 1562 legeris.

2174 1579 2262 1634 43.
2296 1580 2404 1634 Sex
2433 1580 2618 1635 millia
2641 1580 2919 1636 librorum
2967 1582 3238 1650 Origenis.
3276 1612 3345 1621 —
3392 1579 3533 1636 Nolo
3574 1579 3762 1646 dicas,

2108 1669 2246 1732 Quae
2269 1668 2341 1723 de
2371 1668 2592 1724 eisdem
2625 1669 2801 1724 rebus
2834 1669 2892 1724 in
2925 1667 3058 1725 aliis
3085 1668 3227 1726 locis
3257 1668 3524 1740 ejusdem
3557 1672 3763 1724 aucto-

2107 1757 2189 1813 ris
2221 1757 2502 1814 catholice
2535 1757 2693 1813 dicta
2737 1759 2993 1830 legeram
3020 1777 3032 1825 ;
3061 1775 3134 1814 ne
3182 1775 3276 1814 me
3322 1758 3523 1813 mittas
3555 1757 3625 1813 ad
3657 1772 3762 1813 sex

338 1861 496 1920 ergo,
533 1862 712 1919 quare
760 1847 1025 1920 Origenis
1077 1849 1233 1904 mala
1279 1850 1339 1905 in
1390 1850 1661 1906 Latinum
1712 1850 1982 1906 verteris:
2020 1880 2070 1946 Β
2101 1845 2296 1946 millia
2324 1845 2769 1946 librorumejus
2799 1848 3011 1946 3,quos
3033 1847 3245 1946 legisse
3274 1847 3510 1946 beatum
3544 1862 3760 1946 papam

344 1940 410 1989 ut
434 1939 732 1996 auctorem
791 1936 929 1992 mali
989 1937 1285 2008 proderes,
1317 1955 1391 1994 an
1451 1943 1516 1994 ut
1569 1938 1840 1996 laudares
1862 1940 1888 1992 ?
1930 1939 1989 1995 Si

337 2023 567 2096 prodis,
602 2024 661 2080 in
701 2026 1039 2098 prwfatione
1082 2044 1187 2083 cur
1233 2027 1486 2084 laudas?
1517 2029 1575 2084 Si
1625 2028 1850 2094 laudas,
1884 2028 1994 2086 hae-

353 2113 572 2170 reticus
604 2115 966 2188 approbaris.
1003 2117 1223 2183 Restat,
1256 2121 1320 2172 ut
1369 2118 1537 2189 quasi
1571 2118 1724 2174 bona
1744 2117 1996 2189 protule-

352 2202 454 2261 ris.
487 2204 548 2259 Si
579 2204 702 2260 haec
735 2205 932 2260 omnia
964 2206 1286 2277 probantur
1316 2206 1492 2272 mala,
1525 2207 1706 2278 igitur
1735 2207 1912 2264 unius
1941 2212 1998 2264 et

349 2295 552 2350 auctor
582 2296 638 2350 et
668 2294 957 2365 interpres
988 2295 1069 2350 rei
1101 2295 1366 2350 criminis
1413 2301 1604 2364 erunt,
1639 2303 1694 2351 et
1723 2295 1994 2369 implebi-

347 2386 444 2436 tur
509 2380 610 2438 illa
674 2382 998 2440 sententia:
1074 2385 1298 2440 Videbas
1363 2387 1566 2455 furem,
1627 2395 1678 2441 et
1739 2386 1996 2442 currebas

344 2487 469 2526 cum
488 2487 549 2527 eo
573 2489 592 2525 :
621 2480 827 2527 etcum
883 2473 1162 2528 adulteris
1206 2476 1511 2544 portionem
1563 2482 1717 2530 luam
1759 2475 1996 2546 ponebas

347 2560 707 2630 (Psal.xux,
773 2561 878 2633 t8).
948 2561 1073 2617 Non
1143 2567 1233 2618 est
1269 2578 1505 2620 necesse
1572 2579 1694 2619 rem
1737 2563 1992 2635 planam,

348 2649 857 2720 argumentatione
915 2649 1156 2704 dubiam
1214 2650 1420 2707 facere.
1475 2651 1636 2714 Quod
1705 2651 1991 2722 sequitur,

351 2736 882 2806 respondeat,unde
913 2737 997 2792 illi
1031 2739 1108 2794 sit
1127 2742 1256 2794 orta
1285 2739 1690 2810 suspicio,h£ec
1711 2741 1784 2795 ab
1820 2739 1995 2796 hisre-

347 2824 479 2880 ticis
500 2825 698 2880 addita
718 2824 746 2879 ‘l
771 2849 799 2875 ‹‹
821 2825 986 2894 Quia,
1003 2826 1294 2898 inquit,de
1315 2828 1535 2885 eisdem
1572 2829 1746 2884 rebus
1776 2829 1832 2884 in
1863 2828 1994 2884 aliis

346 2911 489 2969 locis
510 2913 776 2983 ejusdem
808 2914 1064 2970 auctoris
1103 2915 1384 2972 catholica
1409 2916 1630 2971 dictum
1652 2916 1927 2989 legeram.
1965 2940 1992 2967 ››

420 3003 505 3057 12.
537 3001 790 3072 Origenis
837 3003 1114 3061 ha’reiica.
1149 3037 1217 3044 ——
1268 3005 1606 3072 Videamus,
1657 3007 1811 3078 quod
1869 3007 1992 3078 pri-

347 3107 509 3147 mum
543 3095 652 3161 est,
684 3097 750 3147 ut
779 3092 982 3148 ordine
1028 3093 1251 3148 venerit
1300 3094 1372 3148 ad
1423 3095 1771 3150 secundum.
1806 3095 1989 3152 Probo

342 3196 447 3254 ego
470 3180 622 3237 inter
670 3182 853 3238 multa
905 3182 1172 3254 Origenis
1221 3183 1395 3251 mala,
1430 3183 1551 3239 haec
1591 3183 1841 3239 maxime
1873 3184 1988 3239 hae-

2109 1935 2499 2007 Epiphanium
2549 1936 2922 2004 criminaris;
2956 1938 3058 1992 sed
3115 1937 3245 2008 ipsa
3295 1934 3422 1992 loca
3474 1935 3754 1992 nomina:

2109 2040 2212 2079 nec
2244 2024 2354 2080 hoc
2385 2025 2531 2079 mihi
2565 2024 2969 2092 sufﬁciet,nisi
3004 2028 3206 2082 eadem
3237 2025 3396 2080 dicta
3417 2025 3491 2080 ad
3512 2025 3756 2082 verbum

2107 2111 2437 2184 protuleris.
2470 2112 2593 2168 Non
2645 2118 2734 2169 est
2773 2114 2968 2170 fatuus
3012 2115 3310 2186 Origenes,
3356 2118 3412 2168 et
3441 2127 3546 2185 ego
3579 2111 3750 2168 novi:

2105 2201 2396 2257 contraria
2426 2202 2538 2257 sibi
2556 2201 2713 2274 loqui
2738 2219 2853 2257 non
2877 2203 3278 2274 potest.Igitur
3300 2219 3368 2258 ex
3386 2202 3495 2257 hac
3527 2217 3751 2274 suppu-

2104 2290 2321 2346 tatione
2352 2289 2450 2347 illa
2499 2307 2734 2347 summa
2794 2293 2899 2362 [AL
2959 2291 3267 2362 sententia]
3316 2292 3598 2361 nascitur,
3631 2307 3749 2347 non

2104 2379 2504 2437 haereticorum
2553 2395 2853 2452 esse,quae
2913 2381 3252 2453 amputasti,
3303 2381 3404 2436 sed
3455 2379 3747 2452 Origenis,

2103 2469 2274 2540 cujus
2322 2469 2450 2525 ideo
2508 2467 2665 2525 mala
2714 2469 3131 2542 interpretatus
3190 2486 3274 2535 es,
3332 2469 3470 2542 quia
3527 2469 3746 2542 putasti

2102 2559 2291 2625 bona;
2321 2563 2376 2612 et
2407 2558 2510 2613 tibi
2562 2564 2683 2614 tam
2714 2558 2885 2625 bona,
2929 2575 3106 2630 quam
3157 2557 3313 2616 mala
3359 2557 3520 2614 illius
3551 2558 3746 2630 impu-

2102 2647 2298 2712 tanda,
2332 2647 2501 2716 cujus
2523 2646 2741 2718 scripta
2772 2647 2829 2703 in
2863 2647 3104 2720 Prslogo
3135 2647 3548 2720 comprobasti.

2173 2736 2259 2791 44.
2322 2736 2565 2791 Hilarius
2618 2744 2668 2792 et
2723 2736 3038 2792 Ambrosius
3094 2737 3345 2807 Origenis
3411 2737 3750 2807 interpretes.

2103 2826 2383 2880 Anastasii
2410 2825 2642 2895 epistola
2674 2825 2743 2880 ad
2771 2827 3035 2882 Joannem
3066 2826 3648 2897 Hierosolymitanum.
3684 2856 3755 2866 —

2101 2913 2381 2983 Sequitur
2411 2913 2470 2967 in
2505 2914 2706 2970 eadem
2732 2914 3013 2988 Apologia
3036 2933 3093 2972 ;‹‹
3123 2915 3390 2986 Origenis
3419 2930 3525 2986 ego
3557 2930 3748 2986 neque

2101 3002 2372 3058 defensor
2401 3017 2558 3069 sum,
2590 3019 2695 3058 nec
2729 3009 3010 3071 assertor,
3040 3021 3144 3060 nec
3180 3004 3406 3077 primus
3437 3004 3749 3076 interpres.

2100 3090 2210 3146 Alii
2241 3096 2375 3146 ante
2425 3107 2517 3147 me
2571 3090 2681 3147 boc
2739 3091 2896 3148 idem
2946 3110 3093 3164 opus
3153 3096 3413 3148 fecerunt
3460 3093 3754 3163 [ALfece-

2103 3181 2290 3250 rant]:
2326 3180 2432 3235 feci
2465 3185 2522 3236 et
2549 3197 2654 3252 ego
2703 3186 3036 3254 postremus
3079 3186 3319 3254 rogatus
3369 3200 3404 3236 a
3449 3180 3752 3237 fratribus.

343 3245 524 3328 rstica
552 3271 610 3326 ἐ
645 3269 747 3327 Dei
780 3245 1338 3328 Filiumcreaturam
1367 3245 1682 3344 {Spiritum
1716 3279 1985 3329 sanctum
2017 3245 2062 3312 (ἶ
2101 3269 2158 3324 Si
2183 3245 2448 3339 jubetur,
2483 3285 2553 3325 ne
2585 3245 2721 3336 fiat:
2747 3272 2939 3342 jussio
2984 3245 3281 3327 observari
3330 3270 3478 3327 solet
3504 3273 3526 3305 ⁴
3557 3271 3615 3325 in
3648 3287 3747 3343 po-

346 3358 719 3425 ministrum;
757 3361 1010 3415 mundos
1066 3360 1550 3426 innumerabiles,
1597 3362 1827 3417 aeternis
1879 3362 1990 3419 sibi

343 3445 572 3500 saeculis
641 3447 1055 3516 succedentes;
1089 3449 1326 3521 angelos
1375 3466 1571 3505 versos
1631 3450 1687 3504 in
1758 3451 1989 3507 animas

345 3533 686 3602 hominum;
737 3534 997 3592 animam
1047 3536 1363 3593 Salvatoris
1423 3537 1608 3594 fuisse
1668 3545 1986 3611 antequam

341 3628 680 3680 nasceretur
707 3641 775 3680 ex
821 3623 1039 3682 Maria:
1073 3630 1128 3681 et
1175 3625 1325 3682 hanc
1372 3643 1522 3694 esse,
1577 3643 1704 3698 quae
1744 3645 1878 3684 cum
1928 3629 1987 3684 in

339 3711 529 3768 forma
558 3713 658 3769 Dei
688 3719 861 3782 esset,
899 3731 1013 3769 non
1047 3719 1130 3770 est
1165 3715 1430 3787 rapinam
1481 3715 1762 3772 arbitrata
1800 3735 1988 3789 aequa-

341 3801 454 3857 lem
487 3819 548 3858 sc
580 3819 707 3859 esse
740 3803 891 3858 Deo:
930 3804 1032 3859 sed
1081 3820 1143 3859 se
1186 3803 1525 3873 exinanivit,
1560 3805 1807 3860 formam
1839 3806 1986 3861 servi

333 3892 629 3965 accipiens
697 3892 966 3966 (Philipp.
1029 3893 1138 3964 11);
1199 3893 1688 3950 resurrectionem
1757 3901 1987 3952 nostro-

335 3997 470 4036 rum
533 3997 842 4052 corporum
900 3981 984 4036 sic
1052 3983 1332 4048 futuram,
1376 3987 1441 4037 ut
1478 3983 1682 4038 eadem
1724 3985 1989 4041 membra

339 4085 455 4125 non
486 4068 762 4136 habeant,
790 4070 930 4142 quia
978 4071 1349 4126 cessantibus
1407 4071 1806 4127 membrorum
1865 4073 1987 4128 offi-

340 4156 466 4224 ciis,
500 4158 795 4231 superﬂua
846 4159 1112 4215 membra
1162 4160 1523 4228 reddantur;
1577 4160 1819 4233 ipsaque
1868 4179 1988 4218 cor-

339 4261 482 4317 pora
511 4245 710 4301 tenuia
752 4249 808 4301 et
865 4247 1155 4318 spiritalia
1212 4247 1496 4319 paulatim
1528 4265 1888 4319 evanescere,
1931 4256 1988 4309 et

340 4333 399 4388 in
432 4349 637 4388 auram
669 4338 927 4402 tenuem,
957 4339 1130 4407 atque
1161 4335 1221 4391 in
1270 4335 1522 4392 nihilum
1574 4339 1849 4411 dissipari
1878 4359 1890 4408 ;
1925 4341 1983 4397 in

340 4423 715 4480 restitutione
747 4423 1036 4494 omnium,
1077 4426 1312 4496 quando
1354 4426 1720 4499 indulgentia
1769 4430 1982 4502 princi-

337 4511 484 4588 palis
543 4513 783 4582 venerit,
844 4513 1158 4570 Cherubim
1203 4519 1259 4572 et
1313 4516 1644 4588 Seraphim,
1693 4518 1980 4588 Thronos,

2097 3357 2402 3414 sterum.Si
2435 3357 2766 3429 culpantur,
2800 3359 2899 3431 qui
2923 3364 3056 3415 ante
3077 3360 3408 3430 jussionem
3463 3359 3748 3429 fecerunt,

2099 3446 2269 3518 culpa
2295 3464 2328 3502 a
2359 3447 2567 3519 primis
2592 3447 2854 3519 incipiat.
2891 3473 2916 3498 ››
2968 3449 3228 3505 Tandem
3281 3449 3555 3516 evomuit,
3589 3449 3746 3521 quod

2097 3535 2404 3604 volebat,et
2433 3537 2628 3592 omnis
2657 3537 2839 3593 animi
2871 3541 3067 3595 tumor
3096 3539 3153 3594 in
3177 3543 3388 3594 nostra:
3420 3538 3750 3594 accusatio-

2098 3624 2191 3678 nis
2221 3624 2414 3696 erupit
2444 3625 2744 3681 invidiam.
2795 3627 2903 3682 Ubi
2955 3628 3372 3699 interpretatur
3412 3627 3592 3684 libros
3621 3626 3750 3700 περὶ

2096 3719 2335 3786 Ἄρχων,
2369 3730 2461 3770 me
2507 3715 2673 3786 sequi
2724 3733 2784 3771 se
2815 3716 2983 3772 dicit:
3017 3717 3117 3772 ubi
3150 3723 3461 3772 accusatur
3507 3734 3612 3772 cur
3638 3716 3752 3772 hoc

2098 3803 2524 3871 fecerit,meum
2548 3806 2714 3876 ponit
2742 3806 3070 3878 exemplum
3099 3825 3112 3873 ;
3147 3811 3204 3862 et
3230 3823 3494 3872 securus,
3517 3810 3572 3862 et
3601 3807 3750 3878 peri-

2097 3892 2307 3948 clitans
2338 3893 2464 3948 sine
2497 3909 2589 3949 me
2626 3895 2814 3950 vivere
2855 3911 2970 3950 non
3023 3900 3232 3966 potest.
3292 3896 3508 3951 Audiat
3566 3895 3749 3969 igitur

2096 3982 2250 4051 quod
2286 3981 2510 4038 nescire
2541 4000 2602 4037 se
2633 3982 2896 4038 simulat.
2929 3984 3108 4040 Nemo
3159 3983 3260 4040 tibi
3311 3985 3532 4055 objicit,
3567 4000 3751 4057 quare

2095 4069 2402 4140 Origenem
2435 4070 2851 4142 interpretatus
2881 4089 2963 4138 es,
2990 4071 3208 4144 alioqui
3234 4072 3493 4128 Hilarius
3523 4078 3581 4128 et
3614 4077 3753 4130 Am-

2097 4158 2332 4216 brosius
2364 4159 2472 4215 hoc
2503 4157 2746 4216 crimine
2806 4162 3196 4230 tenebuntur;
3232 4163 3332 4218 sed
3373 4162 3512 4235 quia
3568 4163 3749 4218 inter-

2095 4253 2357 4320 pretatus
2389 4247 2680 4316 haeretica,
2715 4249 3076 4306 Praafationis
3107 4255 3222 4306 tua)
3268 4251 3440 4307 laude
3470 4251 3744 4308 firmasti.

2096 4338 2210 4409 Ego
2244 4337 2388 4410 ipse,
2453 4353 2630 4409 quem
2676 4339 2733 4392 in
2803 4339 3024 4395 crimen
3073 4357 3264 4408 vocas,
3326 4339 3410 4396 sic
3440 4341 3548 4412 [AL
3590 4341 3745 4412 ideo]

2094 4426 2467 4498 septuaginta
2497 4425 2778 4482 Homilies
2839 4429 2966 4499 ejus
3010 4428 3310 4496 transtuli,
3343 4434 3401 4485 et
3457 4428 3749 4486 nonnulla

2096 4516 2166 4571 de
2193 4515 2413 4582 Tomis,
2449 4521 2511 4570 ut
2540 4520 2597 4572 et
2623 4515 2778 4572 mala
2808 4517 2866 4572 in
2924 4519 3212 4574 bonorum
3262 4519 3746 4592 interpretatione

335 4601 726 4674 Principatus,
786 4603 1244 4671 Dominationes,
1304 4606 1583 4674 Virtutes,
1636 4607 1979 4677 Potestatcs,
2016 4617 2062 4682 Ι)
2097 4604 2248 4660 505
2282 4604 2711 4673 subtraherem,
2752 4611 2810 4661 et
2875 4612 3074 4679 aperte
3124 4608 3182 4662 in
3244 4607 3411 4664 libris
3453 4608 3576 4682 περὶ
3615 4612 3743 4682 Ἀρ-

332 4690 749 4764 Archangelos,
782 4693 1056 4765 Angelos,
1111 4694 1433 4763 diabolum,
1495 4696 1810 4764 daemones,
1860 4700 1982 4754 ani-

336 4797 462 4837 mas
493 4780 757 4837 omnium
786 4781 1114 4851 hominum,
1149 4789 1266 4840 tam
1298 4784 1781 4854 Christianorum,
1805 4805 1983 4859 quam

335 4869 672 4928 Judazorum
739 4875 796 4928 et
851 4871 1198 4939 Gentilium,
1275 4873 1452 4928 unius
1527 4875 1880 4931 conditionis
1930 4882 1984 4934 et

405 5051 421 5084 ¹
452 5049 590 5106 Mihi
623 5050 936 5122 legendum
962 5049 1274 5122 videturin
1308 5050 1621 5122 accusandi
1655 5067 1816 5122 casu,
1841 5071 1980 5111 reos.

332 5138 586 5192 quorum
619 5120 764 5178 ali—os
796 5123 1122 5187 damnaret,
1159 5120 1302 5176 alios
1333 5121 1676 5178 absolveret.

405 5192 598 5265 {Vide
629 5209 755 5263 quae
786 5194 856 5249 de
888 5193 1140 5265 singulis
1190 5192 1350 5265 hisce
1391 5193 1660 5265 Origenis
1689 5196 1986 5253 erroribus

407 5211 426 5225 ·
465 5211 598 5247 Viae
629 5211 755 5263 quae
786 5211 856 5249 ac
888 5211 975 5250 sin
1027 5211 1140 5249 uus
1190 5211 1350 5248 nisce
1391 5211 1660 5265 urlgems
1689 5211 1983 5253 erroribus

332 5262 592 5389 gisitmus
617 5211 1027 5389 apoTheopbiﬁ
1061 5264 1430 5338 Synodicam,
1464 5270 1522 5320 et
1561 5266 1878 5337 Epistolam
1913 5270 1983 5324 ad

386 5351 434 5388 νι
469 5350 590 5389 um.
619 5352 648 5389 e
717 5377 728 5389 .

386 5350 590 5390 vnum.
619 5350 728 5390 οῑο.

407 5376 1022 5480 8'“Itin.posuitfortasse
1054 5407 1261 5462 Ruﬁno
1311 5423 1484 5480 pravc
1510 5406 1868 5480 [intellectus
1901 5410 1984 5467 lo-

336 5492 444 5533 cus
472 5476 582 5532 iste
614 5477 918 5602 Epighenii
949 5479 1153 5534 haeres.
1203 5476 1456 5551 64,_quaa
1498 5479 1982 5551 Origenianorum

336 5553 445 5602 est.
478 5564 642 5602 num.
675 5550 709 5602 6
750 5590 767 5602 .
801 5549 901 5602 ubi
930 5549 1237 5602 Oriaenem
1283 5552 1479 5602 insum
1531 5549 1877 5602 alloauens:
1923 5555 1982 5602 El

335 5553 445 5624 est,
478 5564 642 5624 num.
675 5549 767 5624 ὅςῆ,
801 5549 901 5624 ubi
930 5549 1237 5624 Origenem
1283 5549 1479 5624 ipsum
1531 5549 1878 5624 alloquens:
1923 5555 1982 5608 Et

493 5619 644 5711 ἑσξὲς
703 5616 902 5688 ἀληθὲς
935 5619 962 5672 ὃ
1021 5616 1144 5696 τῖερῖ
1180 5625 1273 5710 σ’ξῦ
1305 5616 1535 5692 ’ᾅδεταῃ
1567 5616 1685 5711 ’81:-
1712 5623 1980 5711 ὲξακῑτέι-

408 5709 414 5711 Α
527 5691 555 5711 Ι)
669 5710 674 5711 γ
831 5710 839 5711 κ
917 5709 926 5711 Α
984 5709 994 5711 4
1024 5691 1033 5707 '
1055 5693 1065 5711 Ι
1731 5696 1758 5711 ﬁ
1776 5699 1784 5708 ι

335 5685 491 5762 Nec:
526 5685 754 5774 βίϐλους
799 5685 1151 5767 ⁷οὐνεγραὶνςιιὶιι),
1210 5690 1254 5749 ὦ
1314 5685 1662 5768 μζαταιοὲτόνε.
1722 5685 1784 5754 Si
1834 5685 1983 5758 enim

2095 4697 2210 4767 χῶν
2246 4695 2316 4750 ad
2378 4696 2807 4766 coarguendam
2869 4696 3313 4753 translationem
3369 4702 3559 4766 tuam,
3603 4695 3747 4770 quid

2097 4783 2276 4839 lector
2305 4783 2534 4851 vitaret,
2567 4785 2954 4841 ostenderem.
2988 4786 3092 4842 Vis
3138 4786 3444 4858 Origenem
3495 4786 3556 4842 in
3597 4786 3747 4843 Lati-

2098 4889 2238 4927 num
2269 4877 2526 4928 vertere?
2555 4872 2743 4929 Habes
2798 4873 3014 4930 multas
3071 4874 3346 4931 homilias
3393 4876 3521 4947 ejus
3568 4879 3626 4931 et
3656 4879 3746 4932 to-

3436 4970 3470 5013 Ἀ

2095 5069 2284 5108 verum
2340 5056 2438 5121 est,
2497 5051 2638 5124 quod
2705 5051 2769 5107 de
2843 5061 2897 5108 te
2965 5055 3295 5124 percrebuit,
3344 5071 3438 5112 seu
3478 5054 3749 5111 librorum

2094 5125 2280 5198 millia
2317 5142 2350 5178 a
2391 5133 2440 5180 te
2467 5140 2587 5198 esse
2604 5128 2934 5198 conscripta,
2977 5142 3006 5180 0
3042 5127 3267 5197 infelix,
3299 5128 3394 5198 qui
3422 5127 3752 5198 inanissimc

2095 5195 2402 5261 desudaris,
2429 5200 2537 5250 etc.
2572 5196 2875 5267 Nusquam
2927 5195 3124 5252 autem
3179 5195 3408 5254 aut—de
3456 5197 3745 5254 librorum

2097 5284 2369 5340 numero,
2415 5268 2730 5340 affirmavit
2787 5267 3167 5340 Epiphanius,
3202 5274 3303 5327 aut
3333 5270 3578 5326 totidem
3610 5287 3645 5325 a
3683 5285 3748 5324 se

2093 5337 2480 5412 lectosdixit.
2539 5343 2758 5394 lterum
2819 5337 2990 5412 infra,
3041 5346 3214 5412 atque
3273 5341 3413 5396 alibi
3473 5342 3745 5398 eamdem

2095 5410 2612 5466 hallucinationem
2645 5412 2716 5466 ab
2768 5411 3093 5483 Epiphanio
3123 5410 3305 5468 “cavet
3337 5413 3514 5481 Hier.,
3548 5417 3606 5468 et
3635 5417 3749 5469 Ru-

2095 5483 2210 5538 ﬁno
2243 5483 2569 5554 exprobrat.

2163 5556 2184 5588 ⁴
2213 5551 2370 5610 Alias
2403 5553 2544 5609 editi
2576 5569 2710 5610 cum
2755 5551 3112 5611 Coisliniano
3164 5572 3297 5623 ms.,
3330 5555 3612 5614 observari
3646 5556 3743 5615 de-

2095 5627 2194 5682 bet.
2241 5627 2301 5681 In
2338 5625 2754 5699 Hieronymum
2787 5630 2906 5682 tota
2934 5625 3133 5683 istbaec
3173 5628 3357 5684 oratio
3387 5632 3493 5685 est.
