3958 6456
157 409 273 502 i«5‘71:

1342 414 1657 491 CONTRA
1698 413 2061 479 RUFINUM
2103 413 2254 477 LIB.
2300 415 2379 477 II.

3451 410 3575 475 438

162 564 257 617 nos
284 546 347 603 in
377 547 600 621 quibus
631 547 872 604 moralis
903 551 1187 604 tractatur
1214 548 1401 615 locus,
1450 554 1507 604 et
1538 549 1804 620 Scriptu-
1834 551 1884 614 A
1917 549 2030 603 ritu
2080 551 2281 603 sancto
2331 548 2497 603 nisus
2548 548 2625 603 sit
2681 551 3081 615 commutare;
3132 545 3569 603 tamen'multa

160 653 346 705 rarum
379 638 724 710 panduntur
757 638 1028 693 obscura.
1064 637 1194 693 HtBC
1226 636 1650 709 interpretare:
1684 637 1805 692 haec

158 725 492 798 rogantibus
524 726 735 781 tribue.
772 727 919 791 Quid
954 726 1181 797 primus
1211 725 1377 781 labor
1420 731 1558 781 tuus
1603 726 1808 796 incipit

156 804 222 869 ab
250 813 542 871 infamia?
573 815 688 870 Cur
737 814 1129 870 translaturus
1179 815 1466 881 brerctica,
1509 815 1567 869 in
1602 815 1803 870 defen-

161 902 384 959 sionem
415 921 609 960 eorum
637 904 945 977 praemittis
978 903 1144 975 quasi
1179 905 1454 976 martyris
1486 904 1724 970 librum,
1749 908 1806 959 et

161 984 217 1050 id
248 992 522 1049 Romanis
551 994 790 1048 auribus
813 993 1215 1065 ingeris,quod
1249 993 1601 1048 translatum
1636 998 1795 1049 totus

156 1082 313 1139 orbis
342 1081 612 1153 expavit?
640 1088 757 1138 Aut
807 1087 962 1138 certe
1011 1083 1059 1135 si
1098 1083 1230 1138 ideo
1277 1082 1706 1154 interpretaris,
1740 1087 1805 1136 ut

152 1186 281 1224 eum
314 1169 651 1224 haereticum
685 1186 921 1241 arguas,
960 1168 1104 1223 nit-il
1153 1170 1223 1223 de
1271 1169 1467 1224 Graeco
1500 1174 1714 1235 mutes,
1749 1174 1806 1223 et

152 1248 257 1313 hoc
287 1257 483 1330 ipsum
516 1258 851 1329 praafatione
884 1263 1118 1324 testare,
1152 1257 1308 1329 quod
1341 1257 1804 1328 prudentissime

150 1338 295 1420 papa
326 1348 679 1408 Anastasius
710 1348 770 1402 in
803 1345 1070 1419 epistola,
1097 1363 1274 1418 quam
1301 1351 1503 1401 contra
1526 1351 1580 1401 te
1601 1345 1807 1400 scribit

151 1437 219 1493 ad
267 1436 611 1509 episcopum
660 1437 976 1503 Joannem,
1019 1453 1125 1492 suo
1166 1452 1437 1490 sermone
1465 1435 1805 1506 complexus

151 1530 253 1594 est,
285 1542 377 1581 me
437 1524 719 1593 liberans,
753 1526 855 1598 qui
886 1525 942 1581 id
975 1526 1106 1592 feci,
1128 1530 1182 1580 et
1204 1531 1259 1580 te
1281 1541 1555 1597 arguens,
1588 1524 1687 1595 qui
1723 1524 1803 1578 fa-

152 1632 275 1673 cere
304 1614 569 1671 noluisti.
621 1622 699 1671 Ac
750 1633 820 1670 ne.
870 1615 1110 1671 forsitan
1161 1615 1273 1669 hoc
1319 1630 1552 1686 quoque
1606 1630 1802 1686 neges,

150 1705 368 1777 subjcci
402 1704 738 1776 exemplum
771 1709 899 1777 ejus
937 1709 946 1738 ²
977 1722 988 1760 ;
1027 1709 1088 1759 ut
1119 1704 1169 1759 si
1203 1720 1315 1759 non
1353 1703 1440 1757 vis
1472 1702 1673 1757 audire
1697 1702 1806 1757 fra-

151 1800 299 1853 trem
345 1799 706 1860 monentem,
756 1794 962 1849 audias
1011 1794 1354 1866 episcopum
1404 1793 1804 1848 condemnan-

150 1888 266 1940 tem
300 1884 421 1955 [Αἰ.
457 1882 959 1954 calumniantem].

216 1972 302 2028 l5.
341 1973 574 2042 Ruﬁnus
605 1972 856 2044 Origenis
885 1972 1141 2042 defensor
1185 1971 1475 2043 probatur.
1531 1970 1804 2026 Eusebius

145 2063 479 2118 Arianorum
506 2063 781 2133 princeps.
821 2063 1004 2132 Ruﬁni
1061 2062 1321 2132 przrfulio
1370 2062 1434 2115 in
1491 2061 1810 2130 Apologiam

151 2151 433 2223 Pamphili
459 2167 559 2222 pro
590 2150 929 2222 0rigene.——
959 2150 1113 2205 Dicis
1164 2155 1216 2205 te
1266 2166 1382 2205 non
1431 2165 1559 2205 esse
1609 2149 1807 2205 delen-

155 2257 345 2309 sorem
380 2257 572 2312 neque
622 2244 969 2296 assertorem
1026 2237 1327 2311 Origenis:
1371 2240 1497 2310 jam
1528 2244 1668 2293 tunc
1700 2238 1805 2293 tibi

150 2329 441 2402 proferam
474 2328 691 2385 librum
718 2333 883 2384 tuum
919 2329 989 2384 de
1017 2346 1132 2400 quo
1163 2328 1224 2385 in
1266 2328 1491 2383 famosa
1529 2326 1630 2382 illa
1663 2344 1808 2399 prae-

145 2419 478 2475 tatiuncula
509 2418 768 2491 przeclari
802 2418 995 2491 Operis
1023 2418 1109 2473 tui
1150 2417 1243 2472 his
1287 2417 1479 2473 verbis
1514 2417 1808 2489 loqueris:

160 2532 186 2557 α
219 2509 400 2579 Cujus
426 2507 778 2563 diversitatis
810 2523 1048 2562 causam
1081 2506 1311 2579 plenius
1360 2506 1465 2562 tibi
1519 2506 1574 2562 in
1619 2508 1810 2577 Apolo—

158 2600 351 2668 gctico,
386 2614 565 2669 quam
625 2596 968 2669 Pamphilus
1026 2597 1084 2651 in
1141 2595 1309 2651 libris
1373 2596 1497 2651 suis
1555 2596 1811 2668 scripsit,

161 2687 458 2743 edidimus
508 2686 853 2742 brevissimo
903 2685 1098 2742 libello
1147 2686 1547 2758 superaddite,
1599 2684 1657 2740 in
1699 2701 1814 2757 quo

162 2775 551 2842 evidentibus,
599 2780 663 2830 ut
708 2775 977 2837 arbitror,
1029 2774 1448 2847 probamentis,
1509 2778 1815 2846 corruptos

162 2864 382 2920 essein
437 2863 897 2937 quamplurimis
949 2865 1020 2920 ab
1077 2863 1365 2919 hmreticis
1413 2868 1469 2917 ct
1517 2862 1816 2919 malevolis

164 2953 350 3008 libros
435 2953 564 3024 ejus
653 2952 1059 3020 ostendimus,
1146 2957 1203 3007 et
1288 2951 1572 3024 praecipue
1638 2952 1814 3022 istos,

162 3059 314 3115 quos
373 3060 528 3098 nunc
580 3042 761 3115 exigis
820 3046 883 3097 ut
947 3042 1324 3113 interpreter,
1397 3041 1452 3096 id
1522 3046 1629 3107 est,
1691 3041 1815 3117 περὶ

163 3135 386 3207 Αρχῶν.
417 3154 444 3182 ››
496 3131 620 3186 Non
671 3130 777 3186 tibi
838 3132 1153 3187 suffecerat
1196 3130 1454 3197 Eusebii,
1508 3131 1593 3186 vel
1667 3136 1817 3187 certe

164 3226 231 3277 ut
262 3226 325 3276 tu
359 3221 467 3295 vis,
502 3219 791 3292 Pamphili
823 3237 927 3291 pro
958 3219 1204 3292 Origene
1235 3220 1639 3286 defensio,nisi
1660 3220 1814 3293 quod

1918 637 1973 689 in
2009 635 2107 689 illo
2140 635 2419 689 scandala
2446 636 2838 706 reperiuntur,
2872 639 2929 690 et
2966 634 3353 707 apertissima:
3402 635 3567 692 blas-

1915 724 2183 795 phomim,
2218 742 2345 794 qum
2379 724 2483 779 iste
2515 742 2622 779 sua
2670 741 2881 795 negare
2929 742 3044 779 non
3096 725 3328 795 poterit,
3361 724 3563 781 catho-

1914 812 2027 868 lica
2056 830 2182 868 esse
2213 813 2622 883 pronuntians.
2674 815 2818 869 Dicit
2863 813 3168 882 Eusebius,
3225 814 3344 869 imo
3387 814 3476 884 (ut
3502 818 3562 870 tu

1913 902 2020 971 vis)
2076 901 2415 973 Pamphilus
2472 902 2530 956 in
2580 902 3056 959 istovolumine.
3108 901 3318 957 Filium
3376 902 3567 957 Patris

1913 991 2249 1046 ministrum
2277 992 2326 1045 ¹ε
2362 992 2642 1064 Spiritum
2676 996 2944 1047 sanctum
2976 1009 3089 1047 non
3124 992 3195 1045 de
3226 992 3430 1047 eadem
3462 995 3567 1046 Pa-

1913 1080 2018 1134 tris
2051 1078 2296 1151 Filiique
2347 1081 2717 1137 substantia:
2770 1083 3001 1136 animas
3059 1080 3370 1137 hominum
3437 1080 3567 1152 lap-

1914 1186 2010 1224 sas
2043 1186 2170 1224 esse
2200 1170 2270 1224 de
2320 1169 2491 1225 cmlo:
2544 1174 2601 1224 et
2631 1171 2686 1225 in
2743 1171 2853 1226 hoc
2902 1171 3057 1242 quod
3107 1170 3315 1226 sumus
3362 1170 3433 1225 de
3461 1187 3566 1226 an-

1913 1257 2059 1329 gelis
2085 1259 2453 1327 commutati,
2488 1259 2547 1313 in
2592 1260 2960 1315 restitutione
3015 1259 3281 1314 omnium
3312 1257 3569 1331 aequales

1913 1350 1970 1401 et
2000 1348 2259 1418 angelos,
2292 1352 2348 1403 et
2379 1348 2691 1415 dmmones,
2725 1355 2783 1403 et
2812 1348 3083 1404 homines
3118 1349 3234 1403 fore
3260 1352 3352 1416 ;et
3381 1347 3581 1405 multa

1913 1436 2029 1491 alia
2057 1441 2177 1491 tam
2211 1437 2393 1507 impia
2423 1442 2480 1492 et
2516 1438 2759 1503 nefaria,
2811 1454 2938 1509 quae
2970 1437 3142 1492 etiam
3180 1436 3463 1509 replicare
3486 1438 3570 1493 sit

1912 1524 2197 1581 criminis.
2233 1525 2379 1591 Quid
2417 1526 2585 1581 faciet
2625 1532 2881 1582 assertor
2928 1524 3216 1597 Origenis,
3272 1530 3329 1581 et
3384 1526 3583 1582 inter-'

1913 1632 2045 1686 pres
2076 1614 2415 1686 Pamphili?
2466 1616 2521 1669 Si
2575 1616 2633 1670 in
2681 1616 2796 1685 his,
2847 1633 2974 1687 quae
3019 1614 3369 1681 emendavit,
3405 1619 3569 1671 tanta

1914 1704 2281 1774 blasphemia
2312 1708 2417 1770 est,
2455 1704 2512 1759 in
2536 1704 2674 1770 illis,
2729 1722 2855 1775 qum
2907 1705 2979 1758 ab
3031 1704 3321 1759 haereticis
3352 1704 3564 1760 falsata

1910 1792 2210 1865 conﬁngit,
2247 1797 2469 1864 quanta
2519 1793 2827 1865 sacrilegia
2882 1793 3317 1848 continentur?
3388 1793 3569 1864 Cujus

1912 1882 2207 1955 opinionis
2238 1900 2478 1938 causam
2509 1882 2660 1938 hanc
2690 1882 3047 1955 suspicatur,
3073 1884 3227 1954 quod
3257 1882 3345 1937 vir
3376 1898 3567 1954 neque

1917 1971 2175 2038 stultus,
2224 1988 2413 2042 neque
2465 1972 2713 2027 insanus
2762 1973 2953 2027 dicere
3018 1972 3132 2027 sibi
3178 1971 3571 2044 repugnantia

1919 2079 2034 2117 non
2084 2061 2358 2133 potuerit.
2412 2063 2479 2116 Et
2530 2078 2601 2116 ne
2650 2062 2894 2117 forsitan
2944 2067 3292 2134 putaremus
3316 2060 3572 2117 diversis

1919 2168 2052 2207 eum
2087 2151 2246 2205 varia
2279 2150 2585 2222 scripsisse
2635 2151 3020 2222 temporibus,
3072 2155 3129 2205 et
3158 2168 3260 2223 pro
3301 2150 3575 2207 retatibus

1920 2240 2176 2295 edidisse
2205 2240 2519 2305 contraria,
2553 2239 2814 2295 addidit:
2860 2261 2887 2289 ‹‹
2922 2240 3071 2307 Quid
3104 2240 3376 2306 facimus,
3411 2241 3570 2312 quod

1921 2329 2216 2384 interdum
2250 2328 2308 2383 in
2341 2328 2561 2384 eisdem
2592 2328 2755 2393 locis,
2788 2333 3066 2400 atque,ut
3094 2328 3175 2383 ita
3202 2327 3477 2396 dixerim,
3510 2328 3571 2383 in

1922 2418 2303 2489 consequenti
2336 2435 2481 2489 pene
2511 2418 2699 2489 capite
2727 2419 3017 2473 sententia
3052 2417 3326 2472 contrarii
3359 2433 3572 2473 sensus

1921 2508 2213 2563 invenitur
2242 2507 2464 2562 inserta
2484 2506 2510 2560 ἱ)
2540 2506 2816 2578 Nunquid
2844 2506 2903 2561 in
2949 2507 3152 2561 eodem
3188 2522 3361 2578 opere
3408 2507 3571 2577 ejus-

1922 2596 2053 2651 dem
2085 2594 2241 2661 libri,
2296 2598 2351 2648 et
2396 2594 2712 2660 interdum,
2764 2599 2831 2648 ut
2879 2594 3156 2659 diximus,
3218 2593 3417 2648 statim
3507 2594 3569 2648 in

1924 2682 2305 2754 consequenti
2362 2682 2638 2755 capitulo,
2700 2682 2920 2739 oblitus
2988 2682 3077 2738 sui
3150 2699 3278 2738 esse
3336 2681 3574 2754 potuit?

1924 2773 2099 2829 Verbi
2149 2772 2357 2845 gratia,
2391 2778 2456 2828 ut
2512 2771 2612 2843 qui
2660 2773 2933 2845 superius
2982 2772 3225 2837 dixerat,
3278 2788 3576 2845 nusquam

1924 2862 2172 2917 inveniri
2222 2863 2280 2916 in
2326 2861 2486 2917 omni
2529 2862 2855 2934 Scriptura,
2899 2862 2999 2917 ubi
3031 2862 3287 2934 Spiritus
3334 2866 3575 2918 sanctus

1927 2954 2116 3007 factus
2147 2950 2235 3006 vel
2266 2957 2494 3006 creatus
2551 2968 2678 3007 esse
2727 2951 3035 3015 diceretur,
3104 2952 3385 3007 continuo
3433 2951 3573 3007 sub-

1918 3043 2146 3114 jiceret,
2175 3040 2326 3096 inter
2358 3044 2595 3096 caeteras
2629 3043 2926 3097 creaturas
2955 3041 3170 3095 factum
3228 3057 3355 3095 esse
3388 3039 3570 3111 Spiri-

1925 3137 2050 3187 tum
2084 3136 2352 3185 sauctum
2377 3130 2404 3183 ‘?
2439 3135 2553 3183 Aut
2583 3129 2816 3193 iterum,
2852 3129 2953 3200 qui
2984 3129 3212 3184 Patrem
3253 3134 3311 3183 et
3360 3129 3572 3184 Filium

1926 3221 2103 3275 unius
2136 3220 2497 3283 substantiae,
2533 3220 2685 3289 quod
2738 3219 2931 3273 Graece
2980 3215 3273 3290 ὁμοούσιον
3332 3218 3570 3286 dicitur,

166 3311 237 3367 ab
271 3292 397 3366 illis
418 3310 611 3365 minus
636 3310 857 3365 dictum
890 3310 1163 3382 putabas,
1195 3315 1258 3364 tu
1293 3309 1459 3381 quasi
1496 3292 1816 3380 sapientior
1847 3292 1888 3358 (ἶ
1928 3308 2287 3381 designavit:
2320 3309 2377 3362 in
2410 3308 2908 3379 consequentibus
2940 3308 3141 3362 statim
3183 3307 3459 3379 capitulis
3488 3306 3573 3362 a1-

165 3406 222 3455 et
253 3399 478 3457 doctior
516 3399 808 3454 adderes?
857 3399 1122 3471 Longum
1170 3404 1280 3463 est,
1339 3400 1389 3453 si
1424 3397 1594 3453 velim
1627 3403 1814 3453 totum

168 3488 393 3545 librum
424 3493 593 3543 tuum
626 3487 762 3543 huic
792 3487 950 3560 operi
982 3488 1256 3555 inserere,
1290 3492 1347 3542 et
1388 3487 1701 3559 propositis
1727 3504 1818 3541 ca-

168 3576 373 3651 pitulis
406 3578 477 3632 ad
509 3575 746 3649 singula
797 3577 1171 3649 respondere,
1231 3576 1369 3648 quid
1420 3576 1480 3632 in
1530 3576 1623 3631 his
1654 3577 1820 3632 vitio-

166 3683 301 3723 rum
347 3681 541 3721 sermo
588 3665 820 3732 habeat,
869 3665 1010 3737 quid
1065 3665 1502 3721 mendaciorum
1554 3665 1820 3732 assertio,

166 3755 312 3828 quid
364 3754 793 3825 inconsequens
840 3758 1033 3810 textus
1090 3754 1214 3825 ipse
1265 3754 1599 3809 verborum.
1662 3755 1825 3810 Unde

164 3843 463 3900 laciniosa:
511 3843 930 3917 disputationis
979 3843 1216 3899 fastidia
1246 3843 1500 3915 fugiens,
1552 3849 1609 3899 et
1640 3844 1697 3898 in
1730 3860 1824 3899 ac-

167 3938 299 3989 tum
332 3933 508 3989 verba
537 3932 940 4005 compingens,
970 3936 1202 3988 tantum
1256 3933 1533 3988 sensibus
1586 3949 1827 4005 respon-

166 4024 341 4079 debo.
375 4022 585 4078 Statim
646 4022 716 4077 de
764 4026 933 4094 portu
988 4022 1314 4094 egrediens,
1377 4038 1584 4077 navem
1646 4021 1828 4094 impe-

166 4112 275 4185 git.
323 4111 597 4167 Referens
643 4110 799 4166 enim
848 4111 919 4165 de
978 4109 1265 4182 Apologia
1320 4109 1613 4183 Pamphili
1668 4127 1829 4166 mar-

166 4201 317 4275 tyris
377 4200 577 4272 (quam
638 4217 744 4255 nos
802 4198 1059 4266 Eusebii,
1121 4199 1469 4255 Arianorum
1520 4199 1831 4271 principis,

170 4289 577 4363 probavimus)
606 4288 676 4343 de
706 4305 824 4359 qua
852 4288 1093 4355 dixerat,
1129 4288 1308 4343 Prout
1339 4288 1663 4360 potuimus,
1683 4288 1834 4345 506

175 4379 265 4436 vel
300 4395 396 4434 res
429 4377 714 4450 poposcit,
767 4377 973 4433 Latino
1025 4394 1295 4433 sermone
1337 4378 1714 4450 digessimus,
1748 4378 1837 4433 in-

174 4468 355 4524 tulit:
394 4465 601 4521 «Illud
634 4472 741 4533 est,
777 4466 956 4539 quod,
993 4466 1418 4523 desideriorum
1472 4467 1558 4521 vir
1602 4468 1838 4535 Macari,

184 4560 241 4613 te
274 4555 648 4612 admonitum
677 4554 823 4621 volo,
878 4560 943 4610 ut
989 4556 1144 4612 scias
1193 4555 1344 4611 hanc
1403 4555 1643 4628 quidem
1704 4556 1840 4611 ﬁdei

172 4645 469 4719 regulam,
503 4661 681 4717 quam
714 4645 785 4700 de
820 4643 989 4701 libris
1038 4646 1167 4715 ejus
1217 4662 1400 4717 supra
1438 4646 1838 4717 exposuimus,

175 4752 309 4791 esse
342 4733 675 4806 talem,quae
706 4738 764 4789 et
793 4732 1204 4805 amplectenda
1253 4739 1312 4790 et
1345 4734 1597 4789 tenenda
1642 4736 1737 4790 sit.
1775 4735 1837 4790 In

174 4824 462 4880 omnibus
491 4824 647 4878 enim
681 4822 774 4878 his
805 4822 1159 4878 catholicum
1194 4823 1385 4879 inesse
1440 4840 1679 4879 sensum
1724 4822 1838 4879 evi-

175 4915 389 4969 denter
411 4913 712 4985 probatur.
740 4934 767 4961 »
801 4912 1078 4976 Quamvis
1110 4912 1181 4967 de
1211 4912 1445 4967 Eusebii
1476 4911 1622 4968 libro
1654 4910 1841 4968 multa

176 5001 563 5069 subtraxerit,
597 5004 654 5056 et
694 5001 752 5056 in
798 5000 1015 5057 bonam
1060 5004 1283 5073 partem
1316 5002 1388 5057 de
1434 5000 1576 5058 Filio
1630 5005 1686 5058 et
1714 5001 1838 5076 Spi-

252 5252 267 5293 ¹
298 5257 467 5313 Hanc
497 5256 803 5328 epistolam
854 5256 1007 5312 infra
1034 5274 1160 5328 suo
1192 5256 1317 5312 loco
1368 5255 1737 5313 adnectimus
1769 5257 1842 5314 ad

181 5327 544 5401 Hieronymi
563 5334 842 5397 mentem,
876 5329 976 5400 qui
1009 5327 1171 5384 illam
1202 5346 1235 5384 a
1266 5345 1327 5383 se
1358 5329 1709 5401 descriptam
1729 5330 1842 5385 Ru-

183 5404 305 5458 ﬁno
340 5401 577 5458 ingerit.

249 5420 305 5458 io
340 5418 396 5455 in
448 5418 577 5455 erit.

249 5470 273 5509 ’
308 5418 522 5528 Filgum
549 5472 732 5527 Patris
760 5474 1104 5528 ministrum.
1134 5476 1220 5527 Ita
1260 5470 1572 5544 legendum
1633 5473 1844 5529 docent

180 5562 393 5601 omnes
436 5544 623 5599 nostri
682 5560 827 5598 mss.
887 5545 1151 5600 codices:
1206 5561 1311 5599 nec
1361 5560 1556 5598 veram
1590 5545 1846 5600 retinent

182 5618 325 5673 editi
360 5615 498 5672 libri
555 5613 865 5671 lectionem
927 5616 1284 5686 Hieronymi,
1342 5616 1441 5687 qui
1503 5632 1618 5670 non
1676 5616 1840 5671 dixit.

180 5690 316 5747 Filii
343 5694 398 5746 et
429 5688 620 5744 Patris
650 5689 1575 5759 ministrum,Spiritumsanctum,
1621 5689 1721 5743 sed
1753 5689 1845 5743 Fi-

183 5759 334 5829 lium
365 5759 565 5822 Patris
593 5756 937 5817 ministrum
967 5756 1190 5819 dictum
1222 5758 1404 5820 fuisse
1451 5759 1524 5821 ab
1571 5759 1843 5822 Eusebio.

510 5888 782 5959 ΡΑτιιοι.
830 5886 1053 5961 XXIII.

1928 3398 2110 3454 terius
2141 3414 2268 3452 esse
2318 3398 2657 3451 substantiae
2710 3401 2767 3451 et
2810 3402 3069 3452 creatum
3113 3401 3339 3468 poterat
3386 3396 3581 3453 dicere

1930 3504 2088 3553 eum,
2123 3503 2296 3560 quem
2330 3487 2504 3558 paulo
2532 3491 2664 3541 ante
2711 3487 2781 3542 de
2825 3486 2953 3559 ipsa
2987 3491 3197 3542 natura
3245 3487 3345 3542 Dei
3389 3486 3582 3542 Patris

1934 3576 2412 3651 pronuntiaverat
2446 3581 2649 3630 natum
2674 3576 2700 3630 ?
2734 3598 2761 3625 ››

2009 3668 2092 3722 16.
2130 3666 2393 3721 Eusebius
2428 3670 2479 3720 et
2525 3666 2790 3738 Didymus
2837 3667 2897 3720 in
2930 3666 3180 3737 Origenis
3227 3667 3365 3721 scita
3393 3680 3586 3721 concc-

1933 3759 2095 3813 dunt.
2130 3787 2199 3796 —-
2229 3756 2358 3811 Haec
2390 3754 2579 3827 ipsius
2611 3756 2786 3811 verba
2818 3759 2973 3824 sunt,
3007 3771 3215 3826 negare
3264 3755 3411 3810 507
3470 3770 3587 3809 non

1935 3850 2146 3920 potest.
2190 3843 2331 3900 Nolo
2386 3845 2584 3899 dicas:
2645 3844 2818 3899 Verbi
2880 3860 3077 3911 causa,
3131 3848 3197 3898 ut
3253 3842 3353 3913 qui
3415 3859 3589 3915 supe-

1938 3936 2061 3991 rius
2091 3934 2338 4002 dixerat,
2373 3934 2472 3989 sed
2504 3933 2699 4005 ipsum
2731 3934 2947 3988 librum
2980 3932 3240 3995 nomina,
3293 3931 3394 3987 ubi
3427 3931 3593 4004 prius

1939 4026 2087 4080 bene
2119 4023 2347 4089 dixerit,
2382 4026 2439 4077 et
2470 4026 2671 4094 postea
2720 4021 2893 4087 male,
2950 4020 3049 4075 ubi
3100 4020 3385 4093 Spiritum
3427 4036 3598 4076 sanc-

1940 4118 2067 4168 tum
2099 4115 2155 4168 et
2186 4111 2399 4167 Filium
2435 4112 2507 4166 de
2551 4110 2649 4165 Dei
2700 4110 2887 4166 Patris
2937 4111 3201 4166 scribens
3245 4127 3376 4166 esse
3424 4110 3595 4166 subs-

1944 4202 2158 4268 tantia,
2192 4200 2467 4256 statimiu
2496 4200 2991 4272 consequentibus
3010 4202 3332 4257 asseruerit
3364 4205 3602 4257 creatu-

1945 4309 2061 4347 ras.
2098 4290 2345 4346 Necisne
2378 4307 2470 4345 me
2512 4291 2779 4363 Origenis
2823 4289 3039 4346 habere
3084 4290 3333 4346 omnia?
3390 4290 3605 4363 legisse

1947 4378 2389 4452 quamplurima
2410 4380 2436 4434 ?

2016 4486 2095 4536 Ad
2126 4486 2386 4549 populum
2435 4487 2697 4552 phaleras,
2736 4502 2835 4549 ego
2866 4492 2917 4539 te
2947 4488 3108 4545 intus,
3141 4492 3194 4538 et
3221 4489 3277 4538 iu
3307 4492 3427 4538 cute
3458 4487 3605 4538 novi.

2760 4554 3003 4612 (i’snsws,
3036 4552 3145 4599 Sat.
3179 4552 3249 4613 3).

1871 4669 1918 4733 D
1952 4647 2053 4703 Vir
2085 4648 2466 4704 doctissimus
2516 4649 2806 4704 Eusebius
2846 4649 3278 4717 (doctissimum
3311 4648 3453 4713 dixi,
3488 4661 3605 4702 non

1950 4736 2328 4805 catholicum,
2363 4754 2457 4808 ne,
2492 4755 2652 4793 more
2683 4739 3033 4806 solito,mihi
3065 4744 3122 4795 et
3150 4738 3207 4793 in
3242 4738 3349 4792 hoc
3381 4736 3605 4792 calum-

1949 4826 2107 4882 niam
2142 4827 2359 4897 struas)
2394 4844 2493 4895 pcr
2525 4844 2623 4882 sex
2648 4828 2947 4884 volumina
2977 4827 3123 4882 nihil
3146 4826 3303 4884 aliud
3336 4827 3477 4899 agit,
3511 4825 3603 4881 ni-

1950 4915 2000 4971 si
2032 4921 2095 4971 ut
2125 4916 2431 4988 Origenem
2468 4934 2585 4971 suae
2618 4918 2888 4972 ostendat
2936 4917 3091 4985 fidei,
3125 4916 3181 4971 id
3230 4921 3337 4983 est,
3373 4915 3600 4972 Arianae

1950 5006 2226 5078 perfidiae.
2261 5006 2328 5060 Et
2352 5006 2538 5062 multa
2569 5006 2734 5078 ponit
2763 5005 3048 5079 exempla,
3078 5010 3134 5062 et
3177 5006 3285 5062 hoc
3326 5008 3601 5061 constan-

1953 5258 2235 5333 Spiritum
2252 5276 2385 5315 vero
2419 5264 2691 5315 sanctum
2724 5276 2998 5333 noniessc
3032 5259 3100 5313 de
3132 5259 3320 5333 Patris
3354 5258 3603 5333 Filiique

1953 5331 2303 5387 substantia.
2365 5336 2647 5386 Manrmx.
2710 5362 2777 5371 —-
2850 5332 3084 5386 Veteres
3142 5331 3301 5398 editi,
3362 5332 3496 5386 Filii
3550 5334 3607 5387 et

1951 5406 2135 5459 Patris
2168 5406 2483 5459 ministrum
2512 5406 2779 5473 Spiritum
2812 5407 3078 5456 sane/um.
3115 5404 3283 5457 Forte
3318 5403 3604 5475 scriptum

1954 5477 2191 5547 quidem
2228 5475 2353 5539 fuit,
2386 5476 2595 5531 Filium
2630 5477 2807 5528 Putris
2841 5477 3608 5547 ministrum,FiliiSpiritum

1954 5546 2223 5609 sanctum,
2260 5564 2367 5600 non
2398 5548 2463 5600 de
2491 5547 2683 5619 eadem
2736 5554 2843 5600 etc.
2882 5546 3267 5618 Hieronymus
3310 5546 3482 5619 paulo
3514 5563 3612 5603 su-

1999 5636 2060 5672 ra
2094 5636 2105 5674 :
2139 5642 2167 5669 ‹‹
2219 5619 2487 5689 Origenis
2545 5618 2664 5689 huic
2702 5620 2975 5689 maxime
3025 5618 3330 5676 hmrcticai
3384 5619 3481 5675 Dei
3516 5619 3608 5675 Fi-

1999 5636 2060 5672 ra
2094 5636 2105 5674 ἒ
2139 5642 2167 5669 (ι
2219 5636 2487 5689 Ui‘lgCl’llS
2545 5636 2664 5671 [NEC
2725 5636 2975 5674 maxume
3026 5636 3330 5676 nmrcuca:
3384 5636 3603 5675 116ιὲ⁷1·

1954 5636 2098 5821 iitum
2150 5694 2498 5762 creaturam,
2559 5688 2780 5766 Spiritu
2849 5698 3120 5750 sanctum
3178 5690 3543 5762 ministrum,
3579 5713 3603 5751 ai

1954 5778 2065 5821 ec.

1954 5778 2065 5827 Θῐσο

3214 5891 3292 5989 iii
