3958 6414
353 399 471 464 459

1535 414 1544 416 ‘
1586 395 1646 461 S.
1696 393 2008 462 EUSEBII
2053 395 2522 463 HIERONYMI.

3638 393 3761 459 460

355 537 446 589 ter
475 531 701 604 probat.
731 530 859 588 Tibi
892 546 1028 604 ergo
1058 531 1117 586 in
1165 548 1282 604 quo
1341 531 1567 588 somnio
1627 530 2001 586 Alexandrini
2031 531 2085 597 Α
2118 549 2232 604 quo
2264 532 2557 602 similiter,
2589 535 2655 587 ut
2684 531 2743 586 in
2775 531 2867 588 his
2899 547 3046 604 quos
3078 547 3258 603 supra
3289 527 3567 600 diximus,
3600 545 3762 601 quae-

357 621 607 677 carceris
641 619 958 677 revelatum
991 625 1100 688 est,
1134 625 1198 676 ut
1231 637 1356 692 quae
1390 620 1484 676 ille
1515 636 1650 675 vera
1679 621 2000 691 profitetur,

359 709 568 766 falsata
598 709 941 781 conlingas?
989 709 1100 765 Sed
1157 709 1396 765 forsitan
1446 709 1561 779 hic,
1615 713 1680 763 ut
1729 708 2002 777 Arianus,

360 799 434 854 ab
463 797 749 854 haereticis
780 797 999 865 addita,
1033 798 1092 853 in
1124 798 1485 854 occasionem
1522 797 1611 852 sui
1642 798 1818 852 traxit
1850 813 2005 852 erro-

362 888 464 956 ris,
498 903 570 943 ne
601 885 763 943 solus
793 886 946 943 male
976 886 1231 944 sensisse
1284 892 1485 943 contra
1536 885 1848 941 Ecclesium
1898 904 2005 958 pu-

361 980 605 1033 taretur.
677 975 827 1041 Quid
895 977 1322 1049 respondemus
1389 992 1491 1048 pro
1558 975 1836 1047 Didyme,
1905 974 2006 1046 qui

362 1069 520 1122 certe
551 1065 612 1120 in
678 1064 960 1121 Trinitate
1026 1063 1348 1120 catholicus
1387 1065 1522 1120 est?
1583 1064 1764 1135 Cujus
1831 1063 2005 1119 etiam

363 1171 470 1210 nos
520 1155 590 1210 de
643 1153 863 1226 Spiritu
910 1158 1112 1209 sancto
1161 1153 1377 1209 librum
1445 1154 1505 1208 in
1570 1152 1834 1209 Latinam
1901 1152 2008 1208 liu-

362 1258 540 1315 guam
578 1241 861 1298 vertimus
927 1242 1046 1313 (Vid
1107 1245 1318 1314 supra).
1382 1242 1546 1297 Certe
1611 1241 1706 1296 hic
1763 1241 1822 1295 in
1893 1241 2006 1305 bis,

362 1348 492 1403 qua:
540 1332 611 1387 ab
661 1331 946 1387 haareticis
996 1331 1056 1386 in
1142 1331 1412 1404 Origenis
1479 1331 1754 1403 operibus
1813 1330 2009 1384 addita

363 1425 522 1488 sunt,
590 1420 917 1476 consentire
982 1437 1097 1476 non
1169 1421 1395 1492 potuit;
1463 1425 1520 1476 et
1583 1420 1640 1474 in
1706 1419 1850 1491 ipsis
1885 1419 2006 1487 περὶ

365 1509 603 1584 Ἀρχῶν,
654 1525 801 1582 quos
856 1514 920 1565 tu
980 1509 1396 1581 interpretatus
1462 1525 1524 1564 es
1587 1507 1776 1575 libris,
1809 1507 2010 1562 breves

363 1599 603 1655 dictavit
647 1597 1190 1665 Commentariolos,
1245 1597 1460 1669 quibus
1506 1614 1620 1652 non
1672 1601 1906 1668 negaret
1937 1597 2009 1650 ab

365 1687 613 1760 Origene
643 1687 881 1759 scripta,
915 1703 1040 1758 qua:
1074 1686 1294 1758 scripta
1343 1691 1478 1740 sunt
1507 1702 1518 1739 :
1575 1686 1673 1741 sed
1724 1702 1831 1740 nos
1863 1685 2008 1740 sim-

366 1777 548 1850 plices
575 1775 845 1831 homines
867 1791 984 1830 non
1031 1791 1202 1847 posse
1251 1773 1593 1846 intelligere,
1638 1792 1764 1845 quae
1805 1775 2007 1829 dicun-

2115 623 2250 677 dam
2287 621 2594 676 diversitas
2625 621 2938 689 invenitur,
2991 621 3146 676 istud
3199 637 3313 675 non
3352 618 3608 675 sufﬁciat
3636 634 3763 674 sen-

2116 711 2244 777 tire,
2275 711 2427 781 quod
2460 712 2528 765 de
2561 711 2953 781 prrejudicatis
2990 712 3114 782 jam
3163 707 3463 764 catholicis
3511 706 3766 763 sentitur

2115 799 2202 853 vel
2254 798 2603 871 intelligitur
2666 798 2826 867 viris,
2898 816 2968 853 ne
3035 798 3212 854 simili
3275 814 3485 861 causa,
3551 795 3766 852 similis

2117 887 2375 943 sufﬁciat
2421 888 2737 943 excusatio.
2792 911 2818 937 ››
2877 888 2934 944 Si
2987 888 3346 956 conceditur,
3383 891 3448 941 ut
3478 884 3764 958 quidquid

2117 976 2176 1030 in
2210 975 2373 1030 libris
2432 976 2669 1031 noxium
2723 977 3070 1048 reperitur‘,
3119 977 3189 1030 ab
3241 975 3370 1032 aliis
3419 977 3763 1046 corruptum

2118 1066 2193 1120 sit
2225 1066 2330 1136 [Αἱ.
2364 1065 2420 1119 id
2450 1065 2498 1120 si
2528 1065 2607 1119 ita
2638 1069 2728 1120 est
2759 1065 2927 1131 nihil,
2987 1065 3133 1135 6143.],
3181 1064 3326 1120 nihil
3385 1079 3589 1119 eorum
3636 1062 3770 1129 erit,

2119 1171 2370 1226 quorum
2407 1155 2588 1209 fertur
2619 1155 2993 1222 nominibus;
3029 1156 3129 1210 sed
3164 1154 3256 1209 his
3307 1152 3706 1226 deputabitur,
3735 1169 3769 1206 a

2119 1244 2332 1313 quibus
2363 1242 2577 1297 dicitur
2607 1259 2734 1298 esse
2751 1244 3419 1314 vitiatum.Quamquam
3444 1246 3500 1298 et
3529 1240 3766 1296 illorum

2121 1349 2230 1386 non
2267 1331 2394 1396 erit,
2423 1349 2671 1403 quorum
2723 1332 2945 1387 incerta
2997 1337 3135 1388 sunt
3164 1331 3440 1388 nomina:
3478 1335 3656 1402 atque
3689 1330 3772 1385 ita

2120 1421 2240 1487 fiet,
2292 1425 2357 1475 ut
2404 1421 2546 1475 dum
2587 1421 2852 1477 omnium
2899 1422 3099 1476 omnia
3147 1426 3305 1489 sunt,
3343 1420 3488 1476 nihil
3519 1419 3770 1491 alicujus

2121 1509 2215 1563 sit.
2268 1508 2383 1563 Hac
2433 1509 2789 1564 delensionis
2837 1510 3275 1582 perturbatione
3335 1527 3440 1565 nec
3489 1509 3766 1574 Marcion,

2121 1614 2226 1652 nec
2257 1597 2741 1666 Manichazus,nec
2773 1599 3092 1666 Arius,nec
3144 1597 3463 1653 Eunomius
3510 1596 3772 1652 accusari

2121 1689 2429 1757 poterunt:
2466 1685 2602 1756 quia
2634 1685 2919 1757 quidquid
2955 1704 3062 1742 nos
3095 1687 3166 1742 ab
3199 1686 3290 1741 bis
3339 1685 3516 1758 impie
3546 1685 3772 1740 dictum

2121 1775 2528 1844 objecerimus,
2561 1774 2835 1846 discipuli
2886 1776 3342 1848 respondebunt,
3396 1791 3510 1830 non
3561 1792 3594 1830 a
3641 1791 3774 1830 ma-

364 1869 496 1920 tur:
533 1867 734 1936 etquo
765 1863 1248 1920 sensuinbonam
1277 1868 1500 1936 partem
1528 1863 1706 1935 accipi
1741 1864 2006 1929 debeant,
2041 1898 2088 1962 Β
2122 1864 2322 1935 gistris
2383 1864 2506 1918 suis
2564 1864 2786 1919 editum
2847 1862 2955 1936 [ΑΙ.
3019 1865 3288 1930 dictum],
3349 1865 3450 1919 sed
3514 1863 3585 1918 ab
3655 1863 3771 1918 ini-

364 1953 714 2027 persuadere
769 1956 1027 2008 conatur.
1097 1951 1213 2007 Hoc
1264 1953 1550 2007 duntaxat
1605 1953 1675 2006 de
1746 1952 1886 2006 Filio
1953 1956 2008 2006 et

365 2041 587 2114 Spiritu
635 2045 858 2097 sancto.
905 2042 1187 2097 Czeterum
1237 2040 1295 2095 in
1355 2039 1486 2096 aliis
1532 2041 1906 2112 dogmatibus
1956 2045 2011 2094 et

365 2131 654 2188 Eusebius
719 2135 776 2186 et
840 2129 1124 2202 Didymus
1180 2129 1547 2202 apertissime
1620 2129 1679 2184 in
1747 2129 2011 2201 Origenis

365 2221 512 2276 scita
577 2219 923 2288 concedunt,
983 2223 1040 2274 et
1096 2219 1251 2290 quod
1320 2235 1524 2275 omnes
1591 2218 1855 2273 Ecclesiae
1924 2233 2010 2273 re-

363 2309 634 2382 probant,
702 2307 984 2363 catholice
1049 2311 1106 2362 et
1171 2307 1263 2380 pie
1331 2307 1552 2362 dictum
1621 2323 1748 2363 esse
1815 2307 2012 2362 delen-

366 2399 534 2454 dunt

438 2489 527 2543 17.
583 2488 811 2558 Ruﬁnus
852 2487 919 2542 de
963 2486 1364 2542 adatteratione
1424 2486 1693 2542 librorum
1741 2485 2011 2555 Origenis.

364 2608 434 2620 -—-
463 2576 778 2632 Videamus
829 2580 1046 2651 tamen,
1099 2575 1315 2647 quibus
1359 2574 1721 2647 argumentis
1770 2575 2018 2646 probare

369 2666 592 2721 nitatur
655 2663 919 2736 Origenis
988 2664 1058 2719 ab
1125 2663 1418 2719 hazreticis
1490 2664 1710 2734 scripta
1779 2663 2014 2717 vitiata.

370 2752 716 2823 «Clemens,
766 2752 980 2823 inquit,
1037 2752 1435 2824 apostolorum
1507 2751 1852 2822 discipulus,
1917 2751 2018 2822 qui

369 2842 643 2898 Romanae
709 2840 974 2897 Ecclesiae
1041 2845 1175 2913 post
1242 2839 1537 2912 apostolos
1587 2840 1897 2912 episcopus
1965 2845 2021 2895 et

369 2933 592 3003 martyr
621 2929 751 2998 fuit,
805 2928 986 2984 libros
1039 2928 1274 2998 edidit‘,
1324 2929 1424 3001 qui
1473 2928 1846 3000 appellantur
1894 2927 2017 2981 ἀνα-

369 3016 706 3095 γνωρισμός,
759 3019 818 3074 id
867 3023 974 3087 est,
1030 3019 1350 3090 recognitio,
1399 3018 1455 3072 in
1509 3017 1724 3089 quibus
1774 3033 1906 3072 cum
1951 3034 2019 3072 ex

370 3125 622 3183 persona
657 3107 810 3164 Petri
855 3106 1102 3180 apostoli
1152 3107 1434 3174 doctrina,
1486 3106 1654 3178 quasi
1703 3123 1835 3161 vere
1879 3123 2016 3178 apo-

371 3199 576 3256 stolica
619 3199 678 3253 in
729 3196 1186 3269 quamplurimis
1235 3200 1592 3268 exponatur:
1628 3195 1688 3250 in
1719 3195 2015 3266 aliquibus

2125 1953 2291 2008 micis
2359 1969 2485 2008 esse
2553 1953 2854 2008 violatum.
2925 1952 3042 2008 Hoc
3108 1968 3317 2023 genere
3371 1957 3427 2007 et
3492 1953 3600 2007 iste
3649 1951 3778 2023 ipse

2121 2047 2259 2096 tuus
2294 2041 2462 2109 liber,
2495 2045 2633 2096 tuus
2691 2059 2806 2096 non
2861 2043 2992 2107 erit,
3044 2043 3143 2097 sed
3187 2041 3428 2097 forsitan
3484 2057 3671 2096 meus.
3708 2041 3779 2095 Et

2123 2146 2290 2185 meus
2323 2128 2489 2196 liber,
2524 2147 2638 2201 quo
2669 2131 2774 2185 tibi
2806 2135 3118 2185 accusatus
3152 2130 3548 2201 respondeo,si
3581 2130 3639 2184 in
3672 2129 3776 2186 illo

2123 2218 2343 2290 aliquid
2375 2219 2838 2290 reprehenderis,
2873 2237 2986 2275 non
3020 2219 3129 2275 erit
3159 2237 3348 2285 meus,
3401 2220 3502 2275 sed
3544 2224 3708 2284 tuus,
3742 2237 3778 2275 a

2122 2324 2237 2379 quo
2288 2307 2754 2380 reprehenditur.
2805 2310 2872 2363 Et
2921 2309 3060 2362 dum
3111 2309 3310 2363 omnia
3353 2309 3424 2364 ad
3475 2308 3778 2364 haereticos

2128 2398 2328 2464 refers,
2361 2398 2503 2468 quid
2538 2396 2952 2452 ecclesiasticis
2974 2397 3443 2470 tribues,quibus
3473 2399 3778 2472 proprium

2130 2486 2277 2541 nihil
2310 2486 2636 2558 relinquis?
2666 2487 2729 2540 Et
2761 2488 3075 2558 quomodo,
3110 2487 3363 2559 inquies,
3398 2488 3456 2542 in
3489 2487 3655 2543 libris
3680 2503 3779 2543 eo-

2129 2593 2260 2631 rum
2292 2575 2499 2630 vitiosa
2525 2575 2810 2631 nonnulla
2862 2576 3049 2631 sunt?
3097 2576 3156 2630 Si
3205 2593 3296 2631 me
3345 2593 3552 2632 causas
3610 2576 3780 2631 vitio-

2127 2682 2256 2719 rum
2291 2665 2514 2719 nescire
2532 2666 2906 2737 respondero,
2941 2682 3054 2720 non
3083 2664 3280 2720 statim
3314 2665 3445 2721 illos
3474 2665 3777 2721 haereticos

2118 2753 2417 2825 judicabo.
2455 2753 2599 2807 Fieri
2660 2753 2816 2809 enim
2882 2759 3089 2826 potest,
3160 2758 3224 2809 ut
3288 2753 3375 2809 vel
3433 2752 3781 2826 simpliciter

2129 2843 2471 2907 erraverint,
2525 2842 2676 2898 509
2728 2843 2814 2898 vel
2862 2842 2973 2898 alio
3024 2859 3201 2898 sensu
3235 2842 3595 2914 scripserint,
3627 2842 3782 2898 vela

2126 2929 2382 2986 librariis
2415 2931 2701 3002 imperitis
2737 2948 2938 2987 eorum
2965 2931 3248 3004 paulatim
3285 2932 3504 3004 scripta
3534 2948 3778 3004 corrup-

2128 3023 2186 3074 ta
2219 3019 2357 3074 sint.
2391 3017 2492 3074 Vel
2542 3024 2693 3074 certe
2749 3025 3063 3091 antequam
3112 3020 3170 3074 in
3212 3019 3560 3076 Alexandria
3606 3019 3780 3093 quasi

2127 3108 2485 3163 daemonium
2521 3109 2909 3164 meridianum
2944 3109 3119 3165 Arius
3141 3109 3782 3175 nasceretur,innocen-

2076 3213 2090 3220 ‘
2130 3202 2219 3253 ter
2266 3198 2534 3268 quaedam
2590 3204 2646 3253 et
2694 3198 2892 3252 minus
2940 3203 3074 3254 ante
3123 3198 3297 3254 locuti
3347 3203 3504 3266 sunt,
3557 3203 3613 3254 et
3651 3215 3780 3270 quae

380 3288 464 3343 ita
491 3287 761 3343 Eunomii
793 3287 1010 3359 dogma
1038 3285 1447 3352 inseritur',ut
1477 3284 1622 3339 nihil
1654 3284 1810 3340 aliud
1844 3301 2021 3356 quam
2055 3290 2097 3356 C
2137 3303 2252 3340 non
2310 3287 2538 3357 possint
2595 3302 2999 3357 pervcrsorum
3057 3287 3363 3342 hominum
3423 3286 3781 3344 calumniam

383 3377 510 3450 ipse
577 3375 896 3431 Eunomius
946 3375 1248 3447 disputare
1314 3375 1603 3442 credatur,
1651 3374 1859 3428 Filium
1928 3373 2027 3430 Dei

383 3469 643 3521 creatum
675 3463 826 3521 508
855 3464 926 3518 de
965 3463 1146 3519 nullis
1193 3463 1555 3519 exstantibus
1601 3480 1962 3520 asseverans.
1999 3486 2026 3511 ››

381 3554 451 3609 Et
481 3557 614 3626 post
644 3552 778 3620 alia,
811 3569 938 3624 qua:
991 3551 1278 3624 prolixum
1327 3557 1415 3607 est
1463 3551 1752 3608 scribere:
1789 3575 1815 3600 ‹‹
1852 3551 2021 3617 Quid,

379 3658 598 3715 quaeso,
631 3642 732 3708 ait,
765 3641 835 3697 de
866 3641 958 3696 his
1008 3639 1380 3696 sentiendum
1424 3645 1533 3704 est,
1586 3642 1738 3712 quod
1793 3646 2023 3712 aposto-

377 3731 529 3789 licus
558 3732 687 3788 vir8
717 3731 989 3787 haeretica
1039 3730 1384 3803 scripserit?
1432 3733 1518 3785 An
1571 3730 1626 3784 id
1673 3729 1864 3801 potius
1897 3747 2023 3785 cre-

377 3821 658 3889 dendum,
709 3821 864 3894 quod
907 3818 1161 3893 perversi
1206 3818 1473 3876 homines
1524 3819 1596 3874 ad
1641 3819 2021 3874 assertionem

375 3912 719 3985 dogmatum
741 3926 984 3966 suorum
1009 3910 1118 3964 sub
1140 3909 1396 3964 virorum
1415 3912 1750 3964 sanctorum
1765 3907 2019 3975 nomine,

375 4003 660 4072 tanquam
693 3998 921 4055 facilius
951 3998 1258 4064 credenda,
1293 3997 1736 4053 iuterseruerint
1773 4014 1859 4061 ea,
1894 4014 2020 4068 quae

378 4088 466 4144 illi
498 4105 603 4145 nec
641 4089 918 4154 sensisse,
959 4104 1064 4144 nec
1104 4087 1413 4159 scripsisse
1461 4087 1729 4143 credendi
1777 4089 1958 4141 sunt?
1993 4109 2019 4135 »

379 4177 732 4233 Clementem
765 4193 998 4249 quoque
1027 4176 1427 4232 Alexandrinae
1476 4175 1739 4232 Ecclesiae
1779 4175 2016 4247 presby-

376 4271 592 4334 terum,
641 4265 830 4322 virum
880 4265 1254 4333 catholicum,
1304 4265 1508 4320 scribit
1572 4264 1629 4319 in
1687 4264 1852 4319 libris
1891 4265 2017 4319 suis

375 4355 672 4412 interdum
694 4353 794 4411 Dei
820 4353 1028 4409 Filium
1062 4354 1249 4409 dicere
1279 4358 1560 4424 creatum,
1593 4362 1645 4409 et
1677 4352 2014 4424 Dionysium

369 4445 730 4502 Alexandria:
775 4443 938 4500 urbis
982 4443 1320 4516 episcopum
1347 4485 1361 4510 ,
1425 4444 1615 4499 virum
1684 4443 2012 4498 eruditissi-

365 4551 553 4604 mum,
576 4538 778 4591 contra
808 4533 1123 4589 Sabellium
1166 4537 1417 4606 quatuor
1462 4531 1861 4589 voluminibus
1889 4530 2013 4586 dis-

366 4628 694 4699 putantem,
744 4623 801 4678 in
851 4623 1130 4678 Arianum
1179 4623 1393 4696 dogma
1439 4621 1651 4678 delabi.
1682 4622 1748 4676 Et
1778 4620 1888 4677 sub
1919 4619 2011 4674 his

367 4714 648 4788 exemplis
695 4713 838 4769 illud
890 4713 1030 4786 agit,
1077 4717 1140 4768 ut
1189 4729 1305 4768 non
1356 4710 1780 4768 ecclesiasticos
1827 4713 1882 4764 et
1925 4725 2014 4764 ca-

367 4804 616 4862 tholicos
644 4805 800 4860 viros
832 4802 982 4859 male
1015 4801 1289 4865 sensisse,
1323 4801 1422 4856 sed
1455 4800 1528 4855 ab
1584 4798 1870 4853 haereticis
1918 4815 2011 4853 eo-

368 4911 500 4951 rum
532 4894 751 4966 scripta
798 4895 1072 4964 corrupta
1111 4906 1239 4946 esse
1285 4891 1551 4955 testetur,
1602 4893 1658 4942 et
1706 4884 2013 4942 concludat

368 4985 442 5042 ad
471 4988 822 5051 extremum,
871 4981 1115 5057 dicens:
1164 5001 1192 5029 ‹‹
1223 4979 1304 5034 De
1355 4977 1600 5049 Origene
1648 4991 1901 5048 quoque,
1952 4975 2011 5030 in

439 5181 455 5214 ¹
489 5181 594 5249 Qui
622 5180 971 5252 appellantur
1006 5172 1468 5252 Advavvatcpécz
1486 5172 1701 5252 Nullus
1716 5176 1819 5252 est
1830 5175 2014 5252 codex

366 5268 480 5309 ms.
507 5245 671 5323 apud
693 5245 705 5252 ’
731 5268 858 5323 nos,
919 5249 1019 5323 qui
1073 5245 1245 5323 pure'
1274 5245 1398 5323 non
1456 5245 1620 5323 legat
1641 5250 2009 5298 ΑΝΑΓΝΩΡΙ-

367 5317 576 5389 ΣΜΟΣζ
604 5321 738 5378 licet
768 5317 1021 5394 imperiti
1068 5317 1313 5394 lectores
1353 5321 1409 5373 et
1450 5317 1761 5394 scriptores
1811 5334 2014 5388 posue-

366 5397 487 5472 rint
517 5387 588 5472 ad
617 5387 940 5466 marginem
969 5391 1361 5472 quorumdam
1393 5387 1836 5472 exemplarium}
1867 5406 2009 5444 ana-

365 5461 932 5536 theorismos;quem
964 5461 1218 5520 errorem
1243 5462 1492 5518 retinent
1539 5461 1677 5517 editi
1727 5465 1859 5516 ante
1904 5478 2009 5516 nos

369 5538 527 5594 libri.
562 5538 850 5592 MARTIAN.

440 5610 608 5666 ’Hac
664 5607 838 5662 etiam
879 5606 950 5660 de
1002 5623 1195 5662 causa.
1249 5606 1534 5662 Clementis
1591 5605 2008 5673 rccognitiones,

361 5683 490 5755 jam
538 5680 676 5755 inde
726 5679 824 5755 ab_
845 5677 1094 5755 Eusebio
1138 5676 1559 5755 suppositionis
1615 5677 1687 5732 ab
1735 5676 2010 5733 omnibus

364 5747 760 5859 postulantur.
792 5749 1040 5810 Rufinus
1070 5747 1272 5809 Latine
1300 5747 1491 5810 vertit.

2135 3375 2444 3431 declinare.
2479 3375 2850 3446 Objiciuntur
2879 3376 3111 3449 Origeni
3146 3376 3412 3443 crimina,
3456 3382 3514 3433 et
3541 3382 3603 3432 tu
3663 3393 3782 3432 non

2133 3464 2301 3519 illum
2361 3465 2646 3530 defendis,
2703 3466 2803 3520 sed
2862 3465 3005 3521 alios
3058 3483 3336 3532 accusas;
3399 3483 3502 3521 nec
3553 3466 3779 3522 crimen

2135 3555 2351 3618 renuis,
2389 3555 2487 3609 sed
2522 3553 2976 3609 criminosorum
3014 3556 3249 3610 turbam
3278 3555 3549 3625 requiris.
3584 3555 3644 3610 Si
3675 3555 3783 3611 tibi

2133 3643 2444 3711 diceretur,
2493 3660 2644 3714 quos
2685 3643 2862 3698 habet
2906 3644 3183 3716 Origenes
3234 3643 3294 3699 in
3327 3644 3533 3700 haeresi
3565 3645 3782 3711 socios,

2133 3735 2285 3786 recte
2317 3731 2431 3786 ista
2460 3733 2737 3804 proferes.
2772 3733 2938 3788 Nunc
2967 3738 3099 3788 ante
3146 3734 3444 3805 quaeritur,
3491 3733 3611 3789 haec
3652 3750 3782 3806 quae

2132 3820 2190 3875 in
2223 3820 2488 3892 Origenis
2531 3820 2696 3876 libris
2747 3821 2965 3893 scripta
3015 3822 3406 3893 reperiuntur,
3456 3823 3609 3878 bona
3661 3823 3786 3880 sint

2131 3926 2201 3964 an
2236 3909 2436 3964 mala?
2467 3910 2670 3975 Taces,
2704 3915 2760 3965 et
2791 3927 2894 3981 pro
2926 3910 3018 3965 his
3051 3910 3165 3965 alia
3195 3909 3477 3982 loqueris.
3505 3911 3782 3968 Clemens

2129 3999 2237 4054 hoc
2269 3997 2368 4064 ait,
2424 3999 2730 4071 Dionysius
2791 3999 2848 4052 in
2899 3999 3010 4054 isto
3059 4015 3252 4055 errore
3280 4000 3782 4073 deprehenditur:

2127 4088 2488 4143 Athanasius
2520 4090 2640 4157 [Αἰ.
2675 4089 3046 4159 Anastasius]
3076 4088 3423 4162 episcopuss
3455 4090 3538 4146 sic
3564 4091 3782 4164 Diony-

2127 4176 2197 4232 sii
2227 4177 2486 4232 defendit
2517 4194 2809 4234 errorem:
2837 4177 3487 4252 apostolorum'scripta
3508 4179 3787 4237 similiter

2126 4267 2441 4338 depravata
2498 4271 2668 4330 sunt;
2726 4268 3018 4338 quomodo
3077 4272 3135 4323 et
3193 4286 3348 4324 nunc
3401 4269 3472 4324 ab
3505 4269 3636 4326 aliis
3669 4269 3779 4325 tibi

2125 4355 2412 4411 haereseos
2467 4355 2689 4410 crimen
2739 4355 3110 4430 impingitur,
3166 4362 3222 4412 et
3251 4362 3313 4412 tu
3362 4375 3466 4430 pro
3506 4362 3560 4414 te
3592 4363 3777 4427 taces,

2124 4449 2178 4498 et
2210 4461 2312 4515 pro
2355 4461 2447 4499 me
2498 4444 2815 4500 confiteris.
2869 4446 2985 4517 Ego
3035 4445 3329 4501 neminem
3382 4463 3615 4514 accuso,
3665 4463 3775 4520 pro

2125 4548 2217 4587 me
2248 4538 2478 4588 tantum
2512 4533 2884 4605 respondisse
2912 4539 3238 4590 contentus.
3271 4535 3394 4590 Non
3418 4553 3550 4591 sum
3609 4536 3768 4608 quod

2121 4621 2351 4693 arguis:
2386 4621 2435 4675 si
2467 4625 2524 4676 tu
2555 4639 2617 4677 es
2643 4624 2797 4694 quod
2832 4623 3147 4690 accusaris,
3208 4623 3332 4695 ipse
3361 4623 3594 4680 videris.
3655 4624 3775 4680 Nec

2122 4709 2415 4766 absolutio
2450 4728 2579 4766 mea
2610 4728 2728 4778 me,
2762 4729 2866 4767 nec
2915 4719 3112 4768 reatus
3145 4718 3221 4777 te,
3263 4719 3364 4768 aut
3400 4713 3775 4770 innocentem

2122 4804 2223 4854 aut
2254 4800 2570 4855 obnoxium
2604 4800 2836 4855 crimini
2869 4803 3222 4873 probabunt.

2193 4891 2288 4944 18.
2362 4890 2604 4960 Ερίδίοία
2670 4891 2929 4963 Origenis
2997 4893 3065 4945 ad
3129 4893 3335 4947 amicos
3398 4893 3777 4950 Alexandria.

2123 4977 2480 5047 Origenianae
2534 4980 2781 5050 epistola?
2850 4982 3007 5051 prior
3065 4997 3224 5051 pars.
3327 5013 3396 5021 --
3460 4981 3777 5039 Ριιωωὶεεα

2123 5249 2140 5302 Ι
2190 5177 2210 5210 ³
2241 5177 2488 5233 Additur
2513 5176 2575 5232 in
2601 5177 2796 5233 Rufini
2827 5177 3207 5245 editionibus,
3261 5179 3368 5233 imo
3386 5195 3526 5252 pene
3555 5184 3778 5252 aposto-

2144 5265 2225 5302 as.

2144 5265 2225 5303 us.

2191 5321 2212 5353 ⁴
2241 5319 2356 5392 Nos
2388 5320 2469 5376 ita
2494 5336 2560 5375 ex
2591 5318 2826 5392 ingenio
2859 5321 3234 5390 reposuimus
3264 5324 3512 5388 noxium,
3546 5338 3684 5378 cum
3714 5323 3776 5379 in

2120 5391 2294 5474 editis
2324 5391 2489 5474 libris
2521 5391 2800 5474 pmnibus
2853 5392 3014 5447 nullo
3073 5409 3251 5448 sensu
3303 5393 3590 5450 hactenus
3622 5393 3774 5450 obti-

2122 5465 2348 5518 nuisset
2379 5465 2626 5518 omnium

2193 5535 2213 5567 ⁵
2247 5536 2574 5610 Athanasius
2604 5535 2902 5610 episcopus.
2938 5534 3045 5589 Pro
3078 5535 3312 5610 nomine
3335 5536 3629 5592 Athanasii
3649 5536 3776 5610 plu-

2123 5620 2215 5659 res
2249 5607 2477 5682 codices
2527 5606 2798 5682 retinent,
2850 5624 3044 5662 errore
3077 5607 3454 5664 librariorum
3485 5606 3773 5682 veterum,

2121 5693 2339 5736 nomen
2371 5678 2668 5736 Anastasii.
2702 5681 2984 5735 Maurus.
