3958 6432
180 438 293 501 461

1399 413 1710 504 CONTRA
1758 433 2118 503 RUFINUM
2162 435 2312 500 LIB.
2359 436 2436 500 η.

3477 407 3598 514 ibi

186 574 496 632 falsatione
524 575 598 631 ab
630 573 944 644 haereticis,
974 573 1394 648 apostolorum,
1444 579 1502 630 et
1532 574 1839 645 utriusque
1868 579 1920 645 Α
1951 571 2186 628 chaele:
2246 592 2266 620 α
2321 574 2583 645 Increpet
2623 573 2727 629 tibi
2772 574 3078 646 Dominus,
3127 580 3415 653 diabole;.
3461 609 3489 635 »
3540 590 3598 643 et

184 663 520 732 Clementis,
557 669 733 736 atque
764 663 1049 737 Dionysii,
1093 664 1248 720 venit
1295 665 1365 718 ad
1421 663 1749 736 Origenem,
1783 668 1840 718 et

184 752 278 809 his
311 755 508 810 verbis
539 753 837 826 loquitur.
875 775 902 803 «
934 753 1126 826 Ipsius
1176 753 1284 808 hoc
1333 753 1744 825 conquerentis
1785 756 1842 806 et

183 843 550 915 deplorantis
579 843 814 915 scriptis
863 859 930 899 ac
977 843 1218 898 vocibus
1262 842 1656 915 probavimus.
1689 840 1837 905 Quid

183 933 349 989 enim
381 932 505 1004 ipse
535 949 666 987 cum
699 931 893 988 adhuc
942 932 998 986 in
1050 949 1221 987 carne
1270 932 1522 1000 vivens‘,
1555 930 1838 996 sentiens,

183 1021 510 1093 vidensque
537 1038 852 1094 perpessus
893 1021 970 1077 sit
1015 1022 1087 1076 de
1135 1021 1418 1077 librorum
1473 1036 1713 1076 suorum
1749 1017 1838 1073 vel

183 1125 533 1165 sermonum
565 1111 1064 1182 corruptionibus,
1099 1109 1185 1164 vel
1234 1109 1581 1165 adulterinis
1628 1107 1838 1164 editio-

184 1199 383 1268 nibus,
417 1216 486 1255 ex
518 1201 705 1272 ipsius
738 1199 984 1272 epistola
1015 1217 1188 1272 quam
1225 1199 1427 1254 scribit
1449 1199 1521 1254 ad
1549 1197 1838 1269 quosdam

185 1289 397 1344 charos
451 1306 592 1344 suos
650 1288 1085 1357 Alexandriam,
1163 1289 1459 1343 evidenter
1515 1289 1838 1342 docetur.»

184 1378 515 1450 Statimque
563 1377 895 1450 exemplum
937 1377 1246 1450 subjungit
1294 1376 1573 1450 epistolae,
1615 1382 1672 1431 et
1712 1392 1838 1447 quae

183 1466 504 1522 falsitatem
536 1467 891 1540 scriptorum
919 1467 1184 1540 Origenis
1230 1466 1516 1522 hazreticis
1565 1466 1836 1537 imputat,

186 1555 316 1629 ipse
361 1555 570 1628 incipit
609 1574 642 1612 a
697 1555 984 1613 falsitate:
1042 1574 1156 1612 non
1218 1557 1300 1612 ita
1353 1556 1744 1627 interpretans
1776 1557 1842 1606 ut

187 1644 443 1701 habetur
468 1645 542 1700 in.
559 1645 776 1711 Graeco,
811 1663 913 1700 nec
954 1646 1011 1700 id
1050 1646 1269 1702 Latinis
1316 1645 1648 1711 insinuans,
1684 1641 1838 1714 quod

188 1735 318 1806 ipse
350 1734 408 1789 in
435 1734 562 1790 suis
591 1733 805 1790 litteris
832 1735 1156 1807 profitetur.
1188 1735 1452 1806 Cumque
1475 1731 1575 1788 illa
1595 1730 1840 1804 epistola

187 1827 310 1879 tota
341 1823 701 1879 Demetrium
731 1822 1130 1879 Alexandrinae
1182 1823 1344 1879 urbis
1394 1822 1727 1894 pontificem
1762 1820 1840 1876 la-

185 1916 364 1978 ceret,
414 1917 472 1968 et
537 1913 595 1967 in
656 1913 836 1968 totius
897 1913 1056 1969 orbis
1115 1913 1422 1986 episcopos
1483 1916 1541 1968 et
1599 1910 1841 1966 clericos

183 2001 516 2069 invehatur,
537 2007 594 2056 et
612 2001 829 2057 frustra
848 2001 922 2057 ah
945 2001 1222 2057 Ecclesiis
1263 2001 1840 2057 excommunicatum

185 2107 317 2147 esse
351 2107 413 2147 se
443 2090 619 2156 dicat,
653 2107 754 2145 nec
786 2089 933 2146 velle
965 2090 1023 2146 in
1049 2090 1376 2146 maledictis
1400 2092 1611 2146 referre
1632 2088 1840 2155 vicem,

185 2197 260 2236 ne
292 2179 513 2236 scilicet
542 2178 866 2235 maledicus
912 2179 1181 2234 videatur
1219 2195 1348 2235 esse
1399 2179 1596 2245 homo,
1647 2176 1747 2249 qui
1779 2175 1838 2230 in

187 2274 422 2325 tantum
452 2272 660 2324 cautus
685 2268 762 2324 sit
792 2268 862 2324 ad
895 2267 1387 2337 maledicendum,
1418 2271 1482 2323 ut
1507 2284 1578 2324 ne
1607 2264 1838 2322 diabolo

187 2359 430 2431 quidem
488 2359 698 2414 audeat
756 2359 1134 2426 maledicere;
1217 2359 1372 2415 unde
1444 2363 1500 2414 et
1555 2355 1836 2423 Candide,

185 2447 582 2504 Valentiniani
630 2447 922 2519 dogmatis
974 2447 1266 2515 sectatori,
1322 2445 1724 2502 calumniandi
1779 2462 1841 2500 se

185 2537 554 2594 occasionem
589 2535 739 2592 510
773 2536 1020 2601 dederit,
1063 2537 1218 2609 quod
1269 2535 1570 2592 diabolum
1620 2533 1842 2591 salvan-

186 2628 274 2683 da:
305 2626 513 2682 dixerit
541 2642 668 2682 esse
697 2631 918 2681 naturae
946 2643 958 2680 :
987 2626 1076 2681 hic
1100 2625 1470 2682 dissimulato
1494 2627 1838 2697 argumento

184 2715 468 2789 epistolae,
503 2715 669 2788 fingit
698 2733 802 2788 pro
833 2715 1100 2788 Origene,
1151 2717 1305 2788 quod
1355 2714 1454 2770 ille
1503 2731 1618 2770 non
1649 2713 1837 2784 loqui-

186 2809 304 2861 tur.
367 2805 531 2862 Unde
577 2803 834 2876 epistolaa
890 2804 1077 2877 ipsius
1126 2809 1351 2876 partem
1403 2802 1710 2877 paululum
1773 2817 1840 2857 ex

186 2893 594 2968 superioribus
641 2895 940 2965 transtuli,
987 2899 1043 2950 et
1083 2894 1174 2950 his
1197 2895 1389 2965 junxi,
1433 2911 1560 2966 quae
1609 2893 1680 2948 ab
1713 2892 1838 2964 ipso

187 2984 538 3041 commatice
569 2982 883 3055 doloseque
913 2983 1199 3039 translata
1223 2987 1382 3049 sunt,
1415 2987 1480 3038 ut
1501 2998 1616 3054 quo
1647 2980 1838 3036 consi-

188 3073 270 3129 lio
299 3073 603 3145 superiora
641 3073 912 3141 tacuerit,
955 3073 1079 3145 ipse
1131 3072 1312 3130 lector
1358 3075 1655 3145 agnoscat.
1690 3074 1838 3126 Con-

189 3169 285 3219 tra
314 3162 644 3218 sacerdotes
675 3178 810 3235 ergo
842 3161 1108 3218 Ecclesiae
1131 3161 1481 3234 generaliter
1505 3161 1836 3232 disputans,

191 3270 226 3309 a
259 3252 472 3325 quibus
502 3251 783 3324 indignus
831 3251 1242 3308 communione
1290 3252 1418 3322 ejus
1463 3251 1651 3306 fuerat
1679 3249 1838 3321 judi-

1870 1963 1918 2027 B

1948 662 2223 718 Zacharia
2256 662 2564 718 similiter:
2595 686 2620 713 ‹‹
2649 665 2850 720 Utrum
2873 665 3151 740 increpet,
3177 688 3248 726 an
3273 690 3386 729 non
3413 675 3597 733 incre-

1950 755 2046 822 pet
2077 752 2230 807 Deus
2282 751 2604 823 diabolum,
2655 753 2779 825 ipse
2824 755 3050 812 viderit.
3101 759 3170 814 Et
3217 761 3266 816 si
3316 763 3597 837 increpat,

1949 841 2242 913 quomodo
2276 841 2554 912 increpet,
2589 841 2712 914 ipse
2744 851 3044 916 agnoscat.
3084 869 3103 897 ιι
3152 849 3218 904 Et
3252 857 3381 922 post
3411 855 3601 911 multa

1951 946 2076 1001 quae
2137 929 2425 1002 prolixum
2486 936 2576 986 est
2641 933 2916 1002 scribere,
2981 937 3177 994 addit:
3233 963 3260 989 «
3333 942 3448 998 Nos
3488 943 3597 1000 hoc

1949 1019 2242 1074 sentimus
2276 1019 2428 1091 quod
2463 1019 2770 1090 ejicientur
2798 1023 2868 1078 de
2913 1041 3091 1096 regno
3144 1028 3446 1097 ccelorum,
3480 1049 3597 1089 non

1951 1107 2141 1162 solum
2220 1108 2320 1179 qui
2387 1109 2633 1180 grandia
2695 1118 3100 1182 peccaverunt,
3157 1118 3316 1173 verbi
3384 1121 3594 1193 gratia,

1951 1197 2350 1263 fornicatores,
2385 1203 2441 1252 et
2471 1197 2740 1266 adulteri,
2774 1205 2829 1254 et
2882 1203 3278 1263 masculorum
3323 1211 3599 1266 concubi-

1953 1291 2127 1352 tores,
2181 1291 2238 1342 et
2284 1287 2464 1352 fures,
2516 1289 2616 1343 sed
2667 1293 2723 1343 et
2771 1291 2870 1361 qui
2921 1293 3151 1350 minora
3196 1297 3596 1370 deliquerunt,

1949 1391 2018 1428 ex
2044 1392 2109 1429 eo
2141 1376 2296 1445 quod
2331 1377 2612 1448 scriptum
2652 1382 2776 1432 est:
2831 1403 2854 1428 ‹‹
2891 1380 3091 1454 Neque
3139 1385 3375 1451 ebriosi,
3408 1406 3600 1461 neque

1951 1463 2219 1518 maledici
2254 1481 2521 1537 regnum,
2557 1466 2655 1521 Dei
2688 1469 3159 1544 possidebunt([.
3186 1474 3306 1531 Cor.
3330 1495 3409 1543 v1,
3442 1479 3530 1550 10)
3555 1498 3595 1547 ;.

1954 1557 2010 1607 et
2058 1558 2178 1608 tam
2229 1554 2284 1608 in
2320 1555 2576 1611 bonitate
2637 1573 2814 1628 quam
2875 1558 2934 1614 in
2969 1563 3273 1619 severitate
3331 1566 3432 1621 Dei
3464 1585 3593 1625 esse

1951 1657 2312 1698 mensuram.
2349 1643 2509 1698 Unde
2549 1650 2759 1700 cuncta
2810 1647 3054 1704 nitimur
3101 1668 3270 1722 agere
3316 1655 3595 1713 consilio:

1951 1729 2008 1786 in
2041 1731 2158 1786 vini
2191 1749 2422 1804 quoque
2454 1737 2614 1805 potu,
2649 1738 2705 1789 et
2734 1734 2793 1789 in
2845 1737 3239 1796 moderatione
3283 1745 3594 1814 sermonis,

1952 1823 2016 1874 ut
2045 1820 2192 1875 nulli
2224 1822 2550 1878 audeamus
2581 1823 2947 1881 maledicere.
3000 1827 3148 1901 Ergo
3194 1847 3325 1886 eum
3360 1838 3599 1906 propter

1952 1909 2098 1965 511
2145 1910 2246 1965 Dei
2280 1913 2548 1966 timorem
2583 1930 2890 1970 caveamus
2935 1915 2994 1971 in
3043 1920 3382 1992 quempiam
3413 1923 3598 1980 male-

1951 1998 2107 2054 dicta
2138 2000 2422 2068 conferre,
2455 2004 2826 2060 recordantes
2857 2004 3020 2061 illius
3069 2009 3230 2076 dicti,
3267 2033 3295 2059 ‹‹
3329 2011 3454 2066 Νοη
3488 2013 3600 2070 fuit

1949 2089 2450 2157 aususjudicium
2501 2090 2712 2147 inferre
2772 2093 3153 2166 blasphemiae
3212 2100 3388 2169 (Iuda:
3437 2103 3514 2173 9),
3569 2126 3598 2153 »

1951 2178 2105 2249 quod
2135 2179 2350 2233 dicitur
2379 2181 2449 2235 de
2499 2181 2779 2238 Michaele
2826 2189 3026 2239 contra
3074 2187 3416 2258 diabolum;
3452 2197 3510 2247 et
3539 2192 3598 2248 in

1950 2266 2064 2322 alio
2096 2265 2220 2322 loco
2252 2285 2263 2323 :
2301 2292 2327 2318 ‹‹
2359 2268 2796 2326 Dominationcs
2831 2273 3069 2344 quidem
3111 2278 3444 2349 reprobant,
3472 2280 3600 2352 glo-

1950 2355 2066 2409 rias
2085 2361 2278 2411 autem
2308 2357 2720 2430 blasphemant
2741 2361 2898 2432 (Ibi/1.
2927 2364 3012 2434 10)
3041 2390 3053 2430 ;
3081 2389 3101 2416 ι
3131 2365 3372 2436 quidam
3395 2385 3598 2426 eorum

1949 2444 2049 2514 qui
2081 2442 2331 2500 libenter
2361 2448 2761 2504 contentiones
2793 2451 3109 2522 reperiunt,
3161 2455 3465 2513 ascribunt
3494 2475 3597 2520 no-

1950 2533 2040 2587 bis
2071 2539 2127 2588 et
2175 2540 2388 2589 nostrae
2443 2535 2719 2591 doctrina:
2770 2536 3224 2610 blasphemiam,
3276 2561 3454 2617 super
3482 2563 3600 2618 qua

1950 2621 2060 2693 ipsi
2124 2622 2393 2692 viderint,
2459 2627 2754 2696 quomodo
2814 2626 2957 2683 illud
3008 2631 3288 2687 audiant:
3344 2636 3600 2709 «Neque

1949 2711 2186 2779 ebriosi,
2221 2730 2408 2784 neque
2448 2714 2717 2771 maledici
2768 2733 3013 2790 regnum
3064 2721 3164 2776 Dei
3215 2723 3602 2794 possidebunt

1948 2803 1998 2868 (Ι
2026 2801 2145 2857 Cor.
2178 2820 2255 2866 v1,
2288 2805 2420 2871 10);
2459 2827 2485 2852 ››
2537 2803 2670 2859 licet
2720 2812 2946 2877 patrem
3001 2809 3234 2866 malitia:
3289 2818 3346 2868 et
3399 2817 3598 2886 perdi-

1949 2889 2125 2946 tionis
2157 2907 2382 2962 eorum,
2417 2891 2514 2964 qui
2545 2894 2616 2948 de
2648 2911 2825 2966 regno
2869 2896 2969 2952 Dei
3019 2899 3347 2970 ejicientur,
3401 2904 3600 2962 dicant

1950 2995 2120 3049 posse
2161 2979 2394 3046 salvari,
2429 2983 2582 3054 quod
2615 3000 2686 3038 ne
2718 2990 2911 3041 mente
2952 2987 3187 3058 quidem
3222 2991 3356 3061 quis
3387 2999 3595 3065 captus

1949 3068 2140 3124 dicere
2170 3075 2377 3140 potest.
2416 3094 2444 3119 »
2477 3071 2691 3128 Caetera
2723 3073 2959 3145 quidem
2991 3093 3058 3131 ex
3090 3078 3292 3133 eadem
3348 3082 3596 3152 epistola

1949 3157 2250 3213 transtulit
2287 3175 2390 3230 pro
2423 3159 2552 3227 hoc,
2586 3163 2739 3232 quod
2785 3161 2856 3216 in
2897 3164 3010 3219 fine
3059 3166 3369 3224 verborum
3401 3170 3598 3244 Orige-

1949 3247 2041 3302 nis
2075 3247 2439 3320 interpretati
2470 3266 2700 3306 sumus.
2736 3274 2760 3299 (η
2806 3253 2954 3325 Ergo
2985 3270 3119 3309 eum
3153 3265 3388 3328 propter
3419 3260 3594 3317 timo-

191 3346 384 3412 catus,
416 3340 538 3396 haec
565 3340 803 3396 intulit:
839 3364 865 3391 ‹‹
900 3340 1048 3406 Quid
1082 3357 1316 3396 necesse
1348 3344 1436 3396 est
1475 3340 1545 3394 de
1588 3337 1837 3411 pr0phe-
1868 3334 1910 3401 C
1952 3352 2071 3390 rem
2104 3335 2202 3391 Dei
2253 3353 2560 3393 caveamus
2609 3339 2666 3392 in
2718 3341 3053 3413 quempiam
3105 3343 3416 3402 maledicta
3453 3365 3596 3406 eon-

190 3436 388 3486 tarum
434 3430 806 3486 sermonibus
853 3429 1063 3497 dicere,
1114 3429 1329 3502 quibus
1386 3429 1706 3501 saepissime
1737 3445 1838 3499 pa-

190 3519 475 3586 storibus,
528 3524 586 3575 et
635 3519 959 3590 majoribus
1010 3523 1174 3585 natu,
1222 3523 1279 3574 et
1316 3517 1740 3584 sacerdotibus,
1775 3531 1841 3572 ac

189 3608 560 3682 principibus
591 3607 789 3681 populi
823 3608 1258 3664 comminantur
1307 3613 1364 3663 et
1411 3611 1666 3680 arguunt
1696 3623 1794 3662 eos
1816 3605 1843 3660 ?

190 3700 328 3764 Quae
381 3699 600 3771 absque
646 3698 815 3754 nobis
865 3697 937 3753 de
994 3698 1216 3754 sanctis
1272 3695 1588 3770 Scripturis
1637 3695 1844 3752 elicere

191 3788 462 3861 potestis,
513 3792 570 3844 et
616 3787 837 3860 liquido
881 3787 1198 3860 pervidere,
1247 3786 1401 3858 quod
1452 3784 1696 3841 forsitan
1738 3785 1846 3841 hoc

193 3884 429 3950 tempus
460 3876 555 3943 sit,
589 3877 661 3932 de
691 3893 805 3950 quo
837 3876 1089 3932 dicitur:
1146 3898 1171 3926 ‹‹
1204 3874 1391 3931 Nolite
1435 3874 1669 3930 credere
1700 3874 1847 3930 ami-

194 3967 306 4035 cis,
339 3984 445 4023 nec
475 3967 722 4040 speretis
754 3967 813 4022 in
847 3965 1215 4039 principibus
1247 3966 1425 4038 (Mich.
1471 3981 1569 4033 vn,
1603 3966 1698 4032 5);
1733 3987 1760 4013 ι)
1794 3968 1851 4019 et

195 4072 357 4112 nunc
404 4055 719 4128 impleatur
764 4055 1142 4112 vaticinium:
1196 4079 1222 4104 ‹‹
1261 4057 1443 4110 Duces
1493 4051 1691 4126 populi
1734 4051 1849 4108 mei

195 4163 293 4202 me
323 4145 682 4212 nescierunt,
717 4144 821 4200 ﬁlii
853 4143 1015 4201 stulti
1042 4149 1202 4210 sunt,
1233 4148 1290 4199 et
1321 4160 1436 4199 non
1460 4147 1598 4198 sunt
1619 4141 1848 4213 sapien-

192 4241 308 4293 tes.
342 4235 649 4309 Sapientes
681 4239 843 4302 sunt,
875 4239 942 4291 ut
974 4233 1191 4291 faciant
1242 4232 1420 4299 mala,
1474 4233 1622 4287 bene
1651 4235 1847 4286 autem

196 4327 388 4381 facere
437 4325 722 4381 nesciunt
765 4326 982 4396 (Jerem.
1047 4341 1122 4391 IV,
1179 4324 1271 4394 2|,
1327 4323 1458 4393 22);
1504 4343 1531 4371 ››
1595 4335 1848 4392 quorum

196 4413 392 4487 magis
413 4411 674 4469 misereri
697 4429 873 4486 quam
906 4429 1004 4469 eos
1035 4411 1228 4468 odisse
1260 4410 1564 4476 debemus,
1600 4413 1656 4465 et
1685 4424 1850 4464 orare

194 4520 303 4576 pro
334 4501 474 4571 illis,
507 4518 683 4574 quam
715 4501 800 4559 eis
834 4501 1199 4557 maledicere.
1249 4501 1329 4556 Ad
1382 4498 1847 4556 benedicendum

191 4593 375 4658 enim,
435 4596 492 4649 et
548 4609 660 4648 non
723 4593 794 4648 ad
856 4591 1326 4648 maledicendum
1384 4589 1562 4645 creati
1615 4603 1844 4644 sumus.

193 4681 360 4738 Unde
389 4685 448 4738 et
468 4680 712 4738 Michael
736 4697 871 4737 eum
897 4681 1182 4738 adversus
1198 4678 1498 4769 diabolum
1525 4677 1852 4750 disputaret
1879 4703 1928 4769 Ι)

194 4771 267 4826 de
298 4770 481 4842 Moysi
513 4786 774 4844 corpore,
809 4787 882 4826 ne
913 4775 1075 4826 tanto
1107 4769 1345 4842 quidem
1382 4767 1534 4824 malo
1558 4783 1738 4823 ausus
1761 4770 1852 4822 est

197 4857 489 4932 judicium
521 4859 734 4916 inferre
765 4859 1166 4932 blasphemiae,
1200 4859 1302 4916 sed
1335 4858 1508 4914 dixit:
1531 4881 1556 4906 «
1593 4857 1856 4928 Increpet

197 4948 310 5005 tibi
358 4949 643 5006 Dominus
679 4948 852 5020 (Iudae
899 4949 978 5020 9).
1015 4973 1042 4998 ››
1095 4949 1198 5004 Cui
1247 4948 1389 5020 quid
1437 4945 1629 5003 simile
1675 4945 1852 5001 etiam

196 5039 256 5093 in
298 5037 578 5093 Zacharia
607 5037 858 5110 legimus
887 5054 900 5092 :
929 5059 956 5088 ‹‹
992 5037 1254 5110 Increpet
1273 5037 1378 5092 tibi
1405 5034 1852 5100 Dominus,dia-

197 5126 370 5183 bole:
405 5131 464 5182 et
497 5127 755 5200 increpet
784 5127 1069 5183 Dominus
1113 5127 1171 5182 in
1223 5130 1298 5194 te,
1333 5125 1433 5198 qui
1482 5124 1657 5197 elegit
1685 5125 1854 5180 Jeru-

196 5216 385 5274 salem
434 5216 688 5287 (Zachar.
735 5234 819 5283 in,
867 5216 944 5288 2).
982 5239 1010 5265 »
1063 5217 1267 5288 Itaque
1315 5220 1374 5270 et
1423 5231 1532 5270 nos
1581 5213 1854 5286 cupimus

201 5305 492 5379 increpari
523 5323 557 5362 a
605 5306 850 5362 Domino
899 5323 998 5362 eos
1045 5305 1146 5378 qui
1198 5304 1406 5361 nolunt
1453 5320 1587 5360 cum
1619 5303 1855 5359 humili-

198 5399 320 5453 tate
377 5412 411 5452 a
469 5395 754 5468 proximis
813 5395 1122 5470 increpari.
1184 5394 1423 5452 Dicente
1492 5399 1689 5451 autem
1746 5393 1854 5450 Mi-

274 5653 293 5688 ¹
328 5649 392 5709 In
439 5649 616 5707 rufini
648 5648 1025 5715 editionibus,
1056 5651 1113 5705 in
1146 5665 1312 5707 carne
1353 5651 1490 5704 esset
1536 5649 1752 5705 vivens.
1793 5649 1854 5704 In

205 5725 403 5782 codice
415 5728 617 5781 autem
634 5721 862 5852 collegii
885 5723 1132 5780 Romani
1154 5723 1395 5780 verbum
1412 5722 1675 5788 sentiens,
1699 5723 1856 5796 quod

205 5796 616 5852 subsequitur.
648 5811 763 5852 non
845 5795 1070 5852 abetur.

205 5796 616 5875 subsequitur,
648 5811 763 5855 non
789 5795 1070 5855 habetur.

1951 3425 2120 3493 ferre,
2153 3447 2180 3475 »
2225 3431 2281 3481 et
2355 3426 2611 3499 reliqua:
2665 3429 2774 3484 iste
2823 3431 3232 3490 fraudulenter
3271 3441 3596 3510 amputatis

1951 3514 2375 3586 superioribus,
2427 3533 2494 3572 ex
2543 3518 2760 3590 quibus
2809 3520 3086 3578 inferiora
3132 3525 3483 3598 dependent,
3515 3531 3598 3586 sic

1954 3604 2127 3676 coepit
2192 3606 2509 3662 transferre
2567 3609 2899 3680 epistolam,
2984 3613 3152 3684 quasi
3231 3615 3337 3672 hoc
3421 3635 3600 3676 sensu

1955 3694 2226 3766 superius
2257 3701 2414 3751 esset
2443 3698 2742 3753 exordium
2762 3700 2803 3764 ³,
2837 3704 2894 3755 et
2923 3701 3004 3756 ait
3027 3719 3040 3756 :
3066 3725 3092 3749 «
3121 3704 3368 3769 Quidam
3397 3723 3601 3764 eorum

1957 3783 2057 3854 qui
2113 3783 2364 3841 libenter
2429 3785 2646 3842 habent
2715 3788 3011 3845 criminari
3091 3793 3387 3863 proximos
3442 3813 3607 3867 suos,

1958 3871 2262 3928 ascribunt
2309 3874 2478 3930 nobis
2527 3880 2584 3930 et
2634 3876 2910 3932 doctrina:
2969 3883 3179 3934 nostras
3227 3881 3446 3938 crimen
3479 3884 3607 3940 bla-

1959 3959 2258 4033 sphemize,
2283 3965 2438 4034 quod
2463 3981 2496 4018 a
2517 3965 2688 4020 nobis
2710 3983 3002 4037 nusquam
3025 3969 3370 4026 audierunt:
3398 3973 3468 4028 de
3491 3991 3608 4046 quo

1958 4049 2070 4122 ipsi
2102 4049 2371 4119 viderint,
2415 4052 2676 4109 nolentes
2725 4055 3029 4112 observare
3078 4061 3425 4118 mandatum
3458 4063 3608 4120 illud

1959 4140 2115 4210 quod
2173 4140 2350 4197 dicit:
2422 4165 2448 4190 ‹‹
2497 4143 2645 4208 Quia
2704 4143 2973 4200 maledici
3036 4165 3281 4220 regnum
3343 4152 3444 4208 Dei
3493 4171 3609 4210 non

1960 4229 2382 4300 possidebunt;
2420 4253 2446 4278 ››
2479 4231 2736 4288 dicentes
2777 4251 3035 4291 asserere
3084 4255 3177 4294 me
3226 4245 3450 4312 patrem
3484 4260 3608 4300 ma-

1957 4317 2094 4372 litiae
2148 4323 2204 4374 et
2249 4320 2595 4392 perditionis
2644 4339 2846 4378 eorum
2892 4326 2990 4396 qui
3036 4327 3106 4382 de
3152 4345 3330 4401 regno
3381 4331 3480 4387 Dei
3513 4332 3614 4404 eji-

1959 4408 2214 4475 ciuntur,
2250 4410 2437 4485 idest
2481 4409 2805 4481 diabolum,
2859 4429 2990 4470 esse
3031 4415 3418 4474 salvandum:
3453 4421 3609 4491 quod

1960 4514 2030 4553 ne
2061 4498 2275 4570 aliquis
2308 4500 2543 4570 quidem
2578 4506 2771 4558 mente
2805 4508 2997 4559 motus
3027 4509 3084 4560 et
3120 4507 3428 4564 manifeste
3460 4509 3614 4564 insa-

1960 4587 2126 4643 niens
2152 4587 2340 4644 dicere
2372 4594 2578 4660 potest.
2618 4613 2638 4640 ι

2039 4681 2116 4734 l9.
2169 4677 2430 4746 Dialogus
2480 4679 2715 4734 Candidi
2760 4682 3031 4750 Origenis.
3092 4684 3256 4740 Liber
3306 4687 3607 4741 Novatiani

1962 4765 2028 4820 de
2083 4766 2364 4822 Trz'nitate.
2423 4800 2490 4805 —
2549 4769 2814 4824 Conferte
2889 4769 3157 4842 Origenis
3213 4773 3410 4839 verba,
3480 4790 3608 4846 qua:

1964 4871 2143 4926 supra
2174 4854 2245 4910 ad
2278 4857 2518 4911 verbum
2565 4857 2858 4925 transtuli,
2909 4858 3003 4915 his
3051 4877 3176 4931 qua:
3234 4862 3305 4917 ab
3350 4861 3460 4918 isto
3493 4879 3609 4918 non

1963 4961 2130 5001 versa
2161 4950 2320 5011 sunt,
2354 4946 2454 5001 sed
2489 4964 2708 5014 eversa,
2759 4953 2817 5004 et
2865 4953 3148 5020 quantam
3201 4951 3351 5006 inter
3401 4969 3462 5006 se
3494 4969 3609 5008 non

1965 5033 2158 5090 solum
2187 5036 2522 5104 verborum,
2554 5037 2654 5092 sed
2703 5043 2759 5091 et
2806 5054 3088 5094 sensuum
3139 5039 3392 5096 habeant
3421 5042 3613 5098 disso-

1965 5124 2250 5193 nantiam,
2303 5126 2682 5198 perspicietis.
2747 5128 2897 5185 5I2
2947 5129 3196 5184 Obsecro
3247 5146 3319 5186 ne
3368 5131 3618 5188 molesta

1965 5217 2041 5272 sit
2097 5216 2258 5271 vobis
2326 5216 2602 5290 prolixior
2671 5217 3094 5290 interpretatio.
3187 5219 3401 5276 Idcirco
3455 5221 3613 5277 enim

1964 5305 2163 5362 omnia
2192 5306 2497 5371 vertimus,
2533 5312 2595 5361 ut
2617 5324 2732 5380 quo
2755 5307 2999 5363 consilio
3023 5309 3326 5381 superiora
3349 5311 3614 5379 tacuerit,

1964 5397 2368 5470 probaremus.
2455 5396 2712 5452 Habetur
2795 5397 3064 5470 dialogus
3144 5400 3298 5471 apud
3388 5400 3617 5457 Grzeeos

2037 5652 2058 5684 ²
2088 5647 2377 5704 Victorius
2409 5646 2636 5712 maluit,
2670 5650 2829 5718 quasi
2847 5649 2945 5703 hoc
2973 5666 3160 5706 sensus
3177 5656 3311 5706 esset.
3332 5651 3622 5708 exordium

1965 5724 2024 5808 id
2051 5727 2160 5807 est,
2189 5721 2360 5851 qutasi
2393 5720 2525 5776 inde
2557 5725 2766 5776 sensus
2809 5720 3110 5795 inciperet,
3161 5741 3296 5780 cum
3347 5723 3624 5799 superius

1966 5808 2254 5851 incepisse
2287 5834 2300 5851 .
3591 5805 3602 5816 '

1966 5805 2300 5872 incepisset.
3591 5805 3602 5816 ί
