3958 6398
194 363 320 443 168

1387 378 1698 449 CONTRA
1737 378 2101 450 RUFINUM
2143 383 2296 449 LIB.
2341 383 2423 450 li.

3503 382 3624 457 466

197 514 440 575 nomine
483 511 797 588 cujusdam
847 514 1020 574 amici
1072 515 1304 574 Damasi
1361 517 1634 575 Romanae
1681 518 1844 575 urbis
1875 519 1930 587 Α
1961 521 2070 576 Sex
2101 519 2287 576 millia
2317 525 2514 578 autem
2579 519 2864 579 librorum
2900 517 3154 597 legere‘,
3221 536 3338 581 non
3359 522 3487 598 jam
3519 529 3612 584 est

198 605 462 681 episcopi
495 623 599 677 ego
627 611 812 679 pctar,
846 607 940 663 cui
972 606 1069 664 ille
1107 606 1530 664 ecclesiasticas
1574 608 1851 680 epistolas

197 697 514 754 dictandas
569 697 830 760 tradidit,
897 701 954 752 et
1018 696 1511 769 Apollinariorum
1578 699 1847 753 versutia:

191 787 632 854 describantur,
664 787 817 858 quod
847 786 1149 842 Athanasii
1171 787 1390 842 librum
1413 787 1512 842 ubi
1535 789 1850 842 Domzfnz'cus

192 878 362 934 homo
392 876 645 948 scriptus
695 880 806 943 est,
862 875 934 930 ad
985 876 1138 932 514
1190 876 1502 948 legendum
1545 882 1848 948 acceptum

189 965 277 1022 ita
325 965 710 1038 corruperint,
759 969 822 1020 ut
877 966 936 1020 in
993 964 1171 1021 litura
1229 965 1287 1020 id
1354 967 1508 1037 quod
1571 967 1844 1032 raserint,

191 1072 406 1111 rursus
437 1054 778 1121 scriberent,
807 1058 867 1108 ut
899 1053 1122 1110 scilicet
1151 1071 1262 1109 non
1297 1056 1368 1110 ab
1402 1055 1519 1110 illis
1546 1054 1842 1124 falsatum,

191 1144 295 1200 sed
337 1161 372 1200 a
417 1160 515 1199 me
581 1143 845 1198 additum
904 1147 1232 1216 putaretur.
1295 1146 1498 1208 Qumso
1549 1148 1625 1212 te,
1661 1144 1846 1199 amice

193 1233 563 1300 cbarissime,
598 1237 662 1287 ut
694 1233 750 1286 in
783 1232 1196 1288 ecclesiasticis
1228 1233 1596 1300 tractatibus,
1641 1233 1735 1287 ubi
1773 1233 1843 1288 de

191 1323 434 1379 veritate
465 1322 809 1394 dogmatum
842 1321 1140 1392 quaeritur,
1175 1327 1233 1376 et
1263 1323 1330 1376 de
1379 1321 1569 1376 salute
1616 1321 1842 1376 anima-

192 1429 326 1468 rum
385 1415 723 1467 nostrarum
785 1411 1076 1481 majorum
1149 1411 1448 1482 ﬂagitetur
1501 1411 1842 1478 auctoritas,

191 1499 604 1572 hujuscemodi
637 1499 1020 1556 deliramenta
1050 1500 1316 1556 dimittas
1363 1506 1418 1555 et
1463 1500 1840 1573 prandiorum

193 1605 610 1661 cmnarumque
643 1589 870 1645 fabulas
919 1606 1022 1661 pro
1073 1594 1418 1661 argumento
1478 1607 1593 1644 non
1643 1594 1843 1644 teneas

185 1680 474 1736 veritatis.
507 1679 656 1735 Fieri
681 1679 838 1734 enim
864 1685 1073 1751 potest,
1101 1683 1164 1733 ut
1189 1680 1369 1734 etiam
1395 1680 1440 1734 si
1469 1697 1501 1734 a
1527 1697 1618 1734 me
1640 1695 1842 1734 verum

187 1768 433 1836 audisti,
465 1767 616 1824 alius
650 1768 751 1839 qui
783 1767 962 1837 hujus
991 1769 1073 1822 rei
1106 1768 1350 1839 ignarus
1381 1773 1488 1834 est,
1523 1768 1678 1822 dicat
1727 1786 1757 1822 a
1787 1771 1842 1822 te

187 1875 320 1915 esse
348 1858 779 1930 compositum:
813 1861 869 1912 et
917 1858 1087 1929 quasi
1139 1857 1365 1911 minum
1421 1857 1838 1925 Philistionis‘,

184 1947 276 2004 vel
310 1947 560 2015 Lentuli,
594 1963 660 2002 ac
694 1944 901 2001 Maruli
933 1945 1234 2018 stropham
1277 1945 1529 2018 eleganti
1574 1963 1844 2002 sermone

189 2037 524 2094 conﬁctam.

256 2127 349 2182 21.
382 2131 460 2182 De
489 2126 544 2181 S.
578 2124 885 2196 Epiphanio
929 2125 1169 2197 querela.
1221 2156 1289 2164 —
1331 2127 1452 2190 Quo
1485 2141 1599 2180 non
1641 2143 1844 2196 perve-

185 2217 314 2272 niat
343 2213 524 2271 semel
552 2215 832 2270 effrenata
877 2214 1178 2270 temeritas
1199 2215 1226 2268 ‘?
1269 2213 1406 2269 Post
1444 2216 1844 2270 excommuni-

183 2305 482 2362 cationem
548 2302 774 2374 Hilarii,
861 2307 994 2375 post
1073 2302 1340 2374 Cypriani
1405 2298 1841 2379 eaeam-:«meov

185 2397 480 2451 haereseos
510 2392 751 2459 librum,
785 2397 916 2465 post
963 2391 1289 2461 Athanasii,
1343 2410 1434 2448 me
1465 2393 1837 2462 dormitante,

182 2485 453 2551 lituram,
485 2481 659 2539 simul
693 2488 749 2537 et
779 2481 1245 2554 inscriptionem,
1299 2483 1496 2554 erupit
1525 2481 1838 2553 aliquando

184 2579 390 2632 contra
427 2589 654 2646 papam
711 2571 1101 2644 Epiphanium
1165 2577 1223 2626 ct
1289 2571 1548 2626 dolorem
1588 2571 1840 2642 pectoris

185 2665 305 2734 sui,
372 2663 528 2735 quod
559 2678 693 2718 eum
728 2661 783 2715 in
849 2660 1098 2732 epistola
1164 2677 1342 2733 quam
1411 2662 1481 2716 ad
1551 2661 1838 2716 Joannem

184 2755 533 2829 episcopum
635 2751 969 2822 scripserat,
1047 2750 1386 2806 haereticum
1472 2751 1684 2822 arguit,
1776 2750 1836 2804 in

185 2827 456 2915 Apolog'z'a
488 2857 591 2913 pro
621 2839 868 2911 Origene
933 2839 1166 2911 digerit,
1236 2845 1292 2894 et
1361 2839 1449 2894 his
1517 2855 1577 2894 se
1609 2855 1838 2894 sermo-

184 2933 364 2989 nibus
433 2928 790 2986 conselatur:
861 2949 889 2981 α
929 2929 1077 2993 Quin
1147 2929 1340 3000 potius
1408 2929 1722 3000 aperienda
1751 2933 1838 2984 est

187 3022 301 3078 hoc
329 3021 390 3076 in
424 3019 548 3076 loco
581 3019 788 3074 veritas
819 3017 1028 3073 latens.
1064 3017 1190 3072 Non
1222 3017 1378 3073 enim
1412 3017 1690 3089 possibile
1725 3023 1834 3085 est,

187 3118 314 3168 tam
347 3109 548 3181 iniquo
588 3107 814 3178 judicio
863 3106 944 3162 uti
999 3123 1358 3179 quemquam
1406 3107 1738 3170 hominum,
1772 3111 1836 3161 ut

188 3201 262 3257 de
293 3215 473 3256 causa
500 3197 706 3270 aequali
744 3213 858 3252 non
898 3197 1198 3268 aequaliter
1245 3197 1480 3251 sentiat.
1536 3197 1645 3251 Sed
1679 3196 1832 3268 quod

1962 629 2189 668 errores
2220 629 2286 667 ac
2319 611 2474 668 mala
2503 610 2648 670 velle
2689 629 3056 686 cognoscere,
3091 613 3191 670 sed
3240 618 3424 671 totam
3469 631 3620 688 pene

1963 701 2139 756 vitam
2173 700 2503 772 disciplinis
2533 703 2663 773 ejus
2695 719 2761 758 ac
2788 703 3004 758 studiis
3035 703 3265 759 dedere.
3318 705 3620 771 Quomodo

1960 807 2094 862 ergo
2127 792 2236 846 istc
2306 791 2516 846 merito
2587 791 2915 848 audiendus
2981 795 3091 861 est,
3159 808 3294 847 cum
3363 809 3462 849 eos
3494 793 3618 850 cul-

1959 885 2080 952 pat,
2115 879 2214 952 qui
2284 879 2695 936 instructionis
2741 897 2863 937 sua:
2929 898 3107 936 causa
3170 897 3462 954 perpauca
3489 883 3620 954 ejus

1959 969 2144 1042 (salva
2177 969 2308 1024 fidei
2380 969 2583 1042 regula
2647 973 2824 1042 atque
2890 970 3122 1044 integra
3187 969 3422 1044 pietate)
3461 969 3616 1044 lege-

1958 1062 2098 1114 runt
2133 1058 2161 1113 ?

2027 1151 2116 1202 22.
2163 1147 2516 1218 Epiphanius
2563 1150 2804 1221 quinque
2855 1150 3076 1221 linguas
3122 1153 3365 1206 noverat.
3397 1181 3460 1192 --
3501 1151 3609 1218 Qui

1957 1241 2096 1291 sunt
2128 1237 2248 1306 isti,
2283 1237 2381 1308 qui
2414 1237 2472 1291 in
2507 1237 2764 1293 Ecclesia
2803 1238 3104 1310 disputare
3159 1239 3337 1296 latius
3377 1239 3615 1297 solent?

1957 1325 2057 1396 qui
2091 1325 2268 1381 libros
2303 1327 2600 1381 scribere?
2631 1327 2730 1399 qui
2761 1331 2948 1382 totum
2983 1327 3052 1383 de
3078 1327 3326 1402 Origene
3355 1327 3611 1402 loquun-

1955 1419 2050 1469 tur
2079 1419 2134 1470 et
2167 1415 2481 1469 scribunt?
2520 1413 2619 1486 qui
2645 1416 2785 1470 dum
2801 1413 3296 1472 suanoluntfurta
3313 1416 3608 1488 cognosci,

1955 1509 2012 1560 et
2036 1503 2254 1576 ingrati
2285 1509 2425 1560 sunt
2454 1503 2511 1558 in
2547 1503 2918 1576 magistrum,
2951 1504 3168 1560 idcirco
3199 1503 3500 1577 simplices
3537 1504 3611 1561 ab

1955 1592 2114 1648 illius
2145 1593 2390 1649 lectione
2423 1593 2759 1649 deterrent?
2788 1593 3146 1650 Nominatim
3179 1593 3355 1650 debes
3395 1594 3608 1664 dicere,

1955 1689 2010 1738 et
2059 1683 2218 1755 ipsos
2265 1682 2536 1738 homines
2589 1683 2886 1738 denotare.
2937 1683 3086 1755 Ergo
3141 1681 3298 1738 beati
3346 1683 3608 1757 episcopi

1951 1772 2298 1828 Anastasius
2319 1772 2360 1838 ³,
2405 1775 2461 1826 et
2503 1771 2885 1843 Theophilus,
2933 1776 2990 1826 et
3041 1773 3326 1829 Venerius
3367 1772 3608 1845 (Medio-

1953 1860 2116 1931 lani),
2151 1867 2208 1918 et
2273 1861 2647 1917 Chromatius
2715 1860 3062 1934 (Aquileiae),
3131 1864 3190 1917 et
3255 1863 3449 1919 omnis
3487 1870 3608 1919 tam

1959 1951 2215 2007 Orientis
2248 1967 2424 2024 quam
2458 1951 2794 2006 Occidentis
2824 1950 3256 2007 Catholicorum
3287 1952 3607 2025 synodus‘,

1955 2041 2056 2112 qui
2088 2041 2214 2112 pari
2243 2038 2556 2106 sententia,
2587 2038 2724 2110 quia
2755 2038 2880 2110 pari
2919 2043 2976 2093 et
3004 2038 3238 2112 spiritu,
3290 2038 3458 2096 illum
3489 2040 3608 2096 bie-

1955 2130 2202 2184 reticum
2236 2127 2585 2182 denuntiant
2623 2125 2878 2199 populis,
2925 2128 3082 2184 fures
3121 2127 3406 2184 librorum
3445 2129 3607 2186 illius

1947 2217 2255 2290 judicandi
2290 2221 2465 2272 sunt:
2499 2221 2553 2272 et
2585 2216 2820 2288 quando
2853 2216 2912 2272 in
2943 2215 3216 2273 Ecclesiis
3263 2218 3604 2291 praedicant.

1955 2323 2071 2362 non
2123 2306 2558 2376 Scripturarum
2608 2305 2908 2376 mysteria,
2959 2306 3060 2360 sed
3114 2305 3380 2379 Origenis
3447 2307 3606 2363 furta

1953 2399 2419 2452 commemorant
2435 2395 2463 2448 ‘2
2493 2394 2622 2448 Non
2651 2393 2758 2448 tibi
2783 2393 3002 2448 sufﬁcit
3019 2395 3241 2466 passim
3263 2398 3466 2450 contra
3481 2411 3604 2451 om-

1953 2501 2054 2540 nes
2086 2483 2444 2551 detrectatio,
2479 2483 2593 2538 nisi
2651 2481 2982 2554 specialiter
3029 2487 3234 2540 contra
3275 2484 3514 2540 beatum
3545 2487 3604 2540 et

1951 2575 2240 2645 insignem
2288 2571 2552 2626 Ecclesia:
2599 2571 2959 2628 sacerdotem
3011 2573 3145 2646 styli
3195 2571 3284 2628 tui
3335 2571 3597 2629 lanceam

1949 2663 2170 2734 dirigas
2189 2662 2216 2716 ‘I
2243 2659 2382 2726 Quis
2414 2665 2503 2716 est
2533 2659 2650 2724 ille,
2683 2659 2784 2732 qui
2815 2659 2975 2716 velut
3003 2661 3411 2717 necessitatem
3433 2678 3604 2718 evan-

1949 2750 2233 2824 gelizandi
2267 2767 2370 2821 per
2397 2765 2603 2805 omnes
2628 2753 2831 2820 gentes
2879 2754 2936 2804 et
2977 2766 3078 2819 per
3124 2766 3330 2806 omnes
3364 2749 3601 2824 linguas

1949 2842 2163 2896 habere
2195 2856 2256 2894 se
2309 2843 2496 2910 putat,
2527 2838 2598 2893 de
2638 2838 2884 2911 Origene
2941 2838 3095 2894 male
3145 2839 3470 2912 loquendi?
3499 2839 3600 2912 qui
3645 2854 3652 2867 '

1947 2947 2047 2986 sex
2077 2927 2264 2982 millia
2293 2927 2577 2982 librorum
2609 2927 2736 2997 ejus
2763 2943 2826 2982 se
2857 2925 3090 3000 legisse,
3125 2944 3304 3000 quam
3343 2927 3602 3002 plurima

1946 3021 2194 3074 fratrum
2265 3015 2640 3072 multitudine
2671 3015 2964 3082 audiente,
2997 3017 3302 3072 confessus
3363 3015 3498 3072 est?
3527 3017 3593 3072 In

1946 3125 2062 3180 qua
2094 3105 2468 3162 multitudine
2499 3109 2556 3160 et
2585 3109 2814 3160 caterva
2844 3105 3092 3160 fratrum
3121 3109 3185 3160 tu
3209 3121 3443 3178 quoque
3474 3120 3598 3161 me-

1945 3197 2080 3252 dius
2112 3213 2262 3258 eras,
2323 3195 2555 3266 quando
2616 3192 2714 3248 ille
2745 3193 2802 3248 in
2835 3210 2940 3248 sua
3005 3192 3263 3266 Epistola
3305 3192 3592 3266 queritur,

186 3295 460 3348 auctores
508 3287 942 3343 obrectatorum
991 3287 1120 3357 ejus
1164 3285 1222 3340 hi
1253 3291 1411 3352 sunt,
1479 3285 1579 3356 qui
1637 3284 1726 3339 vel
1777 3285 1834 3338 in
1868 3270 1910 3336 C
1950 3304 2052 3358 pro
2083 3283 2352 3356 Origenis
2417 3281 2619 3336 hzeresi
2688 3281 2910 3337 nefaria
2941 3298 2974 3338 a
3037 3285 3092 3337 te
3157 3282 3434 3356 dogmata
3463 3297 3592 3339 esse

187 3377 446 3435 Ecclesia
475 3375 773 3447 disputare
813 3373 990 3430 latius
1037 3374 1246 3444 solent,
1313 3373 1401 3428 vel
1451 3373 1604 3428 etian
1652 3371 1832 3428 libros

185 3466 462 3534 scribere,
499 3463 599 3536 qui
629 3467 817 3522 totum
850 3463 920 3518 de
951 3463 1196 3535 Origene
1226 3461 1314 3518 vel
1364 3462 1708 3534 loquuntur,
1747 3468 1834 3522 vel

184 3555 478 3614 scribunt.
511 3553 594 3609 Ne
623 3569 758 3625 ergo
786 3551 984 3624 plures
1004 3551 1264 3624 ipsorum
1289 3553 1440 3606 furta
1457 3557 1830 3623 cognoscant,

185 3663 317 3719 qua:
348 3643 550 3716 utique
599 3642 648 3698 si
696 3641 911 3714 ingrati
957 3641 1015 3696 in
1066 3641 1415 3712 magistrum
1466 3657 1581 3696 non
1617 3645 1832 3710 essent,

184 3749 562 3806 nequaquam
648 3729 964 3786 criminosa
1025 3730 1379 3800 viderentur,
1448 3730 1835 3802 simpliciores

184 3838 454 3897 quosque
485 3821 558 3877 ab
589 3820 717 3891 ejus
745 3819 995 3874 lectione
1037 3819 1352 3874 deterrent.
1400 3820 1661 3892 Denique
1700 3819 1833 3892 qui-

185 3915 324 3972 dam
351 3929 420 3968 ex
448 3899 616 3983 ipsis,
649 3909 749 3981 qui
783 3926 846 3964 se
873 3908 1033 3964 velut
1062 3907 1496 3981 evangelizandi
1529 3910 1838 3965 necessita-

183 4007 306 4060 tem
323 4017 427 4074 per
456 4003 874 4070 omnesgentcs
905 4004 964 4053 et
991 4014 1092 4069 per
1121 4013 1326 4052 omnes
1355 3997 1590 4070 linguas
1623 3997 1835 4052 habere

184 4093 376 4165 putat,
390 4087 462 4145 de
474 4085 720 4159 Origene
742 4085 888 4142 male
911 4085 1208 4158 loquendi,
1227 4103 1325 4142 sex
1350 4085 1834 4140 millialihrorum

185 4180 320 4253 ejus
348 4194 411 4235 se
435 4177 672 4250 legisse,
703 4193 881 4248 quam
914 4175 1168 4247 plurima
1201 4175 1350 4231 515
1401 4176 1650 4230 fratrum
1684 4175 1836 4230 mul-

182 4267 441 4325 titudine
482 4265 774 4333 audiente,
807 4266 1107 4320 confessus
1138 4269 1248 4320 est.
1283 4264 1390 4328 Qui
1423 4264 1470 4320 si
1520 4265 1719 4336 utique
1751 4266 1838 4335 (ut

183 4359 314 4432 ipse
343 4356 536 4412 dicere
568 4355 734 4427 solet)
767 4343 870 4426 pro
894 4353 1315 4428 cognoscendis
1337 4355 1466 4425 ejus
1491 4354 1662 4409 malis
1687 4354 1839 4425 lege-

182 4448 308 4514 bat,
341 4445 612 4501 sufﬁcere
644 4449 912 4517 poterant
942 4444 1143 4499 decem
1177 4443 1310 4498 libri
1359 4444 1432 4499 ad
1479 4460 1834 4515 cognoscen-

184 4536 352 4600 dum,
385 4538 486 4590 aut
513 4532 717 4606 viginti
751 4537 924 4600 certe,
958 4536 1059 4588 aut
1091 4537 1154 4587 ut
1206 4531 1529 4604 plurimum
1575 4531 1832 4604 triginta.

1944 3373 2216 3446 prolata?
2281 3369 2524 3426 Crimini
2557 3369 2606 3424 ei
2641 3369 2924 3426 damdum
2956 3374 3046 3427 est
3093 3387 3274 3443 quare
3303 3371 3587 3438 Graecam,

1944 3466 2170 3537 Syram,
2203 3466 2260 3516 et
2285 3455 2599 3516 Hebraeum
2653 3464 2710 3514 et
2761 3460 3158 3532 [Egyptiacam
3209 3459 3496 3535 linguam,
3528 3478 3598 3518 ex

1945 3559 2106 3627 parte
2139 3558 2194 3607 et
2227 3551 2490 3606 Latinam
2517 3549 2788 3604 noverit?
2819 3551 2968 3621 Ergo
2997 3553 3054 3606 et
3083 3549 3332 3623 apostoli
3363 3554 3422 3606 et
3458 3567 3598 3624 apo-

1947 3641 2132 3700 stolici
2186 3640 2314 3708 viri,
2358 3639 2457 3712 qui
2492 3637 2712 3711 linguis
2753 3637 3166 3712 loquebantur,
3234 3640 3293 3695 in
3351 3639 3598 3695 crimine

1945 3736 2121 3800 sunt;
2155 3735 2211 3786 et
2243 3745 2336 3784 me
2368 3726 2732 3799 trilinguem,
2799 3726 3082 3800 bilinguis
3127 3727 3253 3800 ipse
3282 3726 3502 3782 ridebis
3523 3725 3594 3780 ⁵7

1948 3826 2022 3876 De
2045 3837 2144 3876 sex
2178 3817 2444 3874 millibus
2475 3821 2671 3871 autem
2703 3815 3010 3884 librorum,
3042 3832 3190 3888 quos
3223 3815 3376 3872 516
3429 3815 3502 3870 ab
3531 3830 3598 3872 eo

1944 3910 2124 3966 lectos
2157 3925 2284 3963 esse
2317 3905 2626 3977 contingis,
2660 3904 2794 3977 quis
2825 3905 3020 3960 credet
3050 3909 3153 3960 aut
3181 3909 3237 3960 te
3267 3920 3468 3960 verum
3504 3902 3598 3958 di-

1945 4015 2094 4067 cere,
2127 4002 2227 4051 aut
2259 3994 2425 4049 illum
2451 3993 2714 4066 potuisse
2747 3993 3030 4048 mentiri?
3061 3992 3120 4048 Si
3143 3992 3302 4048 enim
3319 3991 3600 4066 Origenes

1946 4105 2047 4144 sex
2078 4085 2261 4142 millia
2313 4082 2648 4156 scripsisset
2665 4082 2972 4148 librorum,
2997 4085 3267 4155 potuerat
3283 4082 3405 4138 ﬁeri
3422 4086 3488 4138 ut
3513 4080 3601 4138 vir

1945 4174 2388 4234 eruditissimus
2420 4172 2541 4244 [Αι.
2576 4171 2888 4243 eruditus],
2931 4177 2987 4228 et
3037 4171 3110 4228 ab
3132 4171 3384 4228 infantia
3413 4171 3600 4229 sacris

1946 4265 2182 4322 Litteris
2207 4263 2540 4328 institutus,
2576 4277 2680 4333 pro
2747 4260 3090 4318 curiositate
3157 4266 3214 4318 et
3242 4260 3600 4318 scientiale-

1945 4356 2126 4429 gisset
2157 4352 2366 4410 aliena.
2403 4351 2564 4416 Quod
2600 4367 2732 4406 vero
2753 4350 2849 4406 ille
2871 4369 2987 4408 non
3019 4350 3275 4425 scripsit,
3307 4349 3602 4424 quomodo

1947 4446 2056 4500 iste
2084 4443 2275 4516 legere
2308 4439 2544 4513 potuit?
2577 4439 2834 4496 Numera
2880 4441 3103 4496 indices
3147 4439 3431 4496 librorum
3471 4439 3602 4511 ejus

1948 4534 2045 4607 qui
2078 4533 2136 4588 in
2167 4531 2342 4588 tertio
2373 4528 2676 4584 volumine
2706 4529 2964 4598 Eusebii,
2999 4530 3058 4584 in
3088 4545 3204 4602 quo
3253 4525 3490 4600 scripsit
3516 4525 3604 4581 vi-

188 4661 346 4728 l‘alsi,
393 4659 496 4716 sed
543 4662 774 4716 tantum
834 4659 984 4714 inter
1032 4675 1099 4713 ea
1147 4658 1444 4724 amandat,
1507 4676 1633 4730 quae
1675 4659 1838 4714 seriae
1871 4647 1916 4711 D
1950 4677 2079 4725 mre,
2113 4653 2900 4730 Theophilusnlexandriae,
2947 4653 3232 4730 Venerius
3265 4649 3600 4721 Mediolani,

186 4731 578 4806 disputationi
611 4747 764 4806 __no_n
831 4730 1070 4806 faciunt.
1133 4729 1222 4806 _De
1298 4729 1579 4806 Dominici
1642 4736 1840 4806 autem

187 4801 846 4886 hominis‘appellatione
891 4802 963 4857 ad
1013 4801 1311 4886 Christum
1362 4803 1838 4886 signiﬁcandum,

189 4857 900 4951 iib'ﬁ'hii‘tg'vctergpas
939 4857 1334 4951 reprobarent,
1387 4857 1484 4928 alii
1510 4857 1838 4951 tuerentur,

189 4944 384 5006 multa
413 4947 486 5004 ad
517 4947 736 5003 librum
767 4944 997 5018 Didymi
1027 4945 1091 5000 de
1119 4945 1334 5018 Spiritu
1354 4949 1550 5018 isanclo
1600 4963 1840 5018 conges-

188 5023 384 5078 simus
417 5037 474 5074 n.
506 5021 596 5086 51,
629 5019 689 5074 in
723 5017 920 5084 notis;
953 5032 1100 5086 quas
1131 5017 1282 5086 vide,
1318 5017 1367 5073 si
1397 5017 1580 5072 lubet.

263 5093 306 5149 ί.
342 5089 706 5147 Philistionis
750 5085 1463 5162 meminit,S..__Epiphan.
1508 5089 1720 5162 haeres.
1750 5090 1839 5144 36.

187 5163 452 5221 Gnostic.
488 5180 544 5218 n.
578 5163 600 5219 4
635 5180 648 5228 ;
683 5160 911 5217 Lentuli
941 5157 1337 5216 Tertullianus
1386 5159 1452 5214 de
1493 5161 1674 5232 Pallio
1711 5177 1839 5232 cap.

187 5237 242 5293 4.
278 5234 514 5292 Marulli
579 5234 804 5290 dictum
842 5233 988 5288 illud
1027 5236 1216 5286 exstat
1253 5248 1394 5286 sane
1435 5231 1703 5288 festivum
1771 5231 1843 5287 ad

186 5306 522 5383 parasitum
577 5305 874 5383 gulosum.
927 5305 1000 5358 Tu
1041 5305 1315 5383 [lectorem
1346 5305 1606 5368 imitaris,
1637 5306 1712 5358 ab
1743 5304 1844 5383 Ilio

185 5377 756 5462 pynquaiiitrécedis.
797 5377 943 5462 :I‘res
991 5380 1186 5455 autem
1201 5451 1208 5462 Ι
1246 5391 1388 5462 una'
1426 5380 1846 5462 commemorat

185 5446 412 5510 Marius
466 5449 754 5506 Mercator
795 5447 854 5503 in
887 5446 1278 5502 Commonit.:
1345 5447 1490 5502 Unus
1523 5447 1843 5516 Philistion,

182 5541 332 5581 unus
361 5524 690 5578 Latinorum
729 5520 1008 5586 Lentulus,
1052 5535 1195 5573 unus
1239 5517 1341 5572 tibi
1389 5519 1652 5573 Marullus
1699 5535 1843 5574 coni.

179 5595 494 5670 parandus.
903 5663 955 5670 ΔΑ
1013 5662 1024 5670 _
1180 5661 1213 5670 ﬂ

247 5671 271 5707 ²
295 5667 428 5724 Vid.
475 5681 659 5737 supra
688 5679 856 5720 num.
900 5663 979 5728 l3,
1011 5662 1069 5737 in
1096 5662 1270 5716 notis.

248 5739 460 5799 3Beati
503 5733 744 5812 episcopi
802 5735 1146 5802 Anastasius,
1210 5737 1320 5788 etc.
1368 5733 1684 5792 Anatasius
1734 5734 1845 5813 R9

1950 4725 2328 4789 Chromatius
2357 4726 2632 4798 Aquileia:
2664 4725 2974 4798 episcopus
3005 4729 3148 4798 erat.
3178 4727 3463 4780 MARTIAN.

2021 4805 2043 4838 ⁴
2076 4803 2342 4857 Refertur
2387 4793 2716 4852 a'l.abhaeo'
2758 4803 2799 4852 t.
2834 4793 2881 4850 V
2943 4797 3238 4852 Concilior.
3308 4809 3441 4867 pag.
3473 4793 3602 4867 658,

1955 4875 2226 4932 universa
2280 4868 2741 4926 Occidentalium
2780 4869 3076 4942 synodus,
3133 4885 3276 4942 quis
3310 4866 3524 4942 accepit
3551 4873 3604 4921 σε

1946 4948 2196 5020 probavit
2231 4942 2733 5020 .»_t(aramlrinormn
2763 4937 3020 5020 Ecelesz'ae
3040 4937 3370 5020 ,ςθηζςῃιίαηξ
3397 4937 3458 5020 ζῇ
3496 4937 3604 5020 ἰηι-

1949 5004 2106 5092 pimn
2139 5016 2493 5092 (Origenem)
2523 5014 2714 5092 latam,
2748 5019 2812 5068 ut
2842 5013 3106 5092 loquitur
3149 5004 3602 5092 TbeOphilqs_in

1953 5079 2222 5144 sermone
2255 5079 2430 5159 quem
2460 5079 2835 5159 Justinianus
2867 5079 3182 5159 imperator
3209 5079 3430 5159 laudat.
3459 5079 3606 5159 Vide

1954 5151 2896 5232 TheOphili'synodicamﬁresqne
2924 5151 3224 5232 alias,quaa
3243 5151 3436 5232 _illam_
3461 5152 3606 5232 sub_-

1955 5224 2286 5305 sequuntur
2316 5224 2616 5302 épistolas,
2643 5224 2719 5305 Vna
2752 5224 2920 5284 nobis
2985 5224 3172 5282 editas
3236 5229 3380 5281 tom.
3415 5224 3460 5294 Ι,
3493 5224 3604 5281 sub

1956 5299 2186 5362 numer.
2215 5306 2288 5356 72
2319 5299 2374 5357 et
2409 5299 2809 5372 sequentibus.

2026 5379 2047 5412 ⁵
2083 5376 2324 5429 Videtur
2352 5367 2607 5426 Victorio
2629 5372 3018 5442 Hieronymus
3037 5369 3238 5426 ludere
3259 5369 3316 5423 in
3342 5367 3607 5442 bilinguis

1954 5447 2210 5511 nomine,
2249 5450 2313 5499 ut
2342 5445 2796 5498 obtrectarorem
2830 5439 3024 5514 potius
3049 5447 3232 5514 notet,
3257 5439 3610 5514 quatriduu-

1954 5537 2081 5574 rum
2117 5510 2449 5587 linguarum
2477 5515 2726 5585 peritum
2752 5510 3013 5587 scicntia.
3045 5514 3196 5570 Hier.
3221 5510 3374 5587 intra
3398 5510 3605 5567 lib.m.

1957 5594 2028 5648 Tu
2061 5585 2350 5654 bilinguis,
2384 5589 2478 5657 qui
2505 5590 2718 5640 tantum
2750 5587 2911 5641 habes
2938 5586 3115 5643 Gralci
3162 5585 3455 5657 Lalim'quq
3493 5598 3608 5657 scr-5

1954 5665 2130 5719 monis
2161 5654 2468 5722 scientia-in,
2501 5662 2558 5712 ut.
2591 5662 2642 5712 el
2689 5658 2864 5715 Graeci
2913 5663 2963 5715 te
3011 5659 3294 5726 Latinum,
3344 5659 3396 5713 et
3426 5654 3612 5711 Latini

1953 5741 2006 5792 te
2039 5734 2288 5792 Graecum
2311 5737 2526 5804 putent.
