3958 6422
372 280 527 396 cer
1602 342 1676 411 s.
1722 334 2039 407 nossem
2082 342 2557 412 HIERONYMI.
3642 345 3754 419 tes

373 468 498 561 tam
528 469 843 544 Pamphili,
874 472 1283 530 continentur:
1317 480 1375 531 et
1406 492 1520 532 non
1564 476 1693 534 dico
1758 495 1859 534 sex
1884 477 2015 534 mil-
2045 484 2100 549 Α
2129 481 2215 538 sic
2244 488 2309 541 tu
2365 485 2507 542 doce
2537 501 2571 541 a
2601 499 2717 556 quo
2748 480 3048 557 exemplar
3076 482 3393 558 acceperis,
3423 486 3485 543 ut
3537 485 3633 561 qui
3664 493 3754 546 an'

374 557 457 616 lia
486 562 588 617 sed
657 563 889 619 tertiam
960 567 1185 635 partem
1248 582 1365 620 non
1436 568 1705 638 reperies.
1740 568 2039 624 Habemus
2143 576 2358 630 ctorem
2390 574 2523 630 libri
2555 574 2691 629 dare
2721 573 2903 629 alium
2929 591 3039 630 non
3058 557 3332 647 potuerit,
3355 574 3477 647 ipse
3505 557 3755 634 falsitatis

374 650 688 723 epistolam
722 652 1043 723 supradicti
1076 654 1391 725 pontificis,
1426 654 1483 709 in
1515 672 1632 726 qua
1648 656 1787 712 huic
1811 656 2036 713 calum-
2141 678 2276 718 reus
2305 667 2589 720 teneatur.
2618 686 2646 713 «
2681 663 2877 718 Bonus
2905 662 3080 720 homo
3110 663 3181 719 de
3226 664 3377 720 bono
3433 664 3614 721 cordis
3641 666 3755 723 the-

379 741 492 797 nize
522 746 656 806 tuae,
689 742 831 795 dum
864 741 1057 797 adhuc
1089 760 1250 799 esses
1300 745 1359 799 in
1410 746 1662 813 Oriente,
1698 746 2029 818 respondet,
2141 768 2315 807 sauro
2346 753 2565 825 profert
2594 750 2695 806 illa
2722 767 2849 823 quas
2879 751 3036 806 bona
3064 756 3206 807 sunt
3236 752 3443 823 (Matth.
3474 769 3570 820 xu,
3599 755 3755 824 35);»

377 833 436 885 et
464 829 900 900 apertissimum
936 832 1307 888 mendacium
1338 832 1521 889 libera
1549 834 1809 890 veritatis
1840 835 2031 890 fronte
2140 843 2314 911 atque
2344 856 2414 896 ex
2470 856 2782 912 pomorum
2842 838 3170 908 dulcedine,
3230 840 3493 914 generosi
3533 843 3757 901 seminis

378 920 661 975 confutat.
2138 928 2312 984 arbor
2350 929 2706 1001 agnoscitur.

448 1010 543 1062 23.
600 1008 839 1063 Habebat
895 1011 952 1064 in
1012 1013 1198 1065 animo
1253 1010 1488 1067 scribere
1533 1020 1718 1067 contra
1749 1013 2032 1084 Pamphili
2205 1018 2293 1072 24.
2325 1018 2567 1089 Ερίδιοια
2593 1019 2878 1089 supposita
2908 1019 3268 1089 Hieronymo.
3304 1048 3368 1059 -—
3422 1018 3627 1075 Scribit
3654 1021 3757 1076 fra-

380 1099 724 1169 Apologiam.
761 1100 876 1155 Lib.
900 1099 967 1154 de
1003 1102 1141 1155 Viris
1170 1101 1373 1155 illustr.
1396 1101 1466 1155 ad
1494 1102 1776 1157 Dextrum.
1823 1104 2027 1157 Trans-
2135 1110 2222 1161 ter
2251 1106 2539 1162 Eusebius
2569 1123 2631 1162 se
2661 1106 2815 1178 apud
2849 1107 3017 1162 Afros
3047 1107 3374 1179 episcopos,
3414 1107 3514 1180 qui
3544 1115 3761 1181 propter

382 1189 512 1245 tulit
542 1189 799 1244 homilias
830 1190 1080 1261 Origem's
1109 1192 1168 1244 in
1195 1191 1578 1247 adolescentia.
1621 1223 1691 1231 —
1740 1192 1877 1248 Post
1906 1191 2027 1247 haec
2134 1194 2556 1252 ecclesiasticas
2581 1212 2791 1251 causas
2824 1196 2893 1250 ad
2927 1195 3270 1251 comitatum
3330 1203 3621 1266 venerant,
3650 1198 3761 1271 epi-

381 1281 440 1333 et
469 1282 633 1334 tanta
663 1279 844 1334 audes
875 1278 932 1333 in
966 1281 1226 1350 Apologia
1259 1280 1359 1335 tua
1388 1280 1600 1349 dicere,
1662 1285 1718 1336 te
1750 1298 1865 1337 non
1898 1298 2025 1338 esse
2133 1283 2344 1340 stolam
2377 1284 2544 1356 quasi
2580 1300 2707 1339 meo
2764 1284 3042 1357 scriptam
3103 1283 3340 1341 nomine
3380 1285 3678 1357 reperisse,
3706 1287 3761 1342 in

378 1367 745 1423 defensorem
775 1367 1062 1440 Origenis,
1096 1385 1286 1441 neque
1317 1375 1667 1426 assertorem
1707 1369 1886 1439 illius,
1922 1388 2024 1442 pro
2134 1391 2250 1446 qua
2305 1390 2536 1446 agerem
2595 1372 3016 1445 pmnitentiam,
3050 1376 3108 1428 et
3165 1389 3259 1429 me
3288 1373 3363 1429 ab
3420 1373 3667 1430 Hebraeis
3710 1375 3764 1430 in

377 1458 551 1528 cujus
581 1456 917 1513 defensione
946 1458 1293 1530 Pamphilus
1314 1463 1369 1514 et
1390 1460 1677 1516 Eusebius
1695 1459 1801 1515 tibi
1816 1476 2022 1530 parum
2133 1461 2526 1518 adolescentia
2589 1461 2898 1517 inductum
2956 1477 3084 1517 esse
3122 1465 3389 1529 testarer,
3450 1466 3515 1517 ut
3541 1462 3767 1519 Hebraea

375 1545 595 1602 dixisse
624 1551 764 1603 sunt
792 1546 921 1602 visi.
955 1547 1278 1603 Adversum
1311 1564 1439 1619 qua
1468 1548 1769 1604 volumina
1798 1549 1866 1621 (si
1912 1548 2021 1604 Do-
2130 1550 2431 1607 volumina
2459 1550 2518 1606 in
2552 1551 2823 1607 Latinum
2855 1554 3158 1614 verterem,
3189 1548 3249 1605 in
3282 1550 3502 1622 quibus
3524 1549 3682 1607 nulla
3701 1551 3770 1607 sit

373 1634 575 1691 minus
604 1635 733 1690 vita:
765 1636 944 1707 hujus
964 1637 1188 1692 dederit
1206 1637 1651 1710 spatium)alias
1673 1638 2021 1710 respondere
2129 1639 2361 1695 veritas.
2395 1640 2556 1703 Quod
2590 1637 2838 1695 audiens
2894 1638 3194 1711 obstupui.
3228 1638 3297 1693 Et
3352 1640 3495 1711 quia
3526 1661 3555 1690 «
3585 1639 3645 1695 In
3680 1657 3769 1697 ore

374 1723 652 1778 conabor.
684 1723 852 1779 Nunc
894 1728 1123 1779 tantum
1152 1724 1272 1780 tuis
1302 1726 1727 1783 assertionibus
1757 1726 2022 1782 obviasse
2134 1728 2386 1783 duorum
2417 1728 2505 1784 vel
2535 1728 2716 1784 trium
2748 1732 2866 1783 stat
2922 1742 3098 1783 omne
3133 1727 3379 1783 verbum
3424 1729 3601 1799 (Deut.
3639 1745 3768 1796 xvu,

375 1811 655 1917 sufficiat,
689 1812 874 1912 ethoc
904 1813 1154 1917 breviter
1182 1815 1528 1917 prudentem
1561 1814 2017 1917 instrqxisse‘le:
2044 1852 2094 1917 Β
2134 1818 2200 1886 6;
2236 1818 2851 1917 Mhatth..xvm,.16;_ll
2896 1816 3031 1917 (lor...
3051 1834 3180 1882 χιιι,
3212 1817 3290 1886 1),
3320 1818 3595 1917 annique
3624 1816 3770 1894 testi,

377 1902 618 1969 storem,
653 1917 746 1956 me
772 1900 954 1956 istum
984 1901 1202 1957 librum
1233 1903 1459 1974 quisub
1475 1903 1711 1959 nomine
1726 1902 2016 1975 Pamphili
2044 1900 2093 1917 "
2128 1923 2234 1963 nec
2265 1908 2466 1964 Catoni
2496 1907 2919 1976 creditumﬁest,
2954 1905 3214 1978 idipsum
3246 1905 3574 1962 multorum
3599 1923 3690 1963 me
3708 1924 3773 1963 ex

374 1988 692 2063 fcrebatur,
724 1990 940 2047 vidisse
972 1992 1227 2063 primum
1262 1993 1547 2065 scriptum
1580 1994 1637 2049 in
1657 1994 1854 2049 codice
1871 1999 1970 2049 tuo
2000 2012 2012 2061 ;
2127 1996 2277 2053 Urbe
2308 1998 2556 2053 fratrum
2588 1995 2808 2068 scripta
2844 1997 3188 2064 docuerunt,
3208 1995 3665 2064 sciscitantium,
3705 2014 3773 2052 an

374 2083 433 2136 et
463 2080 602 2152 quia
634 2097 749 2136 non
788 2085 912 2136 erat
941 2080 1084 2135 mihi
1116 2097 1266 2137 cura:
1298 2083 1437 2155 quid
1488 2100 1591 2155 pro
1635 2084 1902 2139 haeretico
1933 2083 2018 2138 di-
2126 2088 2208 2143 ita
2244 2104 2306 2143 se
2336 2087 2597 2156 haberet,
2631 2091 2689 2141 et
2718 2103 2752 2141 a
2783 2101 2897 2157 quo
2927 2084 3056 2157 ipsa
3107 2084 3359 2157 epistola
3397 2084 3780 2163 disseminata

374 2173 622 2237 ceretur,
658 2170 740 2225 sic
772 2186 1003 2243 semper
1030 2170 1329 2242 habuisse,
1360 2172 1839 2243 quasidiversum
1863 2177 2019 2229 esset
2125 2182 2281 2233 esset
2338 2177 2396 2231 in
2447 2174 2659 2249 vulgus
2716 2172 3173 2247 lacrymabiliter
3229 2173 3647 2231 indicantium.
3675 2174 3777 2240 Qui

374 2277 522 2333 opus
552 2258 840 2333 Pamphili
873 2264 929 2316 et
957 2260 1188 2315 Eusebii
1218 2276 1231 2314 :
1301 2265 1503 2332 postea
1532 2279 1664 2318 vero
1694 2264 2017 2335 quaestione
2124 2266 2234 2323 hoc
2263 2282 2443 2322 ausus
2476 2269 2564 2319 est
2590 2265 2797 2334 facere,
2828 2263 2967 2335 quid
2999 2261 3156 2318 aliud
3187 2263 3584 2320 nonaudeat?
3614 2264 3780 2332 Bene,

373 2354 556 2418 mota,
588 2349 821 2422 scriptis
887 2366 1088 2405 eorum
1122 2350 1474 2421 respondere
1537 2351 1816 2418 voluisse,
1856 2358 1912 2409 et
1942 2354 2015 2409 ob
2125 2357 2279 2427 quod
2312 2354 2538 2411 malitia
2566 2370 2680 2409 non
2712 2353 2889 2409 habet
2916 2356 3113 2408 tantas
3141 2350 3316 2416 vires,
3372 2356 3635 2425 quantos
3676 2370 3773 2410 co-

370 2440 522 2497 banc
553 2456 793 2495 causam
824 2438 2017 2514 legisse,quidproOrigeneunusquisque
2125 2450 2318 2501 natus.
2378 2444 2636 2499 Perierat
2664 2441 3014 2509 innocentia,
3077 2440 3126 2497 si
3185 2458 3426 2514 semper
3489 2440 3763 2515 nequitiae

371 2529 635 2595 sentiret,
656 2527 1075 2600 perspicueque
1092 2528 1590 2600 deprehendisset,
1611 2531 1765 2602 quod
1790 2533 2017 2602 primus
2116 2535 2325 2605 juncta
2354 2538 2507 2589 esset
2539 2531 2817 2604 potentia,
2846 2535 2901 2586 et
2930 2534 3118 2585 totum
3149 2529 3448 2602 quidquid
3480 2531 3649 2603 cupit
3674 2547 3765 2586 ca-

370 2617 519 2674 liber
548 2633 650 2674 sex
676 2616 1042 2672 voluminum
1076 2618 1303 2673 Eusebii
1335 2619 1459 2689 ipse
1516 2624 1694 2688 esset,
1726 2622 1827 2692 qui
1862 2638 2016 2678 unus
2125 2621 2370 2691 lumnia,
2410 2621 2561 2677 518
2620 2618 2973 2691 praevaleret.
3022 2617 3249 2691 Stylum
3295 2634 3530 2687 meum,
3565 2618 3784 2692 qualis-

373 2708 485 2764 sub
518 2705 753 2762 nomine
785 2705 1074 2777 Pamphili
1105 2723 1139 2761 a
1177 2711 1233 2761 te
1281 2707 1476 2762 editus
1519 2712 1626 2775 est,
1673 2712 1794 2764 tam
1826 2709 2017 2765 Graace
2126 2727 2358 2784 cunque
2388 2715 2501 2778 est,
2556 2714 2613 2765 et
2644 2710 2890 2765 formam
2949 2707 3166 2781 eloquii
3222 2707 3313 2764 vir
3344 2708 3785 2767 disertissimus

375 2812 553 2869 quam
588 2795 811 2862 Latine,
844 2794 1175 2851 immutatis
1206 2795 1489 2851 duntaxat
1520 2796 1791 2853 sensibus
1822 2798 1893 2854 de
1922 2800 2017 2855 Fi-
2126 2800 2450 2873 exprimere
2481 2814 2597 2854 non
2628 2795 2847 2869 potuit;
2879 2796 2978 2851 sed
3029 2796 3182 2851 inter
3230 2796 3397 2869 ipsas
3430 2796 3785 2870 praestigias,

373 2885 452 2941 lio
482 2888 539 2941 et
592 2884 812 2957 Spiritu
844 2888 1067 2949 sancto,
1129 2884 1227 2955 qui
1287 2888 1548 2956 apertam
1588 2885 2016 2959 blasphemiam
2126 2894 2184 2946 et
2202 2888 2443 2945 alterius
2465 2902 2799 2959 personam,
2825 2902 2941 2957 qua
2963 2901 3024 2941 se
3051 2883 3467 2942 fraudulenter
3490 2886 3788 2953 induerat,

374 2974 778 3049 praeferebant.
810 2973 973 3029 Unde
1003 2973 1182 3029 etiam
1214 2977 1348 3029 ante
1374 2991 1559 3031 annos
1608 2975 1787 3032 ferme
1816 2977 2018 3033 decem
2128 2979 2261 3053 quis
2291 2981 2446 3033 esset
2498 2975 2773 3031 ostendit.
2828 2974 2978 3045 Ergo
3008 2971 3105 3029 ille
3155 2973 3255 3045 qui
3312 2972 3642 3046 epistolam
3681 2974 3791 3030 sub

376 3082 512 3123 cum
540 3064 751 3120 Dexter
778 3063 1005 3119 amicus
1036 3079 1223 3129 meus,
1258 3063 1358 3135 qui
1389 3063 1794 3136 praefecturam
1824 3067 2017 3122 admi-
2129 3067 2364 3125 nomine
2394 3082 2522 3122 meo
2552 3063 2903 3137 pmnitentite
2962 3064 3228 3130 finxerat,
3279 3064 3448 3134 quod
3484 3062 3645 3121 male
3684 3064 3793 3120 He-

375 3154 648 3211 nistravit
676 3152 949 3225 praetorii,
984 3169 1075 3208 me
1107 3156 1388 3225 rogasset,
1440 3157 1507 3208 ut
1560 3158 1863 3211 auctorum
1915 3173 2017 3212 no-
2062 3221 2090 3225 μ
2128 3158 2284 3213 braca
2310 3154 2610 3211 volumina
2637 3150 3095 3220 transtulissem,
3127 3151 3385 3223 objicere
3418 3151 3666 3221 dicitur,
3699 3166 3791 3207 me

373 3249 506 3301 stre:
538 3221 836 3315 religionis
862 3246 919 3297 et
949 3221 1201 3297 indicem
1249 3245 1525 3309 texerem,
1584 3244 1734 3299 inter
1781 3248 2017 3302 caeteros
2048 3221 2092 3289 (ἶ
2129 3246 2191 3302 in
2221 3243 2604 3317 Septuaginta
2618 3240 3163 3298 condemnationem
3185 3221 3535 3311 Scripturas
3558 3247 3798 3298 sanctas

371 3337 715 3389 tractatores
745 3331 913 3403 posui
946 3335 1003 3386 et
1041 3332 1195 3387 hunc
1225 3330 1440 3387 librum
1472 3348 1507 3388 a
1561 3333 2021 3405 Pamphilofedi-
2129 3334 2596 3406 interpretatum,
2655 3333 2720 3386 ut
2750 3329 2869 3387 sive
2926 3329 3075 3385 falsa
3104 3332 3261 3397 sunt,
3296 3329 3427 3385 sive
3486 3346 3632 3387 vera
3669 3346 3796 3402 quae

375 3426 527 3487 tum,
557 3421 639 3477 ita
669 3425 882 3493 putans
913 3436 1061 3487 esse,
1090 3425 1157 3476 ut
1186 3437 1220 3475 a
1249 3424 1305 3476 te
1330 3426 1386 3476 et
1415 3421 1533 3477 tuis
1564 3422 1869 3495 discipulis
1903 3424 2019 3481 fue-
2126 3422 2425 3487 transtuli,
2458 3422 2516 3476 in
2565 3420 2811 3475 crimine
2863 3434 3164 3486 maneam;
3216 3417 3364 3474 dum
3398 3424 3511 3475 aut
3553 3419 3617 3475 in
3650 3435 3798 3476 novo

372 3514 462 3567 rat
491 3509 879 3582 divulgatum.
913 3509 1023 3565 Sed
1054 3526 1187 3564 cum
1221 3510 1346 3581 ipse
1376 3509 1830 3568 dicatEusebius
1852 3514 2017 3570 Pam-
2125 3528 2295 3584 Opere
2326 3512 2509 3566 fateor
2539 3525 2631 3565 me
2661 3524 2908 3570 errasse,
2956 3511 3058 3562 aut
3086 3522 3289 3562 recens
3350 3508 3547 3564 editio
3579 3507 3794 3565 veteris

371 3599 598 3675 philum
657 3599 804 3656 5l7
868 3597 1009 3653 nihil
1072 3598 1397 3670 scripsisse,
1457 3601 1711 3672 exceptis
1742 3601 2013 3660 brevibus
2123 3599 2530 3657 condemnatio
2563 3599 2638 3654 sit
2669 3597 2772 3669 [ΑΙ.
2805 3597 2911 3668 fit].
2946 3595 3124 3651 Miror
3152 3596 3464 3667 quomodo
3500 3596 3564 3652 in
3590 3598 3799 3654 eadem

370 3687 731 3762 Epistolisad
758 3686 1087 3743 amicos:ct
1109 3685 1338 3759 primus
1359 3686 1507 3743 liber
1525 3704 1625 3743 sex
1642 3688 2010 3748 voluminum
2121 3688 2368 3762 epistola
2394 3687 2771 3751 homicidam,
2803 3690 2860 3741 et
2888 3683 3246 3749 adulterum,
3299 3689 3360 3739 et
3403 3685 3799 3759 sacrilegum,

366 3778 547 3847 illius,
582 3778 785 3834 eadem
818 3780 874 3832 et
905 3776 1124 3832 eisdem
1157 3775 1347 3831 verbis
1379 3776 1691 3843 contineat,
1741 3796 1872 3850 qua:
1902 3781 2011 3836 sub
2120 3784 2177 3835 et
2208 3777 2558 3850 parricidam
2620 3792 2712 3830 me
2770 3790 2897 3830 esse
2953 3790 3068 3829 non
3103 3772 3336 3839 dixerit,
3401 3781 3467 3829 et
3499 3773 3805 3848 quidquid

368 3868 604 3925 nomine
630 3866 921 3940 Pamphili
953 3882 986 3921 a
1015 3870 1070 3921 te
1100 3866 1234 3920 ﬁcta
1260 3868 1415 3927 sunt,
1449 3866 1824 3938 perspicuum
1839 3874 1927 3925 est
1955 3874 2011 3927 te
2119 3872 2311 3940 potest
2338 3865 2515 3921 tacita
2545 3863 2759 3920 mentis
2789 3862 3061 3935 cogitatio
3093 3862 3248 3917 intra
3277 3878 3343 3918 se
3389 3864 3805 3937 turpitudinis

364 3956 580 4014 idcirco
610 3956 826 4012 librum
857 3954 1015 4010 hunc
1043 3953 1431 4010 disseminare
1456 3954 1732 4024 voluisse,
1781 3960 1846 4012 ut
1899 3960 2008 4015 sub
2118 3956 2358 4013 volvere.
2389 3952 2617 4009 Gratias
2645 3952 2697 4007 ei
2746 3952 2926 4007 debeo
2975 3966 3167 4022 agere,
3218 3951 3387 4021 quod
3437 3969 3590 4010 cum
3636 3958 3809 4010 tanta

366 4062 617 4118 persona
647 4044 921 4117 martyris
960 4042 1225 4099 hmresim
1278 4042 1695 4100 introduceres.
1749 4046 2008 4120 Cumque
2118 4044 2264 4101 silva
2322 4043 2399 4099 sit
2453 4041 2790 4107 criminum,
2847 4054 3029 4094 unum
3090 4037 3307 4094 erroris
3368 4039 3465 4096 vel
3518 4042 3811 4099 falsitatis

367 4133 439 4189 de
469 4133 579 4188 hoc
600 4133 726 4205 ipso
754 4132 904 4187 libro
944 4149 1116 4204 quem
1173 4131 1463 4204 Pamphili
1520 4132 1790 4202 simulas,
1824 4136 2011 4192 multa
2118 4133 2337 4190 crimen
2371 4129 2666 4201 objecerit.
2700 4129 2893 4201 Egone
2922 4131 3126 4182 contra
3155 4127 3574 4202 Septuaginta
3616 4131 3809 4193 inter-

367 4222 735 4295 perverteris,
767 4226 826 4277 et
856 4220 1024 4277 aliter
1050 4222 1109 4276 in
1143 4223 1358 4288 Graeco,
1389 4221 1555 4277 aliter
1593 4223 1652 4278 in
1688 4225 1887 4281 Latino
1908 4226 2003 4296 sit,
2116 4227 2312 4295 pretes
2341 4220 2563 4292 aliquid
2597 4234 2728 4275 sum
2758 4217 3010 4280 locutus,
3041 4216 3198 4287 quod
3229 4220 3372 4273 ante
3422 4235 3634 4277 annos
3676 4221 3813 4294 plu-

366 4312 631 4367 fraudem
663 4316 825 4366 tuam
884 4310 1061 4365 errori
1125 4327 1253 4365 meo
1285 4310 1577 4383 imputare
1634 4330 1749 4368 non
1808 4315 2004 4373 debes.
2118 4311 2298 4367 rimos
2328 4308 2780 4382 diligentissime
2809 4306 3170 4371 emendatos,
3203 4320 3350 4360 mea
3402 4306 3646 4383 linguae
3681 4314 3815 4367 stu-

362 4399 591 4456 Credidi
622 4399 779 4456 enim
810 4400 940 4471 ejus
970 4417 1096 4455 esse
1128 4399 1369 4467 librum,
1401 4417 1575 4471 quem
1608 4400 1816 4458 titulus
1864 4420 2005 4475 prac-
2117 4401 2299 4457 diosis
2351 4399 2504 4465 dedi,
2549 4414 2696 4469 quos
2755 4395 3017 4468 quotidie
3074 4395 3133 4450 in
3192 4403 3511 4455 conventu
3548 4401 3816 4457 fratrum

364 4489 603 4557 ferebat,
637 4488 790 4544 sicut
820 4488 945 4562 περὶ
975 4490 1213 4563 Ἀρχῶν,
1248 4492 1305 4544 et
1335 4488 1522 4544 multa
1571 4489 1687 4545 alia
1743 4491 2008 4565 Origenis
2116 4490 2399 4553 edissere,
2457 4502 2706 4559 quorum
2769 4485 3029 4541 Psalmos
3068 4484 3199 4557 jugi
3257 4487 3682 4548 meditatione
3713 4490 3818 4547 de-

361 4595 555 4652 opera,
590 4577 1095 4651 plurimorumque
1145 4577 1373 4633 Graeciae
1420 4582 1822 4645 tractatorum,
1875 4598 2001 4653 qua:
2036 4594 2079 4658 D
2111 4580 2328 4636 canto?
2360 4578 2501 4633 Tam
2536 4574 2753 4631 stultus
2784 4589 2964 4640 eram,
2998 4577 3066 4629 ut
3094 4573 3250 4645 quod
3272 4573 3350 4628 in
3407 4579 3700 4648 pueritia
3730 4580 3819 4634 di-

358 4672 461 4724 aut
516 4673 649 4724 ante
698 4685 813 4723 non
873 4666 985 4739 legi
1043 4671 1144 4723 aut
1198 4684 1355 4723 nunc
1414 4668 1733 4740 compellor
1788 4669 1998 4743 legere,
2109 4667 2248 4735 dici,
2280 4683 2455 4723 senex
2480 4664 2740 4721 oblivisci
2771 4662 3023 4719 vellem?
3054 4661 3317 4719 Universi
3344 4667 3818 4726 tractatusmei

359 4759 679 4831 quaestione
709 4757 960 4814 haeresos
992 4757 1293 4825 suscitata,
1330 4761 1392 4812 ut
1429 4756 1610 4813 sciam
1661 4775 1787 4829 quas
1817 4760 2000 4815 vitare
2108 4757 2321 4813 horum
2356 4753 2708 4810 testimoniis
2737 4752 2877 4807 texti
2911 4756 3070 4807 sunt.
3093 4752 3545 4810 Commentarii
3573 4756 3642 4812 in
3668 4758 3821 4812 duo-

353 4848 618 4915 debeam,
651 4864 779 4919 quae
810 4847 1055 4918 probare
1084 4846 1247 4901 Unde
1276 4850 1333 4902 ct
1362 4846 1419 4901 in
1453 4846 1847 4903 adolescentia
1895 4848 1997 4904 ho-
2107 4844 2293 4901 decim
2330 4842 2663 4915 Prophetas,
2696 4846 2753 4897 et
2809 4856 3002 4896 meam
3050 4843 3109 4895 et
3145 4840 3568 4914 Septuaginta
3600 4845 3818 4902 editio-

355 4936 549 4993 milias
577 4941 807 4992 tantum
839 4936 968 5007 ejus
1000 4952 1146 5007 quas
1181 4934 1537 5007 loquebatur
1582 4936 1653 4990 ad
1687 4935 1993 5008 populum,
2106 4949 2240 4989 nem
2273 4931 2623 4987 edisserunt.
2658 4930 2702 4985 Ο
2743 4928 2971 4985 labores
3018 4926 3358 4996 hominum,
3418 4947 3691 5006 semper
3723 4935 3821 4990 in-

350 5027 409 5082 in
442 5028 659 5099 quibus
690 5044 806 5081 non
838 5030 1002 5081 tanta
1050 5024 1325 5081 scandala
1363 5026 1732 5092 tenebantur,
1769 5026 1993 5097 simpli-
2105 5022 2245 5077 certi
2270 5023 2331 5077 lo
2354 5018 2690 5075 mortalium
2709 5017 2907 5074 studia
2933 5016 3255 5072 contrarios
3284 5016 3633 5079 interdum
3660 5024 3820 5081 ﬁnes

350 5116 494 5171 citer
520 5116 860 5188 rogantibus
916 5115 1211 5180 transtuli,
1267 5114 1444 5170 nullis
1498 5115 1888 5186 pra-judicans
1927 5132 1994 5170 ex
2105 5109 2418 5166 habentia!
2452 5108 2616 5163 Unde
2648 5124 2738 5163 me
2767 5107 3047 5180 putabam
3081 5106 3226 5162 bene
3265 5111 3515 5165 mereri
3570 5114 3655 5171 de
3707 5119 3822 5171 La-

348 5204 443 5259 his
476 5221 601 5276 quae
634 5206 975 5276 probantur,
1002 5203 1105 5259 illa
1153 5205 1449 5275 suscipere
1507 5220 1640 5275 quoe
1682 5203 1994 5260 manifeste
2100 5200 2241 5255 tinis
2274 5197 2435 5264 meis,
2463 5201 2521 5253 et
2541 5200 2875 5252 nostrorum
2897 5194 2969 5250 ad
2991 5194 3343 5250 discendum
3372 5199 3645 5259 animos
3665 5219 3813 5260 cou-

347 5291 618 5347 haeretica
648 5298 805 5347 sunt.
864 5297 1026 5348 Certe
1083 5293 1173 5363 (ut
1204 5291 1617 5364 compendium
1674 5290 1831 5363 longi
1873 5309 1992 5346 ser-
2102 5288 2301 5354 citare,
2334 5287 2489 5359 quod
2539 5284 2715 5341 etiam
2768 5284 2947 5340 Graeci
2988 5300 3223 5340 versum
3255 5284 3330 5338 de
3394 5286 3641 5349 Latino
3678 5297 3828 5366 post

350 5383 543 5435 monis
577 5381 806 5451 faciam)
840 5382 991 5437 sicut
1019 5398 1124 5453 ego
1155 5381 1419 5447 ostendo,
1464 5396 1557 5436 me
1587 5381 1657 5434 ab
1707 5379 1799 5435 bis
1830 5397 1991 5435 acce-
2099 5380 2293 5433 tantos
2324 5377 2667 5448 interpretes
2699 5390 2815 5429 non
2848 5372 3187 5429 fastidiunt'
3216 5389 3231 5441 ;
3264 5373 3419 5432 inde
3456 5377 3527 5434 in
3554 5381 3821 5455 culpam

345 5468 503 5541 pisse
534 5467 748 5524 librum
809 5469 908 5540 qui
941 5471 1010 5525 de
1069 5475 1167 5527 tuo
1221 5470 1418 5526 codice
1447 5469 1948 5541 transcripserunt
1974 5487 1986 5525 :
2098 5483 2290 5533 vocor,
2322 5470 2379 5522 et
2408 5462 2714 5520 nauseanti
2742 5462 3044 5519 stomacho
3075 5463 3237 5518 cibos
3259 5461 3520 5535 iugero.
3549 5470 3634 5527 Et
3665 5472 3824 5545 quid

418 5618 837 5695 ',J._Psal_terium
896 5624 1034 5691 puto
1093 5622 1259 5678 innui
1292 5639 1383 5695 “ex
1440 5621 1676 5678 Hebraeo
1736 5619 1937 5677 Latine
1985 5636 2019 5676 a
2077 5621 2135 5673 S.
2206 5618 2439 5674 doctore
2487 5614 2801 5682 redditum,
2833 5616 3028 5686 ;atque
3083 5630 3153 5671 ex
3209 5612 3437 5674 Latino
3508 5625 3738 5684 Graece
3792 5643 3831 5685 ιι

343 5690 668 5767 Sophronio
701 5690 1024 5765 vulgatum.
