3958 6390
241 336 363 411 469

1433 348 1744 418 CONTRA
1787 345 2148 417 ItUFlNUM
2196 347 2341 414 LIB.
2387 347 2468 416 II.

3531 338 3656 423 ul

243 476 301 535 in
330 478 572 538 homine
631 483 827 541 tutum
885 483 980 552 sit,
1040 483 1375 544 innocentia
1404 486 1724 542 criminosa
1752 486 1887 542 est?
1919 486 1973 552 Α
2005 485 2174 541 Isaia.
2211 485 2470 541 Tertium
2502 484 2561 542 in
2595 484 2893 544 Zacharia.
2925 485 3210 553 Quartum
3241 485 3301 544 in
3322 484 3651 548 Proverbiis

241 569 578 629 Dormiente
595 574 1020 645 patrel‘amilias
1041 575 1320 632 inimicus
1341 575 1516 632 homo
1539 576 1764 632 zizania
1796 593 1890 631 su-

241 660 659 732 perseminavit
697 665 1041 734 (Malihxm,
1092 667 1202 733 25).
1260 690 1279 714 ι
1337 666 1758 722 Exterminavit
1804 664 1886 718 vi-

239 765 415 805 neam
448 767 586 824 aper
612 752 682 808 de
703 753 867 819 silva,
893 759 950 810 et
971 754 1290 826 singularis
1313 756 1469 812 lerus
1491 757 1770 827 depastus
1803 758 1891 808 est

237 855 373 894 eam
401 842 575 908 (Psal.
609 859 792 897 LXXIX.
830 844 939 914 13).
983 867 1011 892 ››
1045 845 1161 917 Ego
1195 849 1378 911 taceo,
1418 851 1474 900 et
1519 844 1722 900 litterae
1773 860 1886 898 non

241 944 385 984 mea:
417 927 733 1002 loquuntur
758 937 960 988 contra
991 949 1102 989 me.
1141 937 1345 1007 Ignoro
1390 935 1632 999 crimen,
1683 939 1742 988 et
1773 933 1886 988 cri-

239 1033 376 1072 men
411 1019 470 1073 in
501 1023 619 1076 toto
651 1022 789 1077 orbe
820 1022 1118 1080 confiteor.
1151 1047 1177 1074 «
1214 1029 1337 1079 Heu
1363 1023 1725 1095 mihi,mater
1755 1038 1887 1078 mea

237 1108 302 1160 ut
331 1107 474 1178 quid
507 1125 598 1164 me
631 1111 905 1182 genuisti,
927 1113 1115 1168 virum
1141 1112 1488 1185 quijudicer
1509 1117 1565 1167 et
1585 1113 1886 1167 discernar

240 1197 400 1252 omni
431 1201 597 1254 terras
632 1200 846 1271 (Jerem.
879 1219 972 1269 xv,
1013 1203 1093 1270 10,
1125 1219 1228 1258 sec.
1264 1205 1405 1273 LXX)
1439 1203 1465 1256 ?
1502 1226 1526 1250 ››

307 1285 396 1341 25.
428 1287 510 1342 Ex
539 1288 773 1360 Prologo
807 1292 869 1346 in
901 1290 1149 1347 Genesin.
1176 1323 1242 1331 —-—
1301 1291 1515 1347 Omnes
1550 1290 1881 1346 Prtel‘atiun.

237 1373 378 1430 cula:
398 1377 616 1434 veteris
643 1379 1044 1450 Instrumenti,
1073 1397 1322 1452 quarum
1347 1398 1414 1436 ex
1439 1385 1600 1453 parte
1621 1379 1886 1451 exempla

237 1463 485 1536 subjeci,
517 1466 654 1523 huic
685 1467 764 1522 rei
796 1473 974 1525 testes
1017 1474 1172 1526 sunt.
1234 1472 1300 1526 Et
1353 1471 1717 1542 superﬂuum
1774 1473 1882 1533 est,

235 1553 392 1625 quod
423 1555 481 1609 in
513 1555 630 1612 illis
661 1556 883 1613 dictum
915 1562 1023 1627 est,
1059 1559 1210 1615 519
1243 1559 1408 1615 aliter
1435 1577 1611 1631 quam
1669 1558 1748 1614 ibi
1797 1557 1883 1612 di-

233 1649 393 1698 ctum
425 1649 513 1700 est
542 1646 815 1702 scribere.
854 1648 1134 1721 Incipiam
1167 1649 1350 1722 igitur
1383 1667 1417 1705 a
1447 1649 1679 1716 Genesi,
1715 1648 1884 1718 cujus

233 1730 517 1804 Prologus
546 1734 679 1790 talis
708 1741 798 1791 est
826 1754 838 1792 :
881 1760 908 1787 «
939 1737 1224 1794 Desiderii
1258 1739 1371 1794 mei
1395 1739 1756 1794 desideratas
1788 1753 1883 1793 ac-

1999 575 2280 639 Quintum
2313 593 2476 648 aeque
2517 575 2576 632 in
2626 576 2795 633 Isaia.
2847 576 3009 642 Quod
3060 576 3233 634 multi
3287 579 3648 652 ignorantes,

1999 665 2465 737 apocryphorum
2534 665 2918 722 deliramenta
2971 671 3290 735 sectantur,
3340 672 3398 724 et
3451 669 3650 726 Iberas

1999 754 2217 810 nanias
2248 754 2415 810 libris
2445 755 2798 812 authenticis
2831 757 3148 828 praeferunt
3175 758 3216 813 ⁸.
3242 757 3461 814 Causas
3489 775 3648 815 erro-

1998 844 2078 899 ris
2111 861 2223 900 non
2256 852 2342 900 est
2373 861 2569 900 meum
2601 862 2906 917 exponere.
2950 847 3104 903 ιω
3129 847 3316 902 Judaei
3369 847 3647 920 prudenti

1997 934 2213 988 factum
2249 933 2452 989 dicunt
2480 951 2608 991 esse
2638 935 2901 1005 consilio,
2944 952 3016 992 ne
3066 935 3415 993 Ptolemaeus
3467 938 3645 1015 unius

1994 1023 2095 1079 Dei
2126 1022 2338 1091 cultor,
2371 1024 2526 1096 apud
2557 1024 2828 1081 Hebraeos
2857 1027 3034 1081 etiam
3087 1025 3379 1098 duplicem
3433 1026 3648 1083 divini-

1993 1117 2172 1169 tatem
2201 1113 2660 1184 deprehenderet
2693 1132 2706 1169 :
2740 1116 2895 1186 quod
2928 1115 3183 1171 maxime
3229 1115 3446 1172 idcirco
3477 1116 3646 1174 facie-

1993 1204 2158 1270 bant,
2179 1202 2316 1275 quia
2347 1203 2406 1258 in
2458 1203 2720 1258 Platonis
2779 1205 2994 1277 dogma
3053 1205 3260 1262 cadere
3319 1205 3646 1263 videbatur.

1993 1293 2256 1363 Denique
2315 1292 2649 1364 ubicunque
2718 1298 3018 1349 sacratum
3071 1293 3293 1366 aliquid
3344 1294 3647 1367 Scriptura

1994 1386 2244 1437 testatur
2272 1382 2343 1437 de
2375 1381 2540 1438 Patre
2585 1387 2642 1438 et
2700 1382 2841 1439 Filio
2871 1388 2928 1439 et
2983 1383 3203 1455 Spiritu
3261 1388 3484 1453 sancto,
3545 1388 3648 1441 aut

1994 1469 2164 1526 aliter
2192 1470 2554 1542 interpretati
2585 1475 2742 1539 sunt,
2777 1476 2880 1528 aut
2910 1471 3149 1528 omnino
3198 1476 3526 1539 tacuerunt,
3576 1476 3646 1528 ut

1993 1566 2050 1616 et
2081 1560 2198 1632 regi
2231 1560 2659 1626 satisfacerent,
2691 1566 2752 1615 et
2782 1577 3058 1616 arcanum
3092 1560 3224 1616 fidei
3277 1577 3393 1616 non
3451 1560 3642 1617 divul-

1992 1655 2214 1723 garent.
2249 1651 2314 1705 Et
2346 1650 2540 1705 nescio
2573 1650 2703 1722 quis
2734 1651 2961 1723 primus
3010 1653 3214 1706 auctor
3262 1650 3644 1723 septuaginta

1992 1739 2229 1796 cellulas
2286 1739 2646 1795 Alexandria:
2713 1739 3016 1796 mendacio
3093 1756 3199 1795 suo
3267 1741 3639 1810 exstruxerit,

232 1821 358 1894 cepi
390 1823 689 1928 epistolas,
739 1827 838 1926 qui
885 1827 1142 1899 quodam
1198 1828 1478 1900 praesagio
1528 1828 1880 1895 futurorum,
1914 1863 1961 1928 B
1993 1831 2209 1902 quibus
2238 1828 2409 1885 divisi
2453 1830 2659 1884 eadem
2709 1829 3116 1900 scriptitarint,
3177 1845 3312 1884 cum
3358 1829 3642 1899 Aristeas,

228 1927 363 1966 cum
393 1912 630 1969 Daniele
661 1915 906 1973 sortitus
953 1921 1042 1972 est
1097 1934 1332 1984 nomen,
1395 1917 1759 1974 obsecrantis
1816 1920 1883 1972 ut

228 2000 582 2058 translatum
615 2003 675 2058 in
713 2003 977 2077 linguam
1030 2007 1297 2062 Latinam
1345 2008 1415 2062 de
1466 2007 1705 2063 Hebraeo
1757 2023 1878 2061 ser-

231 2105 405 2146 mone
436 2090 896 2150 Pentateuchum
929 2100 1265 2152 nostrorum
1287 2096 1534 2152 auribus
1562 2098 1878 2152 traderem.

231 2178 630 2237 Periculosum
680 2200 828 2255 opus
879 2189 1054 2250 certe,
1105 2190 1161 2240 et
1208 2186 1664 2241 obtrectatorum
1704 2185 1880 2240 latra-

228 2267 390 2324 tibus
420 2274 628 2342 patens
657 2273 678 2305 ²
710 2290 723 2338 ;
761 2273 862 2343 qui
898 2289 990 2328 me
1023 2275 1370 2330 asseruntin
1395 2275 1776 2347 Septuaginta
1797 2274 1880 2328 in-

228 2361 554 2429 terpretum
597 2361 1087 2433 saggillationem,
1142 2381 1289 2420 nova
1318 2382 1422 2436 pro
1454 2364 1744 2420 veteribus
1777 2381 1877 2419 cu-

231 2445 370 2502 dere
404 2463 416 2500 :
454 2446 537 2503 ita
567 2448 890 2522 ingenium,
926 2452 1094 2524 quasi
1123 2452 1325 2508 vinum
1373 2453 1706 2525 probantes,
1741 2469 1875 2508 cum

230 2550 339 2607 ego
371 2537 694 2610 sazpissime
720 2546 968 2597 testatus
988 2543 1123 2611 sim,
1150 2559 1242 2598 me
1265 2560 1368 2615 pro
1391 2543 1541 2598 virili
1569 2544 1590 2578 ³
1610 2543 1877 2614 portione

226 2624 288 2679 in
319 2626 697 2684 tabernaculo
728 2630 827 2686 Dei
861 2630 1066 2687 oﬂ‘erre
1098 2649 1226 2705 qua:
1277 2633 1497 2704 possim
1534 2651 1547 2700 ;
1582 2649 1686 2688 nec
1736 2648 1876 2705 opes

224 2712 492 2782 alterius,
525 2716 774 2774 aliorum
809 2725 1148 2793 paupertate
1179 2722 1402 2778 fcedari.
1439 2723 1600 2786 Quod
1652 2726 1718 2777 ut
1771 2739 1878 2778 au-

225 2803 446 2873 derem,
481 2806 748 2880 Origenis
781 2826 872 2864 me
911 2811 1178 2866 studium
1213 2813 1563 2884 provocavit,
1615 2812 1715 2884 qui
1749 2813 1874 2867 edi-

223 2891 374 2948 tioni
405 2895 658 2967 antiqua:
690 2899 1136 2956 translationem
1165 2901 1581 2957 Theodotionis
1615 2902 1871 2956 miscuit.

222 2983 504 3040 asterisco
551 2993 624 3055 ἑο,
657 2993 712 3044 et
743 2989 1000 3045 obelisco
1179 2991 1233 3045 id
1267 2996 1378 3058 est,
1407 2991 1577 3046 stella
1622 2997 1678 3046 et
1707 3007 1870 3058 veru,

223 3088 376 3144 opus
404 3090 576 3131 omne
606 3077 976 3150 distinguens
1001 3096 1014 3135 :
1041 3081 1181 3135 dum
1206 3086 1306 3136 aut
1326 3079 1562 3136 illucere
1584 3080 1871 3152 facit,quas

223 3161 424 3218 minus
447 3169 581 3221 ante
610 3165 1277 3242 fuerant,autsuperﬂua
1299 3187 1544 3242 qumque
1567 3169 1872 3242 jugulatet

1992 1920 2257 1991 ejusdem
2318 1918 2608 1975 Ptolemaei
2662 1917 3086 1991 ὑπερασπιστὴς,
3157 1921 3215 1974 et
3270 1918 3456 1975 multo
3505 1923 3642 1994 post

1991 2014 2252 2081 tempore
2280 2007 2595 2080 Josephus,
2630 2007 2775 2064 nihil
2795 2007 2908 2064 tale
2931 2007 3272 2076 retulerint;
3300 2008 3401 2064 sed
3438 2008 3497 2064 in
3522 2025 3643 2066 una

1990 2099 2234 2154 basilica
2287 2101 2305 2132 ⁷
2361 2101 2743 2170 congregatos
2801 2097 3119 2154 contulisse
3179 2097 3464 2169 scribant,
3524 2115 3640 2155 non

1990 2188 2393 2261 prophetasse.
2419 2186 2589 2242 Aliud
2623 2191 2711 2242 est
2749 2187 2906 2243 enim
2964 2191 3182 2253 vatem,
3241 2186 3400 2243 aliud
3455 2186 3638 2244 inter-

1990 2283 2212 2350 pretem
2243 2294 2390 2333 esse.
2429 2276 2510 2332 Ibi
2541 2276 2785 2349 spiritus
2814 2281 3058 2332 ventura
3088 2277 3374 2348 praedicit,
3395 2275 3490 2333 hic
3511 2294 3642 2334 eru-

1990 2367 2132 2422 ditio
2163 2371 2219 2422 et
2244 2367 2555 2421 verborum
2587 2365 2754 2437 copia
2778 2381 2846 2420 ea
2875 2381 3000 2436 quae
3032 2363 3306 2436 intelligit
3334 2364 3635 2422 transfert.

1987 2457 2110 2512 Nisi
2141 2456 2285 2511 forte
2315 2455 2614 2528 putandus
2642 2457 2731 2510 est
2760 2453 2991 2510 Tullius
3033 2452 3472 2509 Economicum
3521 2453 3638 2510 Xe-

1987 2545 2325 2617 n0phontis,
2357 2548 2414 2600 et
2445 2542 2702 2598 Platonis
2735 2543 3201 2616 Protagoram,et
3229 2541 3639 2599 Demosthenis

1987 2651 2090 2706 pro
2122 2633 2496 2705 Ctesiphonte
2534 2631 2858 2688 orationem
2891 2632 3123 2688 afﬂatus
3172 2630 3460 2688 rhetorico
3512 2632 3639 2704 spi-

1987 2723 2102 2778 ritu
2127 2721 2501 2778 transtulisse
2546 2725 2660 2790 ;ut
2708 2720 2876 2776 aliter
2927 2721 2998 2777 de
3046 2720 3268 2776 eisdem
3320 2719 3486 2775 libris
3533 2736 3639 2793 per

1986 2813 2368 2885 Septuaginta
2399 2812 2766 2884 interpretes,
2798 2811 2966 2867 aliter
3013 2827 3116 2883 per
3157 2809 3453 2883 apostolos
3501 2809 3632 2884 Spi-

1984 2903 2134 2958 ritus
2167 2909 2407 2958 sanctus
2439 2899 2774 2957 testimonia
2807 2899 3056 2956 texuerit
3085 2919 3098 2968 ;
3133 2904 3198 2955 ut
3229 2900 3387 2972 quod
3435 2897 3518 2954 illi
3549 2903 3637 2956 ta-

1984 2993 2230 3058 cuerint,
2263 2991 2323 3046 hi
2357 2991 2640 3064 scriptum
2672 3006 2801 3045 esse
2831 2989 3062 3046 mentiti
3095 2989 3234 3046 sint.
3267 2989 3414 3054 Quid
3455 2987 3638 3062 igitur

1984 3083 2337 3138 damnamus
2359 3085 2580 3137 veteres
2599 3081 2626 3134 ‘?
2651 3080 2911 3136 Minime.
2941 3079 3050 3135 Sed
3074 3082 3206 3150 post
3227 3077 3488 3151 priorum
3509 3081 3634 3134 stu-

1983 3172 2099 3244 dia,
2131 3172 2190 3226 in
2225 3172 2398 3226 domo
2428 3170 2659 3226 Domini
2694 3170 2847 3241 quod
2881 3185 3220 3241 possumus,
3261 3167 3624 3224 laboramus.

222 3252 504 3322 confodit,
536 3256 908 3330 maximeque
941 3237 1073 3330 quae
1101 3237 1600 3332 evangeilistarum
1632 3237 1688 3315 et
1728 3275 1867 3331 apo-
1901 3237 1943 3304 (ἶ
1984 3237 2451 3332 Illi'interpretati
2475 3263 2615 3314 sunt
2635 3237 3092 3314 anteadventum
3113 3255 3362 3324 Christi;
3386 3256 3622 3329 etquod

221 3341 509 3399 stolorum
541 3346 854 3402 auctoritas
891 3348 1298 3422 promulgavit.
1332 3351 1394 3404 In
1425 3349 1642 3421 quibus
1683 3349 1869 3404 multa
1980 3351 2337 3416 nesciebant,
2373 3347 2567 3404 dubiis
2597 3347 2890 3420 protulere
2937 3346 3265 3404 sententiis.
3323 3346 3442 3402 Nos
3491 3349 3626 3420 post

219 3427 294 3483 de
322 3431 500 3487 veteri
532 3433 903 3491 Testamento
929 3435 1338 3508 legimus,quae
1372 3438 1430 3492 in
1464 3437 1680 3492 nostris
1714 3437 1870 3492 codi-

216 3517 388 3575 cibus
419 3537 534 3576 non
567 3521 876 3592 habentur,
920 3529 986 3580 ut
1011 3532 1100 3582 est
1149 3527 1294 3582 illud
1349 3544 1360 3581 :

215 3610 415 3666 vocavi
447 3610 635 3666 filium
669 3629 864 3668 meum
898 3614 1052 3686 (Osee
1081 3633 1158 3683 x1,
1194 3617 1246 3688 l)
1277 3634 1296 3677 ,°
1330 3639 1358 3664 ››
1390 3621 1449 3671 et
1481 3633 1492 3670 :
1532 3636 1553 3664 ι
1582 3617 1869 3683 Quoniam

217 3697 513 3756 Nazareus
542 3703 846 3758 vocabitur
873 3705 1085 3774 (Matth.
1123 3723 1185 3774 ιι,
1228 3707 1319 3777 23)
1354 3724 1366 3771 ;
1405 3729 1432 3753 ››
1483 3711 1541 3760 et
1573 3724 1585 3762 :
1625 3731 1651 3755 ‹‹
1697 3707 1872 3762 Vide-

212 3789 369 3845 bunt
399 3790 456 3844 in
489 3806 663 3861 quem
695 3799 1165 3865 compunxerunt
1197 3795 1380 3866 (Zach,
1414 3813 1517 3864 xu,
1547 3797 1634 3868 10)
1663 3821 1676 3864 ;
1713 3819 1740 3846 ››
1775 3801 1870 3852 et:

216 3906 246 3930 ‹‹
284 3879 556 3936 Flumina
585 3880 655 3936 de
685 3887 885 3940 ventre
909 3884 1038 3956 ejus
1071 3883 1256 3940 ﬂuent
1287 3902 1450 3957 aqum
1504 3886 1640 3940 viva:
1690 3889 1872 3955 (Joan.

213 3986 320 4038 vn,
353 3970 483 4042 38);
517 3992 544 4019 »
577 3975 635 4026 et
668 3989 680 4026 :
716 3993 744 4021 «
779 3974 910 4038 Qua:
944 3989 1048 4029 nec
1090 3974 1296 4030 oculus
1345 3976 1511 4042 vidit,
1568 3992 1670 4030 nec
1715 3976 1876 4032 auris

227 4057 472 4126 audivit,
506 4076 612 4116 nec
643 4060 699 4114 in
733 4078 833 4116 cor
853 4063 1107 4119 hominis
1127 4065 1395 4119 ascendit
1425 4065 1465 4130 ⁵,
1497 4081 1624 4136 qua:
1650 4081 1878 4136 praepa-

225 4149 378 4205 ravit
408 4148 563 4204 Deus
593 4149 977 4223 diligentibus
1010 4169 1070 4208 se
1103 4154 1153 4224 (Ι
1179 4152 1300 4209 Cor.
1327 4171 1386 4220 ιι,
1416 4154 1472 4223 9)
1508 4171 1521 4220 ;
1565 4176 1590 4201 ››
1614 4158 1669 4208 et
1692 4153 1879 4210 multa

224 4238 360 4294 alia.
397 4253 524 4310 qua:
550 4239 855 4312 proprium
888 4240 1168 4316 σύνταγμα
1217 4243 1570 4299 desiderant.
1627 4243 1878 4300 Interro-

224 4345 439 4402 gemus
468 4345 606 4402 ergo
637 4345 755 4398 eos,
793 4329 890 4385 ubi
923 4331 1045 4387 haec
1075 4333 1294 4404 scripta
1331 4333 1449 4387 sint
1485 4351 1497 4401 ;
1532 4337 1589 4387 et
1629 4349 1765 4388 cum
1797 4334 1881 4389 di-

215 4435 348 4476 cere
377 4435 495 4474 non
529 4419 848 4490 potuerint,
882 4421 952 4476 de
982 4420 1148 4477 libris
1178 4421 1434 4477 Hebraeis
1489 4422 1878 4495 proferamus.

215 4509 484 4566 Primum
536 4510 940 4566 testimonium
987 4517 1076 4568 est
1129 4511 1188 4568 in
1238 4513 1400 4569 Osee.
1432 4513 1770 4569 Secundum
1821 4515 1882 4569 in

295 4635 718 4711 '__Martia_naeu_s
747 4639 844 4706 qui
882 4637 1093 4708 judice!
1116 4643 1173 4694 et
1218 4638 1496 4711 discernat
1528 4638 1723 4711 ;Aalibi
1775 4640 1876 4711 qui
1910 4614 1956 4678 D

214 4707 490 4783 iudicaret
548 4706 608 4762 in
666 4707 861 4783 Graeco
883 4706 896 4783 ί
919 4713 1114 4765 autem
1187 4715 1294 4778 est,
1375 4707 1725 4783 δικαζόμενον
1786 4706 1875 4764 {cui

218 4776 643 4854 dtquzvo'psvo‘:
672 4779 816 4854 tier,
848 4782 915 4852 τῇ
943 4784 1039 4854 γῇ.

289 4852 314 4885 ²
343 4850 407 4907 In
440 4850 570 4918 ipsa
610 4850 837 4918 Praefat,
889 4850 1126 4908 additur
1172 4869 1440 4918 meorum,
1495 4853 1605 4908 Sed
1659 4853 1716 4908 in
1768 4853 1876 4909 hac

217 4923 725 4997 quemadmodum
759 4930 816 4979 et
843 4925 1349 4997 subsequentibus
1380 4924 1750 4997 illustrandis
1782 4926 1876 4981 hic

218 5011 360 5078 nom
393 4995 1013 5078 i‘m‘moramurL-quod
1044 4995 1172 5052 'suo
1220 4997 1347 5052 loco
1399 5002 1533 5052 ante
1563 4996 1876 5069 Scripturae

221 5069 388 5141 ipsos
419 5065 601 5122 libros
632 5065 1037 5139 prmetiti'mus.
1694 5065 1711 5069 “

225 5212 261 5220 Δ.
293 5140 316 5173 ³
348 5138 475 5194 Duo
505 5138 754 5220 codices.
800 5139 1025 5213 collegii
1079 5141 1244 5196 Rom.
1305 5157 1481 5205 unus,
1517 5137 1665 5194 alter
1712 5139 1876 5196 Pala-

220 5212 412 5276 tinus,
445 5225 544 5276 pro
574 5211 696 5265 vili.

292 5227 412 5276 ius,
485 5227 544 5265 ro
574 5227 696 5265 vm.

292 5285 315 5316 ‘
343 5227 499 5338 Aligi
530 5281 718 5337 obello.
754 5282 884 5338 Mox
914 5299 1016 5353 pro
1048 5283 1293 5348 illucere,
1340 5284 1623 5338 Erasmus
1673 5285 1730 5353 et
1780 5282 1875 5336 Vi-

219 5355 445 5436 ctorius
473 5352 1040 5436 legeruntjllusifia,
1074 5356 1689 5436 ut_conc_i_nius,_puto,
1722 5352 1876 5436 lege-

221 5432 374 5495 rent,
409 5425 625 5499 non'ut
652 5425 867 5481 verius.
902 5426 1040 5481 Mihi
1074 5426 1634 5499 subintelligendum
1685 5425 1877 5499 potius

217 5499 453 5555 videtur
483 5497 726 5570 verbum
761 5499 1005 5552 illustria
1052 5507 1180 5569 post
1222 5497 1464 5570 fuerant,
1517 5503 1675 5553 textu
1730 5497 1877 5551 nihil

215 5571 553 5642 immutate.
588 5569 682 5623 Sic
713 5569 772 5624 in
807 5570 1033 5626 Przefat.
1068 5570 1141 5624 ad
1175 5569 1429 5642 Paralip.
1455 5571 1754 5633 asieriscis,
1787 5569 1875 5623 in-

223 5645 385 5716 quit,
399 5641 703 5716 designans
732 5657 852 5716 qua;
880 5645 1216 5716 miuuannte
1241 5641 1488 5714 [uerunt

292 5717 311 5752 ⁵
340 5712 666 5784 Victorius,
696 5712 850 5787 quod
884 5713 1021 5771 alibi
1053 5712 1441 5790 Hieronymus
1472 5713 1731 5787 plurium
1767 5729 1876 5769 nu-

1979 3441 2313 3512 passionem
2349 3444 2406 3493 et
2435 3437 2920 3493 resurrectionem
2951 3438 3100 3508 ejus,
3152 3453 3267 3493 non
3316 3440 3439 3492 tam
3488 3451 3621 3508 pro-

1416 3549 1442 3574 ‹‹
1500 3528 1579 3581 Ex
1626 3528 1870 3600 zEgypto
1980 3529 2262 3601 phetiam,
2297 3544 2472 3599 quam
2507 3526 2814 3582 historiam
2861 3525 3196 3581 scribimus.
3241 3522 3424 3580 Aliter
3467 3521 3626 3580 enim

1983 3618 2201 3685 audita,
2239 3617 2406 3673 aliter
2434 3616 2560 3671 visa
2589 3619 2926 3672 narrantur.
2959 3615 3124 3679 Quod
3165 3611 3380 3669 melius
3407 3610 3630 3668 intelli-

1983 3707 2201 3781 gimus,
2235 3706 2450 3762 melius
2480 3710 2536 3762 et
2565 3705 2936 3777 proferimus.
2980 3702 3130 3758 Audi
3179 3701 3359 3775 igitur
3401 3699 3630 3766 aemula,

1984 3801 2042 3853 et
2073 3797 2427 3852 obtrectator
2467 3796 2735 3850 ausculta
2767 3813 2779 3850 :
2813 3793 2938 3849 Non
2978 3793 3216 3859 damno,
3276 3806 3394 3845 non
3441 3804 3633 3861 repre-

1985 3886 2180 3941 hendo
2227 3883 2606 3957 Septuaginta
2640 3901 2654 3951 ;
2685 3883 2784 3938 sed
2835 3881 3195 3938 conﬁdenter
3239 3877 3468 3934 cunctis
3514 3877 3633 3934 illis

1987 3973 2284 4047 apostolos
2316 3974 2574 4045 praefero.
2609 3973 2716 4027 Per
2743 3971 2994 4027 istorum
3043 3986 3109 4026 os
3168 3967 3312 4024 mihi
3365 3967 3635 4023 Christus

1987 4069 2180 4129 sonat,
2223 4063 2368 4119 52]
2401 4077 2549 4133 quos
2581 4065 2716 4116 ante
2746 4059 3060 4132 prophetas
3100 4057 3253 4113 inter
3299 4053 3635 4129 spiritualia

1989 4152 2346 4208 charismata
2375 4151 2598 4224 positos
2629 4149 2755 4222 lego
2791 4167 2803 4204 :
2836 4148 2894 4204 in
2929 4148 3148 4220 quibus
3178 4145 3458 4202 ultimum
3489 4161 3640 4219 pene

1991 4242 2240 4315 gradum
2272 4241 2620 4312 interpretes
2647 4242 2867 4296 tenent.
2901 4238 3048 4304 Quid
3083 4236 3262 4292 livore
3285 4235 3585 4309 torqueris
3612 4235 3640 4290 Ἰ

1993 4331 2132 4403 quid
2187 4330 2573 4402 inperitorum
2632 4328 2862 4384 animos
2921 4330 3124 4384 contra
3177 4342 3271 4382 me
3323 4324 3641 4382 concitas?

1994 4421 2190 4476 Sicubi
2221 4420 2328 4476 tibi
2360 4420 2419 4475 in
2452 4418 2834 4475 translatione
2863 4434 3058 4474 errare
3088 4417 3306 4484 videor,
3339 4415 3644 4488 interroga

1999 4511 2290 4582 Hebraeos,
2323 4510 2687 4565 diversarum
2719 4508 2956 4564 urbium
2986 4506 3300 4580 magistros
3349 4502 3590 4561 consule
3624 4519 3639 4560 :

1989 4653 2149 4692 mero
2183 4637 2547 4692 ascenderunt
2578 4633 3012 4705 interpretetur,
3049 4648 3115 4705 ac
3144 4629 3321 4703 legat,
3353 4628 3642 4705 ne_varia-

1988 4713 2122 4782 rent
2149 4707 2528 4782 exemplaria,
2567 4706 2695 4782 hoc
2734 4699 2906 4782 etiam
2952 4699 3022 4782 _in
3077 4699 3229 4782 _loc_o'
3261 4699 3638 4782 ascenderunt,

1989 4779 2262 4845 restituit,
2297 4771 2531 4834 tametsi
2565 4777 2623 4832 in
2655 4777 2850 4832 Graeco
2879 4774 3040 4844 ἀνέοη
3077 4772 3278 4830 haberi
3307 4789 3423 4829 non
3473 4771 3627 4828 dim-

1987 4856 2182 4908 teatur

2057 4892 2253 4998 EUPu’ta
2284 4918 2884 4998 .‘11ccerzA.c2'o‘ize1n__Islliw,
2943 4921 2999 4973 et
3051 4916 3435 4998 Apocalypsin
3469 4914 3635 4998 tiliae,

1988 5011 2057 5066 ex
2082 4995 2300 5066 quibus
2322 4991 2771 5066 librianostici
2793 4985 3134 5066 expressum
3157 4985 3452 5066 putabant
3473 4985 3637 5042 Pauli

1989 5059 2184 5121 locum
2244 5066 2313 5120 ad
2375 5063 2730 5130 Corinthios,
2804 5059 2882 5117 Et
2920 5059 3228 5134 ρωίιιιιὴιιΔ
3272 5059 3634 5134 occasionem,

1989 5139 2383 5209 Hispaniarum
2436 5140 2485 5192 et
2545 5129 2868 5209 Lusitaniae,
2920 5129 3320 5209 'abbzereticis
3401 5129 3634 5209 decepta

1986 5201 2115 5266 sarit
2141 5209 2510 5286 mulierculae,
2527 5212 2777 5286 _etc.,_ut
2806 5206 2931 5277 ipse
2962 5203 3384 5286 Hierloquitur
3413 5201 3473 5285 in
3503 5201 3632 5286 cap.

1990 5287 2101 5336 Isa.
2139 5299 2282 5337 LXIV.
2318 5297 2434 5353 qua
2463 5273 2639 5336 etiam
2672 5279 2741 5334 de
2794 5273 2973 5332 causa
3030 5273 3217 5332 lberai
3268 5273 3486 5332 naeniae
3542 5273 3637 5331 hic

1988 5353 2598 5495 logllggiiasperncnda
2623 5419 2840 5495 veteris
2870 5418 3145 5495 editionis
3173 5415 3364 5495 lectio,
3412 5419 3479 5473 Et
3501 5430 3639 5495 ⁸ηρθι

1988 5498 2160 5552 multo
2190 5488 2316 5567 post
2338 5500 2577 5564 tempore
2608 5494 2720 5567 ipse
2747 5494 3030 5562 Josephus,
3062 5491 3208 5545 nihil
3265 5489 3375 5567 tale
3430 5488 3636 5543 retule-

1988 5570 2101 5623 rint
2136 5593 2149 5631 ;
2181 5559 2273 5624 sed
2303 5585 2362 5620 in
2393 5559 2505 5620 una
2537 5559 2784 5618 basilica.
2820 5559 2928 5620 etc.
2965 5568 3086 5620 Vox
3132 5579 3244 5618 una
3300 5559 3396 5616 hic
3453 5575 3634 5632 penes

1987 5640 2390 5697 Martianmum
2419 5638 2637 5692 deerat.
