3958 6402
168 380 278 444 473

1351 377 1682 442 CONTRA
1709 377 2072 444 RUFINUM
2117 380 2271 444 LIB.
2315 379 2390 443 Il.

3465 382 3581 444 4⁸74

167 512 357 571 addidi
393 531 406 570 :
438 535 468 563 «
504 512 666 579 Quod
698 511 970 568 illaturus
1023 529 1175 575 sum,
1237 513 1641 583 aequissimum
1699 518 1803 568 est.
1838 514 1893 579 Α
1925 512 2177 569 Graecos.
2214 519 2489 570 Czeterum
2523 515 2676 587 apud
2715 515 2962 580 Latinos,
2995 518 3127 571 ante
3159 531 3287 571 eam
3331 514 3581 572 transla-

166 604 326 660 Edidi
381 604 627 674 aliquid,
690 621 804 657 non
866 603 1116 657 habetur
1174 603 1230 655 in
1279 607 1492 669 timeo,
1557 603 1642 657 vel
1704 604 1813 658 ali-

163 698 246 749 ter
276 693 547 759 habetur,
581 709 756 763 quam
794 709 826 746 a
857 709 948 745 me
1001 709 1232 745 versum
1284 699 1388 746 est.
1435 693 1581 757 Quid
1633 693 1814 747 inter-

161 789 384 854 pretem
417 781 640 836 laniant
690 782 717 834 ?
778 781 1141 851 Interrogent
1194 782 1480 846 Hebraeos,
1539 788 1594 836 et
1651 784 1815 853 ipsis-

159 871 506 926 auctoribus
563 869 927 924 translationi
989 886 1127 923 mere
1161 869 1247 924 vel
1293 877 1565 939 arrogant
1596 872 1679 925 vel
1717 873 1815 925 de-

158 965 367 1031 rogent
397 961 592 1014 ﬁdem.
629 960 799 1014 Porro
833 958 987 1012 aliud
1018 965 1125 1022 est,
1177 959 1222 1012 si
1268 960 1504 1026 clausis,
1540 962 1691 1030 quod
1729 962 1813 1014 di-

160 1049 328 1115 citur,
364 1048 568 1114 oculis,
606 1047 745 1101 mihi
798 1047 999 1102 volunt
1031 1048 1392 1115 maledicere,
1448 1054 1502 1101 et
1535 1067 1647 1102 non
1683 1050 1813 1102 imi-

161 1143 362 1193 tantur
388 1141 719 1192 Grzecorum
754 1137 1015 1190 studium
1077 1142 1133 1190 et.
1192 1138 1672 1204 bt‘mevolentian'i,
1718 1139 1813 1208 qui

164 1232 292 1298 post
318 1227 702 1297 Septuaginta
748 1227 1128 1280 translatores
1177 1227 1303 1294 jam
1360 1227 1570 1281 Christi
1636 1229 1818 1281 Evan-

163 1316 308 1388 gelio
346 1320 712 1380 coruscante,
745 1315 979 1369 Judceos
1009 1321 1064 1369 et
1097 1316 1396 1369 h‘bionitas
1432 1316 1575 1388 legis
1609 1318 1820 1370 veteris

163 1407 522 1475 interpretes,
584 1403 857 1474 Aquilam
927 1404 1214 1470 videlicet,
1299 1406 1715 1476 Symmachum
1771 1411 1825 1459 et

161 1494 638 1560 Theodotionem,
701 1494 930 1547 curiose
988 1494 1209 1564 legunt,
1268 1501 1322 1548 et
1383 1512 1482 1565 per
1559 1494 1823 1566 Origenis

162 1583 418 1638 laborem
453 1589 502 1636 ἐν
541 1590 761 1648 ἐζαπλοῖς
795 1584 808 1615 ¹
847 1582 1116 1636 Ecclesiis
1177 1584 1522 1637 dediearunt
1555 1601 1566 1636 :
1603 1591 1822 1653 quanto

163 1674 353 1744 magis
387 1671 570 1726 Latini
633 1672 744 1726 mei
779 1673 926 1744 grati
958 1689 1084 1727 esse
1116 1673 1411 1736 deberent,
1447 1674 1598 1743 quod
1626 1673 1827 1727 exsul-

161 1767 383 1816 tantem
416 1760 696 1815 Graeciam
749 1767 1051 1814 cernerent
1100 1761 1318 1830 aliquid
1362 1780 1392 1815 a
1425 1780 1482 1816 sc
1519 1763 1769 1815 mutuari
1810 1763 1820 1816 !

161 1851 423 1904 Primum
458 1850 615 1902 enim
649 1866 996 1921 magnorum
1031 1857 1336 1919 sumptum
1395 1857 1501 1912 est,
1562 1851 1707 1907 5⁸21
1773 1857 1824 1906 et
1857 1889 1901 1952 Β

161 1939 404 1994 ίΠῘῘΠίίὶῸ
465 1938 851 2004 difﬁcultatis,
913 1939 1268 2010 exeznplaria
1321 1942 1530 1994 habere
1603 1942 1818 1996 omnia.

163 2028 426 2098 Denique
477 2033 531 2080 et
589 2028 688 2099 qui
749 2028 1083 2094 habuerint,
1145 2035 1200 2083 et
1261 2030 1478 2082 llebrcei
1536 2031 1823 2084 sermonis

162 2118 352 2189 ignari
390 2121 548 2183 sunt,
601 2118 788 2187 magis
847 2119 1146 2181 errabunt,
1206 2118 1546 2190 ignorantes
1606 2120 1738 2188 quis
1796 2137 1825 2173 c

169 2205 372 2260 multis
406 2206 598 2260 verius
649 2206 878 2260 dixerit.
940 2206 1101 2268 Quod
1163 2207 1336 2260 etiam
1390 2208 1824 2278 sapientissimo

176 2296 411 2351 cuidam
445 2296 466 2328 ²
518 2311 702 2365 nuper
731 2295 884 2365 apud
912 2295 1139 2349 Grzecos
1173 2297 1398 2363 accidit,
1434 2303 1497 2350 ut
1531 2298 1822 2351 interdum

173 2386 486 2456 Scripturze
522 2401 759 2438 sensum
797 2384 1156 2454 relinquens,
1193 2384 1687 2454 uniuscujuslibct
1719 2387 1820 2454 [ΑΙ.

166 2474 661 2545 uniuscujusque]
743 2473 1077 2544 interpretis
1154 2481 1498 2545 sequen;:tur
1546 2493 1821 2530 errorem.

163 2566 280 2619 Nos
314 2569 510 2618 autem
544 2564 645 2635 qui
675 2563 922 2617 llebrzeze
955 2563 1164 2632 linguae
1211 2565 1418 2618 saltem
1455 2581 1691 2635 parvam
1726 2564 1826 2617 ha-

159 2655 372 2709 bemus
415 2653 744 2717 scientiam,
781 2656 836 2706 et
870 2653 1110 2706 Latinus
1140 2654 1309 2707 nobis
1353 2659 1670 2724 utcumque
1705 2672 1823 2708 ser-

163 2760 260 2799 mo
314 2760 430 2797 non
463 2743 646 2808 deest,
680 2742 749 2795 de
781 2741 913 2796 aliis
972 2743 1161 2813 magis
1190 2760 1505 2814 possmnus
1534 2743 1823 2813 judicare,

163 2839 222 2888 et
250 2849 320 2888 ea
349 2849 476 2904 quae
509 2831 621 2903 ipsi
651 2831 1062 2902 intelligimus,
1093 2833 1150 2886 in
1181 2837 1380 2887 nostra
1405 2833 1606 2904 lingua
1637 2834 1822 2904 expri—

165 2939 348 2978 mere.
383 2944 411 2970 u
1149 2915 1154 2918 ’

235 3012 328 3066 29.
360 3013 440 3066 Ex
463 3012 690 3080 Prologo
723 3012 782 3065 in.
812 3011 929 3066 Job.
957 3043 1022 3050 —
1048 3011 1334 3067 Transibo
1359 3013 1426 3066 ad
1455 3012 1668 3067 librum
1692 3013 1823 3079 Job,

163 3118 342 3174 quem
406 3106 536 3173 post
594 3100 978 3171 Septuaginta
1036 3099 1418 3170 interpretum
1509 3103 1822 3157 editionem

169 3208 349 3263 quam
381 3190 659 3261 Origenes
690 3190 874 3244 obelis
907 3191 1320 3262 asteriscisque
1369 3191 1655 3256 distinxit,
1691 3198 1825 3247 ante

1925 604 2163 666 tionem,
2201 622 2376 675 quam
2413 606 2520 659 sub
2546 606 2838 660 asteriscis
2886 611 2938 659 et
2992 605 3174 661 obelis
3226 622 3413 676 nuper
3462 605 3580 660 edi-

1927 692 2143 756 dimus,
2207 694 2559 764 septingenti
2621 695 2797 748 ferme
2857 698 2956 748 aut
3005 694 3321 766 octingenti
3381 712 3582 750 versus

1927 781 2158 847 desunt,
2206 788 2269 835 ut
2301 784 2661 851 deeurtatus,
2720 791 2776 837 et
2834 783 3140 846 laceratus,
3193 801 3583 854 corrosusque

1926 870 2073 925 liber
2104 871 2417 925 tarditatem
2483 874 2571 926 sui
2608 873 2837 943 publice
2889 873 3215 944 legentibus
3250 874 3517 943 praebeat.
3555 897 3581 922 ››

1929 962 1994 1015 Et
2028 968 2158 1032 post
2192 961 2377 1015 multa
2411 979 2538 1031 quze
2570 963 2764 1016 studio
2798 962 3099 1016 brevitatis
3135 968 3433 1034 przetereo,
3461 962 3581 1016 huic

1929 1050 1986 1103 in
2051 1052 2160 1104 line
2242 1051 2390 1105 5°25
2455 1052 2728 1120 subjunxi
2775 1068 2786 1106 :
2837 1077 2855 1099 ιι
2919 1051 3173 1105 Audi-ant
3233 1057 3586 1123 quapropter

1930 1157 2102 1193 canes
2134 1141 2266 1204 mei,
2302 1140 2514 1195 idcirco
2549 1158 2638 1194 me
2672 1142 2727 1195 in
2779 1141 2887 1195 hoc
2923 1141 3212 1196 volumine
3264 1142 3581 1206 laborasse,

1931 1246 2046 1282 non
2073 1235 2134 1282 ut
2166 1231 2706 1300 interpretationem
2741 1230 3039 1300 antiquam
3077 1231 3581 1301 refn‘eheuderem,

1931 1319 2032 1370 Sed
2070 1323 2131 1371 ut
2163 1335 2228 1371 ea
2260 1336 2385 1387 quze.
2417 1318 2469 1371 in
2507 1319 2604 1371 illa
2637 1324 2734 1372 aut
2767 1321 3015 1373 obscura
3038 1325 3194 1386 sunt,
3222 1326 3321 1373 aut
3343 1320 3585 1386 omissa,

1932 1411 2031 1459 aut
2063 1412 2215 1459 certe
2247 1407 2383 1460 vitio
2436 1408 2783 1476 scriptorum
2819 1408 3150 1478 depravata,
3190 1408 3587 1462 manifestiora

1935 1501 2135 1548 nostra
2197 1497 2673 1566 intm-pI-etationc
2730 1498 2953 1562 fierent,
3011 1497 3108 1566 qui
3171 1502 3226 1550 et
3282 1496 3584 1551 Hebraeum

1933 1600 2261 1639 sermonem
2293 1603 2357 1638 ex
2392 1592 2552 1655 parte
2585 1585 2921 1648 didicimus,
2955 1591 3009 1638 et
3060 1585 3114 1639 in
3179 1587 3382 1639 Latino
3444 1602 3587 1656 pene

1934 1675 2005 1727 ab
2034 1673 2220 1744 ipsius
2257 1674 2630 1728 incunabulis
2663 1675 2816 1727 inter
2856 1675 3272 1744 grammaticos
3304 1679 3358 1729 et
3389 1674 3588 1737 rheto-

1935 1780 2026 1816 res
2058 1768 2112 1816 et
2172 1763 2552 1834 philosophos
2584 1763 2774 1816 detriti
2829 1780 3055 1816 sumus.
3119 1764 3277 1825 Quod
3327 1764 3373 1817 si
3434 1765 3588 1834 apud

1936 1857 2160 1907 Graecth
2196 1858 2325 1923 post
2381 1853 2761 1923 Septuaginta
2823 1853 3158 1918 editionem,
3211 1854 3335 1922 jam
3381 1851 3588 1906 Christi

1935 1941 2242 2011 Evangelio
2293 1947 2654 2004 coruscantc,
2691 1941 2931 1993 Judreus
2962 1939 3193 2010 Aquila,
3225 1945 3281 1994 et
3324 1941 3590 2011 Symma-

1935 2030 2080 2082 chus
2112 2047 2175 2082 ac
2207 2030 2560 2083 Theodotion
2597 2030 2958 2098 iudaizantes
3019 2029 3271 2083 luere'tici
3326 2035 3466 2084 sunt
3498 2045 3592 2083 re-

1936 2119 2107 2189 cepti,
2141 2120 2238 2190 qui
2273 2120 2456 2172 multa
2489 2120 2770 2189 mysteria
2821 2118 3133 2173 Salvatoris
3194 2118 3442 2173 subdola
3499 2119 3591 2172 in-

1939 2208 2348 2278 terpretatione
2382 2208 2664 2274 celarunt,
2699 2213 2755 2261 ct
2815 2215 3010 2261 tamen
3065 2208 3122 2261 in
3187 2207 3454 2278 llexaplis
3488 2208 3603 2288 ha:

1943 2298 2158 2349 bentur
2188 2298 2339 2366 apud
2374 2297 2680 2362 Ecclesias,
2713 2302 2768 2350 et
2799 2296 3186 2367 explanantur
3217 2297 3287 2349 ab
3319 2297 3590 2351 ecclesia-

1938 2386 2098 2439 sticis
2131 2386 2269 2440 viris
2304 2403 2314 2440 :
2353 2391 2570 2456 quanto
2606 2387 2794 2455 magis
2828 2403 2931 2456 ego
2964 2385 3353 2446 Christianus,
3390 2385 3457 2438 de
3491 2402 3590 2456 pa-

1937 2474 2202 2528 rentibus
2235 2474 2583 2528 Christianis
2646 2480 2840 2542 natus,
2899 2479 2954 2526 et
3007 2473 3274 2527 vexillum
3310 2472 3498 2527 erucis
3530 2474 3591 2527 in

1937 2581 2066 2618 mea
2123 2567 2306 2618 t'ri‘inte
2366 2569 2627 2634 portans,
2675 2565 2845 2633 cujus
2899 2563 3160 2617 studium
3213 2563 3322 2617 fuit
3373 2563 3594 2618 omissa

1937 2661 2213 2724 repetere,
2242 2654 2555 2724 depravata
2587 2654 2894 2724 corrigere,
2919 2658 2974 2707 et
3005 2657 3371 2707 sacramento
3407 2652 3594 2707 Eccle-

1938 2743 2034 2797 siae
2057 2761 2200 2814 puro
2225 2749 2280 2796 et
2305 2742 2456 2796 tideli
2490 2742 2711 2813 aperire
2746 2759 3032 2808 sermone,
3073 2741 3154 2797 vel
3188 2758 3220 2795 a
3253 2741 3593 2809 t'estidiosis,

1934 2832 2020 2886 vel
2056 2851 2086 2886 a
2121 2832 2394 2903 malignis
2430 2832 2748 2886 lectoribus
2783 2849 2894 2886 non
2930 2833 3109 2886 debeo
3162 2832 3457 2903 reprobari
3492 2834 3502 2887 l
3561 2855 3586 2881 ››

2007 2924 2094 2976 30.
2130 2924 2212 2976 Ec
2241 2924 2470 2991 I’I'olego
2505 2924 2558 2975 in
2598 2923 2950 2977 Psalterium.
3005 2952 3054 2960 ——
3079 2920 3426 2976 Psalterium
3461 2938 3598 2992 quo-

1937 3030 2047 3083 que
2103 3013 2256 3082 quod
2322 3018 2473 3066 certe
2534 3011 3078 3065 emendatissimum
3124 3012 3294 3079 juxta
3351 3011 3596 3080 Septua-

1935 3102 2100 3172 ginta
2133 3101 2475 3171 interpretes
2508 3106 2736 3154 nostros
2768 3099 2964 3153 labore
2996 3099 3221 3152 dudum
3257 3102 3438 3152 Roma
3469 3115 3596 3152 sus-

1937 3191 2108 3260 cepit,
2140 3206 2372 3242 rursum
2402 3189 2571 3257 juxta
2607 3187 2951 3241 llebraicum
2985 3192 3234 3251 vertens,
3263 3185 3595 3242 Praet'atione

164 3297 355 3338 annos
386 3279 670 3351 plurimos
706 3279 910 3333 Latino
944 3280 1199 3333 sermoni
1249 3282 1472 3347 datum,
1531 3298 1663 3335 cum
1701 3299 1824 3336 rur-
1856 3259 1898 3324 C
1941 3278 2183 3343 munivi,
2211 3284 2264 3332 et
2296 3278 2379 3331 sic
2412 3278 2468 3329 in
2499 3283 2660 3347 parte
2689 3276 2915 3347 l’rologi
2942 3293 3072 3330 sum
3105 3276 3334 3331 locutus
3361 3294 3371 3332 :
3401 3299 3426 3324 ‹‹
3451 3276 3597 3338 Quia

165 3370 484 3438 sumjuxta
520 3369 712 3439 ipsum
747 3368 1094 3422 Hebraicum
1128 3376 1434 3433 verterem,
1480 3370 1560 3423 sic
1595 3370 1826 3425 locutus

160 3475 292 3515 sum
322 3476 334 3512 :
373 3481 392 3506 ει
429 3460 615 3528 Cogor
638 3473 736 3526 per
759 3458 1025 3528 singulos
1049 3458 1360 3528 Scriptura:
1385 3458 1591 3512 divinm
1620 3459 1824 3526 libros,

165 3547 639 3604 adversariorum
697 3547 1051 3618 respondere
1110 3546 1459 3613 maledictis,
1509 3549 1607 3619 qui
1655 3549 1827 3603 inter-

161 3636 549 3709 pretationem
587 3651 797 3700 meam,
867 3636 1380 3706 reprehensionem
1445 3638 1828 3708 Septuaginta

163 3726 554 3797 interpretum
587 3723 975 3778 criminantur
1009 3743 1020 3779 :
1057 3726 1223 3794 quasi
1263 3743 1376 3779 non
1410 3732 1463 3779 et
1494 3728 1644 3797 apud
1680 3728 1829 3781 Grae-

165 3829 268 3868 cos
299 3811 532 3883 Aquila,
567 3813 951 3884 Symmachus
983 3817 1039 3867 et
1075 3814 1435 3868 Theodotion
1470 3815 1553 3869 vel
1589 3817 1826 3869 verbum

167 3919 198 3958 e
229 3902 430 3966 verbo,
461 3901 546 3956 vel
582 3918 819 3956 sensum
851 3917 880 3955 e
913 3919 1110 3966 sensu,
1141 3903 1227 3957 vel
1259 3921 1327 3957 ex
1358 3910 1604 3974 utroque
1625 3906 1645 3938 ³
1673 3923 1828 3959 com-

180 3991 426 4047 mistum
459 3995 515 4045 et
547 3991 735 4046 medie
767 3996 1153 4061 temperatum
1188 4008 1374 4062 genus
1431 3994 1830 4048 translationis

171 4080 591 4153 expresserint,
644 4097 712 4135 ex
760 4082 958 4135 omnia
987 4082 1196 4136 veteris
1258 4083 1637 4137 Instrumeuti
1669 4084 1829 4137 volu-

170 4170 334 4226 mina
392 4168 670 4240 Origenes
719 4169 904 4225 obelis
965 4172 1378 4243 asteriscisquc
1436 4173 1769 4226 distinxerit
1815 4190 1827 4226 :

169 4275 321 4331 quos
361 4257 446 4312 vel
502 4256 754 4326 additos,
815 4259 904 4313 vel
963 4265 1034 4314 de
1090 4261 1480 4316 Theodotionc
1538 4268 1829 4332 sunmtos,

164 4346 543 4402 translationi
609 4347 862 4420 antiquae
947 4349 1214 4414 inseruit,
1273 4352 1527 4421 probans
1575 4353 1833 4406 defuisse

165 4437 324 4508 quod
357 4437 626 4491 additum
659 4442 765 4492 est.
801 4439 1008 4493 Dicant
1042 4439 1221 4511 igitur
1265 4442 1684 4494 obtrectatores
1719 4441 1830 4494 mei

163 4525 427 4596 recipere
458 4525 514 4579 in
565 4531 706 4592 toto,
770 4528 923 4599 quod
981 4529 1040 4582 in
1104 4530 1368 4599 partibus
1428 4534 1829 4600 susceperunt,

1939 3369 2118 3439 igitur
2154 3385 2338 3437 nuper
2370 3384 2500 3420 cum
2566 3366 2800 3420 Hebraeo
2825 3367 3156 3436 disputans,
3191 3366 3457 3437 quaedam
3492 3383 3593 3437 pro

1939 3457 2183 3512 Domino
2215 3456 2510 3510 Salvatore
2563 3456 2631 3508 de
2683 3455 2928 3509 Psalmis
2969 3455 3304 3509 testimonia
3352 3455 3594 3524 protuli-

1939 3547 2048 3612 sti;
2085 3547 2399 3616 volcnsque
2438 3545 2528 3598 ille
2557 3549 2610 3599 te
2643 3545 2886 3599 illuderc
2917 3547 2954 3610 ⁵⁵,
2986 3563 3087 3616 per
3119 3561 3419 3600 sermones
3453 3561 3598 3616 pene

1939 3635 2202 3708 singulos
2235 3636 2551 3703 asserebat,
2587 3651 2699 3688 non
2733 3635 2812 3688 ita
2842 3635 2899 3688 in
2934 3635 3129 3688 haberi
3163 3633 3221 3687 in
3255 3634 3598 3700 llObI‘tBO,lll.

1941 3732 2001 3779 tu
2036 3727 2102 3779 de
2136 3725 2518 3795 Septuaginta
2551 3723 2967 3794 interpretibus
2999 3725 3353 3794 opponebas,
3379 3723 3597 3777 studio-

1940 3816 2173 3868 sissime
2206 3814 2540 3885 postulasti,
2571 3818 2632 3866 ut
2692 3818 2820 3883 post
2853 3811 3106 3883 Aqilam,
3143 3810 3586 3882 Symmachum,

1940 3909 1995 3959 ct
2039 3904 2517 3967 'l‘heodotionen'i,
2573 3919 2779 3955 novam
2840 3901 3150 3955 editionem
3209 3901 3409 3954 Latino
3472 3917 3595 3956 scr-

1943 4011 2112 4048 mone
2151 3994 2554 4046 transferrem.
2589 3992 2797 4044 Aiebas
2819 3991 2978 4044 enim
3007 3997 3061 4043 te
3095 3989 3280 4060 magis
3313 3990 3594 4061 interpre-

1943 4089 2066 4137 tum
2120 4082 2398 4135 verietate
2449 4079 2692 4147 turbari,
2752 4085 2807 4132 et
2840 4096 2941 4150 pro
2984 4096 3180 4133 amore
3214 4095 3327 4148 quo
3360 4077 3592 4136 laberis.

1942 4171 2028 4224 vel
2067 4170 2467 4234 translatione,
2527 4169 2610 4221 vel
2638 4168 2863 4238 judicio
2924 4185 3048 4222 meo
3077 4186 3199 4222 esse
3232 4173 3594 4224 contentum.

1941 4259 2103 4313 Unde
2139 4257 2430 4327 impulsus
2464 4276 2494 4310 a
2554 4261 2627 4321 te,
2681 4255 2773 4309 cui
2804 4260 2858 4309 ct
2890 4272 3015 4326 quae
3051 4273 3163 4309 non
3199 4273 3460 4328 possum,
3495 4273 3589 4310 ne-

1943 4366 2078 4418 gare
2138 4365 2251 4400 non
2311 4348 2512 4411 debeo,
2578 4347 2859 4398 rursum“
2895 4363 2982 4399 me
3025 4347 3478 4400 obtrectatorum
3516 4344 3594 4399 la-

1942 4437 2452 4502 tratibustradidi,
2491 4434 2788 4505 maluiquc
2845 4439 2901 4490 te
2957 4435 3107 4490 vires
3159 4434 3350 4506 potius
3416 4451 3594 4500 meas,

1943 4547 2117 4601 quam
2154 4527 2509 4581 voluntatem
2572 4527 2628 4580 in
2663 4526 2920 4579 amicitia
2973 4541 3247 4596 quaerere.
3276 4525 3436 4578 Certe
3468 4540 3600 4578 con-

163 4619 275 4670 aut
331 4615 871 4687 interpretationem
948 4635 1137 4673 meam
1188 4636 1320 4674 cum
1381 4619 1644 4673 asterieis
1704 4621 1827 4674 suis
1857 4625 1904 4689 D
1937 4620 2184 4674 fidenter
2214 4618 2493 4681 dicam,ct
2526 4615 2743 4669 multos
2769 4616 2944 4685 hujus
2967 4614 3351 4684 operistestes
3383 4613 3594 4679 citabo,

164 4705 396 4759 radere.
429 4705 626 4775 Neque
678 4707 834 4761 enim
869 4708 992 4761 fieri
1026 4715 1238 4780 potest,
1274 4713 1338 4763 ut
1390 4727 1536 4779 quos
1570 4709 1739 4779 plura
1771 4709 1828 4762 in

165 4793 499 4850 termisisse
533 4796 970 4866 perpexerint‘,
1024 4815 1135 4852 non
1221 4800 1454 4853 eosdem
1516 4799 1691 4852 etiam
1769 4799 1827 4853 in

165 4883 530 4955 quibusdam
562 4901 788 4940 errasse
847 4888 1189 4944 fateantur:
1246 4889 1532 4960 praecipue
1595 4889 1647 4942 in
1695 4889 1825 4954 Job,

167 4973 268 5028 cui
300 4973 349 5028 si
376 4988 444 5028 ea
465 4990 592 5045 quea
616 4975 725 5029 sub
745 4977 1043 5030 asteriscis
1070 4977 1265 5032 addita
1290 4983 1428 5032 sunt
1450 4979 1825 5044 subtraxeris,

165 5079 320 5134 pars
352 5063 608 5119 maxima
637 5065 1097 5120 detruncabitur.
1127 5068 1190 5120 Et
1221 5067 1329 5121 hoc
1359 5068 1641 5121 duntaxat
1676 5069 1826 5139 apud

241 5207 257 5239 ¹
297 5204 480 5260 Voces
521 5205 572 5260 ἐν
638 5205 892 5276 tanta;
951 5209 1042 5264 hic
1097 5211 1375 5264 omiserat
1434 5210 1824 5280 Martiamnus,

163 5295 323 5350 quas
357 5280 699 5352 probaverat
730 5288 902 5337 antea
931 5281 989 5335 in
1024 5282 1211 5352 ipsius
1237 5283 1594 5336 Praefationis
1625 5284 1829 5337 editio-

164 5349 262 5434 ne;
387 5349 677 5434 Victori-us
711 5353 831 5434 ipse
863 5349 1227 5423 reponendus
1260 5354 1608 5409 ostenderat.

236 5424 260 5455 ²
293 5421 395 5476 Hic
424 5421 777 5497 Apollinaris
806 5421 1162 5480 Laodicenus
1191 5433 1299 5490 est,
1351 5443 1524 5496 quem
1559 5443 1829 5497 expresse

162 5499 335 5548 notat
377 5495 642 5550 sublibri
677 5496 854 5566 hujus
885 5501 1079 5552 tinem.
1212 5557 1218 5564 ,

233 5569 257 5598 ³
294 5566 356 5620 In
413 5567 727 5638 antiquiss.
769 5569 1040 5623 Vaticano
1072 5569 1490 5634 l’alzttino,.riis.
1526 5586 1582 5623 n.
1615 5571 1704 5634 2’1,
1741 5571 1826 5622 l'el

163 5638 351 5712 verbo,
388 5640 468 5693 rel
500 5655 683 5708 sensu,
715 5643 797 5696 νει
828 5659 897 5696 εχ
928 5651 1174 5712 utroque,
1207 5647 1315 5711 ac.
1350 5661 1352 5663 _

233 5712 258 5745 ⁴
291 5710 453 5767 Idem
501 5728 640 5782 ms.,
699 5710 1313 5785 quemadmodum‘iet
1342 5711 1401 5767 in
1459 5711 1824 5785 ipsa'prcha-

1944 4726 2037 4764 me
2069 4706 2238 4772 nihil,
2273 4707 2555 4759 duntaxat
2607 4705 2887 4758 scientem
2921 4705 2961 4770 τ,
2998 4704 3149 4757 526
3197 4704 3268 4755 de
3319 4700 3598 4755 I-lebraica

1942 4799 2184 4852 veritate
2237 4802 2518 4848 mutasse
2566 4793 2764 4848 Sicubi
2822 4808 2956 4863 ergo
3011 4791 3187 4845 editio
3220 4807 3347 4844 mea
3389 4809 3421 4844 a
3451 4795 3598 4844 vete-

1943 4888 2107 4941 ribus
2142 4885 2453 4954 discrepat,
2493 4883 2784 4951 interroga
2819 4878 3143 4950 quemlibet
3197 4878 3593 4942 Hebrzeorum,

1940 4982 1997 5031 ct
2026 4975 2250 5047 liquido
2286 4972 2634 5044 pervidebis,
2679 4987 2768 5023 me
2801 4969 2871 5022 ab
2923 4966 3146 5021 aemulis
3193 4968 3409 5020 frustra
3446 4965 3595 5020 lace-

1941 5067 2077 5135 rari,
2113 5064 2211 5135 qui
2239 5063 2466 5116 malunt
2491 5068 2863 5115 contemnere
2890 5057 3067 5111 videri
3096 5056 3390 5127 przeclara,
3415 5072 3594 5126 quam

1939 5211 2093 5265 tione
2129 5208 2525 5269 Martianzeus,
2559 5204 2912 5273 xum-cperim,
2948 5199 3146 5273 minus
3178 5200 3342 5273 bene.

2010 5285 2029 5314 ⁵
2061 5283 2250 5336 Codex
2277 5276 2663 5343 ltcgio-Vatic.
2697 5270 2834 5327 num
2872 5273 2956 5336 ll,
3001 5272 3095 5325 Ille
3128 5280 3176 5323 te
3199 5270 3448 5343 z'llmlcre.

2009 5357 2028 5387 ⁸³
2054 5335 2321 5406 Martian.
2354 5335 2407 5402 in
2445 5349 2630 5417 ipsius
2664 5344 2889 5414 Prologi
2923 5343 3194 5407 editione,
3230 5342 3330 5395 Cui
3378 5347 3425 5396 rt
3471 5357 3596 5412 quae

1935 5443 2152 5496 possum
2211 5439 2408 5491 negare
2466 5438 2568 5472 non
2622 5435 2862 5487 pomum.
2926 5433 3184 5496 {'ursum,‘
3227 5417 3596 5496 etc._1Vet‘us‘

1937 5487 2072 5551 edit.
2134 5495 2222 5549 cui
2280 5487 2536 5547 concinit
2595 5493 2742 5541 alter
2810 5487 3034 5558 Regina:
3086 5487 3211 5538 cod.
3282 5489 3434 5552 1826,
3493 5487 3595 5540 Cui

1935 5584 2061 5641 qua?
2091 5584 2300 5637 possum
2335 5565 2513 5625 (lt'lMU,
2548 5571 2595 5614 rt.
2625 5578 2751 5630 quin
2781 5578 2885 5611 Non.
2915 5575 3130 5639 [maxum
3162 5566 3269 5613 etc.

2007 5643 2025 5675 ⁷
2061 5634 2121 5694 lu
2154 5646 2263 5693 vet.
2298 5638 2462 5703 cdit.,
2495 5641 2773 5689 duntaxat
2802 5634 3093 5687 sententia.
