3958 6394
389 339 514 410 ω

1635 341 1700 407 S.
1745 339 2057 408 EUSEBII
2101 337 2570 408 HIERONYMI.

3682 331 3805 402 4‘76

381 481 628 539 discere.
662 477 1094 539 Perversissimi
1143 476 1411 537 homines
1444 494 1457 535 :
1491 495 1628 535 nam
1677 495 1812 534 cum
1862 495 2040 534 novas
2071 479 2126 546 Α
2155 483 2329 546 stare,
2365 484 2420 535 et
2450 476 2688 536 docuise
2719 476 3016 547 lectorem,
3047 474 3334 534 Ecclesias
3362 473 3575 532 Christi
3628 473 3789 532 hunc

383 587 617 644 semper
647 573 916 642 expetant
946 567 1292 640 voluptates,
1326 574 1382 625 et
1410 567 1558 641 gulae
1611 585 1814 623 eorum
1844 567 2036 623 vicina

383 660 573 716 maria
600 675 714 714 non
747 657 1063 719 sufficiant,
1123 673 1226 711 cur
1285 658 1343 712 in
1376 656 1498 712 solo
1533 656 1726 712 studio
1774 657 2032 728 Scriptu-

382 764 580 804 rarum
610 747 786 803 veteri
820 762 1025 818 sapore
1058 746 1311 800 contenti
1358 749 1497 800 sunt
1531 749 1554 799 Ρ
1606 749 1720 800 Nec
1765 745 1874 800 hoc
1905 745 2033 800 dico

383 837 537 910 quod
564 851 944 908 praecessores
966 851 1126 890 meos
1149 835 1468 902 mordeam,
1493 839 1594 890 aut
1616 835 1939 906 quidquam
1964 835 2033 889 de

383 925 476 981 his
505 925 754 980 arbitrer
783 923 1232 989 detrahendum,
1278 940 1529 994 quorum
1588 922 2031 978 translationem

380 1013 832 1087 diligentissime
867 1012 1236 1068 emendatam
1297 1012 1434 1067 olim
1469 1029 1609 1066 mem
1667 1012 1878 1083 lingua:
1928 1012 2031 1066 ho-

387 1105 650 1159 minibus
679 1104 811 1158 dedi
846 1120 858 1156 :
897 1103 998 1158 sed
1021 1102 1172 1173 quod
1198 1101 1353 1156 aliud
1387 1101 1463 1155 sit
1493 1100 1553 1156 in
1572 1100 1844 1156 Ecclesiis
1875 1101 2031 1156 Chri-

381 1193 456 1248 sti
487 1191 848 1248 credentium
880 1190 1141 1246 Psalmos
1174 1189 1382 1261 legere,
1436 1189 1593 1244 aliud
1640 1190 1856 1244 Judaeis
1909 1190 2030 1244 sin-

380 1281 518 1355 gula
545 1282 719 1336 verba
749 1279 1251 1334 calumniantibus
1286 1279 1660 1352 respondere.
1701 1302 1720 1327 ι

450 1371 537 1426 31.
569 1371 652 1424 Ea:
681 1370 911 1439 Prologo
944 1371 1004 1422 in
1047 1369 1182 1426 libb.
1222 1368 1515 1424 Salomnis.
1577 1399 1645 1407 ——
1703 1366 2032 1423 Salomonis

381 1459 556 1515 etiam
589 1457 792 1523 libros,
827 1474 978 1529 quos
1036 1456 1178 1512 olim
1203 1458 1373 1528 juxta
1403 1456 1786 1528 Septuaginta
1817 1455 2034 1510 additis

377 1547 560 1604 obelis
592 1551 650 1603 et
680 1547 982 1603 asteriscis
1041 1546 1100 1602 in
1144 1547 1419 1601 Latinum
1483 1548 1792 1614 verteram,
1825 1561 1892 1599 ex
1924 1544 2029 1599 He-

376 1636 573 1692 braico
618 1636 1000 1704 transferens,
1049 1639 1106 1690 et
1151 1635 1431 1689 dedicans
1461 1633 1681 1688 sanctis
1739 1632 2031 1704 episcopis

379 1725 714 1782 Chromatio
745 1730 803 1780 et
835 1723 1288 1788 Heliodoro,haec
1319 1723 1375 1776 in
1411 1721 1867 1777 Praefatiunculae
1892 1737 2030 1777 more

381 1815 497 1870 fine
548 1812 771 1884 subjcci

382 1901 573 1975 magis
606 1899 782 1957 editio
813 1899 1023 1972 placet,
1047 1898 1222 1955 habet
1251 1916 1378 1954 eam
1412 1917 1445 1954 a
1474 1899 1642 1956 nobis
1673 1899 1810 1954 olim
1843 1915 2034 1954 cmen-

380 1992 601 2048 datam.
637 1990 834 2061 Neque
865 1989 1021 2046 enim
1054 1988 1136 2044 sic
1200 2005 1347 2044 nova
1377 1989 1670 2060 cudimus,
1733 1993 1797 2044 ut
1843 1993 2034 2043 vetera

383 2081 780 2136 destruamus.
815 2099 843 2128 »

453 2169 541 2225 32.
573 2169 656 2223 Ex
685 2168 912 2236 Prologo
942 2169 1001 2221 in
1031 2168 1252 2222 Isaiam.
1285 2197 1352 2206 ——
1383 2166 1626 2222 Veniam
1683 2169 1739 2220 et
1795 2165 1866 2220 ad
1903 2166 2022 2220 Isa—

380 2257 523 2326 iam,
556 2262 613 2313 et
640 2261 864 2330 partem
898 2255 1121 2329 Prologi
1154 2256 1281 2326 ejus
1312 2272 1489 2327 super
1527 2255 1908 2327 Septuaginta
1940 2254 2033 2309 in-

379 2346 792 2420 terpretatione
823 2345 1202 2418 subjungam.
1236 2347 1418 2410 Quem
1452 2361 1587 2400 cum
1643 2344 1830 2415 magis
1861 2359 2031 2398 evan-

379 2436 647 2511 gelistam
679 2452 853 2508 quam
886 2434 1230 2507 prophetam
1257 2434 1538 2500 dicerem,
1597 2450 1663 2489 eo
1704 2434 1859 2505 quod
1895 2433 2032 2487 uni-

381 2543 550 2582 versa
578 2524 790 2580 Christi
821 2523 1086 2580 Ecclesiae
1137 2523 1414 2595 mysteria
1473 2523 1555 2579 sic
1609 2523 1680 2578 ad
1742 2521 2032 2593 liquidum

380 2621 722 2688 persecutus
751 2617 927 2678 esset,
962 2618 1026 2668 ut
1082 2629 1198 2668 non
1231 2613 1302 2667 de
1332 2612 1525 2667 futuro
1572 2610 1896 2678 vaticinari,
1931 2611 2031 2665 sed

382 2704 454 2758 de
485 2702 792 2774 przeteritis
843 2701 1153 2757 historiam
1206 2707 1399 2756 texere
1449 2701 1805 2766 crederetur,
1856 2698 2028 2754 etiam

383 2791 493 2847 hoc
526 2789 720 2846 addidi
755 2807 767 2845 :
805 2812 833 2839 «
869 2789 1028 2846 Unde
1067 2788 1311 2860 conjicio
1368 2788 1630 2845 noluisse
1688 2792 1827 2843 tunc
1884 2793 2029 2843 tem-

381 2879 541 2953 poris
569 2877 950 2951 Septuaginta
973 2878 1336 2950 interpretes,
1359 2877 1493 2934 ﬁdei
1526 2895 1642 2934 sua:
1666 2881 2033 2933 sacramenta

378 2967 688 3041 perspicue
739 2966 988 3022 ethnicis
1019 2967 1261 3039 prodere
1294 2983 1306 3022 :
1342 2983 1414 3021 ne
1444 2971 1712 3022 sanctum
1765 2965 2027 3033 canibus,

379 3061 437 3114 et
465 3055 814 3129 margaritas
844 3054 1034 3128 porcis
1063 3056 1268 3111 darent
1298 3055 1335 3109 ¹.
1369 3055 1525 3120 Quae,
1560 3071 1692 3110 cum
1727 3054 1877 3110 hanc
1907 3055 2027 3109 edi-

378 3144 596 3202 tionem
619 3144 896 3217 legeritis,
925 3146 997 3200 ab
1021 3142 1135 3198 illis
1157 3143 1634 3199 animadvertetis
1663 3144 2026 3199 abscondita.

832 1829 844 1866 :
894 1833 922 1862 «
971 1811 1030 1866 Si
1075 1811 1168 1866 cui
1211 1810 1592 1882 Septuaginta
1645 1811 2030 1882 interpretum
2064 1848 2111 1912 Β

2145 569 2490 640 prophetam
2515 570 2683 640 juxta
2713 566 3171 623 Theodotionem
3199 564 3409 638 legere,
3433 570 3491 621 et
3519 583 3636 621 non
3662 565 3798 636 jux-

2143 661 2204 712 ta
2261 657 2644 729 Septuaginta
2703 656 3098 712 translatores.
3159 658 3419 722 Quorum
3479 655 3527 709 si
3587 655 3646 710 in
3692 656 3805 709 isto

2143 745 2292 802 libro
2323 746 2638 801 editionem
2675 747 2791 800 dixi
2825 745 3077 799 multum
3112 763 3144 800 a
3172 744 3414 799 veritate
3457 744 3697 810 distare,
3748 748 3808 798 et

2144 839 2298 889 recto
2331 833 2717 890 Ecclesiarum
2767 834 2979 889 Christi
3003 833 3227 904 judicio
3260 834 3652 905 reprobatam,
3685 849 3802 888 non

2143 929 2232 979 est
2263 939 2404 978 mea
2437 923 2619 995 culpa:
2652 923 2753 994 qui
2813 922 2953 987 dixi,
2988 924 3089 977 sed
3122 939 3325 977 eorum
3357 921 3458 994 qui
3481 921 3703 994 legunt.
3740 921 3800 976 In

2141 1017 2415 1084 promptu
2439 1017 2576 1067 sunt
2604 1016 2855 1084 quatuor
2878 1009 3801 1082 editiones,Aqnilae,Symmachi,

2139 1102 2536 1173 Septuaginta.
2572 1108 2620 1156 et
2653 1101 3035 1156 Thodotionis
3069 1119 3080 1155 :
3116 1100 3381 1155 Ecclesia:
3416 1099 3585 1169 juxta
3615 1099 3805 1155 Theo-

2141 1190 2434 1245 dotionem
2466 1190 2669 1262 legunt
2705 1189 3018 1245 Danielem.
3083 1191 3198 1261 Ego
3256 1189 3398 1260 quid
3433 1188 3681 1260 peccavi,
3747 1190 3796 1243 si

2140 1278 2530 1334 Ecclesiarum
2556 1277 2851 1350 judicium
2885 1283 3122 1334 secutus
3171 1295 3301 1333 sum
3334 1279 3361 1331 ?
3401 1277 3564 1341 Quod
3594 1281 3802 1332 autem

2143 1371 2348 1434 refero,
2373 1368 2511 1440 quid
2545 1369 2853 1424 adversum
2884 1368 3164 1423 Susannze
3199 1365 3526 1431 historiam,
3549 1370 3606 1420 et
3635 1365 3805 1438 hym-

2142 1472 2285 1511 num
2326 1457 2506 1512 trium
2567 1473 2881 1528 puerorum
2930 1499 2943 1524 ,
3036 1461 3092 1511 et
3158 1455 3310 1511 Belis
3403 1455 3804 1528 Draconisque

2141 1544 2390 1611 fabulas,
2426 1562 2552 1614 quae
2585 1545 2643 1599 in
2692 1544 2984 1600 volumine
3017 1544 3296 1600 Hebraico
3331 1560 3444 1599 non
3476 1542 3792 1609 habentur,

2143 1633 2365 1688 Hebraei
2397 1631 2621 1687 soleant
2653 1631 2862 1698 dicere,
2896 1632 2994 1703 qui
3018 1647 3112 1686 me
3142 1631 3526 1695 criminatur,
3557 1629 3805 1686 stultum

2142 1739 2203 1777 se
2235 1721 2657 1794 symphantam
2689 1722 2914 1794 probat.
2950 1721 3073 1776 Non
3130 1720 3286 1776 enim
3317 1720 3457 1791 quid
3516 1719 3642 1791 ipse
3673 1736 3805 1775 sen-

2141 1810 2310 1866 tirem
2333 1813 2374 1878 ²,
2407 1812 2508 1866 scd
2542 1811 2682 1882 quid
2715 1810 2799 1864 illi
2833 1814 3036 1866 contra
3067 1826 3173 1865 nos
3205 1809 3399 1864 dicere
3432 1809 3676 1877 soleant,
3705 1825 3793 1864 ex-

2145 1900 2372 1973 plicavi.
2433 1902 2690 1966 Quorum
2723 1899 3005 1971 opinioni,
3037 1899 3086 1953 si
3115 1915 3230 1955 non
3262 1898 3536 1970 respondi
3568 1899 3626 1953 in
3658 1898 3803 1954 Pro-

2145 1988 2300 2060 logo,
2333 1989 2603 2044 brevitati
2635 1989 2879 2044 studens
2929 2005 3000 2043 ne
3057 2006 3173 2043 non
3216 1987 3638 2057 Praefationem,
3698 1987 3803 2042 sed

2144 2076 2360 2134 librum
2391 2077 2619 2133 viderer
2649 2078 2922 2142 scribere,
2953 2081 3092 2149 puto
3148 2077 3302 2148 quod
3361 2076 3562 2131 statim
3609 2075 3806 2147 subje-

2144 2166 2358 2234 cerim;
2394 2167 2512 2222 dixi
2545 2167 2724 2232 enim,
2759 2190 2784 2215 «
2821 2167 2899 2222 De
2932 2183 3047 2238 quo
3079 2183 3194 2222 non
3227 2171 3314 2221 est
3344 2165 3523 2236 hujus
3571 2170 3804 2238 tempo-

2143 2254 2223 2310 ris
2277 2256 2580 2311 disserere.
2622 2280 2641 2304 ι
2677 2255 2951 2327 Alioquin
3013 2260 3069 2310 et
3111 2272 3179 2310 ex
3225 2271 3316 2326 eo,
3375 2255 3530 2327 quod
3573 2254 3802 2309 asserui

2145 2345 2526 2417 Parphyrium
2554 2350 2759 2401 contra
2789 2345 2942 2400 hunc
2973 2344 3315 2416 prOphetam
3347 2342 3534 2398 multa
3561 2343 3804 2409 dixisse,

2141 2435 2456 2505 vocavique
2488 2434 2667 2505 hujus
2699 2435 2780 2489 rei
2839 2439 3017 2489 testes
3049 2433 3430 2500 Methonium,
3457 2432 3801 2502 Eusobium,

2142 2528 2199 2577 et
2226 2521 2782 2594 Apollinarium,qui
2808 2522 3015 2578 multis
3038 2539 3313 2578 versuum
3347 2521 3610 2577 millibus
3642 2520 3805 2577 illius

2140 2612 2388 2667 vesaniae
2422 2612 2871 2683 responderunt,
2926 2628 3017 2666 me
3049 2627 3325 2666 accusare
3355 2612 3585 2684 poterit,
3619 2627 3806 2682 quare

2142 2717 2257 2757 non
2292 2701 2350 2755 in
2383 2700 2831 2756 Praefatiuncula
2861 2707 3063 2756 contra
3106 2700 3286 2756 libros
3317 2700 3624 2773 Porphyrii
3657 2701 3804 2756 scri-

2142 2788 2378 2861 pserim.
2409 2789 2516 2853 Qui
2547 2788 2882 2845 istiusmodi
2916 2788 3104 2844 naenia
3133 2793 3522 2859 consectatur,
3554 2792 3611 2844 et
3640 2789 3800 2844 Scri-

2140 2882 2322 2948 ptura:
2354 2878 2643 2934 Hebraicae
2670 2879 2969 2933 veritatem
3003 2895 3118 2934 non
3149 2878 3273 2933 vult
3308 2878 3583 2950 recipere,
3599 2879 3808 2934 audiat

2139 2967 2316 3024 libere
2347 2967 2810 3040 proclamantem
2858 2985 2870 3022 :
2935 2967 3087 3024 528
3146 2967 3326 3023 Nemo
3383 2965 3540 3023 enim
3572 2968 3806 3040 cogitur

2140 3055 2348 3128 legere,
2384 3056 2537 3128 quod
2575 3073 2692 3112 non
2721 3056 2865 3111 vult.
2901 3057 3016 3129 Ego
3048 3055 3390 3129 petentibus
3423 3055 3652 3127 scripsi,
3682 3073 3801 3112 non

2140 3145 2509 3213 fastidiosis;
2553 3145 2758 3217 gratis,
2801 3161 2918 3200 non
2985 3145 3198 3201 invidis
3245 3162 3259 3212 ;
3319 3144 3622 3212 studiosis,
3680 3162 3802 3201 non

377 3233 492 3290 Nec
521 3235 723 3306 ignoro
754 3231 960 3304 quanti
990 3231 1208 3288 laboris
1239 3232 1314 3287 sit
1337 3232 1652 3303 prophetas
1683 3229 2027 3303 intelligere,
2060 3220 2103 3287 C
2141 3234 2553 3290 oscitantibus.
2616 3235 2684 3288 Et
2711 3239 2908 3290 tamen
2939 3235 3122 3290 miror
3178 3234 3471 3306 quomodo
3524 3233 3793 3289 Theodo-

378 3340 485 3380 nec
515 3321 681 3379 facile
707 3321 1045 3393 quempiam
1075 3338 1248 3393 posse
1268 3321 1535 3392 judicare
1565 3322 1636 3377 de
1680 3320 2030 3393 interpreta-

378 3411 557 3480 tione,
589 3410 704 3467 nisi
734 3409 1083 3466 intellexerit
1102 3414 1236 3466 ante
1257 3427 1384 3482 qua:
1407 3410 1630 3483 legerit.
1655 3411 1771 3466 Nos
1793 3426 2030 3483 quoque

379 3505 578 3573 patere
608 3499 904 3555 morsibus
963 3499 1375 3571 plurimorum,
1428 3500 1528 3572 qui
1562 3499 1903 3556 stimulante
1933 3501 2028 3555 in-

379 3590 554 3661 vidia,
587 3589 745 3661 quod
779 3588 1056 3660 consequi
1079 3604 1195 3642 non
1226 3587 1793 3660 valent,despiciunt.
1827 3589 2029 3644 Sciens

379 3695 516 3752 ergo
546 3682 603 3735 et
631 3678 892 3750 prudens
925 3677 984 3732 in
1016 3678 1318 3733 ﬂammam
1351 3677 1522 3733 mitto
1545 3694 1807 3732 manum.
1842 3679 1910 3733 Et
1941 3679 2031 3732 ni-

377 3768 702 3825 hilominus
734 3784 768 3822 a
797 3767 1118 3823 fastidiosis
1176 3765 1492 3822 lectoribus
1548 3766 1657 3821 hoc
1708 3783 1930 3839 precor,
1967 3772 2031 3823 ut

378 3857 670 3930 quomodo
694 3855 875 3912 Grazci
896 3860 1030 3928 post
1050 3856 1196 3912 527
1225 3855 1609 3928 Septuaginta
1628 3855 2026 3927 translatores,

377 3946 666 4018 Aquilam,
700 3950 756 4001 et
800 3945 1220 4019 Symmachum
1253 3951 1310 4002 et
1337 3945 1794 4001 Theodotionem
1827 3946 2031 4018 legunt

377 4035 468 4092 vel
499 4037 572 4091 ob
603 4035 866 4091 studium
900 4034 1175 4090 doctrinae
1204 4052 1344 4103 suae,
1411 4035 1497 4090 vel
1533 4040 1597 4090 ut
1652 4035 2031 4108 Septuaginta

381 4122 571 4196 magis
601 4139 672 4179 ex
701 4121 1007 4178 collatione
1037 4139 1238 4178 eorum
1297 4122 1626 4196 intelligant
1659 4142 1671 4180 :
1709 4125 1792 4179 sic
1823 4129 1880 4179 et
1933 4125 2029 4180 isti

382 4211 590 4270 saltem
619 4227 803 4266 unum
833 4217 965 4283 post
995 4211 1215 4284 priores
1246 4212 1460 4268 habere
1509 4213 1822 4285 dignentur
1851 4214 2029 4269 inter-

384 4304 626 4372 pretem.
662 4304 878 4371 Legant
909 4300 1092 4372 prius,
1127 4305 1182 4356 et
1213 4305 1417 4372 postea
1450 4301 1812 4374 despiciant;
1845 4319 1916 4358 ne
1947 4303 2029 4358 vi-

383 4391 634 4446 deantur
663 4405 782 4444 non
813 4389 1142 4460 exjudicio,
1175 4389 1277 4445 sed
1309 4405 1377 4445 ex
1406 4390 1522 4446 odii
1555 4392 2027 4464 praesumptione,

382 4481 652 4553 ignorata
675 4479 976 4534 damnare.
1013 4501 1041 4528 ››

2141 3325 2362 3379 tionem
2394 3323 2730 3379 hzereticum
2763 3327 2822 3378 et
2844 3323 3246 3395 judaizantem
3303 3322 3462 3395 legit,
3495 3326 3553 3378 et
3581 3321 3801 3394 qualis-

2139 3430 2372 3486 cunque
2396 3413 2715 3486 peccatoris
2737 3412 3052 3468 Christiani
3079 3410 3526 3468 translationem
3545 3411 3795 3467 fastidit.

2209 3503 2296 3557 34.
2332 3504 2536 3568 Quaeso
2567 3507 2644 3566 te,
2697 3502 2884 3557 amice
2937 3500 3304 3571 dulcissime,
3367 3500 3469 3572 qui
3518 3505 3640 3555 tam
3690 3517 3800 3555 cu-

2139 3591 2332 3648 riosus
2362 3607 2445 3659 es,
2471 3593 2732 3647 utetiam
2762 3591 2992 3646 somnia
3022 3607 3152 3646 mea
3197 3589 3446 3656 noveris,
3479 3589 3802 3661 omniaque

2139 3697 2266 3752 quae
2299 3696 2400 3752 per
2429 3683 2513 3735 tot
2543 3696 2728 3734 annos
2757 3680 2980 3751 absque
3010 3683 3168 3734 metu
3201 3678 3407 3734 futuras
3435 3677 3654 3749 scripsi
3696 3695 3800 3733 ca—

2138 3769 2398 3834 lumniea,
2432 3769 2492 3823 in
2548 3769 2982 3824 accusationem
3039 3784 3213 3823 vocas
3249 3786 3261 3835 ;
3296 3772 3361 3822 ut
3416 3767 3799 3840 respondeas,

2139 3859 2432 3931 quomodo
2490 3875 2689 3914 eorum
2751 3856 3118 3930 prml‘ationes
3183 3857 3467 3912 librorum
3545 3857 3798 3925 nescias,

2140 3964 2286 4020 quos
2319 3963 2562 4002 accusas
2597 3964 2608 4001 :
2644 3963 2769 4017 qua:
2803 3946 3058 4018 quodam
3108 3944 3401 4012 vaticinio,
3460 3944 3669 4000 futurae
3701 3962 3799 4000 ca-

2138 4037 2377 4093 lumniae
2438 4037 2914 4108 responderunt,
2981 4033 3296 4106 implentes
3363 4033 3798 4106 proverbium:

2140 4150 2168 4176 ‹‹
2202 4127 2372 4182 Prius
2396 4125 2745 4193 antidotum,
2780 4140 2955 4196 quam
2987 4140 3298 4179 venenum.
3335 4145 3363 4174 »
3426 4123 3575 4190 Quid
3640 4129 3815 4180 nocet

2141 4215 2415 4271 Ecclesiis
2443 4220 2645 4270 nostra
2693 4213 3048 4270 translatio?
3076 4214 3322 4286 Magnis,
3356 4217 3420 4268 ut
3465 4212 3604 4281 scio,
3635 4229 3815 4268 sum-

2136 4303 2334 4376 ptibus
2368 4302 2666 4359 redemisti
2720 4300 2965 4374 Aquilae,
2995 4307 3054 4357 et
3082 4301 3439 4374 Symmachi,
3501 4305 3558 4357 et
3601 4301 3811 4357 Thaso-

2140 4393 2415 4459 dotionis,
2477 4391 2810 4463 quintazque
2869 4397 2926 4446 et
2983 4396 3142 4446 sexte
3201 4389 3478 4446 editionis
3523 4390 3811 4447 Judaicos

2141 4481 2546 4538 translatores.
2577 4479 2854 4552 Origenes
2879 4485 3044 4548 tuus,
3077 4484 3134 4534 et
3183 4479 3278 4551 (ne
3334 4480 3480 4536 forte
3537 4479 3808 4550 queraris

451 4571 541 4625 33.
574 4570 650 4660 De
675 4569 930 4660 Daniele.
986 4598 1054 4607 —-
1106 4568 1185 4624 De
1233 4567 1468 4624 Daniele
1525 4573 1720 4660 autem
1781 4570 2031 4625 breviter
2065 4596 2110 4660 D
2143 4571 2393 4644 figurata
2424 4576 2480 4626 te
2511 4570 2683 4625 laude
2713 4573 3082 4660 percussum)
3113 4568 3391 4660 Origenes
3441 4573 3647 4660 noster
3677 4570 3810 4640 (no-

382 4659 767 4731 respondebo,
793 4674 884 4713 me
906 4673 1022 4713 non
1045 4673 1291 4730 negasse
1312 4673 1448 4713 eum
1471 4658 1834 4730 prophetam,
1855 4675 2031 4730 quem

382 4748 582 4805 statim
612 4748 671 4803 in
703 4748 891 4804 fronte
923 4745 1151 4821 Prologi
1184 4747 1525 4820 prophetam
1567 4765 1696 4805 esse
1726 4750 2033 4806 confessus

382 4837 649 4904 sum,sed
671 4838 813 4910 quid
836 4837 1061 4892 Hebraei
1086 4837 1346 4893 dicerent
1367 4843 1423 4892 et
1438 4837 1654 4909 quibus
1671 4839 2034 4910 argumentis

381 4945 551 4987 suam
578 4928 902 4984 niterentur
930 4927 1175 5000 probare
1205 4926 1836 4994 sententiam,voluisse
1869 4945 2034 4985 mon-

456 5109 470 5141 ¹
508 5104 875 5161 Martianaeus
898 5107 1014 5177 qui,
1062 5121 1196 5159 cum
1255 5109 1466 5160 sancta:
1497 5105 1724 5160 femina
1754 5105 1931 5161 Paula
1979 5113 2038 5162 et

385 5177 766 5250 Eustochium
800 5177 1244 5250 compellantur,
1268 5183 1442 5248 atque
1463 5177 1588 5249 ipse
1611 5178 1783 5233 etiam
1818 5178 1876 5232 in
1907 5180 2037 5250 ipsa

387 5248 754 5321 Praefatione,
788 5265 906 5320 qua:
935 5248 1159 5321 legerit.

456 5321 478 5354 ²
509 5317 840 5391 Intelligere
861 5337 928 5375 ex
960 5317 1067 5376 hbe
1095 5320 1219 5375 loco
1251 5317 1404 5384 licet,
1438 5336 1552 5390 quo
1586 5318 1780 5374 animo
1814 5321 1871 5374 S.
1926 5320 2034 5376 Do-

387 5395 514 5463 ctor
540 5395 673 5463 tum
699 5391 1012 5463 ianraeiat.
1045 5391 1102 5446 in
1137 5391 1454 5457 Danielem,
1491 5397 1616 5445 tum
1648 5391 1716 5463 in,
1757 5393 2036 5463 prooemio

387 5461 812 5534 explanationis
839 5463 896 5516 in
925 5465 1192 5518 eumdem
1228 5463 1589 5534 prophetam,
1615 5461 1912 5534 collegerit
1939 5469 2037 5519 Ju-

389 5535 646 5606 daeorum
679 5538 734 5586 et
774 5534 1072 5606 Porphyrii
1129 5540 1472 5606 argumenta
1533 5539 1589 5590 et
1620 5534 2037 5606 cavillationes

389 5609 592 5676 contra
623 5604 925 5676 Susanna,
946 5605 1118 5675 Belis,
1141 5604 1540 5676 Draconisque
1569 5605 1898 5676 historiam,
1934 5624 2038 5664 nec

390 5693 506 5736 non
539 5675 825 5750 hymnum
857 5675 1034 5733 trium
1067 5693 1404 5751 puerorum.
1441 5675 1642 5750 Neque
1670 5679 1849 5749 enim,
1884 5680 2038 5752 quod

2143 4665 2335 4716 strum
2417 4676 2558 4714 voco
2653 4660 2724 4715 ob
2807 4659 3196 4714 eruditionem
3255 4657 3496 4730 ingenii,
3559 4675 3674 4713 non
3734 4659 3810 4714 ob

2143 4749 2489 4821 dogmatum
2547 4748 2898 4819 veritatem)
2976 4748 3036 4803 in
3111 4746 3387 4803 omnibus
3455 4746 3623 4803 libris
3680 4746 3811 4804 suis

2145 4842 2275 4911 post
2340 4837 2725 4909 Septuaginta
2791 4838 3171 4910 interpretes,
3225 4836 3558 4892 Judzeorum
3612 4840 3809 4891 trans-

2142 4927 2392 4983 lationes
2456 4926 2729 4999 cxplanat
2794 4932 2852 4982 et
2915 4925 3211 4983 edisserit.
3282 4925 3572 4982 Eusebius
3658 4942 3808 4998 quo-

2145 5107 2443 5179 aliquibus
2471 5105 2662 5179 visum
2687 5105 2998 5179 est,l_1_u{ini
3030 5105 3396 5178 argumentis
3424 5104 3807 5179 constrictus,

2145 5176 2272 5252 qua:
2306 5179 2599 5252 habentur
2628 5177 2782 5232 infra
2812 5176 2911 5232 lib.
2949 5195 3013 5231 ιι.
3076 5176 3501 5252 Invectivarum,
3523 5177 3657 5252 __hic
3707 5178 3812 5252 de-

2147 5247 2311 5306 mum
2344 5250 2705 5322 palinodiam
2729 5252 2992 5322 recantat
3017 5266 3035 5322 ;7
3063 5255 3164 5304 aut
3185 5249 3336 5322 inea
3358 5248 3468 5304 fuit
3489 5247 3811 5322 aliquando

2146 5319 2433 5379 sententia
2464 5327 2528 5377 ut
2567 5325 2770 5376 contra
2826 5319 3089 5393 Ecclesiae
3137 5321 3431 5393 judicium
3489 5320 3690 5393 hasce;
3720 5321 3811 5376 fa-

2148 5394 2317 5450 bulas
2349 5393 2460 5464 (sic
2507 5393 2664 5448 enim
2705 5398 2761 5448 et
2817 5391 3155 5447 verissimae
3196 5392 3451 5464 historiae
3509 5391 3808 5464 interdum

2147 5464 2535 5538 appellantur)
2570 5465 2692 5536 ipse
2720 5468 2987 5538 argueret
3017 5463 3620 5538 suppositionis.Vide
3652 5464 3811 5519 Afri-

2147 5535 2275 5594 cani
2329 5537 2640 5608 epistolam
2681 5537 2752 5590 ad
2809 5535 3115 5608 Origenem
3142 5535 3149 5536 7
3178 5536 3248 5591 de
3287 5535 3397 5591 hoc
3436 5539 3809 5608 argumento,

2149 5606 2455 5681 ipsiusque
2486 5608 2754 5681 Origenis
2774 5607 2844 5662 ad
2876 5606 3214 5662 Africanum
3237 5606 3645 5681 respo_nsum,e
3678 5608 3812 5680 qui-

2149 5678 2260 5738 lius
2292 5678 2407 5738 non
2438 5678 2627 5753 pauca
2655 5679 3045 5753 Hieronymus
3079 5684 3250 5738 antea
3281 5678 3659 5737 délihaverat.
