3958 6394
171 330 290 398 477

179 485 295 544 que
321 473 380 527 et
406 467 694 545 Didymus
724 468 880 528 idem
910 465 1152 526 faciunt.
1214 468 1600 525 Praetermitto
1657 469 1832 542 Apol-

175 559 482 628 linarium,
521 560 622 632 qui
646 561 799 616 bono
829 558 1064 632 quidem
1096 558 1312 625 studio,
1347 559 1446 613 sed
1483 575 1596 614 non
1630 577 1838 615 secun-

175 650 321 706 dum
383 649 718 714 scientiam,
777 650 850 705 de
909 647 1175 702 omnium
1233 647 1719 705 translationibus
1779 649 1837 704 in

175 757 367 796 unum
399 740 821 796 vestimentum
856 753 1082 811 pannos
1115 753 1355 792 assuere
1415 742 1661 794 conatus
1727 744 1836 804 est,

179 833 242 886 et
276 828 756 902 consequentiam
790 827 1126 898 Scriptum,
1160 843 1276 881 non
1307 843 1375 882 ex
1429 827 1634 900 regula
1688 828 1836 884 veri-

173 920 344 986 tatis,
403 919 503 976 sed
568 935 635 973 ex
692 934 800 973 suo
855 916 1084 988 judicio
1143 920 1372 971 texere:
1434 916 1680 988 apostoli
1725 917 1833 976 viri

174 1007 499 1080 Scripturis
533 1012 785 1062 utuntur
814 1004 1146 1061 Hebraicis:
1209 1005 1371 1076 ipsos
1431 1005 1725 1078 apostolos
1781 1011 1839 1061 et

179 1095 571 1169 evangelistas
601 1095 709 1151 hoc
742 1095 950 1150 fecisse
980 1095 1359 1167 perspicuum
1393 1100 1501 1149 est.
1556 1095 1838 1150 Dominus

179 1192 357 1258 atque
389 1184 654 1240 Salvator
684 1183 1021 1255 ubicunque
1052 1183 1264 1239 veteris
1293 1183 1606 1255 Scriptura}
1635 1184 1838 1240 memi-

181 1275 290 1342 nit,
321 1275 392 1330 de
424 1272 726 1329 Hebraicis
757 1271 1160 1328 voluminibus
1219 1272 1385 1344 ponit
1424 1273 1712 1345 exempla,
1774 1277 1840 1328 ut

181 1369 273 1420 est
328 1363 514 1418 illud:
575 1384 601 1413 α
635 1361 741 1426 Qui
802 1360 986 1417 credit
1037 1359 1098 1416 in
1159 1377 1271 1424 me,
1332 1361 1486 1416 sicut
1534 1361 1838 1433 Scriptura

181 1453 360 1509 dicit:
394 1450 664 1508 Flumina
692 1451 764 1506 de
795 1454 994 1505 ventre
1048 1450 1177 1520 ejus
1231 1450 1414 1505 ﬂuent
1471 1467 1636 1523 aqua:
1693 1451 1833 1506 vivae

181 1543 363 1613 (Joan.
396 1559 493 1608 vn,
517 1541 632 1612 38).
662 1541 776 1595 »Et
802 1538 863 1594 in
895 1539 1024 1610 ipsa
1047 1555 1237 1602 cruce,
1261 1556 1374 1608 ELI,
1407 1556 1518 1607 su,
1539 1557 1689 1596 LEMA
1705 1557 1837 1596 AZA-

184 1648 452 1698 summ,
481 1630 638 1702 quod
671 1628 1129 1700 interpretatur:
1159 1651 1186 1677 ‹‹
1222 1627 1376 1682 Deus
1431 1644 1622 1696 meus,
1683 1629 1838 1684 Deus

183 1737 375 1789 meus,
408 1735 589 1791 quare
622 1735 714 1774 me
749 1716 1164 1789 dereliquisti?
1197 1739 1224 1766 »
1263 1734 1375 1771 non
1411 1721 1474 1772 ut
1505 1735 1538 1772 a
1587 1719 1838 1790 Septua-

181 1810 349 1884 ginta
380 1808 633 1881 positum
665 1811 794 1863 est:
828 1830 856 1856 «
890 1807 1065 1873 Deus,
1099 1807 1252 1862 Deus
1285 1823 1473 1874 meus,
1508 1807 1731 1879 respice
1777 1809 1834 1862 in

181 1915 300 1966 me,
359 1914 540 1970 quare
606 1912 698 1952 me
757 1894 1118 1967 dereliquisti
1173 1895 1344 1963 (Psal.
1403 1897 1654 1966 xxr,1)?
1711 1919 1738 1947 ››

179 1987 371 2044 multa
399 1985 491 2042 his
525 1983 760 2042 similia.
793 1983 907 2039 Nec
937 1984 1046 2039 hoc
1079 1983 1330 2040 dicimus
1382 1985 1534 2056 quod
1593 1987 1838 2058 Septua-

179 2078 346 2150 ginta
375 2076 721 2146 interpretes
753 2071 1172 2146 suggillemus,
1204 2074 1304 2128 sed
1336 2073 1491 2146 quod
1551 2073 1842 2146 apostolo-

180 2183 315 2222 rum
345 2167 403 2220 et
431 2161 645 2220 Christi
677 2162 865 2233 major
887 2161 966 2217 sit
1009 2161 1346 2226 auctoritas,
1389 2162 1541 2218 529
1599 2168 1656 2218 et
1711 2163 1841 2218 ubi-

181 2271 414 2326 cunque
445 2251 833 2325 Septuaginta
870 2251 941 2306 ab
1001 2249 1238 2306 Hebrzeo
1299 2267 1413 2306 non
1474 2251 1840 2319 discordant,

182 2345 263 2400 ibi
293 2340 592 2416 apostolos
648 2341 718 2396 de
774 2339 1250 2412 interpretatione
1309 2356 1512 2396 eorum
1574 2343 1844 2414 exempla

183 2431 554 2506 sumpsisse;
598 2429 700 2486 ubi
735 2445 867 2485 vero
919 2429 1273 2502 discrepant,
1335 2429 1389 2485 id
1453 2429 1723 2501 posuisse
1782 2432 1842 2488 in

1350 331 1666 398 CONTRA
1712 330 2075 399 RUFINUM
2119 331 2271 398 LIB.
2314 331 2430 400 lIl.‘

1868 1852 1915 1916 Β

1782 1901 1838 1952 et
1870 1895 1915 1916 ”
1947 1897 2204 1971 epistolae
2238 1897 2575 1964 modum,et
2605 1895 2706 1968 qui
2739 1900 2943 1951 contra
2971 1895 3255 1951 nefariam
3289 1895 3561 1952 haeresim
3583 1897 3604 1932 ί

1942 1988 2070 2059 jam
2103 1986 2322 2058 stylum
2356 1987 2738 2057 ﬁxeram,pro
2763 2001 2855 2039 me
2885 1984 3236 2056 respondere
3266 1983 3612 2056 compulsus

1952 2092 2108 2142 sum,
2141 2078 2486 2148 exspectans
2516 2074 2629 2129 tria
2671 2073 2844 2128 amici
2876 2071 3198 2142 volumina,
3231 2077 3288 2128 et
3340 2074 3414 2128 ad
3471 2089 3609 2129 con-
3695 2136 3697 2138 η

3470 331 3599 410 ,478

1949 469 2168 535 Graeco,
2201 470 2358 543 quod
2390 469 2546 542 apud
2579 469 2850 526 Hebraeos
2879 466 3223 527 didicerant.
3257 466 3417 526 Sicut
3462 486 3598 545 ergo

1950 574 2056 631 ego
2088 560 2334 615 ostendo
2367 559 2554 615 multa
2592 560 2652 616 in
2682 560 2837 615 Novo
2877 560 3252 616 Testamento
3310 560 3503 632 posita
3532 562 3603 618 de

1948 649 2245 705 veteribus
2277 649 2609 722 libris,quze
2641 649 2700 705 in
2724 649 3110 722 Septuaginta
3137 666 3252 704 non
3286 649 3601 715 habentur,

1950 742 2009 794 et
2061 738 2182 794 haec
2231 739 2449 811 scripta
2497 739 2554 794 in
2603 739 2885 795 Hebraico
2930 739 3128 805 doceo,
3165 738 3252 795 sic
3300 743 3607 796 accusator

1952 829 2244 898 ostendat,
2291 828 2515 901 aliquid
2582 829 2868 902 scriptum
2916 845 3044 884 esse
3094 828 3150 882 in
3199 829 3354 883 Novo
3403 829 3602 885 Testa-

1951 922 2147 973 mento
2197 919 2267 974 de
2293 919 2671 990 Septuaginta
2728 917 3168 990 interpretibus,
3201 919 3357 989 quod
3400 917 3460 973 in
3493 922 3603 973 He-

1947 1007 2144 1062 braico
2178 1023 2292 1062 non
2321 1007 2630 1074 habeatur,
2662 1011 2720 1062 et
2749 1007 2914 1062 finita
2952 1006 3245 1063 contentio
3276 1012 3383 1062 est.

2020 1099 2108 1151 35.
2144 1097 2333 1167 Operis
2363 1097 2660 1152 conclusio.
2695 1128 2760 1137 —
2792 1097 2873 1152 Ex
2903 1096 3121 1168 quibus
3164 1096 3439 1151 omnibus
3500 1113 3605 1168 ap-

1951 1185 2254 1257 probatur,
2287 1188 2344 1239 et
2393 1184 2777 1256 Septuaginta
2821 1185 3206 1256 interpretum
3262 1185 3603 1251 editionem,

1948 1291 2075 1346 quae
2108 1273 2424 1346 legentium
2455 1277 2740 1328 vetustate
2787 1273 3021 1328 firmata
3065 1276 3174 1339 est,
3210 1274 3416 1330 utilem
3454 1274 3608 1330 530

1949 1379 2078 1418 esse
2110 1362 2402 1428 Ecclesiis,
2431 1363 2572 1418 dum
2605 1365 2738 1417 ante
2768 1367 2973 1434 gentes
3024 1361 3275 1418 audiunt
3306 1362 3606 1418 Christum

1949 1456 2261 1508 venturum
2293 1467 2422 1507 esse
2456 1467 2634 1521 quam
2666 1451 2958 1519 veniat;et
2988 1455 3226 1506 caeteros
3257 1451 3608 1524 interpretes

1951 1557 2066 1597 non
2100 1541 2517 1613 reprobandos,
2547 1539 2686 1612 quia
2716 1557 2832 1594 non
2876 1556 3004 1606 sua,
3038 1540 3140 1595 sed
3191 1539 3388 1594 divina
3429 1539 3599 1596 volu-

1951 1631 2114 1686 mina
2143 1629 2591 1694 transtulerunt,
2608 1633 2667 1684 et
2695 1628 3045 1684 familiarem
3079 1645 3274 1684 meum
3298 1629 3355 1684 id
3389 1647 3422 1684 a
3443 1628 3607 1684 Chri-

1952 1719 2144 1776 stiano
2183 1725 2240 1776 et
2284 1719 2473 1774 amico
2522 1719 2732 1773 debere
2795 1718 3113 1790 suscipere,
3164 1718 3317 1789 quod
3387 1734 3602 1791 magno

1952 1813 2190 1881 sumptu
2225 1808 2335 1865 sibi
2358 1826 2391 1863 a
2418 1808 2638 1865 Judzeis
2671 1807 3003 1863 describere
3033 1807 3348 1863 festinavit.
3370 1807 3608 1863 Excessi

1951 2165 2168 2238 geriem
2199 2164 2514 2220 criminum
2548 2163 2677 2232 ejus
2709 2167 2830 2217 tota
2862 2166 3055 2218 mente
3089 2178 3453 2234 suspensus:
3490 2161 3606 2218 nisi

1952 2255 2105 2326 quod
2139 2253 2321 2310 levius
2353 2258 2459 2321 est,
2477 2254 2810 2325 professum
2845 2250 3152 2306 inimicum
3184 2267 3406 2319 cavere,
3427 2267 3605 2323 quam

1955 2344 2183 2400 hostem
2216 2342 2490 2399 latentem
2523 2343 2633 2398 sub
2658 2339 2832 2395 amici
2865 2340 3102 2395 nomine
3132 2340 3444 2396 sustinere.

258 2557 272 2590 ι
310 2555 454 2628 Puta
484 2551 930 2628 Qrigenianam;
966 2568 1156 2628 quam
1193 2556 1416 2628 contra,
1466 2570 1582 2610 non
1640 2571 1858 2627 paucas
1896 2553 2192 2628 epistolas,
2226 2553 2347 2610 sive
2394 2551 2646 2620 libellos,
2680 2566 2783 2624 per
2827 2550 2886 2606 id
2935 2551 3216 2623 temporis
3264 2550 3602 2624 scripserat,

188 2632 247 2684 et
276 2626 480 2700 plures
516 2623 731 2681 in'dies
762 2624 973 2679 cudere
1005 2623 1422 2680 meditabatur.

1409 2922 1742 3011 LIBER
1825 2924 2316 3012 TERTIUS
2348 2916 2402 3006 ¹.

1858 3118 1960 3159 νΒι

612 3250 912 3312 ULTlMA
959 3250 1396 3313 RESPONSIO
1442 3254 1509 3313 S.
1556 3253 2004 3316 HIERONYMI
2051 3252 2471 3315 ADVERSUS
2518 3251 2848 3313 SCRIPTA
2899 3250 3196 3312 RUFlNl.

263 3520 412 3576 58]
460 3518 511 3574 l.
549 3520 798 3590 Acceptis
827 3519 895 3573 ab
928 3519 1042 3590 ipso
1089 3519 1282 3586 Ruﬁno
1305 3519 1462 3574 libris
1517 3521 1842 3588 Invectivar,
1875 3523 1919 3591 C
1956 3520 2230 3577 laudibus
2260 3519 2417 3576 tuis?
2449 3518 2660 3574 Eadem
2701 3518 2918 3591 quippe
2947 3521 3003 3573 et
3033 3516 3314 3591 przedicas
3345 3522 3400 3573 et
3430 3533 3611 3573 accu-

192 3607 492 3682 respondet.
525 3637 595 3651 —
628 3607 820 3662 Lectis
850 3607 1061 3664 litteris
1094 3608 1415 3680 prudentiae
1460 3613 1593 3677 tuae,
1627 3611 1846 3682 quibus

191 3700 250 3755 in
269 3696 690 3764 meinveheris,
713 3701 772 3752 et
792 3695 1098 3752 laudatum
1122 3699 1420 3769 quondam
1453 3702 1645 3766 tuum,
1671 3717 1847 3772 quem

191 3803 394 3845 verum
425 3785 710 3859 collegam
742 3784 1083 3857 loquebaris
1115 3791 1171 3842 et
1200 3787 1464 3852 fratrem,
1500 3806 1658 3844 nunc
1680 3788 1849 3845 libris

194 3877 267 3933 ad
299 3875 773 3949 respondendum
804 3891 1103 3948 provocas,
1137 3881 1440 3948 terresque
1476 3878 1849 3946 criminibus,

193 3964 452 4023 intellexi
480 3963 624 4020 illud
641 3963 973 4020 Salomonis
994 3963 1054 4020 in
1076 3969 1132 4021 te
1153 3982 1282 4021 esse
1303 3965 1658 4038 completum
1684 3985 1696 4022 :
1733 3991 1761 4018 «
1786 3968 1848 4024 In

191 4072 292 4113 ore
323 4053 488 4110 stulti
523 4052 766 4109 baculus
795 4053 1166 4110 contumelias
1195 4057 1378 4126 (Prov.
1412 4073 1526 4123 xxv,
1561 4058 1636 4128 3).
1674 4080 1701 4106 ››
1759 4059 1846 4123 Et,

195 4168 225 4196 ‹‹
266 4145 392 4201 Non
452 4142 658 4216 recipit
714 4143 915 4200 fatuus
963 4144 1141 4199 verba
1197 4145 1555 4216 prudentiae:
1614 4146 1729 4201 nisi
1783 4163 1851 4204 ea

189 4233 430 4302 dixeris,
463 4249 591 4306 qua
621 4237 930 4288 versantur
960 4233 1018 4288 in
1050 4234 1222 4289 corde
1264 4235 1390 4305 ejus
1451 4237 1630 4307 (Prov.
1685 4253 1847 4301 xvm,

187 4324 267 4395 2).
306 4343 330 4372 ι
367 4322 436 4377 Et
466 4321 685 4377 Isaias:
720 4345 747 4371 «
781 4322 1025 4387 Fatuus,
1075 4322 1287 4394 inquit,
1335 4324 1497 4380 fatua
1553 4323 1847 4396 loquetur,

187 4415 249 4469 et
277 4427 378 4468 cor
403 4411 532 4482 ejus
560 4427 711 4466 vana
739 4409 1059 4482 intelliget:
1099 4415 1164 4466 ut
1193 4412 1485 4484 compleat
1507 4412 1849 4486 iniquitates

190 4503 250 4558 et
277 4499 555 4572 loquatur
583 4503 789 4556 contra
817 4501 1002 4556 Deum
1051 4501 1423 4558 mendacium
1485 4503 1610 4571 (Isa.
1667 4520 1847 4570 xxxu,

189 4591 269 4662 6).
307 4612 335 4639 »
367 4589 511 4654 Quid
536 4588 692 4644 enim
723 4606 962 4647 necesse
990 4590 1100 4646 fuit
1130 4590 1519 4648 accusationis
1549 4593 1850 4649 volumina

190 4679 445 4746 mittere,
477 4683 535 4735 et
561 4678 874 4736 maledicta
905 4680 1162 4753 proferre
1205 4681 1260 4736 in
1323 4682 1616 4749 medium;
1678 4682 1725 4738 si
1783 4688 1847 4738 tu

187 4771 252 4826 in
279 4767 492 4826 ultima
518 4773 682 4841 parte
727 4769 1008 4842 epistolis,
1062 4770 1455 4826 denuntiata'
1512 4776 1698 4828 morte
1755 4788 1849 4829 me

1959 3629 2077 3677 sas,
2111 3616 2168 3666 et
2213 3612 2282 3665 de
2329 3626 2444 3664 uno
2494 3609 2652 3665 fonte
2694 3606 2866 3663 dulce
2909 3623 3296 3679 amarumque
3327 3606 3610 3679 procedit.

1959 3701 2122 3756 Unde
2154 3700 2394 3756 obsecro
2422 3697 3007 3766 te,utverecundiam
3032 3700 3090 3752 et
3110 3696 3416 3768 pudorem,
3435 3712 3612 3766 quem

1959 3810 1993 3847 a
2018 3807 2111 3846 me
2141 3789 2345 3862 ex1gis,
2377 3787 2538 3861 prior
2560 3786 2873 3853 exhibeas;
2899 3790 2957 3840 et
2985 3785 3084 3856 qui
3124 3784 3415 3841 mendacii
3468 3784 3611 3840 alte-

1961 3897 2092 3936 rum
2152 3877 2508 3942 criminaris,
2540 3876 2774 3932 desinas
2831 3873 2957 3946 ipse
3015 3873 3271 3930 mentiri.
3307 3874 3422 3946 Ego
3463 3872 3610 3928 nulli

1959 3968 2304 4026 scandalum
2355 3966 2524 4031 facio,
2556 3980 2663 4020 nec
2713 3967 3014 4019 accusator
3057 3961 3291 4018 interim
3334 3961 3420 4016 tui
3454 3979 3610 4018 sum.

1958 4059 2083 4114 Non
2115 4056 2332 4114 etenim
2362 4054 2690 4119 considero,
2724 4052 2862 4124 quid
2894 4056 2959 4107 tu
2992 4050 3293 4117 merearis,
3327 4051 3427 4106 sed
3471 4051 3611 4124 quid

1961 4164 2054 4202 me
2085 4147 2319 4213 deceat;
2352 4149 2410 4199 et
2439 4141 2752 4198 Salvatoris
2790 4140 3087 4214 eloquium
3119 4141 3468 4214 pertimesco
3526 4141 3615 4197 di-

1959 4235 2146 4292 centis
2196 4253 2208 4290 :
2261 4232 2428 4297 «Qui
2483 4230 2963 4288 scandalizaverit
3017 4247 3204 4286 unum
3262 4231 3334 4286 de
3384 4230 3615 4304 pusillis

1960 4325 2111 4392 istis,
2144 4324 2244 4396 qui
2278 4323 2336 4378 in
2376 4337 2470 4376 me
2499 4321 2766 4386 credunt,
2799 4319 3061 4393 ’expedit
3098 4319 3172 4387 ei,
3195 4324 3262 4376 ut
3291 4321 3614 4394 suspenda-

1957 4419 2056 4470 tur
2087 4412 2244 4469 mola
2300 4410 2560 4466 asinaria
2607 4409 2666 4465 in
2700 4408 2848 4466 collo
2879 4411 3030 4482 ejus,
3065 4413 3122 4464 et
3150 4409 3525 4482 demergatur
3554 4409 3614 4465 in

1959 4503 2318 4578 profundum
2378 4499 2560 4556 maris
2619 4500 2839 4571 (Matth.
2897 4515 3059 4565 xvm,
3116 4499 3194 4564 6).
3245 4521 3274 4549 »
3335 4498 3484 4565 Et,«
3517 4496 3612 4551 νω

1961 4594 2180 4650 mundo
2213 4593 2285 4648 ab
2313 4588 2630 4647 scandalis.
2660 4589 2905 4645 Necesse
2947 4592 3037 4644 est
3080 4587 3237 4643 enim
3287 4590 3352 4640 ut
3379 4584 3616 4641 veniant

1958 4681 2282 4740 scandala:
2317 4680 2420 4736 sed
2469 4695 2551 4732 vae
2606 4677 2831 4734 homini
2888 4691 2991 4748 per
3045 4691 3222 4747 quem
3266 4671 3612 4730 scandalum

1956 4770 2116 4827 venit
2147 4769 2308 4840 (Ibid.
2338 4768 2415 4838 7).
2455 4789 2483 4816 ››
2516 4766 2785 4822 Poteram
2815 4767 2871 4820 et
2901 4779 3008 4836 ego
3036 4761 3096 4818 in
3125 4767 3182 4818 te
3212 4760 3362 4818 falsa
3400 4777 3610 4834 conge-

189 4859 470 4929 deterres,
530 4873 602 4914 ne
651 4859 900 4916 audeam
978 4860 1331 4933 respondere
1388 4860 1672 4917 criminus
1725 4861 1843 4918 imo
1878 4901 1925 4966 Β
1959 4877 2104 4929 rere,
2138 4864 2197 4916 et
2255 4857 2446 4914 dicere
2495 4872 2610 4924 me,
2642 4853 2729 4910 vel
2780 4853 3040 4922 audisse,
3071 4852 3158 4908 vel
3209 4851 3446 4917 vidisse,
3483 4866 3611 4923 quae

264 5022 283 5055 ¹
317 5018 463 5075 Edd.
497 5019 768 5078 Martian.
803 5025 861 5076 et
891 5019 1136 5076 Vallars.
1171 5019 1265 5075 hic
1295 5019 1516 5074 habent
1563 5021 1802 5077 titulum
1831 5039 1844 5077 :

192 5092 397 5164 Incipit
427 5091 625 5147 ultima
654 5094 932 5164 responsio
964 5093 1304 5164 Hieronymi
1327 5093 1636 5164 presbyteri
1655 5094 1846 5149 adver-

191 5180 286 5220 sus
325 5164 528 5236 scripta
563 5165 747 5235 Ruﬁni
796 5165 1137 5236 presbyteri.
1184 5164 1340 5218 Em'r.
1402 5193 1470 5203 -—
1526 5166 1852 5236 Hieronymi

189 5225 520 5308 presbyteri.
558 5237 617 5292 In
642 5225 810 5292 'mss:
827 5225 1258 5308 exemplaribus
1307 5239 1368 5308 S.
1411 5236 1672 5292 Audoeni
1733 5225 1848 5293 llo-

189 5306 634 5380 tbomagensis:
668 5309 866 5378 Incipit
893 5306 1149 5363 adversus
1176 5323 1264 5364 eos
1311 5306 1538 5380 (libros)
1592 5316 1713 5380 post
1769 5311 1850 5364 le-

191 5381 433 5436 ctionem
462 5379 660 5434 ultima
688 5382 984 5451 responsio.
1007 5381 1066 5434 In
1084 5379 1418 5435 Corbeiensi
1453 5379 1652 5436 codice
1677 5398 1689 5436 :
1725 5383 1849 5436 Hie-

191 5451 418 5522 ronymi
443 5451 1036 5524 presbyteriaducrsus
1061 5452 1492 5524 scriptqliuﬁni
1542 5452 1852 5524 presbyteri

192 5522 676 5594 invectioincipit.
710 5523 1110 5596 Cluniacensis
1137 5528 1193 5579 et
1243 5522 1594 5596 Navarricus
1647 5522 1851 5596 legunt

192 5596 308 5652 ista
329 5593 616 5670 tanquam
641 5593 975 5670 epistolam,
995 5596 1115 5651 sive
1138 5596 1352 5670 librum
1372 5594 1662 5670 prolixum
1687 5593 1851 5670 sepa-

191 5671 386 5725 ratum
417 5665 862 5740 superioribus;
887 5671 944 5724 et
963 5667 1111 5724 hanc
1160 5665 1415 5724 retinent
1440 5665 1799 5742 epigrapheh
1830 5685 1844 5724 :

1955 5022 2199 5094 Epistola
2238 5018 2557 5094 Hieronymi
2612 5015 2876 5094 adversus
2931 5014 3200 5094 Ruﬁnian
3228 5012 3612 5094 presbyternrn

1956 5084 2399 5158 Aouileiensem;
2429 5084 2542 5154 vel,
2603 5088 2966 5158 Hieronymus
3018 5087 3088 5140 ad
3136 5084 3616 5158 Ate’tiumscribit

1955 5155 2214 5221 adversus
2245 5155 2524 5233 Ruﬁnum.
2554 5163 2632 5214 Ex
2662 5159 2754 5233 his
2810 5155 3314 5233 omnibusverum
3369 5155 3612 5233 titulum

1957 5237 2150 5309 Operis
2197 5229 2620 5306 separavimus,
2646 5230 2814 5309 _t'a|sa
2855 5229 3136 5309 _de_Apletio
3185 5231 3607 5309 amputantes:

1957 5299 2370 5383 argumentum
2398 5309 2615 5383 _autem
2645 5301 2897 5383 Erasmi_
2930 5301 3218 5383 integrum
3257 5299 3612 5383 relinquere

1955 5372 2146 5437 visvum
2177 5385 2284 5444 est,
2312 5377 2452 5448 quia
2483 5391 2604 5448 rem
2639 5373 2781 5430 satis
2811 5373 3005 5448 habet_
3025 5372 3395 5448 esplicatam.
3430 5374 3610 5448 MART.

2028 5454 2048 5486 ²
2080 5443 2302 5514 Deleta,
2330 5443 2411 5503 ἰη
2466 5447 2716 5510 videtur,
2751 5443 3124 5501 accusatione
3182 5445 3252 5499 ad
3300 5443 3610 5516 magistra-

1958 5529 2107 5579 tum.
2170 5521 2333 5576 Unde
2393 5520 2592 5573 infra:
2629 5518 2897 5589 «'l‘erres
2957 5533 3050 5571 me
3108 5516 3322 5589 gladiis
3380 5515 3522 5589 tuis,
3555 5516 3613 5570 et

1959 5593 2393 5652 accusationem
2429 5607 2545 5646 non
2568 5590 2696 5660 jam
2729 5587 3331 5655 ecclesiasticam,sed
3353 5587 3614 5644 tribuna-

1955 5667 2103 5725 lium
2130 5662 2539 5722 comminaris.
2583 5682 2610 5709 ››
