3958 6408
170 350 279 418 481

1349 357 1664 418 CONTRA
1707 355 2067 418 RUFINUM
2117 352 2262 419 LIB.
2310 357 2414 420 IlI.

3470 363 3592 426 482

179 488 554 544 Demaratum
588 491 646 543 et
676 488 955 543 Crassum
991 505 1104 542 non
1152 488 1573 559 pertimescat?
1631 490 1825 559 Usque
1857 489 1908 554 Α
1941 494 2104 543 erant
2138 491 2452 558 schedulzr,
2479 493 2694 548 idcirco
2724 493 2954 548 facilius
2981 493 3049 548 ab
3083 495 3332 550 Eusebio
3365 495 3580 552 falsatze

179 576 401 631 adeone
431 577 740 632 obdurasti
806 578 1053 632 frontem
1113 584 1175 632 ut
1226 579 1594 632 mendacium
1649 596 1830 650 ponas

178 682 343 737 spem
375 670 566 733 tuam,
591 671 644 721 et
677 667 976 721 existimes
1010 671 1059 721 te
1096 668 1312 739 protegi
1361 686 1527 737 posse
1589 670 1826 722 menda-

178 756 288 819 cio,
317 762 378 810 et
432 755 712 828 quidquid
775 757 1010 811 ﬁnxeris
1057 758 1161 811 tibi
1203 758 1553 812 credendum
1615 762 1830 829 putes?

177 844 321 907 Quis
355 845 648 900 Bethleem
685 847 755 900 de
785 845 1055 900 cubiculo
1091 847 1285 900 fratris
1313 848 1540 900 Eusebii
1602 851 1830 901 furatus

176 938 268 988 est
299 935 608 1005 epistolam
642 934 1020 990 laudatricem
1049 940 1211 990 tuam
1243 939 1262 989 Ρ
1292 937 1472 1006 Cujus
1501 937 1832 1005 artiticio,et

177 1040 210 1077 a
239 1024 416 1093 cujus
439 1024 726 1078 ministris
753 1024 809 1078 in
833 1031 1046 1079 sanctze
1072 1024 1317 1078 Fabiola).
1348 1025 1619 1095 hospitio,
1647 1031 1701 1080 ct
1725 1027 1827 1080 viri

179 1111 497 1167 Christiani
522 1117 578 1166 et
611 1113 911 1184 prudentis
939 1114 1170 1180 Oceani,
1199 1115 1468 1169 inventus
1502 1121 1587 1169 est
1628 1117 1825 1181 codex,

182 1217 354 1272 quem
385 1199 464 1255 illi
491 1219 795 1273 nunquam
828 1203 1139 1257 viderant?
1170 1209 1256 1257 An
1289 1204 1503 1258 idcirco
1549 1212 1599 1258 te
1631 1205 1827 1259 existi~

184 1306 308 1344 mas
325 1290 770 1356 innocentem,si
791 1291 1077 1362 quidquid
1105 1296 1266 1346 tuum
1293 1294 1464 1355 est,in
1482 1293 1622 1347 alios
1644 1295 1830 1347 confe-

182 1379 326 1434 ras?
396 1380 742 1451 Quicunque
775 1386 826 1434 te
868 1381 1195 1445 otfenderit,
1252 1382 1519 1451 quamvis
1585 1383 1831 1454 simplex

183 1469 450 1540 quamvis
477 1468 747 1523 innoxius
774 1469 871 1532 sit,
903 1468 1057 1523 illico
1091 1469 1443 1524 criminosus
1468 1471 1564 1525 fiet
1586 1472 1611 1524 2’
1652 1472 1830 1526 habes

183 1556 366 1621 enim,
398 1574 500 1628 per
531 1559 685 1628 quod
727 1559 947 1611 Danaes
980 1562 1068 1612 est
1119 1558 1269 1613 victa
1321 1561 1622 1629 pudicitia,
1680 1561 1830 1630 quod

184 1645 339 1700 Giezi
366 1645 626 1717 magistri
663 1644 919 1716 praetulit
952 1647 1265 1715 sanctitati,
1289 1654 1522 1719 propter
1554 1651 1707 1720 quod
1735 1651 1832 1704 Ju—

185 1735 296 1788 das
331 1734 569 1789 tradidit
595 1736 902 1789 Dominum
938 1753 1135 1790 suum.

250 1826 306 1878 5.
343 1824 461 1878 Non
499 1824 688 1895 probat
749 1828 1150 1879 accusationem
1210 1826 1512 1880 Clu-z'rlz'mzi
1559 1830 1611 1880 2'22
1676 1828 1832 1883 Chri-

182 1915 452 1968 stianum.
489 1913 738 1985 Defendit
783 1915 1075 1968 Eusebium
1126 1916 1556 1970 Cremonensem.
1613 1919 1838 1971 I‘h'rm‘t’s

183 2002 319 2056 libri
346 2003 700 2058 Periure/ton.
735 2035 802 2043 -κ
835 2027 858 2052 ‹‹
905 2003 1223 2059 Videamus
1254 2010 1448 2059 tamen
1484 2008 1622 2077 quid
1674 2026 1838 2062 meus

183 2091 553 2148 necessarius
585 2094 654 2146 de
687 2093 982 2148 scliedulis
1019 2095 1153 2160 tuis,
1197 2096 1443 2148 necdum
1489 2098 1838 2164 emendatis,

186 2186 242 2237 et
275 2182 540 2235 nondum
574 2181 644 2234 ad
679 2199 892 2252 purum
922 2183 1183 2253 digestis,
1216 2184 1544 2239 falsarerit:
1596 2191 1651 2240 ct
1682 2187 1751 2239 ob
1784 2187 1838 2240 id

181 2269 422 2324 facilius
448 2269 496 2324 ei
519 2268 736 2324 falsatze
769 2271 1004 2335 fuerint,
1040 2273 1194 2342 quod
1235 2279 1335 2325 aut
1367 2273 1566 2328 nullus
1599 2292 1695 2328 eas
1738 2276 1837 2329 ha-

187 2360 370 2427 beret,
406 2364 509 2414 aut
541 2360 856 2414 admodum
895 2361 1084 2431 pauci.
1127 2384 1144 2410 ››
1187 2362 1256 2415 Et
1316 2367 1446 2416 ante
1506 2363 1734 2434 scripsi,
1786 2369 1840 2418 et

186 2464 342 2501 nunc
375 2447 605 2512 eadem,
631 2446 742 2500 Deo
776 2448 1068 2512 audiente,
1103 2454 1408 2518 protestor,
1437 2467 1527 2504 nec
1572 2469 1682 2504 non
1739 2470 1836 2523 ap-

182 2536 467 2609 probasse
491 2537 920 2591 accusationem
954 2539 1101 2606 ejus,
1138 2555 1241 2592 nec
1285 2540 1632 2609 cujusquam
1681 2541 1839 2594 Chri-

188 2625 364 2679 stiani
390 2625 447 2679 in
471 2625 890 2680 Christianum.
927 2627 1070 2690 Quid
1105 2628 1258 2680 enim
1319 2646 1552 2682 necesse
1614 2636 1720 2694 est,
1785 2631 1840 2683 in

189 2713 513 2770 multorum
546 2715 824 2770 scandala
855 2716 1204 2787 ruinamque
1251 2718 1515 2788 proferri,
1578 2738 1700 2789 qum
1754 2736 1840 2773 se-

190 2808 347 2859 creto
380 2809 480 2858 aut
520 2804 802 2875 corripere
825 2805 1035 2869 valeas,
1070 2811 1170 2860 aut
1193 2808 1549 2862 emendare?
1571 2811 1677 2862 Sed
1706 2809 1844 2880 quia

193 2893 588 2965 unisqnisquc
619 2893 753 2948 vivit
786 2896 1086 2949 stomacho
1121 2913 1224 2949 suo
1255 2914 1265 2949 :
1324 2903 1379 2950 et
1438 2899 1666 2951 amicus
1727 2916 1842 2951 non

191 2981 392 3037 statim
429 2983 702 3037 dominus
735 2989 823 3037 est
853 2984 1093 3038 alterius
1118 2986 1430 3039 voluntatis
1466 3006 1476 3053 ;
1514 2988 1846 3041 sicutaceu-

191 3071 482 3126 sationem
507 3073 680 3126 etiam
711 3089 904 3126 veram
959 3075 1342 3144 I‘CpI‘Ciltll'ltli),
1403 3077 1483 3129 sic
1534 3076 1842 3129 falsitatem

193 3158 609 3214 schedularum
647 3160 702 3213 in
755 3167 956 3214 sancto
999 3161 1117 3215 viro
1179 3181 1291 3216 non
1354 3165 1632 3234 SttSti‘lpit).
1695 3166 1842 3229 Quid

195 3249 354 3304 enim
390 3249 540 3304 535
574 3248 749 3303 homo
778 3249 1020 3304 Latinus
1054 3253 1120 3304 de
1155 3253 1628 3323 inttfirpretaiione
1657 3256 1850 3308 (iraira
1878 3234 1917 3296 (ἶ

193 3338 385 3409 potuit
418 3337 779 3392 immutare?
811 3340 924 3392 Aut
956 3339 1094 3409 quid
1133 3342 1503 3395 subtraheret
1538 3342 1619 3396 vel
1671 3344 1847 3396 adde-

191 3431 278 3482 ret
311 3425 563 3481 inlibris
623 3425 742 3498 περὶ
803 3429 1039 3500 ’Δρ-χῶν,
1094 3429 1192 3482 ubi
1255 3430 1335 3483 sie
1390 3435 1657 3484 contexta
1713 3435 1850 3485 sunt

192 3516 411 3582 omnia,
447 3521 502 3570 et
533 3515 780 3570 alterum
816 3519 1025 3588 pendet
1066 3536 1133 3572 ex
1194 3519 1393 3576 altero.
1449 3524 1511 3572 ut
1564 3519 1845 3590 quidquid

192 3604 397 3659 tollere
431 3604 683 3658 volueris
710 3604 792 3659 vel
825 3607 1056 3671 addere,
1113 3609 1280 3677 quasi
1349 3627 1577 3679 pannus
1638 3610 1693 3662 in
1758 3627 1847 3662 ve-

193 3693 472 3748 stimento
504 3695 703 3748 statim
739 3697 1052 3765 appareat?
1085 3697 1243 3759 Quod
1278 3716 1412 3769 ergo
1473 3717 1561 3751 me
1623 3717 1845 3764 mones,

197 3784 319 3853 ipse
355 3783 562 3837 facito:
598 3782 897 3854 paululum
933 3786 1135 3839 saltem
1172 3787 1502 3848 humani,si
1539 3807 1648 3841 non
1685 3789 1847 3842 tibri~

199 3871 344 3925 tiani
398 3872 637 3943 pudoris
695 3891 952 3937 assume,
1006 3893 1073 3927 no
1133 3876 1401 3947 despecta
1487 3885 1540 3930 et
1628 3877 1848 3932 calcata

200 3961 559 4016 conscientia
594 3968 708 4029 tua,
742 3964 930 4017 verbis
964 3970 1013 4017 te
1040 3972 1346 4036 purgatum
1386 3973 1574 4036 putes,
1608 3968 1706 4037 qui
1762 3986 1845 4019 re-

195 4056 310 4105 bus
346 4051 591 4121 urgeris.
618 4051 672 4104 Si
709 4053 983 4107 Lusebius
1010 4072 1149 4107 auro
1177 4055 1417 4108 redemit
1448 4057 1846 4109 imu'ncmlatas

195 4140 532 4208 sehedulas,
567 4158 714 4211 quos
749 4140 1000 4206 falsaret,
1052 4148 1109 4196 tu
1133 4146 1324 4213 {il‘Dlllt‘
1359 4150 1642 4213 tttas,qu:n
1674 4144 1845 4199 falsa-

195 4236 268 4283 ιω
289 4247 401 4284 non
429 4229 547 4282 sint
572 4247 582 4282 :
610 4229 722 4283 etsi
751 4233 1083 4300 probaveris
1119 4233 1260 4286 nihil
1297 4234 1349 4286 in
1380 4235 1461 4287 eis
1488 4235 1844 4300 hznreticum,

197 4325 338 4372 tunc
374 4318 468 4373 ille
502 4318 742 4374 crimine
779 4322 1066 4375 tenebitur
1101 4322 1685 4387 falsitatis.Quamvis
1721 4341 1845 4377 mu-

193 4411 301 4472 tes,
352 4407 620 4478 quamvis
653 4410 928 4481 corrigas,
967 4413 1280 4466 catholicas
1317 4415 1328 4446 ¹
1376 4432 1488 4467 non
1551 4413 1843 4484 prtdrabis.

189 4496 247 4548 Si
282 4496 440 4550 enim
479 4513 640 4550 error
678 4505 830 4552 esset
864 4500 916 4553 in
953 4502 1158 4568 verbis,
1196 4507 1296 4556 aut
1331 4502 1385 4556 in
1423 4504 1622 4573 paucis
1656 4503 1846 4556 sensi-

187 4584 326 4651 bus,
365 4591 606 4663 possent
656 4587 987 4642 detruncari
1049 4591 1222 4657 mala,
1278 4598 1336 4646 et
1390 4593 1541 4646 bona
1602 4609 1702 4662 pro
1756 4591 1922 4671 hisD

190 4674 416 4745 reponi.
453 4675 558 4730 Ubi
594 4681 786 4730 autem
821 4681 939 4732 tota
971 4679 1288 4749 disputatio
1322 4682 1564 4752 aqualis
1597 4686 1719 4734 est:
1785 4685 1848 4734 ut

193 4765 483 4818 universa:
517 4764 827 4821 rationales
849 4775 1146 4832 creaturae,
1191 4788 1314 4840 qua:
1358 4771 1592 4841 propria
1646 4770 1846 4825 volun—

191 4858 314 4908 tate
341 4859 698 4921 corruerant,
737 4856 791 4910 in
829 4875 1010 4911 unum
1049 4866 1245 4930 postea
1303 4867 1667 4915 revertantur
1725 4869 1848 4916 sta-

192 4947 322 4996 tum
363 4945 468 4995 :ut
501 4960 732 4998 rursum
770 4963 836 4998 ex
869 4947 1070 5001 eodem
1109 4948 1387 5018 principio
1423 4950 1544 5002 alite
1580 4950 1697 5003 sint
1734 4952 1849 5004 rui-

197 5048 326 5097 me;
365 5030 505 5100 quid
529 5031 708 5088 habes
739 5037 1070 5100 emendare,
1101 5037 1208 5091 nisi
1233 5044 1444 5091 cuncta
1489 5041 1802 5093 mutaveris
1826 5042 1850 5094 i’

195 5119 362 5182 Quod
399 5120 444 5174 si
488 5121 670 5176 facere
729 5124 1002 5186 volueris,
1048 5127 1172 5196 jam
1227 5145 1338 5180 non
1399 5128 1575 5182 libros
1626 5130 1850 5184 alienus

193 5209 700 5280 interpretaberis,
735 5214 832 5267 sed
862 5217 1075 5270 condes
1105 5221 1252 5270 tuos.
1291 5217 1403 5270 Hoc
1429 5222 1620 5272 autem
1659 5221 1851 5289 cujus-

193 5289 357 5344 modi
390 5298 803 5360 argumentum
864 5297 960 5364 sit,
1025 5314 1137 5351 non
1196 5297 1474 5367 intelligo.
1536 5300 1700 5364 Quia,
1761 5300 1848 5353 in-

194 5377 325 5449 quit
357 5379 396 5441 3,
425 5377 829 5454 inemendatte,
864 5390 920 5440 et
943 5387 1202 5441 nondum
1236 5389 1305 5441 ad
1342 5405 1555 5459 purum
1615 5389 1847 5459 digestae

265 5538 553 5596 ‘Scilicet
609 5545 908 5601 scite/tutas.
994 5549 1363 5604 Martianzeus

194 5613 511 5668 Erasmum
547 5612 718 5671 habet
753 5620 1056 5676 Catholica.

266 5685 290 5723 ³
317 5683 636 5759 Victorius,
671 5689 879 5766 inquis,
903 5708 1007 5769 pro
1049 5694 1250 5770 inquit,
1285 5697 1350 5750 ut
1408 5710 1598 5753 sermo
1652 5695 1729 5756 sit
1777 5696 1847 5755 ad

1449 5555 1641 5606 autem
1722 5558 1848 5623 post

1940 584 2098 633 sunt.
2128 586 2240 634 Aut
2275 598 2378 652 ego
2412 583 2632 636 tardior
2664 601 2818 646 sum,
2855 587 2955 636 aut
2987 583 3126 637 mihi
3155 585 3300 639 satis
3361 585 3588 640 fatuum

1941 675 1994 721 et.
2026 672 2302 724 obtusum
2337 672 2578 726 videtur.
2621 673 2678 726 Si
2713 674 2973 726 nonduin
3008 674 3352 738 emendatio,
3388 691 3491 729 nec
3524 674 3594 728 ad

1943 775 2152 825 purum
2189 760 2425 828 digesta:
2456 761 2953 824 erantscliei'lular,
3007 779 3167 815 error
3217 779 3417 816 earum
3480 779 3597 818 non

1946 847 2624 918 Eusebioimputabitur,
2661 853 2960 904 sedmoia)
3021 855 3076 904 et
3136 850 3394 904 tarditati
3462 855 3596 915 tua),

1944 937 2038 1004 qui
2070 939 2378 992 ememlarc
2412 941 2749 994 cessastidit
2783 941 2836 993 in
2873 957 2937 993 eo
2973 938 3093 993 Solo
3128 940 3234 991 erit.
3263 938 3356 994 ille
3401 938 3600 1010 culpa-

1943 1026 2096 1090 bilis,
2133 1027 2270 1096 quia
2305 1027 2517 1096 scripta
2545 1033 2639 1080 tua
2671 1028 2784 1082 cito
2821 1027 3227 1081 disseminavit
3257 1027 3314 1082 in
3364 1027 3596 1098 vulgus,

1942 1133 2065 1183 qu.-e
2092 1121 2145 1168 tu
2184 1116 2463 1185 paulatim
2511 1119 2821 1170 emendare
2865 1117 3221 1170 decreveras.
3259 1117 3353 1170 Sin
3399 1122 3600 1170 autem

1945 1210 2094 1256 uttu
2132 1205 2237 1270 vis,
2301 1222 2396 1257 eas
2451 1205 2677 1257 falsavit
2743 1205 3063 1258 Eusebius:
3115 1204 3252 1272 quid
3313 1204 3596 1267 causaris,

1942 1299 2116 1363 atque
2154 1294 2462 1364 prmtendis
2488 1295 2976 1352 ii'iemcndatas,ot
3002 1295 3254 1346 necdum
3290 1294 3361 1346 ad
3385 1310 3598 1364 purum

1943 1383 2196 1449 digestas
2235 1383 2287 1434 in
2326 1382 2621 1452 publicum
2687 1382 3074 1452 prorupisse?
3131 1382 3199 1434 iit
3275 1383 3603 1436 emendata:

1943 1472 2121 1535 enim,
2157 1476 2209 1524 et
2244 1490 2355 1525 non
2389 1473 2710 1525 emendata:
2743 1471 2995 1525 similem
3031 1471 3322 1541 recipiunt
3382 1471 3603 1526 falsita-

1946 1567 2081 1615 tem.
2128 1560 2355 1622 Nullus,
2392 1562 2609 1631 inquis,
2640 1579 2736 1615 eos
2769 1561 3024 1614 habebat
3081 1560 3278 1626 libros,
3342 1565 3443 1615 aut
3498 1563 3604 1617 ad-

1948 1650 2182 1703 modum
2219 1650 2408 1719 pauei.
2449 1650 2506 1703 In
2535 1668 2647 1703 uno
2679 1667 2948 1703 sern‘ionc
2983 1656 3204 1719 quanta
3264 1647 3601 1706 diversitas!

1945 1740 2001 1793 Si
2066 1738 2264 1792 nullus
2321 1755 2418 1792 eos
2481 1739 2752 1796 habebat.
2815 1737 3108 1808 quomodo
3157 1738 3327 1807 apud
3390 1755 3606 1809 paucos

1871 1861 1914 1924 Β
1947 1832 2111 1881 erant
2149 1827 2174 1879 '?
2204 1827 2256 1880 Si
2292 1828 2453 1898 pauci
2490 1827 2806 1889 habebant,
2879 1843 2982 1880 cur
3038 1824 3264 1878 nullum
3324 1825 3609 1881 habuisse

1952 1917 2442 1970 mentiris?Cum
2478 1921 2670 1969 autem
2723 1914 2882 1969 dicas
2959 1915 3110 1969 536
3178 1915 3332 1985 apud
3389 1931 3607 1986 paucos

1953 2005 2153 2071 fuisse,
2187 2012 2242 2058 ot
2275 2009 2326 2058 te
2354 2005 2478 2075 ipso
2513 2007 2824 2058 confitente
2877 2005 3222 2058 subversum
3285 2004 3380 2068 sit,
3440 2005 3596 2075 quod

1951 2092 2147 2146 nullus
2180 2094 2466 2156 habuerit,
2502 2094 2598 2146 ubi
2641 2099 2726 2147 est
2761 2092 2926 2156 illud,
2963 2093 3115 2163 quod
3141 2091 3426 2163 quereris,
3461 2111 3600 2148 auro

1954 2183 2319 2252 rei'lemptum
2366 2183 2658 2236 notarium
2723 2187 2885 2235 tuum
2909 2183 2935 2235 '1?
2968 2181 3065 2235 Dic
3127 2198 3336 2236 nomen
3371 2182 3605 2248 notarii,

1953 2275 2238 2340 quantum
2275 2272 2396 2324 auri
2434 2273 2636 2324 datum
2673 2272 2768 2334 sit,
2808 2269 2925 2335 ubi,
2961 2287 3063 2339 per
3110 2286 3304 2339 quem,
3365 2274 3469 2324 aut
3515 2269 3608 2323 cui

1952 2362 2175 2413 datum.
2215 2360 2419 2429 Utique.
2455 2360 2811 2429 proditorem
2846 2363 3014 2412 tuum
3049 2357 3313 2425 abiecisti
3349 2375 3380 2411 a
3409 2362 3463 2413 te
3497 2359 3602 2428 [ΑΙ.

1953 2449 2108 2520 ante‘g
2142 2475 2152 2512 ;
2186 2454 2238 2502 et.
2275 2449 2414 2501 tanti
2455 2448 2725 2503 facinoris
2760 2465 2924 2501 rrum
2954 2465 2985 2501 a
3018 2451 3114 2500 tuo
3165 2447 3458 2502 consortio
3518 2463 3610 2502 se-

1955 2539 2358 2609 parasti.\'ir.le
2391 2555 2458 2592 ne
2497 2537 2680 2605 magis
2737 2536 2876 2591 illud
2921 2552 3121 2589 verum
3167 2537 3260 2602 sit,
3325 2553 3358 2591 a
3409 2536 3610 2607 paucis

1955 2629 2067 2681 illis
2105 2626 2308 2680 amicis
2348 2628 2483 2691 tuis,
2520 2633 2572 2680 et
2608 2626 2855 2680 Eusebio
2887 2629 2941 2680 et
2973 2624 3190 2679 caeteris
3220 2625 3357 2679 data
3413 2641 3610 2680 exem—

1957 2717 2136 2788 plaria
2168 2734 2177 2770 :
2217 2734 2341 2786 qua:
2373 2717 2452 2769 ita
2486 2715 2634 2769 inter
2657 2733 2716 2767 se
2749 2719 3082 2785 congruunt
3142 2720 3318 2784 atque
3366 2731 3607 2769 consen-

1956 2808 2130 2872 tiunt,
2166 2811 2228 2859 ut.
2264 2823 2330 2860 ne
2365 2811 2578 2875 puncto
2612 2804 2845 2874 quidem
2883 2803 3130 2857 alterum
3165 2804 3236 2856 ab
3270 2801 3450 2858 altero
3495 2803 3606 2857 dif-

1955 2899 2120 2950 ferat.
2157 2895 2371 2948 Deinde
2405 2896 2576 2962 cuius
2602 2893 2922 2964 prudentes
2955 2897 3061 2955 est,
3117 2892 3254 2946 dare
3313 2891 3606 2962 exemplar

1957 2985 2107 3048 aliis,
2144 2985 2294 3054 quod
2329 2985 2588 3036 nondum
2625 2980 3081 3036 emendaveras?
3101 2982 3333 3051 Scripta:
3365 2981 3433 3034 ad
3497 2998 3603 3051 pu-

1958 3091 2086 3127 rum
2121 3090 2230 3126 non
2259 3076 2422 3126 erant
2456 3072 2778 3135 scher'lulze;
2823 3076 2879 3124 et
2935 3069 3298 3124 emendando
3376 3085 3601 3124 errores

1958 3170 2087 3216 tuos
2112 3164 2236 3231 jam
2285 3161 2377 3214 alii
2441 3160 2838 3229 possidebant.
2900 3158 3167 3211 Sentisne
3225 3173 3337 3210 non
3388 3156 3604 3211 haerere

1961 3253 2108 3305 inter
2140 3269 2200 3303 so
2232 3250 2596 3303 mendacium
2627 3250 2650 3300 ‘3
2686 3249 2752 3321 Et
2785 3248 2922 3316 quid
2960 3245 3059 3299 tibi
3099 3246 3152 3298 in
3180 3244 3424 3299 articulo
3457 3250 3605 3299 tem-

1963 3342 2114 3412 poris
2150 3340 2383 3409 profuit,
2424 3344 2483 3391 ut
2515 3337 2919 3407 eiiiiscrq‘mrum
2956 3335 3274 3389 sententias
3314 3335 3605 3390 subterfu-

1960 3448 2140 3498 geres,
2177 3436 2370 3500 patere
2405 3429 2826 3490 discussum,eL
2858 3424 2974 3479 tuis
3011 3431 3062 3477 te
3094 3424 3282 3479 verbis
3308 3424 3607 3495 redargui?

1961 3522 2037 3573 Ex
2075 3536 2187 3589 quo
2238 3523 2471 3587 apparet
2503 3517 2675 3585 juxta
2713 3515 2910 3586 inclyti
2972 3515 3215 3568 oratoris
3276 3515 3608 3583 (Ciceronis)

1961 3609 2237 3679 elogium,
2277 3620 2325 3662 te
2356 3607 2712 3660 voluntatem
2757 3605 2972 3659 habere
3030 3603 3370 3669 mentiendi,
3424 3609 3606 3659 artem

1965 3698 2216 3769 fingendi
2257 3715 2368 3750 non
2403 3696 2636 3749 habere.

2029 3790 2080 3840 (ἴ.
2117 3790 2456 3857 (Ionipururr
2488 3797 2536 3839 et
2569 3801 2743 3837 emere
2769 3784 2895 3854 quid
2925 3783 3176 3851 (ti/[erant
3204 3785 3230 3834 ?
3259 3813 3326 3819 ——
3377 3781 3601 3850 Sequar

1961 3878 2223 3933 ordinem
2257 3874 2533 3947 epistola},
2559 3877 2616 3928 et
2649 3873 2792 3944 ipsa,
2829 3877 2892 3925 ut
2923 3871 3150 3924 locutus
3182 3871 3451 3932 es,verba
3474 3869 3607 3923 sub-

1959 3972 2210 4021 nectam.
2245 3989 2267 4012 ‹‹
2307 3964 2727 4034 liloi'pieutiam,
2761 3965 2823 4014 ut
2853 3959 3017 4024 dicis,
3053 3963 3235 4021 tuam,
3271 3962 3327 4010 et
3361 3959 3416 4012 in
3454 3961 3603 4010 Prm-

1963 4056 2172 4110 fationo
2199 4072 2324 4107 mea
2357 4054 2625 4106 laudasse
2686 4067 2776 4104 me
2838 4051 3047 4112 fateor;
3121 4053 3174 4101 et
3214 4048 3390 4102 etiam
3451 4063 3606 4102 nunc

1963 4146 2280 4209 laudarem,
2319 4143 2428 4195 nisi
2458 4147 2514 4193 tu
2550 4158 2674 4193 eam
2703 4143 2902 4192 contra
2933 4137 3102 4191 Tullii
3142 4138 3222 4191 tui
3257 4137 3605 4192 sententiam

1961 4234 2142 4287 multa
2172 4230 2454 4301 jactantia
2511 4231 2725 4283 faceres
2787 4228 3096 4281 odiosam.
3163 4251 3187 4273 η
3241 4226 3346 4281 Ubi
3391 4226 3606 4296 jactavi

1960 4321 2350 4392 eloi‘pientiam
2393 4335 2602 4380 meam,
2640 4317 2734 4387 qui
2773 4318 2943 4370 etiam
2973 4335 3004 4369 a
3029 4321 3079 4369 te
3139 4315 3434 4370 laudatam
3493 4330 3606 4368 non

1961 4411 2208 4464 libenter
2239 4408 2433 4477 accepi
2468 4409 2491 4460 ’2
2527 4416 2608 4459 An
2649 4407 2752 4460 hoc
2786 4405 2954 4462 dicis.
2991 4405 3130 4474 quia
3155 4422 3266 4458 non
3328 4404 3415 4458 vis
3467 4404 3606 4458 sub-

1959 4500 2088 4554 dola
2122 4499 2530 4569 praulicatioue
2565 4495 2784 4567 palpari
2811 4493 2837 4547 Ἰ
2870 4498 3080 4565 Aperte
3106 4493 3494 4557 accusaberis,
3547 4499 3610 4546 ut

1961 4589 2057 4659 qui
2090 4588 2428 4640 laudantem
2465 4585 2713 4654 respuis,
2748 4583 2967 4636 sentias
3025 4580 3453 4634 criminantem.
3493 4577 3607 4632 lm-

1963 4678 2228 4750 pcritiaui
2262 4681 2454 4729 autem
2496 4680 2677 4737 tumn,
2709 4690 2817 4725 non
2856 4677 2972 4725 tam
3024 4670 3237 4724 stultus
3301 4684 3482 4732 cram,
3546 4673 3609 4722 ut

1965 4765 2442 4837 ri-prehenderem
2475 4781 2486 4822 ;
2522 4779 2697 4832 quam
2732 4776 2902 4814 nemo
2937 4764 3157 4830 postest
3190 4757 3394 4812 fortius
3436 4772 3612 4810 accu-

1963 4874 2110 4917 sare,
2141 4872 2312 4924 quam
2350 4857 2405 4905 tu
2447 4851 2722 4922 ipseduin
2755 4848 3100 4904 scribisﬁed
3134 4847 3282 4900 volui
3310 4847 3613 4901 ostendero

1963 4943 2381 5012 condiscipulis
2418 4942 2554 5003 tuis,
2589 4941 2688 5011 qui
2721 4944 2909 4992 tecum
2945 4955 3056 4992 non
3097 4937 3428 4990 didicerunt
3459 4934 3614 4990 litte-

1965 5052 2075 5100 ras,
2099 5034 2236 5103 quid
2273 5032 2632 5102 pertriginta
2667 5046 2849 5082 annos
2884 5027 2939 5080 in
2968 5027 3204 5080 Oriente
3255 5023 3603 5095 profeceris:

1952 5125 2082 5194 'qui,
2147 5119 2485 5195 3¢,",":x'.333;
2540 5118 2896 5190 ἀγράμξωιτος
2945 5117 3201 5185 (si‘riptor
3241 5113 3605 5182 illitteratus),

1964 5213 2397 5283 procaeitatem,
2432 5207 2900 5263 disertitudinem
2934 5211 2989 5258 et
3017 5204 3365 5258 maledicere
3420 5201 3610 5257 omni-

1961 5305 2070 5357 bus
2101 5303 2142 5370 ³,
2201 5303 2358 5354 boum
2420 5296 2783 5352 conscientia:
2837 5295 3069 5362 signum
3128 5291 3453 5347 arbitraris.
3494 5290 3608 5346 Nec

1962 5391 2087 5457 tibi,
2122 5395 2184 5442 ut
2216 5389 2380 5455 dicis,
2412 5386 2623 5441 ferulas
2658 5383 3122 5454 adhibeo,neque
3153 5383 3613 5454 athenogeronta

2540 5118 2636 5190 51*";
2651 5118 2896 5187 imum;

1962 5552 2595 5677 R‘yiiixum'i‘ertulliano
2642 5637 2770 5675 sum
2793 5622 2970 5683 itum,
3029 5619 3127 5690 qui
3182 5620 3278 5674 tit).
3348 5615 3616 5674 adversus

1962 5697 2597 5748 IIermoae-nem.can.1:
2673 5711 2701 5748 tt
2757 5636 2962 5748 Iiomo.
3013 5690 3206 5748 inauit
3261 5689 3321 5748 in
3380 5687 3609 5748 seculo.

1958 5697 2362 5772 Hermogenem,
2384 5709 2597 5772 capi:
2673 5711 2701 5748 α
2757 5687 2962 5767 Homo,
3013 5687 3206 5770 inquit
3261 5689 3321 5751 in
3380 5687 3614 5788 ειθδειιιιοι
