3958 6390
390 396 512 465 483

1641 399 1707 461 S.
1753 395 2067 463 EUSEBII
2112 391 2582 460 HIERONYMI.

3691 391 3813 458 484

398 539 602 603 (senem
630 531 980 604 discipulum)
1005 547 1202 588 meum
1231 532 1475 601 scutica,
1511 536 1567 588 et
1607 531 1796 604 plagis
1829 531 2054 587 litteras
2084 532 2138 597 Α
2168 530 2300 587 aliis
2332 531 2682 593 furentibus,
2707 527 3052 600 jugulentur
3085 525 3220 582 alii:
3254 543 3360 583 cur
3389 525 3571 584 libros
3604 532 3812 585 contra

392 623 599 679 docere
658 621 990 688 contendo;
1069 621 1170 676 sed
1230 620 1370 692 quia
1433 620 1653 676 fulmen
1689 622 1773 692 [Al
1807 623 2046 692 ﬂumen]

389 709 728 782 eloquentiae
761 713 872 763 tuae
903 712 1078 779 atque
1109 709 1388 763 doctrina:
1441 725 1647 764 omnes
1709 713 2048 764 tractatores

387 801 535 855 ferre
566 815 680 854 non
712 802 1115 870 possumus,et
1141 797 1362 870 ingenii
1407 798 1680 852 acumine
1725 798 2045 870 perstringi

385 887 584 944 oculos
606 891 859 953 nostros,
889 885 947 940 in
980 891 1210 940 tantum
1242 890 1306 940 ut
1331 901 1536 941 omnes
1570 886 1716 942 531
1799 891 1934 942 tuos
1957 887 2044 941 in-

391 975 556 1031 vidos
587 979 776 1047 putes,
810 975 1077 1030 certatim
1109 975 1435 1046 opprimere
1467 979 1521 1030 te
1545 975 1858 1046 cupimus:
1897 992 1968 1031 ne
1995 976 2043 1031 si

383 1062 562 1119 semel
597 1062 656 1117 in
682 1061 987 1118 scribendo
1025 1063 1348 1118 obtinueris
1409 1063 1828 1135 principatum,
1893 1069 1948 1118 et
1985 1065 2042 1119 in

384 1151 728 1222 eloquentiae
762 1166 890 1206 arce
921 1150 1174 1217 steteris,
1205 1151 1430 1205 cunctis
1494 1150 1661 1207 nobis
1695 1152 1794 1223 qui
1819 1151 2041 1224 aliquid

383 1239 532 1295 scire
560 1238 1074 1304 volumus,mutire
1094 1254 1205 1293 non
1240 1237 1429 1293 liceat.
1464 1243 1579 1309 Ego
1625 1239 2042 1311 philosophus,

383 1327 599 1393 rhetor,
633 1326 1079 1399 grammaticus,
1115 1326 1478 1389 dialecticus,
1515 1327 1816 1395 Hebraeus,
1882 1328 2042 1382 Gre:-

381 1432 505 1482 cus,
535 1414 794 1482 Latinus,
828 1414 1190 1488 trilinguis‘.
1225 1416 1341 1470 Hoc
1404 1416 1577 1470 modo
1636 1420 1692 1470 et
1754 1421 1818 1470 tu
1867 1415 2041 1471 bilin-

383 1503 517 1576 guis
572 1503 708 1569 eris,
768 1507 993 1558 tantam
1052 1503 1234 1558 habes
1277 1504 1453 1559 Graeci
1516 1503 1823 1575 Latinique
1919 1521 2038 1559 ser-

387 1592 578 1648 monis
600 1591 932 1659 scientiam,
965 1598 1028 1646 ut
1074 1596 1131 1646 et
1161 1592 1341 1647 Graeci
1366 1596 1421 1648 te
1455 1593 1744 1657 Latinum,
1770 1598 1828 1648 et
1855 1593 2039 1648 Latini

383 1685 440 1736 te
471 1680 736 1736 Gracum
760 1685 963 1751 putent
996 1697 1010 1756 :__
1044 1683 1100 1735 et
1131 1697 1282 1752 papa
1301 1681 1664 1752 Epiphanius
1695 1681 2041 1754 πεντάγλωτ-

381 1785 517 1836 tog;
564 1771 730 1840 [ωδε.
791 1765 1257 1842 πεντάγλωσσος],
1303 1769 1442 1842 quia
1499 1770 1759 1841 quinque
1817 1770 2036 1843 linguis

387 1860 589 1912 contra
622 1861 674 1911 te
698 1860 754 1911 et
783 1855 1088 1911 Amasium
1123 1860 1291 1911 tuum
1345 1857 1700 1929 (Origenem)
1753 1857 2031 1930 loquitur.

385 1943 691 2016 Simulque
713 1944 1112 2016 admiror,qua
1143 1945 1467 2001 temeritate
1497 1951 1700 2002 contra
1736 1953 2031 2003 tantarum

387 2025 603 2080 artium
634 2024 824 2080 virum
856 2024 1074 2080 audeas
1104 2025 1294 2080 dicere
1328 2044 1340 2081 :
1377 2050 1403 2075 «
1438 2027 1525 2082 Tu
1572 2027 1672 2098 qui
1720 2032 1803 2082 tot
1860 2029 2032 2082 disci-

389 2113 686 2186 plinarum
707 2112 892 2168 oculis
923 2113 1150 2185 vigilas,
1186 2115 1476 2185 quomodo
1499 2115 1667 2170 venia
1725 2117 2034 2174 donandus

387 2219 469 2271 es,
504 2202 553 2258 si
583 2201 888 2265 erraveris,
920 2205 976 2256 et
1015 2218 1129 2257 non
1181 2208 1457 2274 perpetuo
1501 2204 1743 2275 pudoris
1801 2205 2034 2262 silentio

391 2291 790 2363 contegendus
818 2290 846 2346 ‘I
875 2291 1033 2354 Quod
1058 2308 1192 2346 cum
1224 2290 1518 2363 legissem,
1552 2297 1607 2348 et
1638 2310 1730 2349 me
1768 2299 2032 2364 putarem

387 2379 601 2436 alicubi
635 2379 692 2434 in
725 2395 993 2435 sermone
1023 2377 1277 2450 lapsum,
1312 2401 1339 2428 ‹‹
1380 2380 1486 2444 Qui
1537 2380 1691 2436 enim
1752 2381 1809 2436 in
1858 2383 2032 2437 verbo

395 2483 510 2524 non
543 2471 763 2540 peccat,
789 2465 900 2522 iste
931 2468 1220 2538 perfectus
1251 2472 1340 2522 est
1362 2468 1493 2536 (Jac.
1528 2485 1612 2537 III,
1640 2471 1714 2539 2),
1750 2493 1776 2520 »
1813 2475 1869 2525 et
1933 2487 2033 2526 su-

385 2556 642 2628 spicarer
671 2572 806 2611 eum
839 2555 1060 2626 aliquid
1085 2572 1348 2611 meorum
1383 2555 1748 2627 prolaturum
1781 2573 1908 2613 esse
1951 2558 2031 2614 vi-

383 2642 824 2710 tiorum,subito
856 2642 1086 2699 intulit:
1115 2664 1143 2693 «
1174 2648 1323 2699 Ante
1384 2645 1630 2701 biduum
1664 2647 1831 2712 mihi,
1856 2663 2032 2718 quam

389 2723 859 2795 proficisceretur
889 2723 1100 2779 harum
1131 2724 1464 2794 baiulus,in
1488 2742 1700 2782 manus
1729 2732 2030 2795 venerunt,

387 2829 516 2884 qua:
543 2811 602 2866 in
635 2827 727 2866 me
756 2809 1120 2866 declamasti.
1157 2833 1185 2860 »
1219 2812 1322 2867 Ubi
1355 2817 1441 2867 est
1463 2829 1620 2886 ergo,
1655 2815 1808 2886 quod
1840 2816 2034 2870 mina-

390 2900 494 2966 ris,
526 2904 584 2955 et
613 2897 776 2970 dicis,
810 2924 836 2949 ‹‹
863 2899 1160 2965 Quomodo
1190 2901 1502 2957 donandus
1559 2920 1621 2958 es
1649 2903 1838 2970 venia,
1873 2903 1921 2959 si
1943 2920 2031 2960 er-

387 2988 623 3057 raveris,
656 2993 712 3043 et
742 3005 856 3044 non
889 2995 1166 3060 perpetuo
1193 2990 1434 3061 pudoris
1467 2989 1700 3046 silentio
1724 2998 2035 3064 contegen-

387 3069 498 3124 dus
519 3068 547 3122 ?
578 3089 608 3117 »
629 3067 748 3124 Nisi
775 3069 919 3124 forte
948 3085 1061 3140 prae
1085 3068 1359 3140 angustia
1383 3070 1662 3142 temporis
1689 3071 1931 3144 potuisti
1965 3089 2033 3128 ea

380 3157 440 3213 in
472 3158 735 3214 ordinem
770 3157 1070 3230 digerere:
1114 3163 1215 3213 aut
1235 3157 1490 3230 aliquem
1523 3161 1592 3216 de
1624 3161 1869 3216 eruditis
1902 3178 2034 3217 con-

2160 637 2253 676 me
2283 620 2492 675 scribis
2523 619 2592 674 ad
2609 619 2773 686 alios,
2804 623 2862 672 et
2892 617 3166 689 legendos
3198 634 3298 689 per
3339 617 3620 673 satellites
3675 622 3810 676 tuos

2156 712 2277 764 toto
2310 709 2447 764 orbe
2477 707 2768 780 dispergis
2791 708 2818 760 ?
2849 706 2954 761 Ubi
2987 711 3076 762 est
3107 705 3484 779 syllogismus
3511 710 3810 779 tuus,quo

2159 813 2250 852 me
2281 797 2508 852 irretire
2539 796 2789 862 conaris,
2819 801 2874 850 et
2905 794 3161 866 loqueris
3182 795 3209 850 ?
3240 819 3267 845 «
3321 796 3505 859 Quem
3560 796 3619 850 in
3677 795 3807 866 hoc,

2157 886 2436 958 magister
2465 885 2706 956 optime,
2736 885 3044 940 emendare
3067 885 3345 956 cupiebas
3365 884 3394 940 7
3442 885 3490 939 si
3548 884 3704 950 illos,
3736 885 3809 941 ad

2154 990 2302 1044 quos
2333 973 2605 1039 ‘scribis,
2642 971 2784 1027 nihil
2819 972 3220 1043 deliquerant;
3255 973 3303 1028 si
3338 987 3428 1028 me
3476 989 3654 1044 quem
3714 990 3808 1028 ar-

2154 1063 2311 1134 guis,
2346 1063 2552 1118 nonad
2585 1079 2676 1116 me
2708 1061 3048 1132 scripseras.
3096 1084 3122 1109 »
3146 1065 3214 1116 Et
3243 1077 3348 1134 ego
3380 1061 3499 1116 tuis
3558 1077 3806 1133 respon-

2153 1151 2302 1206 debo
2333 1151 2438 1206 tibi
2470 1151 2873 1206 sermonibus:
2908 1153 3089 1215 Quem
3131 1150 3441 1206 emendare
3502 1150 3805 1222 cupiebas,

2152 1238 2433 1310 magister
2464 1238 2694 1293 indocte
2711 1240 2738 1293 ?
2767 1256 2962 1305 eosne,
2997 1239 3096 1310 qui
3129 1255 3244 1293 non
3278 1238 3696 1311 peccaverant?
3729 1255 3804 1294 an

2152 1343 2265 1391 me,
2289 1327 2361 1382 ad
2396 1344 2571 1398 quem
2605 1343 2718 1382 non
2743 1326 3062 1399 scripseras
3081 1328 3110 1381 ‘P
3138 1332 3345 1382 Brutos
3367 1331 3540 1399 putas
3561 1343 3690 1382 esse
3722 1325 3804 1382 le-

2151 1421 2362 1480 ctores,
2394 1420 2450 1470 et
2489 1432 2695 1470 omnes
2728 1416 3184 1488 nouintelligere
3215 1416 3588 1487 prudentiam
3613 1421 3804 1481 tuam,

2151 1503 2267 1558 imo
2326 1503 2633 1569 malitiam,
2693 1519 2809 1574 qua
2864 1509 2922 1558 et
2988 1520 3226 1574 serpens
3287 1503 3633 1575 prudentior
3690 1504 3804 1559 fuit

2149 1591 2378 1646 cunctis
2429 1591 2635 1646 bestiis
2658 1592 2715 1646 in
2749 1592 3051 1663 paradiso:
3087 1597 3151 1646 ut
3181 1610 3214 1648 a
3247 1609 3338 1648 me
3369 1597 3652 1648 secretam
3694 1593 3803 1648 ad-

2149 1681 2529 1736 monitionem
2592 1680 2840 1752 ﬂagites,
2901 1697 3075 1752 quem
3125 1680 3358 1752 publica
3429 1681 3805 1738 accusatione

2148 1769 2558 1841 persequeris;
2593 1775 2648 1824 et
2681 1786 2793 1824 non
2827 1775 2880 1824 te
2913 1770 3090 1841 pudet
3146 1771 3575 1826 accusationem
3633 1775 3800 1828 tuam

2147 1858 2491 1931 Apologiam
2524 1874 2726 1913 vocare
2748 1859 2775 1912 ‘?
2804 1860 3192 1930 Quererisque
3214 1877 3318 1914 cur
3341 1876 3632 1931 opponam
3683 1859 3806 1932 cly-

2149 1963 2322 2018 peum
2348 1947 2584 2019 pugioni
2612 1953 2730 2012 tuo,
2761 1953 2815 2001 et
2841 1946 2945 2001 tibi
2976 1948 3144 2019 quasi
3179 1947 3556 2019 religiosulus
3587 1954 3644 2004 et
3672 1965 3806 2004 san-

2144 2035 2339 2089 ctulus
2373 2051 2683 2107 personam
2717 2035 3065 2090 humilitatis
3093 2035 3350 2108 imponis
3379 2042 3436 2092 et
3463 2036 3647 2094 dicis:
3684 2060 3712 2087 ‹‹
3736 2038 3801 2094 Si

2143 2139 2494 2189 erraveram,
2527 2139 2705 2194 quare
2737 2123 2946 2179 scribis
2977 2123 3129 2190 aliis,
3193 2129 3249 2179 et
3314 2142 3428 2181 non
3505 2125 3799 2197 meipsum

2143 2210 2490 2283 redarguis?
2533 2235 2558 2259 »
2603 2211 2716 2266 Hoc
2768 2212 2961 2283 ipsum
2995 2212 3054 2266 in
3101 2217 3157 2267 te
3189 2214 3578 2285 retorquebo:
3612 2213 3796 2280 Quid-

2145 2300 2284 2372 quid
2321 2299 2476 2355 enim
2511 2317 2602 2355 me
2634 2317 2748 2355 non
2782 2301 2986 2356 iecisse
3016 2301 3497 2374 causaris,quarc
3518 2320 3633 2358 non
3666 2303 3795 2376 ipse

2145 2388 2329 2444 fecisti
2361 2388 2389 2442 ‘I
2419 2387 2590 2444 Velut
2621 2389 2668 2444 si
2703 2389 2836 2459 quis
2871 2389 3085 2460 pugnis
3115 2389 3370 2462 aliquem
3418 2391 3798 2462 calcibusque

2143 2476 2445 2543 collidens,
2479 2476 2529 2532 si
2560 2475 2831 2532 resistere
2861 2477 3288 2544 voluerit,dicat
3313 2479 3363 2534 ei
3393 2496 3403 2534 :
3439 2479 3642 2534 Nonne
3688 2479 3798 2534 tibi

2143 2571 2496 2638 praeceptum
2530 2571 2618 2621 est
2645 2582 2658 2620 :
2685 2590 2711 2615 «
2745 2566 2854 2629 Qui
2887 2572 2942 2622 te
2974 2568 3329 2638 percusserit
3360 2569 3417 2624 in
3466 2568 3798 2635 maxillam,

2143 2655 2333 2726 praebe
2365 2654 2447 2709 illi
2482 2659 2539 2709 et
2568 2653 2809 2710 alteram
2843 2655 3032 2726 (Matth
3068 2698 3078 2711 .
3130 2673 3184 2723 v,
3211 2657 3348 2728 39)?
3381 2680 3408 2707 »
3429 2658 3576 2722 Quid
3609 2658 3796 2728 enim,

2143 2743 2292 2798 bone
2347 2743 2452 2808 vir,
2514 2743 2619 2797 tibi
2669 2749 3020 2816 praeceptum
3071 2751 3181 2811 est,
3232 2751 3298 2802 ut
3350 2763 3442 2801 me
3501 2747 3794 2818 verberes,

2143 2831 2375 2887 oculum
2408 2831 2550 2886 mihi
2583 2831 2858 2901 eli‘odias;
2893 2837 2949 2887 et
2978 2833 3027 2888 si
3062 2833 3366 2906 paululum
3399 2851 3491 2891 me
3534 2852 3799 2893 commo-

2141 2937 2296 2987 vero,
2331 2920 2624 2992 Evangelii
2659 2921 2802 2976 mihi
2836 2928 3121 2994 pramepta
3149 2924 3433 2980 cantabis.
3468 2925 3570 2981 Vis
3635 2926 3792 2982 scire

2142 3014 2292 3064 totas
2325 3008 2432 3082 [AL
2465 3011 2669 3079 tortas]
2701 3009 3084 3082 argutiarium
3119 3017 3354 3068 tuarum
3413 3013 3705 3086 strophas,
3737 3019 3800 3071 et

2141 3096 2581 3169 vulpecularum
2619 3097 2882 3164 insidias,
2918 3115 3044 3170 qua:
3075 3099 3343 3156 habitant
3374 3101 3432 3156 in
3463 3101 3792 3173 parietinis,

2145 3187 2217 3240 de
2249 3187 2464 3258 quibus
2523 3187 2782 3242 Ezechiel
2843 3187 3136 3260 loquitur:
3172 3212 3197 3238 ‹‹
3251 3189 3429 3254 Quasi
3469 3188 3673 3262 vulpes
3731 3190 3794 3245 in

384 3247 670 3301 ducturus
698 3263 848 3313 eras,
883 3247 983 3317 qui
1015 3245 1074 3301 in
1105 3246 1402 3318 opusculis
1460 3249 1606 3304 meis
1661 3265 2017 3322 gemmarum

2186 3245 2369 3330 eserio
2414 3274 2708 3347 prephetaa
2773 3276 2874 3343 tui,
2919 3245 3097 3332 israel
3145 3245 3352 3349 (Ezecli.
3410 3295 3532 3345 xm,
3573 3245 3642 3349 ι4)
3702 3278 3729 3332 ?
3763 3301 3794 3328 ››

381 3334 725 3407 eloquentia:
780 3339 894 3390 tua:
961 3340 1305 3392 ornamenta
1388 3338 1764 3408 perquirerct.
1835 3341 2026 3412 Supra

381 3423 667 3494 scripsisti
693 3439 704 3476 :
741 3446 768 3472 ‹‹
802 3423 995 3479 Gratis
1025 3441 1058 3479 a
1090 3440 1182 3478 me
1212 3424 1464 3480 missum
1490 3427 1747 3482 codicem
1770 3431 2022 3502 suscipe,

380 3528 556 3584 quem
579 3529 756 3567 sensu
793 3529 1005 3583 magno
1032 3529 1276 3584 cuperes
1305 3520 1732 3586 comparatum,
1765 3524 1820 3572 et
1869 3536 2023 3574 nunc

384 3601 734 3658 humilitatis
757 3601 1066 3674 praestigiis
1096 3601 1370 3673 loqueris.
1397 3603 1617 3660 Imitari
1651 3610 1705 3661 te
1737 3607 1889 3661 volui
1919 3610 2018 3674 [ΑΙ.

384 3689 558 3761 volui]
591 3709 603 3759 ;
637 3691 736 3746 sed
771 3690 1146 3746 refestinante
1176 3707 1264 3760 eo,
1325 3691 1423 3764 qui
1477 3694 1546 3747 ad
1606 3697 1660 3749 te
1702 3697 2021 3765 remeabat,

381 3780 561 3836 malui
593 3778 796 3852 paucis
828 3779 898 3835 ad
935 3783 1008 3847 te,
1044 3796 1221 3852 quam
1249 3781 1320 3835 ad
1353 3780 1499 3836 alios
1527 3797 1627 3854 pro
1673 3783 1790 3840 tuis
1844 3785 2022 3842 male-

377 3869 552 3925 dictis
582 3867 761 3925 latius
792 3869 1066 3925 scribere.
1100 3869 1168 3924 Et
1199 3869 1430 3926 interim
1462 3871 1738 3928 audacter
1771 3875 1980 3932 frueris
2000 3878 2021 3910 ²

375 3957 668 4030 imperitia
693 3961 814 4013 tua.
849 3957 1040 4013 Semel
1081 3958 1237 4013 enim
1286 3959 1592 4016 confessus
1641 3979 1724 4027 es,
1783 3963 2018 4021 dicens:

383 4065 406 4094 ι
439 4046 745 4118 Superﬂua
774 4045 877 4101 tibi
909 4046 1282 4119 reprehensio
1337 4047 1446 4102 fuit
1504 4050 1561 4104 in
1611 4053 1831 4122 paucis,
1895 4071 2020 4126 qua

380 4134 642 4208 professa
662 4135 832 4191 nobis
860 4135 1110 4192 habetur
1139 4137 1196 4191 in
1255 4139 1550 4194 omnibus.
1589 4162 1616 4188 ›ι
1676 4141 1788 4196 Nec
1829 4159 2021 4215 repre-

380 4222 653 4290 hendam,
715 4223 868 4294 quod
921 4229 1296 4295 comparatum
1355 4226 1638 4295 codicem,
1693 4246 1795 4301 pro
1845 4237 2022 4305 empto

378 4311 642 4384 posueris
669 4328 682 4378 ;
715 4327 849 4366 cum
880 4314 1236 4384 comparatio
1256 4313 1571 4386 mqualium
1632 4317 1744 4372 sit:
1804 4321 2020 4394 emptio

377 4399 545 4472 pretii
575 4401 980 4456 annumeratio
1011 4419 1024 4457 :
1056 4408 1110 4457 et
1151 4405 1511 4474 refestinanle
1564 4421 1646 4472 eo,
1705 4410 1801 4478 qui
1855 4409 1924 4464 ad
1974 4418 2022 4467 te

373 4490 666 4558 remeabat,
717 4489 1136 4546 sordidissimas
1207 4491 1553 4548 elocutionis
1631 4495 2021 4572 περισσολογίᾳ

375 4577 626 4633 Tantum
657 4577 929 4635 sensibus
956 4580 1366 4650 respondebo;
1426 4585 1483 4637 et
1536 4587 1590 4638 te
1648 4602 2020 4658 nequaquam

1052 4638 1070 4650 ,
1355 4638 1366 4648 ,
1657 4638 2020 4658 κκη-η-η-

373 4665 856 4724 Βοιωοίειαῐιιδειο
906 4668 1243 4737 barbarum,
1293 4671 1392 4726 sed
1447 4672 1599 4728 538
1659 4676 2020 4747 mendacem,
2053 4638 2100 4703 Β

373 4755 714 4825 subdolum,
750 4757 1157 4830 impudentem
1192 4775 1319 4816 esse
1340 4761 1700 4818 convincam.

441 4848 495 4901 7.
528 4848 587 4902 In
622 4847 958 4919 Praefatione
987 4848 1123 4904 libri
1150 4847 1274 4922 περὶ
1304 4852 1544 4924 Ἀρχῶν.
1577 4881 1643 4892 -
1693 4854 1751 4909 Si
1806 4857 1878 4910 ad
1933 4874 2024 4913 me

371 4939 605 4992 tantum
633 4935 964 5010 epistolam,
999 4937 1230 5004 scribis,
1273 4942 1340 4992 ut
1371 4955 1464 4995 me
1521 4957 1917 5012 commoneas,
1969 4949 2026 5002 et

372 5025 746 5082 emendatum
775 5024 939 5094 velis,
978 5042 1050 5081 ne
1071 5026 1292 5082 caeteris
1332 5028 1678 5085 scandalum
1729 5032 1908 5089 facias
1966 5039 2025 5091 et

377 5205 433 5286 et
463 5206 673 5286 natu-ra
687 5219 935 5286 quoque
966 5203 1293 5286 haereticus,
1318 5206 1498 5286 etiam
1522 5208 2022 5286 turbulentus,qui

379 5273 800 5354 loquacitatem
816 5273 1164 5354 facundiam
1186 5277 1566 5354 existimet,et
1597 5273 2022 5354 impudentiam

377 5345 780 5435 constantiam
799 5347 1170 5435 deputetht.
1195 5348 1542 5435 maledicere
1561 5345 1837 5435 _sing_ulis
1895 5359 2022 5435 ofﬁ-

378 5416 535 5492 cium
561 5417 727 5492 bonae
758 5416 1123 5492 conscientia
1147 5421 1389 5492 judicet.
1421 5445 1449 5472 »
1473 5422 1599 5478 Vid.
1662 5416 1763 5481 lib.
1823 5434 2024 5487 contra

379 5487 602 5543 Helvid.
637 5488 835 5544 statim
859 5490 1045 5544 initio.

451 5561 466 5592 ¹
502 5563 722 5640 ᾼυειοιι
750 5559 1008 5616 incertus
1031 5564 1358 5619 carminum
1391 5563 1450 5620 in
1508 5563 1738 5623 laudem
1824 5572 2023 5630 Iliero-

381 5644 547 5703 nymi
572 5646 585 5685 :

380 5704 391 5724 ρ
472 5710 678 5778 ωηεν,
704 5711 894 5767 “una
921 5713 1105 5782 priul;
1137 5715 1231 5768 sed
1255 5713 1448 5778 adhuc,
1479 5717 1726 5775 mirabile
1766 5723 1928 5792 dictu,

2140 3363 2422 3418 Ausculta
2453 3363 2592 3435 quid
2627 3363 2850 3419 feceris.
2886 3364 2970 3419 Ita
3028 3382 3118 3420 me
3175 3366 3234 3420 in
3297 3372 3400 3422 tua
3450 3367 3796 3424 Praefatione

2137 3451 2415 3518 laudasti,
2453 3456 2516 3507 ut
2545 3452 2934 3524 objicerentur
2965 3453 3109 3510 mihi
3136 3453 3340 3511 laudes
3388 3460 3525 3527 tum,
3571 3461 3627 3512 et
3674 3457 3793 3514 nisi

2141 3557 2232 3596 me
2263 3541 2521 3597 alienum
2553 3558 2587 3596 a
2617 3547 2776 3597 tanto
2809 3541 3114 3598 laudatore
3146 3543 3448 3611 dixissem,
3481 3544 3794 3603 haereticus

2132 3630 2451 3700 judicarer.
2486 3635 2804 3702 Postquam
2839 3631 3022 3703 repuli
3058 3632 3325 3699 crimina,
3357 3633 3415 3687 id
3447 3638 3535 3688 est
3583 3633 3791 3691 laudes

2132 3721 2292 3782 tuas,
2327 3721 2382 3771 et
2414 3717 2635 3788 absque
2658 3717 2876 3773 invidia
2901 3719 2986 3773 tui
3020 3719 3295 3786 nominis,
3347 3721 3621 3793 respondi
3669 3723 3792 3778 cri-

2136 3803 2416 3873 minibus,
2451 3822 2564 3860 non
2586 3805 2950 3862 criminatori
2978 3823 2990 3860 :
3025 3811 3199 3879 atque
3222 3814 3286 3864 ut
3308 3825 3397 3864 me
3427 3809 3788 3867 catholicum

2131 3911 2165 3949 a
2197 3899 2250 3949 te
2283 3895 2599 3949 infamatus
2623 3895 2950 3967 probarem,
2974 3895 3236 3952 invectus
3293 3915 3426 3954 sum
3468 3899 3527 3954 in
3559 3899 3792 3956 hmreti-

2131 4001 2262 4040 cos:
2289 3983 2574 4049 irasceris,
2603 3983 2768 4049 furis,
2805 3985 2957 4040 589
2993 3991 3050 4040 et
3080 3985 3577 4044 luculentissimos
3609 3988 3792 4045 libros

2131 4078 2334 4129 contra
2356 4089 2447 4128 me
2478 4073 2679 4128 cudis:
2716 4089 2863 4144 quos
2894 4090 3030 4129 cum
3063 4073 3338 4146 legendos
3360 4080 3418 4131 et
3457 4077 3784 4134 cantandos

2132 4162 2408 4218 omnibus
2442 4161 2806 4227 tradidisses,
2838 4164 3103 4218 certatim
3136 4164 3207 4219 ad
3241 4181 3332 4220 me
3363 4166 3434 4220 de
3483 4165 3669 4234 Italia,
3728 4171 3790 4223 et

2133 4252 2275 4306 urbe
2309 4251 2516 4318 Roma,
2548 4255 2721 4320 atque
2753 4250 3040 4307 Dalmatia
3070 4253 3286 4324 scripta
3315 4260 3619 4321 venerunt,
3653 4256 3784 4328 qui-

2130 4341 2242 4396 bus
2274 4356 2365 4395 me
2398 4339 2666 4395 laudator
2700 4339 2984 4411 pristinus
3028 4357 3298 4398 ornasses
3348 4344 3673 4414 praeconiis.

2201 4431 2254 4483 8.
2291 4431 2554 4496 Pargavit
2585 4427 2849 4484 haereseos
2880 4432 3261 4501 suspicionem.
3281 4460 3351 4474 -
3371 4432 3594 4500 Fateor,
3624 4432 3786 4490 illico

2133 4519 2204 4573 ad
2231 4519 2460 4589 objecta
2488 4517 2881 4590 respondi;et
2926 4535 3019 4575 me
3063 4537 3176 4575 non
3235 4536 3363 4576 esse
3420 4520 3785 4590 hzereticum,

2130 4605 2291 4661 totiis
2312 4605 2536 4662 viribus
2567 4606 2810 4677 probare
2853 4611 3100 4664 conatus
3157 4625 3311 4664 sum.
3368 4608 3617 4683 Misique
3675 4609 3786 4667 hos

2134 4693 2293 4764 ipsos
2347 4691 2638 4764 Apologiae
2668 4710 2808 4748 mea:
2840 4693 3042 4761 libros,
3065 4697 3136 4751 ad
3169 4713 3268 4753 eos
3294 4714 3442 4769 quos
3473 4702 3534 4753 tu
3579 4698 3786 4755 vulne-

2134 4797 2364 4837 raveras
2388 4798 2402 4850 ;
2426 4786 2490 4835 ut
2516 4798 2738 4838 venena
2764 4788 2883 4850 tua,
2940 4789 3140 4841 nostra
3184 4792 3527 4859 sequeretur
3555 4788 3786 4845 antido-

2133 4876 2249 4925 tus.
2284 4870 2367 4926 Ob
2400 4869 2548 4926 hanc
2581 4870 2814 4943 culpam
2847 4873 3034 4929 mittis
3065 4875 3210 4930 mihi
3241 4880 3298 4932 et
3324 4877 3544 4948 priores
3575 4877 3783 4946 libros,

2133 4963 2190 5014 et
2221 4964 2508 5015 recentem
2542 4959 2873 5032 epistolam,
2909 4963 3141 5034 plenam
3173 4964 3526 5035 injuriarum
3558 4970 3614 5022 et
3665 4968 3782 5022 cri-

2135 5047 2383 5104 minum.
2407 5047 2555 5111 Quid
2588 5064 2681 5104 me
2712 5048 2800 5106 vis
2830 5050 3036 5118 facere,
3071 5053 3220 5108 bone
3252 5053 3481 5109 amice?
3501 5055 3786 5112 Taceam?

2194 5228 2406 5292 Graecus
2435 5231 2488 5277 et
2515 5227 2770 5292 Hebraeus
2799 5228 3084 5280 Chaldaica
3113 5232 3278 5283 verba
3306 5231 3519 5292 dedisti,

2192 5291 2308 5340 Jam
2340 5291 2569 5352 sapiens,
2602 5291 2928 5355 cupiensque
2955 5293 3154 5344 Jesum.
3225 5309 3237 5323 ·

2202 5370 2224 5448 ξ
2253 5370 2553 5448 Victorius
2571 5370 2779 5448 fruitor
2804 5388 2872 5427 ex
2890 5389 3047 5448 mss.
3083 5373 3243 5447 legit,
3274 5392 3402 5448 qua:
3431 5392 3539 5431 vox
3568 5380 3658 5432 est
3703 5378 3785 5433 ir-

2134 5442 2378 5498 ridentis
2409 5459 2483 5513 ac,
2509 5442 2958 5499 stomachantis.
3142 5442 3168 5447 ⁷
3293 5442 3308 5448 ’
3560 5507 3566 5513 ,

2203 5515 2224 5547 ³
2246 5514 2407 5592 idem
2437 5512 2678 5592 Victor.,
2706 5519 2770 5571 Et
2815 5519 2866 5570 te
2895 5518 2952 5570 in
3003 5517 3256 5573 omnibus
3305 5512 3649 5592 nequaquam
3705 5537 3790 5576 so-

2135 5585 2414 5641 lweislam.
2449 5589 2560 5641 etc.

2205 5659 2226 5693 ⁴
2260 5660 2444 5715 Antea
2473 5656 2680 5715 vitiose
2711 5661 2853 5728 erat,
2885 5659 2936 5715 si
2966 5659 3073 5728 illi,
3103 5660 3172 5718 ad
3204 5677 3351 5735 quos,
3384 5665 3492 5720 etc.
