3958 6396
167 375 270 448 485

1315 385 1633 450 CONTRA
1677 385 2035 452 RUFINUM
2079 380 2228 448 LIB.
2273 381 2383 449 IlI.

3434 394 3563 463 486i

168 514 400 571 Videbor
448 513 670 572 crimen
727 528 1061 589 agnoscere.
1123 517 1352 592 Loquar
1379 519 1407 575 ‘2
1453 522 1659 578 Terres
1703 537 1796 578 me
1823 523 1878 589 Α
1909 520 2123 593 raptim
2154 524 2211 576 et
2240 537 2306 575 ex
2337 525 2598 593 tempore
2627 525 2831 578 contra
2859 539 2966 580 nos
2997 523 3215 582 dictare
3244 527 3553 599 epistolam

167 603 360 678 gladiis
391 603 529 672 tuis,
563 609 619 661 et
650 605 1082 662 accusationem
1116 625 1231 664 non
1272 610 1398 680 jam
1440 610 1797 667 ecclesiasti-

167 711 304 761 cam,
337 693 435 749 sed
466 693 851 750 tribunalium
884 697 1436 763 comminaris.Quid
1471 700 1627 756 feci?
1658 701 1796 773 quid

167 781 523 838 commerui?
550 782 610 838 in
641 801 756 856 quo
787 789 842 840 te
868 783 987 842 laesi
1008 785 1036 840 ?
1066 787 1212 850 Quia
1242 805 1334 844 me
1367 791 1570 861 negavi
1615 791 1796 847 haere-

166 873 338 928 ticum
359 871 524 944 ‘?quia
553 888 644 928 me
667 872 786 929 tuis
810 872 1090 930 laudibus
1113 875 1251 931 duxi
1283 877 1588 950 indignum
1608 878 1636 933 ‘I
1658 879 1797 950 quia

165 961 557 1018 haereticorum
587 961 1012 1020 fraudulentias
1059 969 1115 1021 et
1146 967 1405 1039 perjuria
1445 974 1646 1040 aperto
1675 986 1794 1024 ser-

169 1065 328 1106 mone
357 1051 683 1122 descripsi?
714 1051 862 1116 Quid
893 1054 964 1108 ad
994 1057 1071 1120 te,
1103 1055 1204 1127 qui
1253 1059 1311 1111 et
1357 1056 1711 1113 catholicum
1742 1062 1798 1113 et

168 1155 409 1196 veracem
442 1143 496 1194 te
526 1156 654 1196 esse
699 1142 910 1211 jactas,
943 1142 1044 1214 qui
1093 1142 1372 1200 libentius
1411 1163 1503 1201 me
1555 1163 1797 1202 accusas

172 1245 334 1300 quam
366 1232 421 1283 te
468 1228 774 1284 defendis?
803 1230 957 1286 Num
1013 1248 1143 1287 mea
1182 1233 1465 1301 defensio,
1499 1236 1796 1290 accusatio

170 1317 406 1372 tuaest?
435 1319 550 1372 Aut
597 1317 765 1374 aliter
821 1319 1178 1376 orthodoxus
1227 1339 1356 1378 esse
1414 1339 1530 1378 non
1559 1324 1796 1396 poteris,

171 1405 272 1461 nisi
302 1422 388 1462 me
418 1406 754 1463 haereticum
787 1410 1254 1481 comprobaveris
1274 1410 1301 1466 ‘I
1333 1412 1481 1477 Quid
1534 1413 1640 1467 tibi
1674 1431 1797 1486 pro-

172 1497 289 1551 dest
315 1495 558 1552 societas
590 1513 720 1553 mea
740 1497 767 1552 ?
796 1498 912 1554 Aut
942 1515 1068 1570 quae
1101 1504 1190 1555 est
1220 1499 1334 1556 ista
1355 1501 1800 1573 prudentia?Ac-

173 1589 390 1641 cusatus
439 1586 510 1641 ab
561 1585 715 1656 aliis,
747 1603 990 1644 accusas
1041 1588 1244 1645 alium.
1276 1591 1362 1645 Ab
1409 1590 1523 1646 alio
1568 1596 1798 1664 appete-

170 1674 282 1741 ris;
315 1678 367 1730 et
393 1673 478 1729 illi
511 1679 740 1747 tergum
791 1677 1550 1750 obvertensﬁquiescentem
1600 1685 1802 1738 contra

171 1766 220 1818 te
246 1780 539 1836 provocas.

231 1853 280 1908 9.
312 1854 474 1958 Series
505 1856 732 1955 Ruﬁnus
770 1858 819 1958 et
846 1857 1255 1958 'lIieronymui.
1291 1858 1572 1958 Origenes.
1602 1859 1798 1915 tauda-
1833 1893 1880 1958 Β

171 1944 239 1998 vit
263 1942 626 1999 eruditionem
656 1946 714 1999 in
734 1945 1405 2004 adolescentia.—Testor
1421 1947 1801 2005 mediatorem

167 2032 380 2100 Jesum,
414 2031 669 2088 invitum
701 2049 794 2088 me
826 2038 882 2089 et
912 2041 1340 2108 repugnantem
1371 2038 1442 2092 ad
1477 2037 1598 2093 hEEC
1630 2039 1804 2094 verba

168 2121 510 2177 descendere
541 2123 644 2188 [Αι.
678 2123 1043 2195 respondere]
1072 2142 1085 2180 :
1120 2129 1176 2180 et
1196 2125 1311 2181 nisi
1335 2129 1394 2181 tu
1438 2144 1800 2198 provocares,

167 2227 384 2282 semper
409 2210 731 2267 taciturum
763 2213 965 2268 fuisse.
992 2213 1254 2286 Denique
1275 2214 1393 2271 noli
1425 2233 1719 2286 accusare,
1748 2222 1806 2274 et

167 2315 261 2372 ego
289 2301 532 2356 cessabo
562 2301 891 2359 defendere.
923 2301 1058 2366 Quae
1103 2303 1260 2359 enim
1319 2308 1408 2361 est
1437 2305 1803 2362 audientium

166 2389 482 2457 azdiiicatio,
515 2390 664 2445 duos
712 2407 881 2446 senes
929 2390 1082 2447 inter
1124 2409 1187 2448 se
1235 2396 1470 2465 propter
1499 2393 1804 2451 haereticos

167 2477 505 2550 digladiari:
560 2481 883 2551 praesertim
931 2497 1065 2536 cum
1114 2482 1285 2537 ambo
1345 2482 1672 2540 Catholicos
1743 2501 1806 2540 se

167 2565 331 2623 videri
353 2566 928 2626 velint?Omittamus
954 2569 1358 2627 haereticorum
1389 2573 1804 2645 patrocinium,

165 2660 217 2712 et
241 2655 400 2713 nulla
449 2657 563 2713 erit
610 2658 762 2713 inter
807 2675 914 2714 nos
972 2659 1286 2715 contentio.
1319 2661 1536 2717 Eodcm
1588 2663 1806 2719 fervore

167 2762 269 2817 quo
298 2745 612 2820 Origenem
657 2751 790 2803 ante
826 2747 1219 2819 laudavimus,
1254 2767 1412 2806 nunc
1459 2751 1804 2808 damnatum

163 2839 272 2892 toto
301 2837 439 2892 orbe
495 2836 868 2893 damnemus.
918 2837 1250 2910 Jungamus
1290 2840 1542 2909 dextras,
1576 2841 1806 2898 animos

166 2925 538 2997 copulemus:
572 2929 629 2981 et
671 2926 819 2982 duos
860 2926 1272 2999 (Theophilum
1321 2933 1379 2984 et
1407 2931 1806 3004 Anastasium)

165 3015 402 3072 Orientis
474 3019 650 3088 atque
728 3015 1056 3072 Occidentis
1110 3016 1568 3095 τροπαιοφόρους,
1628 3019 1805 3076 alacri

165 3121 478 3176 sequamur
499 3105 755 3161 incessu.
776 3106 1110 3162 Erravimus
1128 3108 1392 3178 juvenes,
1426 3111 1807 3166 emendemur

164 3196 404 3252 senes.Si
435 3196 620 3252 frater
649 3212 732 3264 es,
766 3213 860 3252 me
888 3196 1077 3269 gaude
1107 3201 1452 3253 correctum.
1489 3199 1548 3255 Si
1579 3199 1807 3256 amicus

1913 609 2249 682 cogereris?
2280 610 2436 665 Libri
2468 610 2624 666 enim
2653 611 2737 666 tui
2766 629 2915 684 quos
2962 612 3185 670 limasti
3233 633 3335 689 per
3373 619 3554 676 trien-

1906 698 2095 765 nium,
2129 699 2470 755 disertiores
2531 705 2670 756 sunt
2703 701 2768 756 1‘t
2797 701 2918 756 Nisi
2955 703 3098 759 forte
3136 721 3252 760 non
3301 705 3414 763 fuit
3444 709 3554 764 im-

1907 788 2373 860 praesentiarum,
2406 789 2505 860 qui
2537 794 2670 846 tuas
2701 792 3036 848 emendaret
3084 793 3338 861 nzenias;
3373 801 3430 851 et
3467 797 3556 854 id-

1907 877 2060 932 circo
2093 894 2263 933 omne
2285 877 2396 932 iter
2425 878 2697 934 dictionis
2728 881 3088 953 tute,absque
3122 882 3375 940 Palladis
3409 891 3556 954 arte,

1907 964 2152 1022 salebris
2207 973 2263 1021 ct
2312 967 2687 1039 voraginibus
2741 969 3013 1025 vitiorum
3063 971 3359 1029 inciditur.
3410 976 3554 1033 Tam

1907 1060 2177 1127 apertum
2209 1056 2492 1128 temporis
2551 1059 2924 1114 mendacium
2978 1065 3088 1128 est,
3121 1065 3186 1116 ut
3217 1078 3332 1119 non
3364 1064 3554 1122 dicam

1909 1145 2280 1216 respondere,
2314 1144 2414 1200 sed
2446 1143 2633 1217 legere
2663 1145 2842 1202 biduo
2893 1163 3024 1203 mea
3067 1149 3285 1221 scripta
3309 1169 3424 1226 non
3457 1171 3557 1226 po-

1912 1235 2111 1290 tueris.
2136 1234 2216 1289 Ex
2247 1251 2360 1306 quo
2392 1239 2634 1306 apparet
2661 1239 2716 1290 te
2749 1234 2909 1291 illam
2948 1237 3258 1308 epistolam
3293 1224 3396 1297 aut
3426 1224 3561 1314 plu-

1910 1321 2073 1376 ribus
2120 1322 2330 1378 diebus
2372 1323 2698 1395 scripsisse,
2736 1329 2801 1378 ut
2843 1324 2976 1396 styli
3026 1325 3214 1398 ipsius
3265 1329 3559 1402 elegantia

1909 1411 2119 1482 probat
2147 1429 2159 1478 ;
2193 1417 2294 1467 aut
2326 1413 2374 1467 si
2407 1411 2792 1468 tumultuaria
2813 1413 2990 1469 dictio
3023 1415 3127 1486 [Αἱ.
3162 1416 3426 1490 dictatio]
3449 1427 3560 1489 est,

1911 1500 2194 1555 nimirum
2229 1505 2281 1556 te
2331 1517 2459 1557 esse
2507 1502 2920 1574 negligentem,
2952 1503 3053 1575 qui
3096 1521 3229 1561 cum
3257 1511 3562 1582 extempo-

1910 1589 2051 1646 ralis
2081 1588 2216 1646 talis
2248 1590 2350 1658 sis,
2387 1591 2702 1646 meditatus
2734 1592 2987 1648 deterior
3017 1593 3216 1650 fueris.

1984 1678 2074 1733 Η.
2116 1681 2648 1734 Commentariorum
2676 1695 2791 1735 mos
2847 1687 2900 1735 et
2946 1683 3156 1752 regula.
3188 1715 3258 1723 ——
3289 1683 3438 1741 Illud
3463 1704 3563 1743 au-

1913 1772 2027 1823 tem
2057 1767 2213 1838 quod
2245 1767 2669 1840 tergiversaris,
2702 1773 2758 1823 et
2790 1768 2958 1837 dicis,
2991 1774 3046 1825 te
3093 1787 3161 1827 ea
3187 1773 3564 1832 transtulisse

1912 1858 1983 1913 de
2013 1857 2228 1925 Graeco,
2263 1873 2386 1928 quae
2419 1873 2523 1930 ego
2552 1857 2717 1929 prius
2751 1858 2955 1914 Latino
3003 1876 3274 1917 sermone
3303 1867 3563 1921 transtu-

1912 1946 2104 2012 lerim,
2137 1962 2253 2000 non
2305 1945 2448 2001 satis
2495 1945 2758 2019 intelligo
2804 1946 2942 2018 quid
3000 1948 3144 2005 velis
3195 1951 3564 2022 dicere;nisi

1915 2035 2060 2090 forte
2091 2035 2283 2090 adhuc
2303 2036 2765 2092 Commentarios
2791 2035 2863 2091 ad
2894 2037 3178 2109 Ephesios
3212 2041 3562 2110 criminaris,

1913 2128 1970 2180 et
2001 2123 2171 2196 quasi
2201 2123 2346 2178 nihil
2376 2123 2480 2178 tibi
2513 2141 2689 2196 super
2718 2123 2827 2180 hoc
2861 2142 3208 2197 responsum
3242 2130 3339 2200 sit,
3371 2131 3552 2188 obdu«

1914 2229 2009 2269 ras
2042 2212 2248 2268 frontis
2293 2212 2760 2284 impudentiam;
2803 2228 2908 2268 nec
2955 2215 3200 2272 auribus
3247 2218 3560 2287 obturatis,

1912 2318 2080 2358 voces
2111 2301 2322 2373 recipis
2353 2301 2729 2357 incantantis.
2764 2301 2880 2357 Nos
2919 2302 2978 2357 in
3007 2303 3472 2375 Commentariis,
3505 2314 3565 2364 et

1914 2391 2029 2446 illis
2059 2395 2115 2446 et
2145 2389 2293 2456 aliis,
2327 2397 2384 2446 et
2413 2391 2558 2447 541
2614 2396 2877 2447 nostram
2929 2396 2987 2446 et
3043 2392 3289 2450 aliorum
3324 2401 3564 2452 senten-

1914 2481 2058 2535 tiam
2111 2479 2552 2552 explicavimus,
2602 2483 2797 2552 aperte
2854 2480 3195 2538 conﬁtentes
3255 2499 3383 2555 qua
3424 2490 3565 2541 sunt

1915 2569 2206 2636 haretica,
2238 2587 2365 2642 qua:
2393 2567 2699 2625 catholica.
2733 2569 2836 2624 Hic
2869 2574 2959 2626 est
3006 2571 3162 2627 enim
3197 2573 3567 2632 Commenta-

1916 2659 2137 2714 riorum
2171 2675 2318 2727 mos,
2352 2664 2409 2715 et
2437 2658 2878 2731 explanantium
2910 2659 3130 2732 regula,
3165 2666 3230 2718 ut
3259 2662 3564 2735 Opiniones

1917 2749 1977 2804 in
2008 2749 2369 2820 expositione
2397 2747 2588 2804 varias
2614 2753 3126 2821 persequantur,et
3155 2751 3308 2823 quod
3341 2751 3426 2808 vel
3451 2753 3564 2810 sibi

1915 2837 2004 2894 vel
2037 2838 2168 2894 aliis
2213 2837 2500 2905 videatur,
2552 2838 2900 2894 edisserant.
2931 2839 3000 2894 Et
3048 2839 3157 2895 hoc
3196 2857 3312 2897 non
3370 2842 3563 2900 solum

1916 2932 2253 2983 sanctarum
2286 2926 2634 3000 interpretes
2675 2927 3130 2999 Scripturarum,
3173 2930 3273 2986 sed
3318 2931 3566 2989 saecula-

1917 3018 2068 3074 rium
2102 3033 2335 3089 quoque
2356 3015 2682 3072 litterarum
2713 3015 3122 3089 explanatores
3164 3019 3408 3086 faciunt,
3439 3024 3561 3078 tam

1920 3105 2126 3162 Latinae
2171 3105 2408 3178 linguae,
2456 3121 2634 3176 quam
2687 3104 2913 3160 Graecae.
2973 3107 3061 3161 Tu
3121 3107 3180 3162 in
3237 3105 3406 3165 libris
3434 3110 3558 3185 περὶ

1913 3197 2150 3270 Ἀρχῶν,
2220 3194 2478 3266 idipsum
2537 3194 2849 3250 obtendere
2912 3211 3026 3250 non
3092 3200 3276 3267 potes.
3343 3203 3564 3270 Arguet

165 3301 306 3353 sum,
347 3286 419 3342 de
484 3285 860 3341 conversione
894 3267 1018 3342 vtua
1067 3287 1248 3343 debeo
1296 3287 1599 3360 gratulari.
1652 3289 1805 3345 540
1836 3267 1878 3333 C
1918 3267 2071 3340 enim
2106 3288 2161 3339 te
2203 3282 2650 3338 Praefatiuncula
2695 3286 2817 3351 tua,
2844 3283 2903 3338 in
2953 3301 3070 3356 qua
3113 3267 3558 3356 polliceris,“de-

163 3374 415 3438 Quandiu
455 3376 616 3430 inter
652 3391 758 3431 nos
800 3374 1068 3447 jurgium
1129 3375 1322 3444 fuerit,
1355 3377 1688 3433 videbimur
1717 3396 1803 3435 re-

163 3469 304 3520 ctam
335 3465 521 3521 fidem
553 3465 900 3520 necessitate
930 3466 1162 3532 ducere,
1190 3483 1306 3521 non
1338 3465 1652 3523 voluntate.
1689 3468 1804 3522 Ini-

162 3553 381 3610 micitiae
414 3557 631 3610 nostrae
663 3553 908 3608 invicem
941 3554 1111 3610 nobis
1155 3553 1370 3610 tollunt
1398 3557 1806 3614 testimonium

160 3659 293 3698 verae
321 3642 701 3716 pmnitentiaa.
734 3642 793 3698 Si
845 3661 1029 3698 unum
1089 3644 1404 3713 credimus,
1455 3646 1505 3700 si
1555 3645 1710 3702 idem
1752 3652 1809 3702 et

159 3731 422 3789 volumus
445 3737 511 3789 et
526 3732 803 3788 nolumus
833 3734 924 3804 (ex
945 3751 1061 3805 quo
1085 3734 1286 3790 ﬁrmas
1309 3735 1468 3790 nasci
1493 3736 1804 3804 amicitias,

160 3823 326 3878 etiam
356 3821 618 3879 Catilina
647 3824 939 3895 testatur),
971 3823 1020 3879 si
1070 3823 1371 3880 haereticos
1413 3825 1630 3897 pariter
1682 3827 1804 3882 odi-

161 3928 306 3980 mus,
337 3917 395 3969 et
431 3917 694 3968 veterem
743 3929 904 3984 teque
963 3913 1318 3969 damnamus
1351 3931 1629 3983 errorem,
1664 3916 1804 3988 quid

160 4008 352 4058 contra
401 4019 519 4058 nos
565 4001 883 4070 tendimus,
917 4019 1051 4058 cum
1111 4003 1315 4058 eadem
1373 4021 1803 4076 oppugnemus,

159 4091 353 4148 eadem
377 4091 821 4148 defendamus?
853 4093 1094 4164 Ignosce
1139 4092 1310 4159 mihi,
1340 4094 1496 4164 quod
1538 4094 1805 4166 Origenis

155 4181 544 4237 eruditionem
579 4184 634 4235 et
677 4180 939 4235 studium
997 4180 1455 4254 Scripturarum,
1489 4187 1804 4254 antequam

153 4270 270 4340 ejus
317 4270 600 4327 haeresim
654 4267 886 4341 plenius
945 4287 1203 4339 nossem,
1238 4270 1294 4325 in
1347 4271 1598 4342 juvenili
1641 4277 1805 4328 aetate

153 4356 372 4416 laudavi
400 4378 414 4428 ;
450 4363 515 4416 et
545 4375 650 4430 ego
676 4358 781 4415 tibi
813 4359 964 4416 dabo
994 4360 1249 4428 veniam,
1275 4361 1430 4432 quod
1456 4359 1802 4433 Apologiam

149 4445 429 4505 librorum
455 4449 590 4520 ejus
621 4465 764 4504 cano
787 4447 1092 4519 scripseris
1124 4449 1336 4521 capite.

213 4539 297 4594 10.
332 4541 487 4594 Ante
511 4537 780 4606 biduum,
815 4555 990 4609 quam
1043 4539 1114 4594 ad
1163 4555 1270 4593 nos
1319 4538 1625 4610 epistolam
1659 4539 1802 4596 scri-

1915 3373 2202 3430 truncatis
2251 3372 2445 3439 malis,
2476 3377 2533 3428 et
2591 3389 2717 3444 quae
2750 3372 2821 3428 ab
2878 3371 3165 3430 haereticis
3206 3376 3407 3432 addita
3437 3378 3558 3434 fue-

1916 3467 2068 3532 rant,
2096 3463 2318 3534 optima
2365 3461 2756 3518 remansisse:
2791 3467 2856 3517 ut
2900 3462 3185 3536 quidquid
3230 3465 3310 3521 ibi
3339 3467 3428 3522 vel
3453 3455 3577 3524 bo:

1919 3570 2084 3620 num,
2118 3553 2205 3607 vel
2237 3551 2459 3608 malum
2510 3551 2747 3619 dixeris,
2771 3552 2898 3624 jam
2951 3569 3064 3608 non
3116 3553 3166 3609 ei
3215 3553 3559 3628 imputetur,

1917 3659 2093 3714 quem
2125 3641 2429 3707 transfers,
2465 3640 2564 3696 sed
2602 3640 2705 3695 tibi
2747 3639 2846 3712 qui
2876 3639 3294 3714 interpretatus
3325 3661 3421 3712 es;
3448 3645 3562 3702 nisi

1917 3733 2064 3788 forte
2091 3731 2495 3788 haereticorum
2546 3746 2771 3786 errores
2819 3730 3130 3786 emendare
3167 3731 3472 3800 debueras,
3505 3737 3564 3790 et

1917 3821 2185 3894 Origenis
2218 3819 2374 3876 mala
2431 3819 2689 3891 proferre
2741 3820 2799 3874 in
2854 3819 3132 3875 medium.
3167 3821 3276 3876 Sed
3310 3821 3380 3876 de
3430 3822 3558 3892 hoc,

1917 3913 2058 3985 quia
2095 3929 2202 3967 nos
2235 3909 2483 3966 remittis
2531 3910 2601 3964 ad
2637 3908 2917 3976 codicem,
2951 3913 3081 3964 ante
3123 3909 3228 3965 tibi
3256 3909 3559 3983 respondi-

1917 4017 2072 4070 mus,
2105 4017 2283 4072 quam
2315 4004 2416 4054 tua
2445 3999 2663 4069 scripta
2691 3997 3040 4070 legeremus.

1989 4091 2074 4145 12.
2111 4089 2419 4145 Ridiculosa
2448 4104 2535 4143 res
2565 4091 2616 4142 et
2666 4087 2923 4142 ridicula.
2957 4086 3112 4144 Fides
3141 4089 3384 4145 Romana
3409 4107 3559 4163 prae-

1912 4181 2109 4251 stigias
2138 4195 2246 4235 non
2276 4180 2495 4250 recepit.
2524 4209 2590 4217 —
2626 4182 2700 4232 De
2744 4175 3032 4249 Pamphili
3066 4176 3235 4246 libro,
3269 4195 3386 4235 non
3417 4180 3559 4236 ridi-

1915 4268 2135 4336 culosa,
2165 4272 2230 4324 ut
2259 4272 2321 4322 tu
2373 4265 2602 4335 scribis,
2651 4267 2750 4322 sed
2802 4264 3051 4322 ridicula
3097 4267 3243 4323 mihi
3291 4268 3438 4325 forte
3468 4286 3561 4326 res

1913 4358 2144 4424 accidit,
2178 4359 2243 4412 ut
2265 4362 2578 4428 postquam
2608 4355 2841 4411 Eusebii
2874 4357 3227 4412 asseruerim
3258 4373 3408 4427 esse,
3443 4375 3560 4415 non

1913 4445 2226 4519 Pamphili,
2259 4446 2332 4502 ad
2364 4450 2687 4502 extremum
2722 4445 2988 4511 dixerim,
3022 4446 3199 4502 etiam
3232 4462 3325 4503 me
3373 4463 3561 4504 annos

1913 4536 2199 4610 plurimos
2230 4535 2340 4591 hoc
2371 4535 2792 4608 putasse,quod
2825 4534 3116 4606 Pamphili
3148 4535 3345 4600 fuerit,
3363 4540 3420 4591 et
3447 4540 3559 4593 ate

146 4623 573 4695 beres,libellos
604 4642 766 4682 meos
790 4627 849 4681 in
883 4643 1095 4682 manus
1116 4631 1249 4682 tuas
1279 4627 1509 4684 venisse
1541 4628 1793 4697 testaris,
1827 4643 1874 4709 Ι)
1911 4625 2206 4698 exemplar
2236 4625 2414 4696 hujus
2452 4623 2769 4681 voluminis
2815 4628 3173 4680 mutuatum.
3206 4623 3349 4680 Vide
3378 4641 3561 4696 quan-

145 4719 196 4769 et
223 4716 445 4772 idcirco
479 4733 598 4772 non
639 4715 918 4771 habuisse
961 4717 1218 4789 spatium
1270 4733 1338 4772 ex
1385 4717 1502 4772 otio
1554 4734 1794 4790 respon-

145 4803 349 4862 dendi:
385 4805 614 4877 alioqui
648 4805 696 4860 si
731 4805 1051 4862 meditatus
1082 4805 1142 4860 in
1185 4823 1291 4862 nos
1323 4810 1682 4879 paratusque
1710 4807 1798 4862 di-

143 4894 342 4964 xisses,
376 4895 638 4952 fulmina
677 4895 896 4966 jacere,
931 4912 1048 4951 non
1099 4895 1348 4952 crimina
1395 4895 1695 4952 videreris.
1730 4898 1800 4953 Et

147 4986 268 5054 quis
297 4985 407 5040 tibi
441 4985 642 5040 credet
671 4983 896 5040 homini
945 4985 1350 5053 veracissimo,
1378 4989 1444 5040 ut
1474 4985 1800 5058 negotiator

144 5073 522 5131 orientalium
550 5074 856 5141 mercium,
885 5074 984 5146 qui
1033 5078 1089 5130 et
1133 5073 1272 5130 hinc
1321 5075 1626 5147 deportata
1653 5093 1796 5132 ven-

145 5161 270 5219 dere
295 5178 546 5221 necesse
577 5163 848 5231 habebat,
900 5167 957 5219 et
1004 5163 1085 5219 ibi
1118 5179 1330 5232 emere,
1366 5180 1492 5235 quae
1521 5163 1637 5220 huc
1666 5182 1796 5221 rur-

145 5267 238 5308 sus
267 5254 613 5320 adveheret,
646 5253 893 5310 biduum
925 5257 1156 5310 tantum
1196 5251 1476 5324 Aquileiae
1502 5250 1696 5324 fuerit,
1730 5259 1796 5312 ut

206 5515 218 5548 ¹
253 5514 532 5570 Fortasse
563 5515 935 5588 scribendum
977 5518 1066 5588 est
1123 5515 1343 5586 absque
1391 5515 1792 5588 interrogatio-

144 5586 226 5642 nis
257 5591 394 5660 nota
425 5602 566 5642 cum
597 5586 850 5660 Victorio
876 5587 996 5660 ;Ased
1028 5592 1306 5659 praeterea
1335 5604 1468 5642 cum
1513 5586 1788 5660 negandi,

144 5662 199 5711 ut
226 5659 460 5732 opinor,
514 5657 820 5732 particula,
868 5657 1210 5714 dissertiores
1265 5668 1574 5732 nonsunt;
1592 5657 1789 5732 inse;

142 5729 317 5810 quens
345 5729 661 5793 contextus
689 5729 926 5791 indicat.
959 5733 1243 5791 Ceterum
1295 5730 1439 5790 satis
1481 5730 1792 5795 infeliciter

1909 4721 2036 4772 tum
2069 4716 2308 4771 timeam
2340 4712 2660 4769 cachinnos
2690 4717 2843 4781 tuos,
2868 4717 2932 4768 ut
2962 4713 3138 4768 etiam
3171 4729 3329 4768 nunc
3353 4713 3558 4769 eadem

1909 4807 2193 4880 ingeram.
2235 4809 2310 4860 De
2338 4807 2436 4859 tuo
2482 4802 2678 4859 codice
2723 4802 2894 4874 quasi
2939 4801 3229 4874 Pamphili
3264 4801 3562 4875 exemplar

1908 4892 2496 4968 accepimus.Credidi
2529 4891 2948 4958 Christiano,et
2977 4890 3196 4946 credidi
3228 4891 3553 4948 monacho:

1909 5003 2022 5041 non
2056 4985 2252 5056 putavi
2303 4988 2532 5040 tantum
2589 4980 2824 5037 sceleris
2870 4997 2904 5035 a
2950 4983 3006 5036 te
3045 4997 3217 5053 posse
3264 4981 3546 5053 contingi.

1908 5075 2116 5132 Postea
2145 5091 2280 5131 vero
2312 5090 2414 5146 per
2443 5070 2982 5144 interpretationem
3013 5074 3198 5138 tuam,
3230 5069 3553 5142 quaestione

1905 5169 2108 5222 contra
2137 5163 2445 5237 Origenem
2475 5166 2598 5218 toto
2630 5161 2768 5216 orbe
2790 5163 3102 5226 commota,
3134 5159 3194 5214 in
3223 5160 3554 5231 quaerendis

1906 5253 2344 5328 exemplaribus
2397 5249 2730 5324 diligentior
2776 5249 2881 5316 fui,
2912 5253 2970 5305 et
2999 5249 3057 5304 in
3091 5246 3433 5306 Caesariensi
3461 5248 3555 5327 Bis

1904 5516 1967 5594 ξε
2025 5513 2394 5594 Martianaeus
2453 5508 2760 5594 intellexit,
2816 5509 3244 5594 negotiatorem
3302 5507 3399 5566 hic
3446 5507 3553 5594 abs

1902 5589 2250 5660 Hieronymo
2283 5586 2477 5660 ipsum
2519 5583 2799 5660 Rufinum
2851 5582 2987 5651 dici,
3021 5582 3267 5655 ejusque
3304 5583 3551 5657 negotia.

1901 5663 2072 5718 tiones
2100 5655 2153 5716 et
2181 5655 2478 5715 avaritiam
2508 5655 2754 5712 irrideri.
3380 5655 3389 5657 “
3550 5661 3552 5666 λ
