3958 6468
221 462 326 536 ὁῠο

1386 462 1696 529 CONTRA
1746 448 2110 528 RUFINUM
2153 462 2304 525 me.
2350 462 2458 526 1n.

3489 462 3612 527 490

219 607 361 662 dere.
394 600 544 658 Dicis
572 598 731 656 enim
764 598 826 655 in
855 599 1058 656 eodem
1090 598 1333 671 Preloge
1384 602 1440 654 te
1490 614 1557 654 ea
1604 614 1731 670 quae
1777 599 1848 655 ab
1879 599 1933 664 Α
2036 597 2121 651 16.
2156 597 2287 652 Dum
2317 596 2563 667 epistola:
2593 595 2875 667 Thraphz'lz'
2896 600 3093 653 Lalznc
3117 595 3338 652 redditae
3381 598 3450 652 ab
3480 598 3609 654 Hie-

219 690 487 749 hzsrcticis
516 688 717 745 addita
746 688 994 755 fuerant,
1029 691 1387 762 amputasse,
1421 692 1479 744 et
1507 704 1609 761 pro
1640 688 1734 743 his
1765 704 1851 743 re-

215 780 471 855 posuisse
521 777 692 835 bena.
743 778 803 832 Si
850 776 1255 833 hareticorum
1314 776 1471 832 mala
1527 776 1847 843 abstulisti,

217 886 347 944 ergo
374 884 498 941 quis
560 866 836 924 dimisisti
899 866 987 923 vel
1047 866 1348 932 addidisti,
1417 870 1515 922 aut
1579 865 1849 938 Origenis

211 963 399 1025 erunt,
429 960 526 1013 aut
554 960 677 1021 tua,
727 972 856 1029 quae
902 955 1105 1027 utique
1153 956 1321 1027 quasi
1375 955 1527 1010 bona
1577 954 1846 1027 posuisti.

210 1048 313 1103 Sed
342 1044 521 1101 multa
547 1045 606 1099 in
636 1044 731 1100 his
780 1043 937 1100 mala
979 1060 1192 1116 negare
1242 1061 1355 1100 non
1405 1043 1643 1115 poteris.
1678 1042 1849 1113 Quid,

215 1134 453 1209 inquies,
487 1135 557 1190 ad
591 1132 734 1189 me?
765 1132 999 1205 Origeni
1023 1135 1282 1206 imputa:
1309 1148 1413 1205 ego
1446 1132 1601 1189 enim
1633 1149 1699 1188 ea
1720 1136 1850 1187 tan-

213 1229 332 1280 tum
364 1239 486 1296 quas
539 1223 614 1279 ab
646 1222 936 1278 haereticis
958 1222 1156 1278 addita
1186 1222 1435 1289 fuerant,
1470 1222 1848 1277 commutavi.

211 1314 430 1386 Expone
457 1328 695 1379 causas,
722 1320 903 1384 quare
929 1311 1336 1368 haereticorum
1366 1310 1523 1366 mala
1552 1310 1777 1377 tuleris,
1797 1314 1854 1366 et

209 1400 463 1475 Origenis
498 1401 731 1473 integra
761 1399 1190 1473 dereliqueris?
1237 1400 1441 1456 Nonne
1473 1399 1850 1472 perspicuum

212 1496 315 1557 est,
338 1491 492 1564 quod
526 1490 681 1546 mala
712 1489 980 1563 Origenis
1008 1506 1077 1546 ex
1105 1494 1273 1563 parte
1303 1490 1411 1545 sub
1443 1489 1850 1546 haereticorum

211 1579 641 1653 nuncupatione
670 1578 1061 1648 damnaveris,
1094 1582 1152 1635 et
1189 1595 1259 1634 ex
1289 1582 1451 1651 parte
1499 1578 1850 1650 susceperis,

215 1669 348 1742 quia
374 1685 488 1724 non
522 1668 697 1735 mala,
729 1669 829 1724 sed
862 1670 1031 1736 bona,
1065 1672 1122 1724 et
1150 1673 1267 1723 tuae
1295 1684 1424 1724 esse
1463 1666 1596 1722 fidei
1619 1667 1852 1739 judica-

208 1757 519 1814 bas?H£ec
577 1761 719 1814 sunt
767 1757 838 1813 de
881 1757 1098 1829 quibus
1140 1756 1399 1829 quaesivi,
1450 1761 1650 1813 utrum
1698 1757 1853 1812 bona

199 1851 410 1916 essent,
445 1862 519 1902 an
554 1845 728 1910 mala,
761 1861 888 1918 quae
920 1846 979 1900 in
1023 1846 1364 1901 Praefatione
1409 1845 1685 1913 laudasti,
1720 1861 1849 1919 qua:

195 1935 511 2009 amputatis
542 1935 838 2008 pessimis,
872 1935 1041 2007 quasi
1072 1936 1297 2007 optima
1325 1935 1681 1991 remansisse
1712 1951 1849 1991 cen-
1878 1966 1928 2033 Β

195 2026 383 2081 fessus
413 2041 499 2092 es,
558 2029 615 2080 et
658 2028 715 2080 te
761 2022 821 2080 in
853 2039 999 2080 verae
1036 2023 1560 2096 argumentationis
1592 2023 1846 2095 appendi

189 2114 458 2186 equulee,
494 2117 563 2168 ut
590 2113 640 2170 si
661 2114 815 2170 bona
843 2113 1080 2182 dixeris,
1112 2114 1418 2170 haereticus
1449 2112 1847 2185 comproberis

192 2204 292 2270 [AL
323 2202 910 2276 comprehendaris];
944 2202 991 2258 si
1025 2203 1200 2271 mala,
1233 2204 1436 2259 statim
1467 2202 1676 2259 audias
1701 2204 1849 2260 :Cur

186 2307 321 2365 ergo
362 2308 495 2366 qna:
550 2291 708 2348 mala
766 2296 925 2359 sunt,
977 2292 1037 2347 in
1067 2292 1409 2349 Preefatione
1438 2291 1740 2347 laudasti?
1778 2293 1848 2347 Et

188 2397 297 2437 non
330 2381 481 2439 illud
533 2380 796 2453 adjunxi,
847 2382 1003 2454 quod
1057 2386 1119 2436 tu
1158 2380 1367 2437 callide
1416 2380 1696 2437 simulas:
1732 2382 1848 2438 Cur

182 2486 308 2542 qua:
335 2470 502 2526 mala
532 2473 719 2537 erant,
766 2471 841 2526 ad
890 2470 1233 2526 Latinorum
1284 2469 1551 2525 notitiam
1585 2474 1846 2525 transtu-

182 2559 346 2616 listi?
374 2559 539 2615 Mala
569 2558 728 2615 enim
759 2559 1067 2615 ostendere
1097 2559 1393 2615 interdum
1433 2576 1551 2615 non
1582 2558 1846 2614 docentis

180 2651 289 2715 est,
326 2649 434 2704 sed
491 2647 747 2704 vetantis
779 2648 887 2719 [AL
934 2647 1238 2719 vitantis]:
1292 2652 1358 2704 ut
1400 2652 1600 2704 caveat
1645 2648 1846 2720 lector,

181 2753 293 2794 non
328 2741 397 2793 ut
427 2741 723 2810 sequatur
747 2753 1007 2806 errores;
1046 2740 1107 2793 ut
1135 2741 1273 2793 nota
1315 2740 1668 2805 contemnat,
1717 2754 1844 2810 quae

179 2840 627 2899 nonnunquam
659 2825 859 2899 ignota
886 2825 1172 2883 miraculo
1202 2830 1360 2882 sunt.
1404 2827 1473 2882 Et
1501 2827 1684 2883 audes
1714 2832 1847 2901 post

175 2915 298 2971 hac
348 2915 581 2983 dicere,
624 2916 779 2987 quod
830 2930 936 2988 ego
985 2920 1188 2971 auctor
1235 2915 1439 2972 talium
1491 2915 1845 2988 scriptorum

175 3004 287 3060 sim
322 3020 337 3060 :
373 3009 439 3062 tu
474 3008 682 3061 autem
713 3007 779 3060 ut
802 3003 1113 3077 interpres,
1167 3005 1227 3060 in
1268 3004 1486 3077 quibus
1536 3007 1847 3062 emendare

1960 703 2208 757 ronymo.
2250 718 2318 726 -
2358 685 2577 741 Scribis
2627 702 2862 758 quoque
2913 703 3005 742 me
3052 685 3262 742 litteris
3317 686 3610 745 indicasse

1960 777 2116 847 quod
2150 792 2300 847 papa
2349 774 2712 847 Theophilus
2767 774 3189 848 expositionem
3250 775 3384 830 fidei
3426 793 3613 849 nuper

1960 865 2227 929 ediderit,
2262 881 2390 937 qua:
2423 864 2493 919 ad
2522 881 2624 920 vos
2654 865 2905 920 necdum
2936 864 3234 936 pervenit:
3266 868 3322 920 et
3371 864 3608 937 pollice-

1960 954 2042 1009 ris
2072 955 2227 1025 quod
2260 953 2546 1025 quidquid
2581 953 2678 1009 ille
2707 953 3027 1026 scripserit,
3058 958 3121 1010 tu
3164 954 3451 1025 sequaris.
3492 953 3608 1028 Ego

1959 1059 2052 1098 me
2082 1042 2191 1098 hoc
2213 1042 2522 1115 scripsisse
2579 1060 2692 1098 non
2722 1044 2877 1110 novi,
2936 1060 3041 1099 nec
3066 1042 3445 1100 iustiusmedi
3502 1060 3611 1100 un-

1960 1148 2138 1205 quam
2172 1131 2395 1187 litteras
2441 1131 2741 1188 direxisse.
2775 1132 2880 1187 Sed
2915 1136 2979 1188 tu
3010 1132 3227 1188 idcirco
3274 1132 3346 1187 ad
3386 1131 3609 1189 incerta

1960 1221 2276 1284 censentis,
2310 1226 2366 1275 et
2395 1220 2489 1277 bis
2520 1237 2645 1292 quae
2678 1220 2873 1292 qualia
2928 1221 3126 1276 futura
3154 1221 3273 1278 sint
3303 1222 3514 1293 nescis,
3546 1226 3612 1279 ut

1959 1314 2118 1366 certa
2147 1310 2490 1376 declines,et
2507 1311 2575 1365 ad
2609 1326 2810 1366 eorum
2842 1327 2958 1365 non
2986 1310 3239 1367 tenearis
3274 1320 3606 1368 assensum.

1961 1404 2136 1469 Duas,
2191 1398 2526 1471 synodicam
2582 1403 2638 1454 et
2685 1398 3022 1471 paschalem
3056 1401 3094 1467 ί,
3154 1401 3282 1471 ejus
3330 1399 3607 1472 epistolas

1960 1492 2161 1544 contra
2191 1488 2498 1561 Origenem
2529 1488 2806 1561 illiusque
2839 1488 3180 1560 discipulos,
3231 1492 3288 1544 et
3326 1486 3471 1545 alias
3503 1489 3605 1544 ad-

1958 1594 2193 1633 versum
2225 1576 2657 1650 Apollinarium
2697 1582 2755 1633 et
2796 1579 3069 1633 eumdem
3119 1577 3451 1651 Origenem,
3501 1594 3606 1651 per

1958 1666 2066 1722 hoc
2101 1667 2280 1722 ferme
2310 1666 2617 1722 biennium
2647 1667 3059 1738 interpretatus
3083 1684 3216 1723 sum
3241 1685 3254 1735 ;
3307 1671 3363 1723 et
3388 1668 3446 1722 in
3478 1667 3609 1723 aedi-

1961 1756 2292 1811 ﬁcationem
2326 1754 2615 1825 Ecclesiae,
2637 1755 2913 1828 legendas
2945 1761 3154 1812 nostrae
3180 1756 3392 1829 linguae
3423 1757 3608 1813 homi-

1960 1845 2135 1901 nibus
2163 1846 2316 1901 dedi.
2350 1844 2524 1901 Aliud
2558 1862 2800 1918 eperum
2833 1846 2962 1915 ejus
2994 1847 3189 1902 nescio
3223 1863 3315 1902 me
3346 1851 3607 1904 transtu-

1958 1934 2118 1991 lisse.
2156 1935 2224 1989 Et
2252 1940 2451 1990 tamen
2478 1938 2542 1989 tu
2590 1934 2690 2007 qui
2724 1952 2886 2007 papae
2938 1934 3248 2007 Theophili
3280 1935 3428 1992 dicis
3458 1939 3515 1992 te
3546 1937 3606 1993 in

1958 2026 2234 2081 omnibus
2266 2026 2617 2080 sententiam
2650 2024 2839 2096 sequi,
2873 2041 3007 2080 eave
3030 2024 3238 2093 nehec
3272 2025 3611 2098 magistriet

1958 2114 2215 2170 cendisci
2230 2113 2349 2185 puli
2377 2113 2465 2168 tui
2495 2112 2823 2181 audiant,et
2837 2114 3097 2170 offendas
3115 2114 3605 2188 quampluriwos,

1957 2203 2056 2274 qui
2090 2219 2184 2258 me
2213 2202 2524 2273 latronem,
2557 2207 2614 2258 te
2644 2207 2963 2274 martyrem
2993 2207 3298 2269 vocant,ne
3321 2204 3610 2260 irascatur

1955 2292 2008 2346 is
2038 2291 2143 2347 tibi
2175 2290 2275 2363 qui
2307 2294 2509 2347 contra
2535 2308 2745 2364 papam
2798 2291 3195 2363 Epiphanium
3221 2294 3243 2326 ²
3300 2293 3371 2348 ad
3404 2297 3460 2349 te
3491 2290 3606 2365 epi-

1957 2381 2137 2437 stolas
2169 2380 2447 2454 dirigens,
2481 2381 2827 2437 hortabatur
2876 2384 2940 2435 ut
2976 2397 3349 2452 permaneres
3378 2381 3437 2436 in
3468 2381 3605 2437 fidei

1956 2470 2220 2539 veritate,
2253 2475 2309 2525 et
2357 2487 2473 2525 non
2526 2474 2784 2525 mutares
2830 2469 3189 2526 ulloterrere
3227 2471 3602 2527 sententiam.

1957 2561 2091 2625 Quae
2122 2559 2369 2632 epistola
2397 2559 2791 2632 holegrapha3
2818 2563 3051 2616 tenetur
3097 2561 3170 2616 ab
3201 2560 3315 2629 his,
3345 2559 3417 2616 ad
3456 2577 3605 2634 quos

1956 2647 2177 2719 perlata
2206 2651 2313 2703 est.
2343 2648 2411 2702 Et
2441 2650 2572 2718 post
2619 2646 2740 2702 haec
2780 2664 2939 2702 more
2986 2652 3089 2704 tuo
3138 2648 3417 2720 loqueris.
3468 2671 3497 2699 «
3532 2647 3606 2703 Ut

1956 2738 2027 2791 de
2052 2754 2167 2808 quo
2198 2753 2378 2809 supra
2408 2737 2658 2805 dixeras,
2688 2753 2793 2809 ego
2822 2736 2930 2792 tibi
2961 2726 3137 2793 etiam
3188 2738 3401 2793 furenti
3430 2737 3606 2795 satis-

1954 2826 2203 2883 faciam:
2239 2842 2395 2881 nunc
2444 2825 2611 2893 dicis,
2662 2825 2810 2889 Quid
2867 2825 2974 2881 tibi
3021 2825 3296 2883 videtur?
3348 2828 3606 2884 habesne

1959 2916 2114 2972 ultra
2144 2914 2388 2987 aliquid,
2425 2931 2539 2987 quo
2591 2931 2800 2971 nervos
2842 2922 2957 2971 tuae
3003 2915 3378 2988 loquacitatis
3409 2917 3603 2974 inten-

1956 3006 2061 3061 das
2083 3005 2110 3060 ‘I
2141 3026 2170 3055 »
2205 3005 2271 3060 Et
2319 3004 2646 3075 indignaris
2703 3005 2751 3059 si
2800 3005 2999 3076 putide
3040 3010 3095 3059 te
3127 3005 3287 3077 loqui
3319 3007 3472 3062 546
3508 3023 3603 3063 ar-

172 3093 400 3166 aliquid
455 3092 749 3166 potueris,
795 3092 931 3165 plus
975 3093 1166 3166 egeris
1208 3100 1387 3166 quam
1436 3094 1743 3167 interpres,
1784 3095 1846 3150 in

175 3182 403 3255 quibus
434 3198 562 3239 non
597 3182 879 3254 potueris,
907 3182 1100 3239 solum
1132 3183 1418 3255 interpres
1448 3183 1647 3239 fueris.
1677 3184 1847 3240 Recte
1956 3187 2405 3255 amatorumque
2434 3181 2661 3237 ludicra
2688 3181 3121 3238 ecclesiasticus
3152 3183 3401 3254 scriptor
3430 3200 3599 3240 assu-

169 3272 283 3329 ista
315 3258 584 3341 diceres,
618 3273 670 3328 si
717 3270 851 3327 libri
880 3271 967 3327 tui
997 3271 1122 3346 περί
1168 3274 1383 3346 Ἀρχῶν
1432 3272 1837 3329 Praefatiuncu-

1956 3289 2083 3328 mas
2103 3272 2131 3326 ?

172 3359 294 3418 lam
328 3378 456 3418 non
492 3339 971 3425 haberent.Quod
1003 3339 1078 3418 et.
1111 3339 1368 3432 Hilarius
1398 3362 1458 3417 in
1490 3362 1841 3418 transferen-
1873 3339 1916 3407 α
2028 3364 2114 3417 17.
2151 3362 2221 3417 De
2247 3361 2419 3439 Paulo
2456 3362 2719 3432 episcopo.
2756 3391 2822 3402 -—
2852 3364 3030 3416 Porro
3063 3362 3218 3434 quod
3250 3362 3600 3437 interrogas,

168 3449 258 3506 dis
288 3451 431 3522 ejus
466 3449 746 3507 Homiliis
778 3450 933 3517 fecit,
965 3454 1031 3506 ut
1059 3455 1116 3506 et
1144 3451 1297 3506 bona
1326 3454 1381 3507 et
1416 3450 1573 3507 mala
1603 3468 1718 3507 non
1751 3451 1841 3507 in-
1952 3452 2187 3524 quando
2215 3466 2375 3521 papae
2407 3448 2714 3522 Theophili
2743 3450 3097 3505 sententiam
3128 3452 3293 3522 sequi
3326 3452 3602 3525 cmperim

163 3541 431 3613 terpreti,
469 3540 581 3597 sed
614 3556 720 3596 suo
750 3539 1184 3612 imputarentur
1227 3540 1471 3596 auctori.
1513 3541 1571 3596 Si
1605 3557 1721 3597 non
1754 3540 1843 3596 di-
1952 3541 2123 3612 eique
2154 3538 2287 3595 fidei
2306 3539 2718 3594 communione
2748 3538 3006 3595 sociatus
3052 3540 3192 3607 sim,
3241 3546 3299 3596 et
3341 3540 3467 3614 ipse
3496 3541 3602 3598 tibi

156 3628 373 3697 xisses,
411 3632 773 3702 amputasse
802 3632 859 3684 te
888 3628 1165 3701 pessima,
1196 3633 1254 3685 et
1284 3630 1506 3702 Optima
1536 3628 1845 3702 reliquisse
1954 3629 2293 3703 respondes,
2327 3652 2355 3679 «
2387 3632 2548 3684 Tunc
2588 3629 2782 3696 credo,
2832 3630 3065 3701 quando
3110 3630 3397 3686 Paulum‘
3425 3647 3603 3703 quem

161 3722 484 3791 utcunque
517 3718 594 3774 de
624 3715 748 3773 luto
782 3717 1076 3773 evaderes.
1110 3718 1228 3773 Hoc
1257 3723 1347 3774 est
1396 3719 1549 3790 quod
1597 3719 1847 3775 destruit
1952 3720 2052 3775 ille
2084 3719 2481 3786 damnaverat,
2532 3734 2766 3774 summo
2811 3719 2927 3775 nisi
2976 3723 3033 3774 et
3069 3718 3343 3775 omnibus
3386 3719 3600 3777 studiis

157 3807 451 3880 strophas
485 3804 775 3879 ingenieli
800 3806 909 3872 tui,
941 3809 999 3862 et
1040 3812 1098 3862 te
1144 3806 1279 3862 hinc
1312 3807 1462 3864 545
1506 3807 1644 3862 inde
1676 3822 1844 3865 cens-
1956 3808 2309 3864 defendebas
2344 3825 2357 3863 :
2391 3808 2625 3879 quando
2654 3824 2789 3863 eum
2822 3824 2923 3879 per
2971 3807 3272 3880 imperiale
3312 3807 3601 3880 scriptum

157 3896 411 3953 trictum
448 3895 708 3954 evadere
737 3911 852 3950 non
883 3894 1045 3951 sinit.
1075 3893 1192 3952 Nec
1241 3896 1301 3951 in
1330 3899 1562 3952 tantum
1604 3897 1847 3954 abutere
1956 3898 2211 3970 recipere
2242 3895 2818 3968 sacerdotium,quod
2848 3896 3165 3969 episcopali
3188 3896 3416 3967 judicio
3447 3896 3599 3952 ami-

155 3984 575 4060 simplicitate
603 3982 878 4041 lectoris:
910 3989 969 4041 et
997 3983 1080 4041 sic
1129 4000 1334 4041 omnes
1366 3985 1467 4057 qui
1516 3990 1679 4041 tuam
1712 3986 1851 4042 scri-

156 4079 407 4148 pturam
445 4073 673 4130 lecturi
705 4078 864 4140 sunt,
896 4073 1100 4130 brutos
1131 4078 1321 4147 putes,
1354 4078 1420 4130 ut
1440 4091 1575 4131 cum
1607 4074 1851 4131 vulnera

154 4169 531 4237 putrescere
564 4162 901 4230 sinas,sano
933 4163 1160 4236 corpori
1189 4167 1245 4219 te
1268 4163 1568 4237 imponere
1599 4164 1853 4237 emplas-

154 4257 249 4311 tra
278 4271 411 4311 non
448 4252 717 4309 rideant.

233 4344 323 4402 15.
361 4346 453 4402 De
489 4344 924 4399 resurrectione.
956 4373 1024 4384 —-
1056 4342 1136 4397 De
1185 4342 1377 4399 carnis
1435 4343 1856 4399 resurrectione

149 4430 721 4505 quidsentiasjam
752 4430 811 4486 in
832 4431 1115 4503 Apologia
1143 4435 1244 4487 tua
1274 4432 1613 4499 didicimus,
1635 4431 1853 4488 «Nullo

149 4524 444 4581 membro
483 4524 829 4592 amputato,
863 4536 970 4576 nec
1001 4520 1200 4592 aliqua
1237 4525 1402 4593 parte
1451 4521 1710 4594 corporis
1756 4521 1854 4576 de-
1964 4520 2285 4578 stabulario
2318 4519 2627 4592 polliceri?
2658 4520 2750 4575 Sic
2781 4525 3069 4577 revectam
3100 4539 3288 4591 ovem,
3319 4528 3609 4595 repertam

151 4619 344 4673 secta.
383 4634 418 4664 »
453 4610 608 4667 Haec
638 4613 726 4665 est
753 4614 866 4664 tute
917 4608 1314 4682 simplicitatis
1363 4626 1511 4682 pura
1556 4616 1614 4666 et
1658 4614 1857 4683 aperta
1963 4609 2643 4681 drachmam,prodigum
2676 4609 2863 4665 {ilium
2893 4609 3039 4683 legis
3075 4628 3202 4667 esse
3241 4610 3616 4684 susceptum?

148 4701 499 4773 confessio,
534 4714 722 4771 quam
753 4699 827 4755 ab
858 4699 1136 4755 omnibus
1169 4699 1347 4756 Italiae
1377 4699 1669 4774 episcopis
1690 4716 1848 4756 asse-
1881 4719 1927 4786 Ι)
1956 4705 2117 4769 Esto,
2150 4716 2256 4774 ego
2287 4704 2344 4755 te
2373 4697 2657 4766 laeseram,
2690 4707 2746 4754 et
2793 4699 3170 4770 quibusdam,
3211 4705 3275 4755 ut
3305 4701 3471 4770 dicis,
3506 4701 3614 4757 sti-

144 4793 231 4849 ris
262 4809 412 4852 esse
440 4792 826 4861 susceptam.
855 4788 1161 4845 Crederem
1194 4788 1429 4857 dicenti,
1478 4789 1592 4845 nisi
1623 4805 1715 4845 me
1745 4790 1852 4844 du-
1964 4793 2143 4851 mulis
2201 4790 2273 4846 ad
2333 4787 2780 4844 maledictorum
2838 4788 3130 4844 insaniam
3189 4806 3563 4861 provocaram
3597 4809 3610 4848 :

143 4881 348 4939 bitere
384 4881 473 4937 de
501 4882 576 4935 te
605 4877 717 4933 iste
746 4877 914 4945 liber,
937 4893 1056 4933 non
1114 4876 1470 4951 Phamphili,
1523 4878 1755 4935 faceret.
1787 4879 1857 4934 Et
1963 4884 2105 4958 quid
2138 4878 2353 4937 meruit
2397 4876 2572 4933 homo
2620 4875 2832 4946 latens,
2879 4882 2944 4933 ut
3000 4878 3252 4934 nudares
3283 4879 3613 4936 cicatricem

149 4977 363 5029 tamen
403 4969 623 5027 miror
650 4968 944 5040 quomodo
975 4967 1305 5040 probaverit
1335 4967 1525 5035 Italia,
1566 4968 1720 5040 quod
1754 4968 1859 5024 Ro-
1963 4975 2113 5046 ejus,
2149 4975 2206 5027 et
2236 4969 2552 5025 obductam
2581 4970 2776 5022 cutem
2806 4967 3102 5039 insperato
3159 4967 3355 5024 dolore
3394 4970 3617 5025 rescin-

146 5076 249 5119 ma
283 5055 732 5128 contempsit;
778 5055 1037 5129 episcopi
1083 5055 1469 5129 susceperint,
1501 5057 1659 5129 quod
1690 5057 1858 5114 sedes
1966 5060 2181 5120 deres?
2205 5058 2409 5114 Nonne
2440 5055 2615 5111 etiam
2648 5055 2697 5111 sl
2720 5055 2817 5111 ille
2860 5056 3076 5129 dignus
3124 5061 3280 5113 esset
3310 5062 3619 5116 contume-

138 5148 512 5224 apostelica
547 5144 987 5202 condemnavit.
1963 5151 2082 5220 liis,
2131 5155 2195 5206 tu
2250 5148 2440 5204 facere
2486 5162 2603 5201 non
2662 5145 2952 5201 deberes?
2991 5148 3106 5201 Aut
3152 5162 3258 5219 ego
3290 5145 3485 5215 fallor,
3517 5153 3621 5207 aut

1955 3111 2153 3167 guam,
2188 3110 2323 3149 cum
2354 3093 2773 3149 comcediarum
2801 3094 3132 3165 turpidines
3183 3098 3239 3149 ct
3268 3099 3595 3151 scortorum

1957 3991 2134 4055 serat,
2168 3985 2511 4057 instigabas.
2544 4006 2571 4033 »
2605 3985 2729 4041 Non
2759 3984 2922 4056 prius
2954 4002 3057 4057 pro
3089 4002 3183 4040 me
3213 3985 3599 4058 respondebo,

1959 4092 2136 4148 quam
2164 4076 2235 4129 de
2266 4073 2514 4129 aliorum
2545 4073 2779 4143 injuriis
2806 4072 3031 4146 loquar.
3067 4074 3246 4145 Cujus
3276 4080 3364 4131 est
3394 4075 3605 4132 huma-

1961 4164 2432 4233 nitatis,cujusve
2453 4161 2794 4229 clementiae,
2829 4162 3114 4219 insultare
3144 4163 3394 4221 aliorum
3421 4165 3605 4223 mise-

1961 4256 2085 4324 riis,
2113 4257 2170 4310 et
2196 4251 2441 4307 vulnera
2471 4252 2699 4307 cunctis
2748 4251 2941 4308 aliena
2970 4255 3346 4311 monstrare?
3376 4256 3604 4314 Siccine

1961 4349 2017 4399 te
2049 4342 2246 4399 docuit
2276 4340 2373 4396 ille
2403 4341 2742 4410 Samarites,
2777 4342 3128 4399 seminecem
3187 4344 3261 4399 ad
3310 4346 3613 4403 stabulum

1963 4430 2307 4504 reportare?
2363 4429 2555 4485 oleum
2614 4429 2801 4503 plagis
2864 4431 3225 4489 infundere?
3282 4436 3610 4491 mercedem

212 5315 231 5349 ί
264 5312 461 5369 Hanc
495 5323 536 5365 e
575 5305 842 5363 tenebris
871 5310 1103 5363 erutam
1151 5305 1416 5383 primum
1432 5306 1755 5383 Aedidimus
1797 5307 1860 5365 in
1967 5309 2266 5377 Sidonius,
2300 5307 2402 5383 lib3
2437 5323 2514 5383 rx,
2549 5306 2718 5383 epist.
2754 5306 2841 5372 11,
2873 5306 2982 5383 hoc
3026 5323 3201 5363 sensu
3253 5308 3626 5383 holographa:

140 5385 353 5457 Priori-
372 5388 1111 5457 tomoaausnpmerum
1140 5378 1363 5457 6})?th
1387 5378 1479 5457 92·
1529 5451 1539 5457 _
1655 5452 1665 5457 _
1968 5384 2317 5457 membranas
2347 5380 2512 5445 dixit,
2537 5386 2589 5433 et
2608 5378 3012 5457 .holographum
3042 5378 3443 5457 testamentum,
3466 5378 3624 5455 quod

213 5458 238 5495 ³
273 5455 397 5512 His
437 5447 691 5511 similia
721 5451 793 5505 ad
821 5451 1109 5507 Joannem
1160 5449 1586 5523 Hieresolymit.
1616 5452 1862 5523 ejusque
1970 5460 2216 5511 testator
2246 5453 2371 5523 ipse
2402 5450 2761 5522 perscripsit,
2796 5447 2861 5504 ut
2890 5468 2924 5505 a
2955 5451 3250 5525 plerisque
3276 5454 3405 5509 aliis
3430 5447 3629 5512 eriem-

213 5528 433 5579 molas
471 5526 702 5579 contra
732 5522 791 5577 S.
827 5522 1218 5579 Eeiehanium
1257 5523 1573 5579 scripserat
1601 5523 1863 5579 Isidorus
1973 5527 2086 5579 nlis
2117 5524 2539 5579 abstineamus.

2015 5527 2086 5582 lis
2117 5524 2539 5580 abstineamus.

1973 5545 2086 5600 pllS
2117 5545 2539 5580 aDStlnBuIHUS.

2028 5600 2060 5670 γ¹
2098 5592 2574 5670 Hic_l_3aulusille
2604 5592 2914 5663 episcopus
2960 5598 3067 5670 est,
3117 5613 3289 5667 quem
3324 5603 3623 5670 tantOpere

1973 5665 2331 5740 Theophilus
2391 5669 2495 5741 est_
2536 5669 2901 5741 persecutus.
2968 5665 3353 5741 Hieronymus
3397 5665 3530 5726 ver'o
3562 5670 3623 5729 in

1973 5734 2154 5800 suum
2181 5734 2606 5797 monasterium
2638 5735 2852 5821 dicitur
2876 5734 3199 5813 coeptasse:

139 5528 433 5586 aesculus
471 5526 702 5579 contra
732 5522 791 5577 S.
827 5522 1573 5595 Epiphaniumscripserat
1601 5522 1863 5579 Isidorus

138 5601 507 5675 presbyter2
550 5592 889 5675 antequam
928 5592 1307 5675 a‘The-ophile
1358 5592 1577 5675 missus
1621 5595 1861 5675 veniret,

141 5666 565 5747 haupt-ain
608 5678 672 5718 eo
705 5666 810 5721 lib.
850 5670 1056 5747 cqntra
1080 5667 1248 5747 .loan.
1283 5670 1550 5747 notatum
1580 5672 1694 5747 est.

212 5746 238 5780 ³
266 5735 417 5801 Νὸιι
449 5741 875 5810 integrannut
903 5736 1197 5810 Victorius
1228 5736 1499 5810 explicat,
1525 5737 1628 5793 sed
1649 5735 1865 5793 intelli-

139 5831 212 5895 go
238 5808 731 5888 autographam,
754 5807 872 5864 sive
900 5809 1029 5882 ipsa
1056 5807 1318 5867 auctoris
1335 5824 1517 5868 manu
1539 5813 1864 5871 exaratam.

507 5934 804 6005 Panos.
847 5933 1074 6023 XXIII,
3224 5939 3303 6027 ιε
