3958 6426
397 413 511 477 491

1631 419 1695 479 S.
1744 415 2055 480 EUSEBII
2101 413 2567 478 HIERONYMI.

3679 414 3801 478 493'

378 544 544 621 (illud
573 552 663 604 est
690 565 891 605 verum
923 551 1077 623 quod
1111 550 1349 623 plurimi
1389 550 1685 621 jactitant,
1734 556 1788 606 te
1839 550 2045 623 Orige-
2076 557 2123 616 Α
2156 548 2279 605 licze
2311 549 2631 621 sapientiae,
2666 552 2925 621 tempore
2956 566 3021 604 ac
3069 546 3246 603 rebus
3296 547 3564 619 probavit
3606 552 3663 605 et
3691 566 3794 606 no-

397 633 687 692 nistarum
718 636 916 694 hostes
947 640 1005 695 in
1039 639 1136 695 illo
1170 640 1460 713 persequi,
1509 646 1565 695 et
1596 640 1709 696 sub
1742 640 2047 695 occasione

399 722 576 779 unius
607 724 665 779 in
718 729 1034 800 utrumque
1065 729 1353 785 saavire.Si
1384 746 1545 802 papae
1576 728 1886 801 TheOphili
1911 745 2042 783 sen-

396 810 598 868 tentiis
629 812 1019 884 delectaris,et
1051 818 1214 874 nefas
1243 822 1417 891 putas
1440 817 1780 890 pontificum
1816 817 2048 872 decreta

399 899 662 970 convelli,
694 902 835 975 quid
863 905 935 961 de
965 907 1196 962 caeteris
1227 906 1405 972 dicis,
1437 922 1584 977 quos
1631 905 1757 977 ipse
1803 906 2046 960 damna-

395 982 518 1044 vit?
543 988 692 1054 Quid
720 992 791 1049 de
822 1009 973 1066 papa
998 995 1325 1061 Anastasio,
1359 996 1429 1049 de
1459 1010 1573 1065 quo
1621 993 1787 1061 nulli,
1840 998 1906 1047 ut
1936 993 2044 1060 ais,

396 1092 599 1134 verum
628 1079 879 1149 videtur,
912 1087 976 1138 ut
998 1086 1171 1138 tantae
1202 1083 1365 1139 urbis
1397 1084 1691 1149 sacerdos,
1742 1082 1831 1137 vel
1877 1082 2044 1136 inno-

399 1166 553 1222 centi
605 1168 713 1224 tibi
762 1170 1040 1241 injuriam
1080 1171 1265 1227 facere
1315 1172 1587 1243 potuerit,
1637 1171 1725 1227 vel
1772 1170 2047 1226 absenti?

402 1252 518 1311 Nec
546 1254 656 1313 hoc
676 1258 985 1331 dico,quod
1012 1260 1083 1316 de
1104 1260 1515 1333 episcoporum
1551 1260 1859 1317 sententiis
1890 1258 2047 1329 judi-

403 1358 549 1412 cem,
581 1349 681 1401 aut
708 1363 910 1403 eorum
939 1349 1172 1421 cupiam
1206 1354 1427 1406 statuta
1457 1348 1741 1416 rescindi;
1763 1348 1864 1404 sed
1889 1348 2045 1419 quod

401 1433 806 1507 unusquisque
828 1452 935 1492 suo
950 1437 1211 1509 periculo
1251 1439 1444 1503 faciat,
1470 1438 1623 1510 quod
1657 1437 1768 1492 sibi
1798 1436 2044 1501 videtur,

400 1523 457 1575 et
486 1521 612 1594 ipse
641 1526 1187 1598 noverit,quomodo
1208 1529 1277 1583 de
1300 1526 2046 1598 suojudiciojudicandum

401 1609 499 1665 sit.
549 1609 729 1669 Nobis
777 1614 838 1669 in
888 1617 1243 1672 monasterio
1294 1615 1666 1687 hospitalitas
1716 1614 1873 1669 cordi
1920 1618 2042 1669 est:

399 1712 721 1772 omnesque
742 1702 812 1757 ad
836 1720 943 1759 nos
965 1703 1280 1771 venientes,
1296 1703 1426 1759 laeta
1440 1702 1828 1758 humanitatis
1861 1702 2046 1757 fronte

401 1787 780 1861 suscipimus.
805 1791 1088 1849 Veremur
1108 1793 1263 1848 enim
1307 1811 1378 1849 ne
1425 1792 1605 1848 Maria
1647 1808 1780 1847 cum
1830 1790 2044 1861 Joseph

397 1873 591 1932 locum
629 1894 747 1934 non
787 1879 1045 1937 inveniat
1085 1881 1143 1936 in
1177 1881 1515 1947 diversorio,
1558 1898 1629 1937 ne
1678 1880 1847 1935 nobis
1875 1884 2047 1935 Jesus

402 1963 559 2020 dicat
586 1966 898 2025 exclusus:
935 1992 963 2020 ‹‹
998 1971 1219 2042 l-lospes
1236 1987 1417 2037 eram,
1451 1974 1508 2025 et
1541 1987 1655 2025 non
1706 1968 2047 2040 suscepistis

404 2068 499 2110 me
530 2056 755 2124 (Matth.
789 2075 920 2126 xxv,
975 2060 1088 2131 43).
1126 2082 1146 2108 ο
1201 2059 1366 2115 Solos
1408 2060 1553 2115 547
1599 2057 1901 2114 haereticos
1932 2073 2044 2111 non

404 2142 750 2215 recipimus;
783 2162 931 2218 quos
988 2164 1089 2202 vos
1134 2147 1290 2203 solos
1336 2148 1616 2220 recipitis.
1680 2146 2044 2217 Propositum

406 2230 626 2306 quippe
674 2235 845 2291 nobis
888 2240 977 2292 est
1029 2237 1206 2308 pedes
1258 2235 1450 2292 lavare
1496 2236 1880 2300 venientium,
1931 2250 2046 2289 non

405 2322 616 2377 merita
662 2323 969 2382 discutere.
1016 2326 1360 2393 Recordare,
1414 2326 1612 2393 frater,
1664 2324 2047 2381 confessionis

404 2412 552 2483 ejus,
585 2418 642 2468 et
669 2414 921 2486 pectoris
951 2415 1106 2487 quod
1140 2414 1370 2487 ﬂagella
1396 2419 1728 2471 secuerunt.
1762 2418 2047 2470 Memento

405 2502 677 2571 carceris,
706 2504 1103 2574 tenebrarum,
1137 2504 1344 2572 exsilii,
1396 2503 1790 2571 metallorum,
1847 2509 1903 2558 et
1933 2519 2045 2558 non

405 2592 806 2665 indignaberis
830 2593 1082 2665 hospitio
1112 2597 1510 2649 transeuntem
1533 2610 1659 2648 esse
1686 2598 2045 2663 susceptum.

403 2682 492 2736 An
523 2681 654 2738 ideo
684 2681 792 2736 tibi
822 2680 1063 2738 rebelles
1093 2683 1378 2749 videmur,
1429 2683 1566 2754 quia
1606 2682 1843 2736 calicem
1884 2698 2047 2752 aqua:

405 2769 706 2842 frigidaein
736 2770 974 2826 nomine
1014 2770 1225 2827 Christi
1276 2770 1610 2827 sitientibus
1644 2768 1999 2842 porrigimus
2022 2768 2049 2823 ?

406 2840 435 2853 ί
478 2840 566 2915 l8.
606 2860 998 2916 Herelicorum
1049 2861 1218 2930 factio
1274 2863 1485 2930 fugata.
1554 2840 1871 2929 Theophilus
1923 2859 2047 2935 Ian:-

402 2946 583 3004 datur.
611 2979 679 2989 —
710 2948 813 3004 Vis
839 2948 987 3005 scire
1034 2948 1189 3004 unde
1233 2948 1397 3004 illum
1445 2952 1500 3003 et
1529 2965 1633 3003 nos
1666 2948 1798 3021 plus
1830 2964 2047 3015 amare,

401 3041 461 3092 et
489 3043 552 3092 tu
584 3036 777 3093 odisse
811 3036 941 3110 plus
970 3037 1225 3093 debeas?
1255 3038 1667 3093 Haereticorum
1717 3036 1890 3091 factio
1938 3053 2044 3091 nu-

400 3142 506 3200 per
534 3127 736 3200 fugata
781 3127 851 3182 de
898 3128 1139 3201 [Egypto
1185 3132 1241 3182 et
1276 3126 1643 3195 Alexandria,
1678 3144 1739 3181 se
1770 3127 2047 3182 Hieroso-

401 3214 620 3288 lymam
652 3215 920 3285 contulit,
950 3222 1007 3272 et
1035 3216 1170 3272 huic
1198 3215 1385 3272 voluit
1411 3215 1765 3288 copulari,ut
1796 3232 2043 3288 quorum

2159 643 2343 693 strum
2378 639 2434 692 in
2464 656 2524 695 sc
2556 640 2901 705 animum,et
2930 643 3153 693 vestras
3183 642 3384 693 contra
3404 655 3511 693 nos
3532 638 3795 696 insidias.

2157 727 2217 781 Si
2250 727 2523 799 discipuli
2575 727 2710 793 mei,
2763 732 2827 783 ut
2862 726 3090 793 scribis,
3144 726 3249 781 tibi
3302 727 3497 782 Romae
3552 727 3798 785 insidias

2158 816 2545 881 concitarunt,
2594 822 2651 870 et
2711 816 3115 872 inemendatas
3182 816 3518 884 schedulas,
3562 820 3619 873 te
3665 818 3793 874 dor-

2158 904 2390 969 miente,
2443 904 2618 958 furati
2688 909 2861 959 sunt:
2933 903 3064 976 quis
3130 921 3340 977 papam
3406 904 3796 976 Theophilum

2162 993 2445 1047 adversus
2507 992 2834 1064 perduelles
2885 992 2943 1047 in
2984 993 3227 1065 Egypto
3279 994 3633 1049 suscitavit?
3662 994 3799 1058 Quis

2156 1098 2359 1153 regum
2389 1082 2534 1136 scita
2555 1082 2581 1135 ἰ)
2613 1081 2745 1153 quis
2776 1082 2935 1137 orbis
2965 1082 3025 1137 in
3055 1082 3164 1137 hac
3194 1087 3356 1154 parte
3403 1082 3800 1140 consensum?

2156 1171 2226 1224 Et
2277 1169 2545 1241 gloriaris
2614 1174 2669 1225 te
2735 1172 2806 1225 ab
2860 1170 3254 1226 adolescentia
3286 1171 3438 1227 548
3492 1170 3795 1244 Theophili

2160 1258 2339 1313 fuisse
2368 1259 2695 1313 auditorem
2728 1264 2785 1313 et
2828 1258 3216 1331 discipulum:
3267 1276 3401 1315 cum
3432 1264 3491 1315 et
3516 1258 3614 1316 ille
3637 1264 3797 1317 ante-

2157 1364 2333 1418 quam
2368 1348 2679 1419 episcopus
2709 1348 2888 1415 ﬁeret,
2920 1365 3023 1419 pro
3061 1348 3394 1405 humilitate
3441 1350 3552 1406 sibi
3598 1349 3794 1420 insita,

2157 1454 2459 1507 nunquam
2492 1437 2772 1503 docuerit,
2805 1441 2861 1493 et
2909 1442 2970 1493 tu
3014 1442 3325 1510 postquam
3367 1438 3462 1494 hic
3491 1439 3799 1513 episcopus

2157 1526 2343 1580 factus
2374 1530 2480 1593 est,
2512 1525 2869 1581 Alexandriae
2902 1544 3014 1581 non
3049 1528 3246 1582 fueris.
3281 1529 3348 1583 Et
3377 1528 3557 1583 audes
3610 1529 3796 1585 dicere

2158 1613 2213 1667 in
2247 1614 2720 1686 suggillationem
2753 1614 2864 1670 mei
2890 1632 2902 1670 :
2924 1615 3233 1688 Magistros
3258 1633 3418 1671 meos
3436 1633 3539 1672 nec
3567 1634 3798 1686 accuso,

2158 1719 2259 1757 nec
2291 1708 2473 1758 muto.
2528 1705 2688 1769 Quod
2741 1706 2787 1759 si
2846 1721 3045 1760 verum
3096 1711 3205 1772 est,
3268 1712 3597 1777 suspectam
3657 1706 3799 1763 mihi

2158 1791 2299 1846 facis
2328 1792 2824 1848 conversationem
2851 1795 2863 1828 ¹
2896 1798 3077 1848 tuam.
3112 1794 3225 1849 Nec
3251 1794 3407 1849 enim
3457 1796 3695 1862 damno,
3738 1800 3800 1852 ut

2159 1881 2509 1946 criminaris,
2560 1882 2923 1938 institutores
2977 1899 3159 1949 meos,
3223 1885 3324 1939 sed
3393 1888 3587 1940 metuo
3652 1885 3801 1942 illud

2158 1970 2353 2025 Isaiae:
2384 1990 2410 2022 α
2442 1970 2534 2024 Vae
2567 1970 2665 2042 qui
2706 1971 2910 2025 dicunt
2940 1971 3159 2027 malum
3204 1973 3446 2041 bonum,
3494 1978 3552 2029 et
3579 1974 3800 2030 bonum

2157 2059 2375 2114 malum
2405 2077 2417 2114 :
2448 2059 2547 2131 qui
2580 2065 2805 2131 ponunt
2833 2062 3101 2117 tenebras
3121 2060 3396 2128 lucem,ct
3426 2061 3615 2120 lucem
3646 2069 3804 2121 tene-

2156 2148 2329 2202 bras:
2367 2148 2465 2220 qui
2498 2148 2703 2203 dicunt
2732 2165 2997 2203 amarum
3018 2149 3208 2220 dulce,
3248 2154 3305 2206 et
3334 2150 3502 2206 dulce
3531 2168 3802 2209 amarum

2158 2236 2282 2307 (Isa.
2317 2254 2371 2304 v,
2402 2238 2490 2307 20)
2519 2238 2527 2291 l
2568 2260 2594 2286 »
2629 2238 2716 2292 Tu
2747 2239 3115 2304 autem,dum
3148 2239 3299 2295 inter
3329 2239 3590 2296 mulsum
3621 2242 3803 2315 magi-

2158 2329 2413 2380 strorum
2446 2330 2502 2381 et
2526 2342 2745 2380 venena
2772 2326 3215 2398 pariterbibis,a
3237 2328 3517 2400 magistro
3538 2329 3801 2402 apostolo

2160 2414 2471 2481 recessisti,
2497 2415 2596 2485 qui
2628 2415 2795 2469 docet
2826 2414 2999 2470 etiam
3034 2415 3307 2487 angelum
3340 2421 3397 2471 et
3417 2434 3499 2485 se,
3524 2418 3573 2473 si
3604 2418 3664 2473 in
3684 2418 3803 2475 ﬁde

2156 2502 2491 2567 erraverint,
2534 2520 2647 2558 non
2679 2504 3029 2575 sequendos.

2230 2591 2317 2646 19.
2351 2593 2424 2646 De
2457 2593 2763 2660 Vigilantio
2793 2593 3096 2648 calumnia.
3132 2626 3199 2635 -—
3247 2596 3310 2650 In
3356 2595 3655 2668 Vigilantii
3695 2614 3801 2654 no-

2159 2680 2316 2735 mine
2347 2680 2485 2751 quid
2520 2682 2797 2749 somnies,
2832 2683 3045 2738 nescio.
3089 2683 3195 2739 Ubi
3229 2685 3385 2739 enim
3426 2702 3560 2741 eum
3592 2688 3804 2759 scripsi

2157 2768 2427 2824 haeretica
2458 2770 2609 2841 apud
2644 2769 3059 2827 Alexandrium
3091 2774 3505 2831 communione
3535 2775 3804 2832 macula-

2157 2858 2332 2912 tum?
2381 2858 2465 2913 Da
2520 2858 2757 2924 librum,
2819 2860 3014 2930 profer
3060 2861 3444 2933 epistolam”:
3504 2881 3802 2937 nusquam

2158 2947 2395 3003 omnino
2429 2948 2699 3018 reperies,
2731 2954 2786 3004 et
2815 2950 3016 3005 eadem
3058 2950 3314 3019 licentia,
3346 2953 3462 3009 imo
3490 2954 3805 3026 impuden-

2156 3036 2239 3091 tia
2270 3038 2607 3103 mentiendi,
2642 3055 2757 3108 qua
2813 3043 2985 3110 putas
3042 3056 3246 3095 omnes
3276 3041 3394 3097 tuis
3428 3043 3804 3099 sermonibu

2159 3126 2502 3191 credituros,
2536 3127 2740 3182 addis:
2777 3150 2803 3176 ››
2835 3129 3080 3194 Quando
3109 3129 3511 3186 testimonium
3544 3131 3616 3187 de
3645 3132 3803 3188 Scri-

2161 3214 2344 3285 pturis
2378 3214 2437 3269 in
2469 3232 2601 3270 eum
2638 3221 2756 3270 tam
2788 3216 3072 3285 injuriose
3107 3218 3376 3289 posuisti,
3408 3223 3473 3274 ut
3501 3236 3605 3292 ego
3630 3220 3691 3276 id
3711 3238 3803 3277 re-

406 3321 565 3361 unus
592 3308 749 3361 esset
775 3304 961 3373 dolor,
994 3322 1111 3360 una
1140 3306 1303 3361 ﬁeret
1328 3308 1385 3361 et
1421 3306 1735 3361 accusatio.
1771 3308 1925 3370 Qnos
1952 3304 2048 3360 illc
2079 3292 2121 3358 C
2162 3308 2354 3375 petere
2385 3321 2512 3359 meo
2536 3321 2631 3359 ore
2646 3322 2760 3359 non
2793 3306 3062 3361 audeam.
3101 3329 3121 3354 υ
3156 3307 3280 3362 Non
3313 3309 3494 3363 audes
3519 3314 3803 3380 repetere,

410 3394 645 3468 repulit,
677 3393 912 3467 sprevit,
945 3394 1177 3465 abjecit,
1208 3394 1407 3451 dicens
1456 3411 1517 3450 se
1550 3411 1665 3449 non
1695 3412 1823 3450 esse
1853 3393 2049 3448 inimi-

412 3500 548 3542 cum
578 3480 734 3554 ﬁdei,
768 3499 873 3538 nec
920 3487 1120 3538 contra
1168 3482 1480 3539 Ecclesiam
1514 3482 1666 3538 bella
1717 3482 2047 3553 suscipere:

402 3575 564 3654 quod
595 3574 761 3647 prius
787 3571 1052 3639 tentavit,
1085 3572 1302 3628 doloris
1352 3571 1551 3640 fuisse,
1615 3588 1728 3627 non
1792 3570 2047 3642 perfidia:

411 3685 517 3726 nec
546 3663 787 3722 alterius
818 3661 1111 3735 appetisse
1141 3661 1556 3726 innocentiam,
1581 3661 1681 3715 sed
1716 3677 1882 3715 suam
1918 3675 2047 3731 pro-

408 3759 548 3815 bare
575 3752 850 3810 voluisse.
870 3749 1121 3822 lmpium
1155 3753 1494 3822 putas,post
1521 3749 1846 3805 sententias
1868 3765 2050 3804 sacer-

407 3847 610 3903 dotum
641 3840 941 3916 imperiale
966 3839 1312 3911 rescriptum
1336 3838 1364 3893 ?
1408 3839 1563 3910 quod
1607 3836 1777 3909 quale
1818 3838 1915 3905 sit,
1948 3854 2047 3893 no-

402 3936 552 3993 verit
574 3933 672 3990 ille
728 3930 959 3988 meruit.
1021 3929 1168 3993 Quid
1217 3928 1321 3984 tibi
1380 3929 1609 3983 videtur
1665 3927 1734 3982 de
1792 3926 1903 3989 his,
1946 3927 2046 3998 qui

400 4023 659 4081 damnati
710 4020 927 4095 palatia
973 4019 1264 4082 obsident,
1322 4023 1379 4073 et
1426 4018 1574 4073 facto
1630 4033 1835 4082 cuneo,
1871 4018 2044 4071 ﬁdem

402 4112 620 4170 Christi
648 4110 709 4166 in
738 4127 855 4166 uno
886 4107 1123 4164 homine
1171 4107 1645 4180 persequuntur?
1677 4106 1812 4161 Meae
1846 4110 2042 4161 autem

400 4198 857 4266 communionis,
906 4201 963 4253 et
1011 4213 1172 4268 papa:
1216 4195 1545 4268 Theophili,
1599 4194 1828 4250 nullum
1861 4194 2039 4250 alium

395 4295 609 4346 testem
636 4286 993 4350 vocabomisi
1026 4285 1220 4357 ipsum
1254 4302 1424 4357 quem
1460 4302 1493 4339 a
1523 4301 1615 4339 me
1638 4284 1837 4339 laesum
1866 4284 2045 4339 simu-

394 4378 508 4446 las,
535 4376 706 4447 cujus
735 4374 1013 4447 epistolas
1043 4375 1116 4429 ad
1153 4390 1245 4429 me
1276 4390 1506 4446 semper
1536 4374 1724 4444 datas,
1771 4374 1945 4428 etiam
1976 4391 2042 4429 eo

399 4473 664 4540 tempore
692 4481 804 4520 non
858 4464 1113 4536 ignoras,
1161 4480 1276 4535 quo
1328 4463 1469 4517 mihi
1511 4480 1609 4518 eas
1649 4463 1811 4517 reddi
1846 4462 2039 4535 prohi-

396 4556 602 4623 bebas,
624 4560 681 4611 et
711 4552 969 4627 quotidie
999 4552 1199 4608 missis
1228 4552 1879 4621 tabcllariis,inimicum
1913 4553 2041 4623 ejus

397 4645 656 4702 amicum
689 4646 956 4699 nostrum
986 4646 1044 4697 et
1073 4641 1598 4697 familiarissimum
1619 4642 1953 4711 jactitabas,
1987 4646 2043 4696 et

396 4750 466 4792 ea
495 4751 619 4806 quae
648 4748 804 4788 nunc
846 4730 1217 4802 impudenter
1263 4729 1490 4797 scribis,
1542 4728 1939 4795 mentiebaris,
1976 4732 2042 4783 ut

394 4822 557 4880 illius
589 4825 790 4878 contra
821 4836 927 4876 nos
957 4819 1091 4874 odia
1118 4819 1530 4884 concitares,et
1577 4817 1804 4888 injuria:
1853 4816 2037 4883 dolor,

393 4911 531 4970 fidei
559 4912 725 4967 ﬁeret
753 4909 1076 4983 oppressio.
1123 4907 1230 4963 Sed
1262 4907 1350 4963 vir
1397 4908 1654 4980 prudens
1704 4912 1761 4962 et
1806 4910 2036 4979 aposto-

465 5109 481 5143 ¹
515 5109 577 5164 In
610 5108 742 5164 aliis
774 5125 919 5164 mss.
953 5107 1316 5171 conversione,
1351 5121 1475 5176 quae
1506 5105 1829 5175 incongrua
1867 5102 2038 5159 lectio

392 5180 524 5252 ipsa
549 5196 783 5252 quoque
814 5197 929 5236 non
955 5184 1062 5252 est,
1096 5193 1230 5233 cum
1259 5179 1411 5252 inter
1466 5193 1603 5252 suos
1631 5181 2035 5252 praeceptores,

393 5247 806 5307 nonnéminem
864 5251 1201 5305 hareticum
1237 5248 1509 5319 Ruﬁnus
1551 5247 1837 5313 habuerit,
1897 5252 2039 5319 puta

390 5322 709 5394 Didymum
741 5339 917 5393 quem
949 5317 1567 5394 audivitAlexandrize,
1589 5334 1769 5394 eaque
1804 5317 2039 5390 propter

394 5390 673 5448 nisi'illos
700 5390 1019 5458 accusaret,
1053 5392 1172 5448 sive
1203 5391 1276 5446 ab
1302 5407 1503 5446 eorum
1528 5390 1849 5445 hmresibus
1873 5408 1934 5445 se
1955 5408 2038 5445 re-

395 5466 636 5536 ciperet,
669 5465 1103 5519 conversionem
1130 5479 1298 5518 suam
1330 5463 1400 5517 ad
1422 5462 1816 5531 Christum,et
1838 5463 2034 5527 fidem,

395 5552 573 5609 quam
605 5536 662 5588 in
694 5536 1067 5609 conversione
1110 5542 1432 5609 acceperat,
1470 5542 1826 5609 _suspeclam
1892 5536 2037 5588 face-

396 5604 502 5663 r'et.
525 5606 993 5661 Conversationis
1018 5611 1212 5663 tamen
1244 5604 1617 5672 vocabulum,
1637 5611 1693 5660 et
1727 5622 1935 5661 sensus
1953 5622 2040 5659 ar-

394 5678 556 5750 ridet,
576 5677 784 5750 magis.

2160 3391 2260 3463 qui
2292 3393 2535 3448 tacendo
2564 3392 2821 3465 amplius
2852 3394 3276 3450 criminaris.Et
3306 3396 3446 3469 quia
3473 3413 3588 3454 non
3618 3397 3804 3454 habes

2160 3482 2315 3552 quod
2345 3481 2609 3553 objicias,
2643 3481 2889 3538 simulas
2945 3485 3374 3552 verecundiam,
3427 3490 3493 3541 ut
3540 3486 3802 3543 lectorte

2162 3574 2324 3639 putet
2357 3570 2499 3624 mihi
2531 3587 2783 3641 parcere,
2837 3570 2937 3642 qui
2985 3572 3275 3630 mentiens
3307 3591 3410 3630 nec
3448 3580 3560 3630 tuae
3592 3576 3805 3632 animm

2161 3659 2493 3730 pepercisti.
2528 3660 2689 3724 Quod
2721 3664 2810 3715 est
2836 3659 2979 3715 illud
3014 3662 3417 3718 testimonium
3449 3664 3519 3719 de
3539 3664 3804 3736 Scriptu-

2161 3749 2263 3813 ris,
2297 3749 2450 3819 quod
2484 3749 2553 3804 de
2584 3753 2684 3804 tuo
2716 3748 2812 3805 illo
2845 3750 3271 3820 pudentissimo
3300 3768 3397 3808 ore
3443 3770 3559 3809 non
3591 3754 3808 3809 exeat?

2160 3841 2275 3891 Aut
2304 3837 2442 3908 quid
2478 3838 2534 3892 in
2571 3839 2790 3893 sanctis
2817 3837 2986 3895 libris
3018 3844 3209 3911 potest
3246 3845 3415 3913 turpe
3446 3841 3808 3898 memorari?

2158 3926 2217 3981 Si
2249 3926 2544 3981 erubescis
2578 3926 2757 3997 loqui,
2793 3927 2984 3983 scribe
3017 3927 3246 3995 saltem,
3290 3934 3356 3984 ut
3403 3947 3510 3986 nos
3541 3930 3803 4003 procaci.

2156 4015 2294 4069 tatis
2328 4016 2598 4086 proprius
2629 4032 2819 4069 sermo
2852 4014 3178 4073 convincat.
3213 4017 3285 4072 Ut
3316 4021 3520 4074 caetera
3573 4019 3805 4086 sileam,

2156 4118 2223 4157 ex
2256 4103 2363 4158 hoc
2391 4120 2505 4158 uno
2538 4102 2791 4174 capitulo
2823 4105 3238 4175 comprobabo,
3286 4106 3531 4162 ferream
3563 4111 3618 4163 te
3645 4108 3807 4165 fron~

2155 4197 2269 4246 tem
2303 4192 2599 4263 possidere
2633 4191 2893 4247 fallacia).
2928 4193 3072 4248 Vide
3104 4200 3393 4265 quantum
3430 4195 3671 4251 timeam
3693 4197 3808 4252 cri-

2153 4280 2534 4336 minationem
2584 4287 2770 4335 tuam.
2820 4281 2880 4336 Si
2942 4282 3251 4353 protuleris
3300 4285 3456 4357 quod
3490 4284 3741 4341 minaris
3761 4286 3807 4352 ³,

2154 4386 2284 4423 mea
2314 4374 2486 4423 erunt
2516 4370 2787 4424 universa
2805 4386 2934 4441 quae
2957 4375 3055 4425 tua
3075 4373 3368 4444 sunt.Ego
3392 4373 3450 4427 in
3479 4371 3811 4445 Vigilantio

2152 4459 2255 4513 tibi
2287 4458 2801 4529 respondi.Eadem
2832 4458 2989 4513 enim
3007 4460 3474 4532 accusabat,qua:
3505 4465 3569 4517 tu
3603 4467 3817 4534 postea

2151 4551 2207 4601 et
2237 4547 2462 4601 amicus
2496 4545 2723 4612 laudas,
2760 4550 2815 4601 et
2848 4546 3124 4632 inimicus
3155 4564 3416 4605 accusas.
3453 4550 3584 4605 Scio
3617 4567 3653 4606 a
3690 4568 3812 4624 quo

2150 4634 2309 4690 illius
2342 4640 2543 4690 contra
2570 4652 2661 4689 me
2711 4636 2902 4691 rabies
2950 4636 3242 4693 concitata
3297 4638 3394 4705 sit,
3449 4638 3583 4694 novi
3632 4640 3814 4696 cuni-

2150 4726 2314 4781 culos
2345 4731 2497 4781 tuos.
2531 4724 2978 4796 Simplicitatem
3013 4726 3163 4782 549
3198 4743 3375 4798 quam
3420 4744 3627 4783 omnes
3660 4745 3816 4800 pre-

2150 4816 2367 4881 dicant,
2402 4832 2515 4869 non
2548 4814 2773 4885 ignoro.
2826 4814 2933 4869 Per
2962 4814 3121 4870 illius
3153 4815 3464 4871 stultitiam
3496 4821 3598 4872 tua
3618 4816 3681 4872 in
3710 4833 3812 4875 me

2150 4904 2369 4959 malitia
2399 4904 2751 4960 debacchata
2783 4908 2907 4971 est;
2950 4920 3126 4974 quam
3150 4921 3255 4977 ego
3308 4905 3357 4959 si
3389 4903 3639 4977 epistola
3671 4921 3812 4962 mea

2149 5101 2842 5174 recensione61,Rufinus
2875 5118 2994 5174 prie
3024 5101 3208 5156 oculis
3239 5101 3465 5166 habuit,
3482 5108 3661 5174 atque
3683 5102 3814 5159 haec

2150 5174 2207 5227 in
2251 5173 2457 5243 primis
2480 5173 3359 5245 num.I:«Turorthodoxus‘2qui
3391 5174 3567 5229 etiam
3600 5180 3816 5231 contra

2150 5245 2499 5299 sententiam
2532 5249 2694 5299 tuam
2726 5244 3073 5316 etlinguam
3105 5244 3221 5299 alia
3239 5244 3677 5316 pradicantem,
3703 5252 3815 5301 aut

2148 5316 2367 5370 invitus
2398 5315 2886 5385 subscripsisti,et
2911 5315 3315 5386 praevaricator
3339 5334 3401 5371 es
3425 5321 3550 5372 :aut
3571 5316 3809 5382 volens,

2148 5392 2204 5441 et
2244 5386 2864 5459 hmreticus.rniPorro_
2894 5387 3297 5443 testimonium
3346 5393 3466 5444 tam
3517 5388 3814 5459 injuriose

2148 5459 2427 5528 positum,
2457 5458 2602 5513 illud
2636 5458 2801 5513 facile
2842 5457 3039 5520 fuerit,
3072 5476 3187 5529 quo
3217 5459 3449 5514 Hieron.
3500 5459 3559 5513 in
3579 5457 3810 5516 eadem

2148 5530 2318 5610 epist.
2355 5549 2409 5610 ῃ.
2456 5532 2522 5610 l’i
2566 5530 3009 5610 (linbo‘lunrpcr
3054 5548 3117 5584 os
3164 5529 3459 5602 Vigilantii
3505 5531 3805 5599 locutum,

2148 5602 2312 5663 dixit,
2345 5604 2449 5656 Ero
2472 5603 2675 5656 similis
2704 5603 2996 5655 .-lllz'ssimo.

2217 5672 2238 5706 ³
2267 5672 2544 5739 Videatur
2573 5690 2640 5729 ex
2673 5677 2943 5729 contextu
2974 5671 3289 5746 legendum
3317 5673 3662 5732 criminaris.
3708 5700 3723 5715 ς·

461 5750 488 5837 ξ
515 5746 1011 5828 Ροιδιεῐθρίειοιαω
1030 5750 1103 5808 ad
1133 5748 1330 5826 ipsum
1351 5747 1733 5822 Vigilantiam
1756 5749 1816 5805 in
1837 5752 2039 5806 nostra
2146 5810 2153 5817 ,
