3958 6452
136 436 246 498 493

1323 438 1638 502 CONTRA
1681 438 2041 503 RUFINUM
2086 438 2234 502 LIB.
2281 439 2389 502 IlI.

3420 435 3537 503 494

138 570 596 644 repuli,nesolus
614 572 829 630 habere
848 573 1097 630 videaris
1128 572 1773 641 baculumlitterarum,
1805 575 1858 641 Α
1888 573 2008 629 tuis
2039 575 2297 646 prodest,
2349 574 2397 629 si
2453 590 2559 646 ego
2617 575 2780 630 fuero
2818 574 3156 630 vulneratus
3191 578 3213 629 Ρ
3268 580 3356 630 An
3388 576 3540 632 sola-

137 677 247 716 non
278 661 458 718 debes
488 663 914 735 turpitudinem
937 662 1217 719 simulare
1244 665 1578 733 vei-borum,
1604 681 1782 736 quam

136 765 430 823 nusquam
461 752 699 808 omnino
728 750 923 825 legisti
948 771 961 820 ;
999 753 1099 808 sed
1128 752 1450 825 intelligere
1470 756 1527 808 et
1551 754 1785 809 conﬁte-

133 837 204 908 ri,
236 856 342 912 per
369 839 533 898 illius
562 841 907 911 vecordiam,
958 842 1077 897 tuis
1126 842 1441 898 calumniis
1482 842 1665 926 fuisse
1695 859 1782 898 re-

133 945 450 1001 sponsum.

201 1019 293 1073 20.
327 1019 497 1091 Epist.
528 1036 683 1093 papae
713 1022 997 1077 Anastasii
1050 1022 1128 1076 ad
1155 1023 1423 1077 Joannem
1478 1023 1685 1077 Hieros.
1720 1020 1785 1076 de

134 1107 345 1177 Ruﬁno.
383 1139 451 1148 -—
480 1110 542 1165 In
571 1109 818 1182 epistola
846 1111 1033 1166 sancti
1084 1128 1245 1182 papae
1274 1111 1567 1167 Anastasii
1600 1109 1782 1165 lubri-

133 1213 235 1253 cus
265 1197 538 1266 extitisti;
578 1204 637 1254 et
683 1199 976 1267 turbatus,
1039 1200 1099 1255 in
1159 1216 1274 1272 quo
1331 1200 1478 1272 ﬁgas
1533 1201 1781 1272 gradum

132 1303 249 1343 non
279 1287 519 1359 reperis.
553 1287 724 1344 Modo
755 1288 913 1344 enim
944 1288 1091 1344 dicis
1121 1305 1156 1344 a
1184 1306 1277 1344 me
1334 1305 1464 1345 esse
1494 1287 1783 1360 composi-

133 1381 274 1445 tam,
306 1392 465 1432 nunc
495 1378 570 1432 ab
600 1394 668 1433 eo
725 1378 797 1433 ad
867 1381 924 1433 te
981 1378 1257 1433 debuisse
1312 1377 1656 1445 transmitti,
1690 1377 1783 1432 cui

132 1465 316 1522 missa
343 1469 452 1523 est.
487 1466 748 1523 Rursum
807 1466 1139 1538 injustitam
1190 1466 1502 1524 scribentis
1533 1468 1732 1540 arguis
1768 1492 1782 1534 ;

131 1555 310 1611 etiam
339 1555 389 1611 si
420 1555 639 1628 scripta
669 1556 745 1612 sit
776 1556 847 1611 ab
880 1555 1001 1622 illo,
1036 1556 1157 1612 sive
1187 1573 1302 1613 non
1353 1556 1591 1629 scripta,
1627 1557 1694 1611 ad
1728 1562 1783 1611 te

129 1643 282 1699 nihil
311 1645 596 1714 pertinere
617 1646 874 1712 testaris,
897 1646 998 1718 qui
1019 1646 1387 1717 przecessoris
1408 1646 1537 1717 ejus
1572 1646 1784 1701 habeas

126 1734 557 1803 testimonium,
576 1739 634 1790 et
663 1738 969 1807 rogantem
1000 1734 1341 1802 Romam,ut
1362 1752 1491 1791 eam
1527 1734 1786 1790 illustra-

128 1838 226 1878 res
254 1823 565 1894 praesentia
592 1829 716 1891 tua,
748 1823 1010 1897 oppiduli
1070 1824 1154 1879 tui
1186 1841 1386 1880 amore
1416 1829 1783 1896 contempse-

127 1911 232 1966 ris.
266 1910 327 1966 Si
356 1927 392 1966 a
420 1926 515 1966 me
544 1911 740 1967 ﬁctam
799 1910 1107 1983 epistolam
1140 1912 1486 1983 suspicaris,
1519 1928 1624 1967 cur
1652 1928 1782 1967 eam
1815 1947 1862 2011 B

123 2001 187 2055 in
218 2000 495 2057 Romane
544 1999 810 2057 Ecclesiae
869 2000 1162 2056 chartario
1219 2018 1334 2056 non
1394 2000 1647 2073 requiris
1680 2004 1787 2056 Put

122 2107 265 2146 cum
297 2089 752 2162 deprehenderis
791 2091 863 2146 ab
924 2089 1199 2162 episcopo
1257 2107 1372 2147 non
1405 2090 1627 2159 datam,
1664 2107 1786 2145 ma-

123 2178 517 2236 nifestissime
544 2178 810 2234 criminis
839 2195 1003 2234 reum
1032 2184 1232 2236 teneas
1264 2197 1277 2233 :
1322 2184 1379 2235 et
1415 2193 1787 2251 nequaquam

123 2283 483 2325 aranearum
505 2266 651 2323 mihi
671 2283 934 2341 Opponas
950 2266 1290 2337 cassiculos,
1328 2268 1428 2323 sed
1464 2267 1788 2323 fortissimo

122 2372 223 2413 me
253 2361 317 2414 et
344 2354 705 2413 solidissimo
737 2356 1109 2429 constringas
1139 2355 1267 2412 reti.
1320 2355 1379 2412 Si
1423 2361 1618 2412 autem
1675 2356 1786 2411 Ro-

122 2447 288 2503 mani
320 2445 580 2519 episcopi
638 2448 747 2512 est,
802 2444 979 2501 stulte
1037 2445 1181 2501 facis
1240 2445 1312 2501 ab
1371 2461 1437 2501 eo
1489 2443 1788 2516 exemplar

121 2533 394 2607 epistolae
426 2536 640 2606 petere,
674 2533 768 2589 cui
800 2533 984 2590 missa
1014 2550 1129 2589 non
1160 2537 1249 2589 est
1278 2537 1319 2600 ³,
1354 2537 1411 2589 et
1440 2552 1555 2590 non
1582 2535 1655 2590 ab
1689 2532 1787 2590 illo

122 2625 229 2697 qui
262 2624 513 2692 miserit,
564 2623 635 2677 de
690 2622 921 2679 Oriente
974 2628 1274 2696 expectare
1334 2624 1784 2693 testimonium;

120 2716 305 2784 cujus
360 2716 659 2769 auctorem
688 2715 745 2768 et
773 2715 982 2769 testem
1040 2712 1259 2768 habeas
1291 2713 1349 2768 in
1381 2713 1593 2768 vicino.
1627 2712 1788 2768 Vade

125 2803 337 2876 potius
394 2802 664 2869 Romam,
696 2805 753 2856 et
782 2817 1037 2874 praesens
1094 2803 1247 2874 apud
1280 2819 1412 2858 eum
1458 2801 1785 2874 expostula,

120 2910 235 2948 cur
262 2891 372 2948 tibi
397 2894 456 2947 et
486 2890 715 2947 absenti
761 2894 819 2946 et
872 2890 1168 2946 innocenti
1229 2891 1427 2947 fecerit
1482 2897 1787 2947 contume-

119 2981 298 3037 liam.
336 2979 622 3046 Primum,
656 2983 720 3033 ut
749 2995 863 3035 non
895 2978 1177 3051 reciperet
1198 2980 1619 3051 expositionem
1652 2981 1787 3036 ﬁdei

119 3075 267 3137 tuae,
303 3085 484 3142 quam
542 3067 756 3135 omnis,
806 3072 872 3122 ut
901 3067 1131 3135 scribis,
1167 3067 1333 3124 Italia
1371 3069 1785 3141 comprobavit,

117 3165 181 3219 et
208 3158 424 3215 baculo
470 3161 703 3213 tuarum
754 3156 839 3213 uti
897 3157 1150 3213 noluerit
1199 3158 1525 3223 litterarum
1587 3163 1789 3214 contra

120 3266 309 3309 canes
338 3252 493 3303 tuos.
516 3245 837 3316 Deinde,ut
865 3246 1144 3320 epistolas
1177 3252 1380 3303 contra
1408 3250 1546 3303 tead
1581 3247 1784 3303 Orien-

117 3342 250 3396 tem
281 3337 545 3395 mitteret
593 3335 919 3393 cauterium
979 3336 1085 3392 tibi
1143 3336 1430 3393 haereseos
1480 3338 1621 3393 dum
1679 3354 1783 3392 ne—
1816 3319 1859 3385 C

117 3428 287 3497 scis,
347 3425 646 3496 inm-cret,
701 3426 1033 3499 diceretque
1090 3425 1270 3482 libros
1335 3426 1603 3499 Origenis
1659 3425 1783 3502 περὶ

110 3519 349 3593 Ἀρχῶν
380 3518 493 3572 ate
521 3514 862 3584 translatos,
893 3520 951 3571 et
998 3517 1253 3590 simplici
1286 3517 1561 3573 Romanae
1593 3517 1786 3575 Eccle-

117 3607 227 3663 siae
260 3606 530 3673 traditos,
563 3609 631 3662 ut
659 3605 791 3662 ﬁdei
819 3604 1122 3662 veritatem
1158 3622 1335 3678 quam
1384 3608 1458 3663 ab
1511 3607 1786 3680 Apostolo

118 3696 484 3763 didicerant,
514 3710 617 3767 per
645 3698 702 3750 te
730 3695 1059 3768 perderent,
1084 3701 1142 3752 et
1174 3713 1291 3769 quo
1322 3696 1427 3752 tibi
1461 3697 1483 3731 ²
1504 3698 1784 3769 majorem

115 3786 353 3843 faceret
393 3784 697 3854 invidiam,
744 3801 926 3842 ausus
975 3785 1052 3840 sit
1099 3784 1397 3841 criminari
1448 3786 1555 3842 hos
1605 3786 1786 3859 ipsos,

114 3872 504 3930 Prafationis
537 3877 650 3929 tua:
682 3874 1019 3932 testimonio
1046 3876 1367 3931 roboratos.
1388 3875 1514 3932 Non
1549 3882 1638 3932 est
1669 3877 1790 3934 leve

112 3963 291 4038 quod
324 3962 488 4019 550
516 3962 624 4018 tibi
654 3963 929 4036 impingit
985 3967 1157 4021 tanta)
1192 3965 1354 4021 urbis
1390 3966 1667 4038 pontifex,
1701 3967 1790 4023 vel

112 4054 200 4109 ab
234 4051 357 4109 alio
386 4051 683 4123 obiectum
743 4057 957 4109 temere
1009 4053 1288 4126 suscepit.
1346 4054 1677 4111 Vociferare
1737 4060 1793 4111 et

116 4141 384 4199 clamita
409 4158 514 4214 per
541 4141 818 4214 compita,
861 4158 964 4214 per
1019 4142 1279 4214 plateas:
1307 4142 1431 4199 Non
1489 4148 1579 4201 est
1626 4161 1793 4201 meus

113 4231 378 4299 liber“;
409 4234 469 4286 et
514 4230 564 4286 si
625 4246 792 4286 meus
848 4234 958 4299 est,
1019 4230 1332 4288 schedulas
1386 4232 1793 4289 inemendatas

114 4320 432 4377 nusebius
462 4318 618 4375 furto
673 4318 938 4376 abstulit.
978 4319 1160 4376 Aliter
1190 4337 1294 4393 ego
1325 4322 1503 4389 edidi,
1537 4322 1656 4378 imo
1688 4339 1793 4378 nec

118 4408 324 4466 edidi.
360 4407 519 4464 Nulli
550 4425 649 4464 eas
676 4408 809 4464 dedi
840 4411 881 4475 ‘,
941 4415 1042 4465 aut
1102 4416 1255 4467 certe
1314 4413 1557 4483 paucis;
1589 4416 1645 4469 et
1675 4416 1793 4468 tam

112 4497 465 4555 sceleratus
500 4497 798 4567 inimicus,
821 4502 941 4554 tam
964 4498 1322 4573 negligentes
1345 4500 1514 4556 amici
1539 4501 1795 4568 fuerunt,

114 4593 195 4645 ut
229 4586 506 4644 omnium
539 4587 768 4644 codices
798 4588 870 4644 ab
900 4605 967 4645 eo
1000 4590 1217 4661 pariter
1245 4588 1611 4647 falsarentur.
1648 4593 1795 4660 Haec,

108 4679 324 4735 frater
357 4676 722 4745 charissime,
756 4676 942 4734 facere
995 4678 1304 4750 debueras,
1336 4684 1394 4735 et
1424 4698 1538 4737 non
1573 4680 1657 4735 illi
1684 4685 1799 4736 ter-
1832 4700 1877 4765 Ι)

111 4782 286 4841 gum
318 4765 651 4834 obverlens,
684 4766 743 4822 in
773 4783 864 4823 me
897 4768 1322 4825 transmaniras
1354 4769 1794 4827 maledictorum

116 4861 394 4912 tuorum
445 4855 691 4928 sagittas
746 4855 1016 4929 dirigere.
1076 4857 1222 4923 Quid
1271 4858 1426 4915 enim
1459 4858 1799 4916 vulneribus

215 5000 233 5034 ³
274 4997 479 5054 Malim
512 4998 1039 5073 equidemgabsque
1064 5002 1314 5073 negandi
1345 5002 1652 5073 particula,
1711 5004 1805 5058 cui

112 5073 320 5128 missa
351 5079 429 5125 est
460 5086 474 5126 :
509 5070 721 5144 nempe
748 5070 815 5126 ab
846 5070 1029 5139 60,ἀά
1057 5088 1115 5127 se
1144 5070 1421 5129 'dcbuisse
1477 5070 1801 5141 transiuitti,

104 5145 235 5201 caci
307 5144 478 5197 missa
538 5149 641 5212 est,
702 5143 950 5199 Ruﬁnus
1027 5145 1437 5212 contendebat,
1496 5146 1718 5202 scilicet
1772 5163 1805 5202 a

120 5217 406 5273 Joanne.
466 5213 1138 5287 Hieronymusrcontra,
1208 5217 1374 5273 stulte
1429 5218 1593 5273 illum
1641 5218 1803 5284 dicit,

114 5293 342 5360 petere
390 5286 677 5360 exemplar
703 5286 939 5360 epistola
968 5287 1035 5342 ab
1059 5303 1138 5353 eo,
1169 5289 1261 5342 cui
1280 5290 1447 5344 missa
1492 5291 1584 5358 sit,
1615 5293 1668 5345 et
1695 5306 1806 5345 non

120 5357 218 5417 ab
250 5358 377 5425 illo,
409 5359 507 5428 qui
531 5357 764 5422 miserit,
797 5357 1015 5413 scilicet
1058 5360 1389 5416 Anastasio.
1423 5357 1577 5416 Nihil
1608 5365 1808 5417 tamen

120 5434 377 5489 absque
412 5445 554 5484 mss.
581 5428 849 5485 immuto.

224 5502 248 5535 ²
279 5501 658 5557 Martianazus
690 5506 821 5573 post
848 5501 1183 5566 Erasmum,
1225 5511 1274 5557 et
1306 5502 1445 5574 quod
1475 5504 1573 5558 tibi
1622 5522 1644 5557 .·

122 5589 269 5633 nus
297 5577 473 5629 recte.

226 5645 250 5679 ³
275 5644 457 5700 Vetus
489 5643 631 5698 edit.
668 5647 795 5716 turn
826 5641 1049 5714 aliquot
1079 5660 1258 5716 penes
1288 5644 1503 5716 Victor.
1534 5661 1677 5702 mss.
1700 5661 1813 5702 non

127 5718 238 5777 est
262 5731 436 5798 nisus,
468 5731 582 5798 non
610 5722 691 5770 est
716 5715 873 5798 liter,
905 5719 1055 5798 etc.,_
1074 5715 1251 5790 quam
1301 5715 1702 5790 repetitionem
1733 5715 1815 5775 ob

127 5785 495 5867 emphasim
525 5785 826 5863 impendio
856 5785 1085 5864 probat.

1700 5502 1809 5557 mi-

1898 663 2047 717 tium
2081 663 2343 734 percussi
2402 663 2658 719 amicum
2708 669 2796 719 est
2827 680 3023 719 secum
3071 663 3265 720 videre
3297 665 3548 722 morien-

1895 756 2011 806 tem
2042 751 2070 805 ‘?

1964 842 2053 895 21.
2089 840 2281 897 Siricii
2332 843 2458 913 jam
2516 841 2575 897 in
2632 842 2879 899 Domino
2933 843 3281 899 dormientis
3322 836 3549 917 profers

1893 929 2225 1001 epistolam,
2258 935 2313 985 et
2341 930 2589 986 viventis
2630 932 2923 987 Anastasii
2984 932 3138 987 dicta
3193 931 3543 988 contemnis.

1894 1018 2042 1083 Quid
2085 1019 2241 1073 enim
2283 1019 2409 1087 tibi,
2453 1025 2516 1075 ut
2555 1020 2662 1089 ais,
2712 1022 2943 1077 ofﬁcere
3000 1026 3213 1094 potest,
3272 1022 3429 1093 quod
3488 1028 3546 1077 te

1894 1106 2219 1180 ignorante,
2253 1113 2356 1164 aut
2377 1109 2630 1181 scripsit,
2665 1115 2767 1166 aut
2797 1111 2943 1166 forte
2968 1127 3084 1166 non
3133 1110 3370 1182 scripsit
3400 1115 3422 1166 Ρ
3478 1111 3548 1166 Et

1896 1195 1946 1252 si
1979 1197 2234 1268 scripsit,
2272 1198 2493 1253 sufﬁcit
2524 1199 2627 1254 tibi
2656 1198 2836 1255 totius
2895 1199 3054 1255 orbis
3112 1192 3547 1270 testimonium,

1894 1287 2049 1358 quod
2110 1286 2257 1341 nulli
2308 1304 2509 1343 verum
2538 1288 2787 1353 videtur,
2820 1293 2884 1344 ut
2914 1293 3089 1343 tantae
3128 1289 3294 1344 urbis
3351 1306 3546 1346 sacer-

1895 1375 2022 1443 dos,
2054 1374 2144 1430 vel
2200 1375 2496 1432 innocenti
2554 1377 2833 1448 injuriam
2893 1378 3078 1433 facere
3125 1378 3402 1449 potuerit,
3460 1378 3549 1435 vel

1895 1464 2145 1519 absenti.
2178 1464 2546 1522 Innocentem
2579 1471 2636 1521 te
2666 1484 2859 1534 vocas,
2894 1468 2962 1521 ad
2996 1468 3165 1539 cujus
3197 1462 3551 1539 interpreta-

1894 1552 2111 1608 iionem
2146 1553 2328 1609 Roma
2358 1554 2747 1623 contremuit;
2810 1556 3136 1624 absentem,
3170 1556 3271 1628 qui
3307 1573 3555 1614 accusa-

1894 1644 1990 1697 tus
2024 1643 2373 1714 respondere
2432 1660 2546 1698 non
2606 1646 2807 1700 audes.
2870 1645 2937 1699 Et
2980 1648 3213 1700 tantum
3272 1646 3548 1701 Romanis

1896 1731 2061 1787 urbis
2085 1732 2377 1803 judicium
2410 1732 2583 1804 fugis,
2613 1737 2679 1787 ut
2718 1732 2905 1803 magis
2936 1733 3300 1789 obsidionem
3343 1734 3553 1790 barba-

1895 1820 2077 1877 ricam
2109 1821 2148 1887 5,
2175 1838 2353 1892 quam
2386 1826 2603 1893 pacatae
2627 1822 2789 1877 urbis
2811 1821 2951 1878 velis
2984 1822 3338 1878 sententiam
3373 1822 3559 1879 susti-

1897 1926 2052 1966 nere.
2088 1910 2246 1976 Esto,
2278 1911 2555 1982 praeteriti
2587 1912 2725 1967 anni
2756 1928 2862 1984 ego
2909 1911 3217 1983 epistolam
3264 1912 3555 1968 ﬁnxerim.

1900 2000 2170 2055 Recentia
2201 2001 2272 2054 ad
2305 1999 2599 2057 Orientem
2631 2001 2850 2073 scripta
2881 2001 3015 2073 quis
3053 2001 3215 2057 misit
3248 2001 3276 2056 ‘P
3331 2001 3389 2056 in
3423 2001 3558 2073 qui-

1898 2089 2010 2145 bus
2068 2106 2217 2161 papa
2276 2091 2617 2147 Anastasius
2675 2091 2697 2125 ⁸
2731 2090 2908 2146 tantis
2957 2095 3013 2146 te
3073 2096 3242 2147 ornat
3290 2091 3558 2159 ﬂoribus,

1899 2184 1963 2232 ut
1992 2194 2126 2233 cum
2159 2196 2227 2233 ea
2254 2178 2488 2251 legeris,
2529 2180 2719 2251 magis
2751 2184 2806 2234 te
2834 2179 2980 2235 velle
3038 2180 3348 2236 defendere
3407 2180 3557 2236 inci-

1898 2267 2048 2340 pias,
2083 2285 2259 2340 quam
2291 2285 2407 2324 non
2430 2285 2725 2325 accusare.
2750 2268 3050 2341 Simulque
3069 2269 3375 2326 considera
3393 2268 3561 2325 illam

1896 2356 2307 2412 inimitabilem
2363 2358 2737 2428 prudentiam
2799 2366 2981 2427 luam,
3014 2366 3067 2413 et
3124 2356 3279 2413 sales
3306 2358 3555 2424 Atticos,

1898 2449 1955 2499 et
2012 2445 2201 2501 sancti
2258 2444 2474 2516 eloquii
2505 2450 2895 2502 venustatem.
2956 2447 3040 2501 Ab
3073 2445 3207 2502 aliis
3261 2445 3556 2519 appeteris

1899 2533 2146 2590 aliorum
2175 2535 2580 2590 criminatione
2601 2535 2953 2603 confoderis,
2974 2540 3031 2590 et
3051 2540 3256 2592 contra
3287 2552 3379 2590 me
3410 2536 3556 2590 furi-

1898 2624 2135 2679 bundus
2157 2624 2423 2695 jactaris,
2454 2628 2511 2679 et
2540 2624 2819 2696 loqueris,
2853 2646 2880 2674 ‹‹
2912 2625 3188 2696 Nunquid
3223 2626 3281 2680 et
3302 2641 3407 2698 ego
3439 2642 3557 2681 non

1900 2729 2141 2785 possum
2170 2717 2529 2781 enarrare,tu
2565 2715 2860 2785 quomodo
2890 2715 2960 2770 de
2990 2714 3142 2770 Urbe
3170 2714 3559 2771 discesseris?

1900 2802 2041 2874 quid
2074 2803 2145 2858 de
2176 2809 2232 2858 te
2262 2803 2321 2858 in
2350 2803 2622 2876 praesenti
2647 2803 2979 2875 judicatum
3014 2804 3141 2860 sit?
3180 2804 3322 2876 quid
3353 2805 3558 2876 postea

1898 2893 2207 2964 scriptum,
2233 2893 2680 2965 quidjuraveris
2704 2896 2727 2947 Ρ
2754 2893 2855 2950 ubi
2880 2893 3074 2949 navim
3093 2895 3510 2951 conscenderis
3536 2899 3560 2951 Ρ

1898 2999 2076 3059 quam
2108 2988 2308 3039 sancte
2338 2983 2660 3054 perjurium
2702 2982 2972 3039 vitaveris
3008 2983 3036 3037 ‘I
3083 2983 3351 3039 Poteram
3406 3001 3551 3056 pan-

1899 3072 2166 3141 dere,sed
2197 3072 2369 3145 plura
2396 3088 2625 3127 servare
2657 3073 3045 3143 statui,quam
3081 3072 3320 3127 referre.
3358 3096 3385 3119 »
3416 3074 3546 3128 Haec

1899 3166 2042 3221 55]
2083 3166 2222 3217 sunt
2246 3164 2483 3216 tuorum
2540 3165 2886 3216 ornamenta
2940 3160 3269 3215 verborum.
3316 3162 3382 3216 Et
3412 3168 3547 3233 post

1896 3254 2009 3310 ista
2042 3253 2091 3308 si
2131 3250 2273 3322 quid
2327 3250 2386 3305 in
2444 3253 2501 3305 te
2553 3265 2823 3320 asperum
2873 3248 3091 3317 dixero,
3140 3249 3338 3305 statim
3398 3251 3544 3306 mihi

1894 3341 2376 3417 proscriptionem
2407 3344 2461 3394 et
2492 3338 2718 3411 gladios
2775 3338 3172 3395 comminaris.
3206 3340 3275 3395 Et
3302 3339 3540 3397 interim

1894 3433 2069 3489 homo
2096 3428 2614 3501 eloquentissimus
2672 3431 2795 3483 arte
2826 3426 2981 3483 ludis
3012 3427 3320 3494 rhetorica,
3370 3434 3429 3485 et
3458 3430 3544 3487 si-

1897 3520 2090 3578 mulas
2119 3524 2174 3575 te
2206 3518 2497 3591 praeterire
2548 3534 2675 3589 quae
2725 3517 2890 3586 dicis,
2924 3522 2991 3573 ut
3020 3519 3120 3588 qui
3152 3519 3380 3589 objecta
3410 3536 3542 3592 pro-

1896 3613 2034 3667 bare
2067 3626 2180 3665 non
2211 3613 2465 3680 poteras,
2508 3606 2678 3679 quasi
2708 3607 3104 3679 praetermissa
3134 3608 3311 3662 facias
3342 3607 3546 3663 crimi-

1898 3718 2061 3757 nosa.
2122 3698 2253 3754 Haec
2310 3700 2398 3753 est
2428 3700 2529 3751 tua
2584 3700 2706 3751 tota
2762 3698 2780 3730 ⁷
2840 3695 3154 3768 simplitas,
3213 3697 3297 3752 sic
3359 3697 3548 3752 amico

1898 3789 2112 3864 parcis,
2144 3792 2200 3843 et
2229 3802 2489 3842 reservas
2529 3789 2583 3840 te
2642 3785 2713 3839 ad
2767 3784 3087 3840 tribunalia
3136 3784 3426 3854 judicum,
3486 3788 3553 3840 ut

1900 3894 2168 3936 acervum
2196 3875 2512 3931 criminum
2546 3872 2714 3939 mihi,
2746 3874 2888 3928 dum
2920 3872 3132 3944 parcis,
3172 3873 3477 3944 objeceris.

1970 3970 2059 4021 22.
2098 3966 2244 4022 Ordo
2269 3964 2627 4035 profectionis
2681 3963 3017 4033 Hieronymi
3066 3961 3130 4016 de
3164 3962 3330 4018 Urbe;
3354 3994 3422 4001 —
3452 3962 3553 4018 Vis

1903 4073 2077 4113 nosse
2109 4052 2481 4127 profectionis
2523 4067 2662 4106 meae
2721 4051 2794 4105 de
2851 4049 3004 4105 Urbe
3065 4050 3381 4106 ordinem?
3409 4051 3555 4107 Nar-

1902 4147 2042 4202 rabo
2076 4144 2343 4200 breviter.
2400 4141 2596 4196 Mense
2652 4144 2938 4211 Augusto,
2992 4139 3272 4196 ﬂantibus
3329 4141 3553 4209 etesiis,

1904 4252 2036 4291 cum
2067 4240 2268 4289 sancto
2305 4230 2606 4286 Vincentio
2654 4230 3009 4302 presbytero,
3073 4234 3132 4285 et
3188 4229 3556 4287 adolescente

1904 4325 2100 4391 fratre,
2132 4325 2188 4377 et
2217 4320 2347 4376 aliis
2388 4318 2713 4387 monachis,
2773 4318 2875 4391 qui
2931 4336 3087 4374 nunc
3145 4318 3556 4392 Hierosolyma:

1905 4416 2363 4472 commorantur,
2425 4409 2618 4464 navim
2675 4409 2733 4462 in
2791 4409 3053 4465 Romano
3089 4414 3261 4481 portu
3312 4425 3557 4465 securus

1906 4500 2166 4568 ascendi,
2200 4499 2455 4555 maxima
2504 4515 2595 4552 me
2655 4502 2993 4553 sanctorum
3047 4497 3371 4569 frequentia
3426 4514 3557 4568 pro-

1907 4594 2211 4664 sequente.
2246 4587 2389 4643 Veni
2424 4586 2734 4659 Rhegium,
2796 4586 2855 4641 in
2896 4585 3136 4659 Scyllaeo
3193 4585 3385 4641 littore
3416 4602 3562 4657 pau-

1907 4680 2096 4738 lulum
2131 4678 2285 4745 steti,
2320 4676 2419 4732 ubi
2470 4683 2692 4731 veteres
2758 4675 2936 4731 didici
2995 4674 3245 4742 fabulas,
3300 4679 3358 4730 et
3415 4689 3562 4746 prm-

1909 4769 2144 4843 cipitem
2176 4766 2413 4840 pellacis
2462 4766 2567 4837 [AL
2602 4764 2833 4835 fallicis]
2892 4764 3118 4837 Ulyssis
3176 4779 3441 4831 cursum,
3503 4765 3561 4818 et

1907 4858 2256 4915 sirenarium
2284 4855 2597 4923 cantica,et
2626 4853 3020 4911 insatiabilem
3051 4852 3378 4925 Charybdis
3405 4866 3568 4907 vora-

1983 5004 2004 5037 ⁴
2035 5000 2202 5057 Falso
2234 5005 2290 5056 et
2318 5004 2520 5055 contra
2550 4998 2781 5054 Hieron.
2805 5014 2870 5053 ac
2902 4997 3096 5053 Ruﬁni
3133 5000 3391 5051 mentem
3423 4998 3570 5048 Mar-

1911 5075 2159 5130 tianzeus
2193 5074 2296 5130 Uni
2324 5089 2415 5127 eas
2473 5071 2619 5135 dedi,
2650 5076 2758 5126 etc.
2792 5074 2911 5124 Hoc
2963 5069 3213 5123 maxime
3245 5071 3413 5138 urget
3441 5069 3566 5138 tota

1914 5144 2303 5223 _sua_e_pistola
2334 5144 2635 5223 presbyter
2663 5142 3074 5223 Aquileiensis,
3130 5137 3570 5223 quodschedu-

1917 5217 2004 5274 las
2036 5211 2165 5272 ill-as
2224 5211 2351 5271 suae
2401 5211 2835 5286 interpretionis
2894 5215 2988 5268 aut
3044 5213 3233 5286 nullus
3285 5211 3571 5286 habuerat,

1915 5294 2015 5346 aut
2046 5288 2347 5345 admodum
2374 5281 2737 5359 pauciCVide
2769 5301 2947 5356 supra
2977 5300 3140 5339 num.
3182 5284 3216 5337 3
3273 5287 3332 5338 et
3362 5281 3571 5337 subse-

1920 5365 2427 5514 §u5e$rifit£3tionem
2459 5428 2697 5514 ,ἔξιθι-ἰοί
2729 5444 2863 5483 cum
2917 5426 3123 5483 Gothis
3155 5426 3213 5481 in
3248 5424 3473 5481 Italiam
3503 5440 3574 5481 ex

1919 5503 2185 5575 Aquileia
2214 5502 2284 5557 ad
2319 5519 2413 5555 an.
2447 5502 2571 5554 401.

1991 5575 2289 5656 ίξᾸΞςληθῐῐὶ
2322 5588 2437 5627 non
2492 5570 2626 5625 tulit
2680 5570 2880 5625 isthaec
2919 5568 3213 5625 Anastasii
3255 5569 3326 5624 de
3365 5568 3574 5624 Ruﬁno

1924 5645 2304 5775 Θρξεξῖοέξιοια
2332 5731 2400 5773 ex
2449 5710 2626 5773 veteri
2654 5690 2794 5773 edit.
2828 5718 2885 5772 et
2934 5711 3189 5771 Victorio
3237 5710 3571 5787 suppletur.
