3958 6460
402 436 525 503 m

1641 438 1707 498 S.
1750 436 2059 501 EUSEBII
2103 438 2571 502 HIERONYMI.

3694 434 3815 497 496

400 570 621 643 ginem.
676 569 940 641 Cumque
997 567 1141 624 mihi
1201 568 1407 625 accolas
1481 568 1641 625 illius
1699 569 1807 625 loci
1867 569 2056 626 multa
2089 576 2140 640 Α
2170 572 2360 643 phitcs
2386 591 2398 639 ;
2428 572 2522 627 hic
2547 573 2647 644 qui
2682 588 2780 628 sex
2809 572 2995 627 millia
3022 568 3289 643 Origenis
3318 570 3519 639 libros,
3578 572 3637 626 te
3667 585 3813 642 prie-

410 661 735 725 narrarent,
769 658 1092 729 darentque
1124 657 1455 726 consilium,
1490 663 1556 713 ut
1613 676 1726 713 non
1760 659 1829 714 ad
1864 659 2051 715 Protei

410 748 736 814 columnas,
767 748 867 803 sed
901 747 972 802 ad
1002 746 1160 802 Jonaa
1193 751 1423 819 portum
1468 747 1797 819 navigarem
1836 765 1849 803 :
1885 748 2052 803 illum

409 837 564 899 enim
619 835 972 909 fugientium
1011 840 1067 890 et
1126 836 1493 891 turbatorum
1554 837 1592 906 ¹,
1651 836 1807 892 hunc
1864 836 2053 892 securi

407 925 669 985 hominis
693 941 824 982 esse
850 941 1116 992 cursum,
1149 924 1327 980 malui
1359 941 1460 996 per
1518 923 1734 981 Maleas
1764 930 1821 981 et
1850 926 2054 998 Cycla-

406 1016 510 1075 das
539 1016 792 1088 Cyprum
827 1030 1086 1087 pergere.
1122 1013 1227 1069 Ubi
1283 1018 1589 1085 susceptus
1646 1031 1679 1069 a
1734 1014 2050 1070 venerabili

403 1105 678 1179 episcopo
725 1104 1072 1177 Epiphanio,
1105 1103 1273 1174 cujus
1304 1108 1366 1157 tu
1398 1103 1730 1158 testimonio
1763 1103 2053 1175 gloriaris,

405 1193 537 1251 veni
567 1191 963 1259 Antiochiam,
1024 1192 1120 1247 ubi
1180 1192 1394 1248 fruitus
1453 1209 1586 1248 sum
1644 1192 2055 1248 communione

413 1281 705 1356 pontificis
735 1281 1198 1352 confessorisque
1230 1281 1480 1349 Paulini,
1539 1286 1596 1337 et
1643 1282 1926 1337 deductus
1985 1284 2053 1336 [ιιι

414 1388 482 1429 eo
539 1371 731 1431 media
783 1370 976 1425 hieme
1033 1374 1089 1426 et
1136 1369 1347 1441 frigore
1422 1369 1789 1441 gravissimo,
1846 1370 2057 1425 intravi

410 1458 890 1534 Hierosolymam.
952 1459 1085 1513 Vidi
1144 1459 1331 1514 multa
1416 1459 1745 1527 miracula;
1804 1464 1862 1515 et
1929 1477 2057 1531 quas

408 1549 574 1623 prius
638 1550 711 1607 ad
769 1565 862 1607 me
894 1549 1050 1604 fama
1106 1547 1445 1620 pertulerat,
1478 1547 1781 1604 oculorum
1833 1549 2056 1618 judicio

405 1638 796 1712 comprobavi.
858 1638 999 1695 Inde
1056 1637 1325 1695 contendi
1410 1638 1737 1710 :Egyptum,
1814 1638 2055 1693 lustravi

408 1727 765 1788 monasteria
810 1727 1027 1795 Nitriae,
1088 1731 1145 1783 et
1212 1727 1364 1783 inter
1438 1732 1775 1783 sanctorum
1852 1727 2057 1782 choros

408 1818 644 1892 aspides
674 1817 854 1875 latere
912 1816 1199 1889 perspexi.
1235 1816 1506 1871 Protinus
1563 1817 1788 1871 concito
1874 1817 2056 1888 gradu

410 1909 683 1967 Betheem
717 1923 906 1965 meam
940 1900 1206 1963 reversus
1253 1923 1406 1973 sum,
1469 1906 1567 1961 ubi
1626 1906 1859 1961 odorari
1916 1923 2057 1977 prac-
2094 1949 2139 2013 Β

410 2014 550 2069 sepe
579 2000 639 2054 et
666 1994 1025 2054 incunabula
1053 1994 1394 2051 Salvatoris.
1450 1994 1582 2050 Vidi
1614 2012 1845 2066 quoque
1878 1996 2059 2049 famo-

410 2086 715 2144 sissimum
751 2084 1101 2154 lacum,’nec
1134 2101 1227 2140 me
1256 2084 1428 2139 inerti
1486 2084 1699 2139 tradidi
1734 2085 1848 2139 otio
1886 2110 1899 2151 ;
1959 2084 2059 2139 sed

410 2177 602 2236 multa
629 2177 828 2243 didici,
862 2192 989 2248 quia
1020 2179 1153 2232 ante
1186 2174 1537 2230 nesciebam.
1583 2173 1730 2238 Quid
1763 2177 1959 2227 autem
1992 2173 2061 2227 de

412 2284 506 2326 me
536 2268 731 2324 Romae
753 2266 1086 2338 judicatum
1118 2265 1216 2332 sit,
1250 2268 1307 2319 et
1340 2262 1475 2335 quid
1520 2268 1721 2335 postea
1752 2262 2058 2333 scriptum,

411 2356 547 2415 noto
575 2361 793 2425 taceas,
851 2354 1173 2427 prmsertim
1230 2369 1366 2408 cum
1397 2353 1613 2408 habeas
1658 2352 2061 2407 testimonium

412 2447 520 2518 [AL
548 2444 905 2515 testimonio]
964 2443 1413 2515 scripturarum,
1474 2446 1531 2497 et
1587 2458 1692 2513 ego
1725 2458 1836 2495 non
1870 2441 2063 2496 verbis

414 2535 532 2592 tuis
563 2551 691 2606 qua:
710 2532 992 2591 simulare
1015 2538 1200 2605 potes,
1256 2537 1313 2587 et
1336 2531 1625 2603 impunito
1659 2532 1882 2601 jactare
1908 2546 2066 2585 men-

420 2625 608 2693 dacio,
640 2623 741 2679 sed
775 2622 1013 2695 scriptis
1070 2622 1222 2679 552
1274 2620 1681 2676 ecclesiasticis
1729 2620 2063 2690 arguendus

421 2711 558 2769 sim.
588 2711 731 2768 Vide
787 2714 1074 2782 quantum
1131 2714 1187 2765 te
1242 2709 1503 2765 timeam.
1566 2709 1624 2763 Si
1684 2710 1773 2763 vel
1826 2724 2063 2779 parvam

420 2798 764 2858 schedulam
795 2803 999 2855 contra
1028 2814 1124 2854 me
1180 2797 1425 2853 Romani
1458 2796 1734 2869 episcopi,
1790 2800 1893 2851 aut
1922 2795 2064 2850 alte-

415 2890 542 2947 rius
571 2887 841 2947 Ecclesizs
870 2886 1207 2961 protuleris,
1265 2885 1464 2943 omnia
1492 2903 1619 2957 quae
1676 2884 1734 2940 in
1764 2890 1819 2941 te
1850 2885 2068 2957 scripta

413 2984 575 3050 sunt,
637 2995 769 3036 mea
823 2976 1071 3034 crimina
1124 2975 1463 3032 conﬁtebor.
1514 2974 1789 3046 Nunquid
1851 2978 1906 3029 et
1960 2991 2065 3045 ego

412 3087 527 3128 non
562 3086 797 3142 possem
830 3066 1247 3141 profectionem
1274 3070 1437 3120 tuam
1497 3066 1782 3119 discutere
1817 3066 1839 3118 Ρ
1896 3065 2065 3135 cujus

418 3158 609 3221 atatis
636 3157 841 3222 fueris,
874 3156 1048 3223 unde,
1084 3171 1198 3227 quo
1254 3159 1517 3226 tempore
1560 3152 1851 3224 navigaris
1881 3153 1909 3207 ‘2
1966 3153 2065 3208 ubi

416 3248 627 3307 Vixeris
656 3252 680 3305 Ρ
709 3247 926 3320 quibus
954 3245 1291 3301 interfueris
1315 3244 1342 3299 ?
1374 3244 1483 3299 Sed
1516 3243 1691 3310 absit,
1725 3246 1791 3298 ut
1822 3242 1974 3314 quod
2008 3243 2066 3298 in

2163 667 2346 726 sonte,
2389 662 2702 729 cantavit;
2769 662 2867 734 qui
2932 662 3195 717 omnium
3264 660 3527 733 gentium
3597 658 3815 733 linguis

2162 750 2629 822 przedicationem
2689 752 2799 806 sibi
2860 755 3063 806 contra
3118 750 3430 822 Origenem
3486 748 3817 821 injunctam

2162 843 2363 923 putqt;
2397 840 2495 911 qui
2530 840 2656 895 ideo
2691 856 2823 894 eum
2890 840 3002 912 legi
3036 840 3321 912 prohibet,
3380 856 3452 894 nc
3509 838 3608 894 alii
3689 839 3819 909 ejus

2163 929 2319 982 furta
2404 936 2778 1001 cognoscant.
2867 953 2893 978 ››
2980 930 3125 1001 Lege
3211 928 3429 1000 scripta
3484 932 3591 983 tua
3650 971 3666 997 ,
3761 930 3819 983 et

2163 1017 2469 1089 epistolam
2502 1019 2631 1088 ejus
2665 1018 2780 1072 imo
2814 1017 3113 1089 epistolas,
3145 1033 3175 1073 e
3205 1018 3418 1089 quibus
3464 1033 3652 1073 unum
3685 1032 3818 1089 pro-

2166 1106 2346 1161 feram
2396 1111 2505 1161 tua:
2566 1107 2696 1161 fidei
2758 1106 3186 1169 testimonium,
3236 1110 3302 1161 ut
3354 1122 3467 1163 non
3518 1105 3817 1161 immerito

2166 1210 2322 1249 nunc
2379 1212 2413 1249 a
2464 1200 2519 1250 te
2578 1195 2851 1250 laudatus
2896 1213 3024 1251 esse
3080 1196 3365 1251 videatur.
3419 1216 3447 1245 κ
3479 1196 3559 1251 Te
3591 1200 3818 1262 autem,

2164 1284 2361 1349 frater,
2392 1284 2596 1339 liberet
2626 1285 2798 1350 Deus,
2833 1292 2887 1339 et
2945 1288 3214 1340 sanctum
3247 1284 3529 1357 populum
3567 1284 3818 1351 Christi,

2166 1374 2266 1445 qui
2300 1372 2401 1428 tibi
2434 1374 2690 1429 creditus
2721 1382 2832 1441 est,
2865 1379 2923 1428 et
2954 1390 3160 1430 omnes
3210 1374 3420 1430 fratres
3479 1374 3581 1446 qui
3625 1376 3820 1430 tecum

2167 1468 2328 1525 sunt,
2362 1467 2420 1517 et
2451 1463 2701 1517 maxime
2734 1463 3010 1518 Ruﬁnum
3054 1464 3478 1535 presbyterum,
3508 1464 3582 1518 ab
3613 1461 3820 1519 haeresi

2169 1550 2456 1622 Origenis,
2490 1556 2546 1605 et
2577 1551 2706 1605 aliis
2764 1552 3109 1622 haeresibus,
3154 1559 3210 1607 et
3240 1552 3563 1624 perditione
3594 1566 3818 1608 earum.

2168 1640 2225 1695 Si
2260 1640 2416 1695 enim
2449 1645 2685 1711 propter
2716 1658 2900 1697 unum
2933 1642 3197 1705 verbum,
3229 1645 3331 1697 aut
3360 1642 3497 1710 duo,
3524 1658 3652 1713 qua:
3684 1658 3819 1697 con-

2168 1730 2346 1784 traria
2380 1730 2509 1783 ﬁdei
2545 1734 2703 1795 sunt,
2768 1729 2965 1785 multm
3000 1731 3246 1786 haereses
3278 1731 3517 1801 objectis
3575 1735 3720 1786 sunt
3750 1730 3823 1785 ab

2170 1818 2444 1886 Ecclesia,
2479 1823 2697 1890 quanto
2732 1819 2919 1891 magis
2979 1819 3070 1874 hic
3128 1820 3279 1875 inter
3310 1820 3612 1874 haereticos
3641 1819 3821 1874 babe-

2170 1908 2349 1972 bitur,
2382 1909 2480 1979 qui
2516 1913 2709 1963 tantas
2743 1908 3170 1979 perversitates,
3231 1908 3382 1964 558
3429 1913 3486 1963 et
3514 1913 3634 1963 tam
3666 1906 3828 1963 mala

2173 1996 2446 2067 dogmata
2485 2000 2687 2051 contra
2749 1997 2922 2052 ﬁdem
2964 1998 3286 2067 adinveuit,
3372 1996 3473 2052 Dei
3554 1996 3826 2052 Ecclesia

2172 2085 2357 2139 hostis
2388 2084 2647 2139 exstitit!
2686 2108 2712 2134 »
2745 2085 2873 2141 Hazc
2932 2091 3021 2141 est
3075 2086 3181 2141 viri
3238 2087 3422 2141 sancti
3473 2088 3542 2141 de
3571 2090 3629 2141 te
3659 2085 3825 2141 testi-

2176 2174 2367 2229 ficatio
2402 2192 2415 2229 :
2450 2175 2533 2230 sic
2564 2176 2635 2229 ab
2667 2192 2733 2230 eo
2781 2180 3047 2246 ornatus,
3106 2176 3190 2229 sic
3250 2175 3522 2231 laudatus
3577 2175 3823 2231 incedis.

2174 2266 2259 2319 Ita
2288 2268 2375 2319 est
2404 2264 2649 2335 epistola
2678 2266 2718 2329 ³,
2754 2282 2932 2336 quam
2964 2266 3035 2319 de
3064 2264 3335 2319 cubiculo
3367 2265 3562 2320 fratris
3586 2263 3826 2319 Eusebii

2174 2353 2433 2408 nummis
2487 2354 2678 2408 aureis
2738 2355 3085 2425 produxisti,
3145 2358 3210 2408 ut
3256 2352 3823 2409 calumniarerisin-

2172 2447 2504 2514 terpretcm,
2530 2448 2585 2497 et
2608 2460 2697 2498 me
2720 2444 3073 2514 apertissimi
3100 2449 3323 2499 teneres
3345 2442 3611 2500 criminis
3633 2458 3824 2510 reum,

2175 2549 2354 2603 quare
2399 2549 2502 2603 pro
2553 2533 2864 2587 honorabili
2918 2534 3307 2587 charissimam
3362 2531 3824 2589 transtulissem.

2176 2622 2285 2676 Sed
2320 2620 2460 2693 quid
2489 2622 2557 2676 ad
2592 2626 2672 2689 te,
2705 2622 2803 2693 qui
2838 2622 3110 2694 prudenti
3168 2621 3411 2677 consilio
3442 2625 3651 2677 cuncta
3705 2637 3831 2677 mo-

2176 2710 2427 2777 dcraris,
2456 2714 2513 2765 ct
2564 2710 2645 2765 sic
2679 2711 2908 2767 medius
2947 2712 3188 2783 incedis,
3222 2716 3288 2767 ut
3327 2710 3377 2767 si
3404 2710 3694 2767 inveneris
3726 2709 3832 2782 qui

2175 2799 2279 2854 tibi
2338 2801 2597 2867 credant,
2659 2817 2763 2856 nec
2820 2801 3166 2857 Anastasius
3223 2805 3425 2857 contra
3453 2805 3532 2866 te,
3565 2816 3669 2857 nec
3699 2800 3833 2872 Epi-

2178 2888 2427 2959 phanius
2467 2888 2806 2960 scripserint
2841 2907 2852 2944 :
2888 2890 2999 2944 nisi
3033 2890 3172 2962 ipsa;
3231 2889 3485 2962 epistolae
3544 2889 3832 2945 reclama-

2176 2976 2381 3043 verint,
2415 2981 2470 3032 et
2502 2977 2779 3049 fregerint
2808 2982 2918 3032 tua:
2979 2979 3188 3034 frontis
3244 2979 3576 3046 audaciam,
3625 2977 3833 3034 statim

2168 3066 2462 3137 judicium
2494 3068 2800 3138 utriusque
2831 3072 3195 3133 contemnas,
3255 3072 3310 3122 et
3357 3085 3473 3123 non
3505 3069 3575 3123 ad
3611 3071 3666 3123 te
3694 3082 3833 3139 per-

2178 3157 2379 3222 tineat,
2430 3156 2547 3211 sive
2598 3156 2960 3227 scripserint,
2994 3156 3113 3212 sive
3146 3173 3260 3212 non
3293 3156 3655 3228 scripserint,
3687 3154 3835 3228 quia

2176 3245 2245 3300 de
2306 3246 2611 3300 innocente
2659 3251 2715 3300 et
2762 3246 3002 3301 absente
3050 3245 3303 3301 scribere
3356 3262 3468 3300 non
3531 3245 3836 3316 potuerint

419 3342 479 3395 te
506 3336 888 3410 reprehendo,
947 3334 1157 3391 faciam
1192 3350 1204 3389 :
1238 3337 1296 3390 et
1324 3333 1385 3388 in
1415 3332 1807 3389 ecclesiastica
1865 3331 2066 3402 dispu-
2099 3321 2142 3388 C
2182 3335 2300 3404 [.41.
2336 3336 2664 3405 potuerant}
2698 3334 2724 3389 7
2756 3334 2869 3389 Nec
2901 3334 2959 3389 in
2992 3338 3259 3389 sanctum
3300 3334 3485 3389 virum
3518 3334 3639 3389 haec
3669 3333 3833 3391 mala

425 3426 663 3493 tatione,
705 3424 951 3481 anilium
998 3422 1331 3496 jurgiorum
1390 3422 1776 3478 deliramenta
1808 3420 2068 3491 compin-

426 3532 585 3591 gam.
618 3519 737 3575 Hoc
790 3513 984 3570 solum
1014 3514 1334 3585 prudentia:
1387 3516 1500 3567 tua;
1532 3511 1748 3566 dixisse
1794 3509 2068 3576 sutiiriat,

431 3613 496 3664 ut
523 3622 729 3662 caveas
758 3604 820 3660 in
850 3604 1097 3660 alterum
1130 3602 1341 3668 dicere,
1381 3600 1666 3672 quidquid
1699 3600 1753 3655 in
1787 3603 1841 3655 te
1872 3598 2070 3655 statim

428 3695 752 3770 retorqueri
781 3696 992 3768 potest.

497 3788 590 3847 23.
648 3784 940 3842 Maledicta
995 3783 1182 3854 Ruﬁni
1212 3783 1272 3836 in
1312 3780 1708 3852 Epiphaniam.
1779 3777 2075 3850 Epiphanii

424 3878 586 3951 epist.
617 3875 689 3932 ad
723 3874 1007 3932 Joannem.
1048 3903 1116 3912 —
1157 3871 1219 3927 In
1253 3871 1439 3927 sancti
1474 3868 1783 3941 Epiphanii
1838 3867 2072 3922 nomine

426 3967 579 4024 mira
630 3970 735 4021 tua
791 3961 1211 4037 tergiversatio,
1282 3965 1348 4015 ut
1406 3964 1537 4031 post
1592 3957 1880 4021 osculum,
1941 3959 2074 4027 post

426 4056 771 4123 orationem,
804 4069 984 4127 neges
1014 4067 1148 4107 eum
1174 4054 1377 4106 contra
1405 4054 1461 4104 te
1493 4048 1753 4120 potuisse
1780 4046 2031 4102 scribere
2056 4063 2068 4101 :

434 4143 727 4216 quomodo
759 4142 808 4198 si
866 4141 1185 4197 contendas
1243 4155 1358 4194 non
1417 4137 1678 4210 potuisse
1734 4152 1869 4191 cum
1901 4134 2069 4199 mori,

431 4231 533 4304 qui
590 4230 765 4304 paulo
819 4234 953 4287 ante
1006 4229 1248 4296 vixerat,
1281 4231 1382 4283 aut
1426 4226 1637 4281 certior
1667 4226 1743 4279 sit
1774 4224 1858 4279 tui
1886 4240 2072 4295 repre-

428 4320 652 4389 hensio,
685 4336 861 4391 quam
890 4322 1022 4390 post
1052 4334 1251 4390 pacem
1311 4314 1856 4371 excommunicatio.
1920 4336 1947 4363 «
1995 4313 2071 4367 Ex

429 4409 619 4477 nobis,
650 4408 866 4480 inquit,
918 4406 1200 4476 exierunt,
1234 4405 1333 4461 sed
1393 4420 1507 4459 non
1558 4403 1796 4458 fuerunt
1843 4418 1911 4457 ex
1969 4419 2069 4457 no-

425 4499 519 4555 bis
578 4515 591 4553 :
654 4495 1014 4553 mansissent
1065 4495 1268 4566 utique
1326 4492 1628 4548 nobiscum
1698 4492 1745 4563 (Ι
1787 4493 1943 4546 Joan.
2006 4508 2069 4550 ιι.

427 4589 538 4661 19).
590 4608 619 4637 υ
677 4585 1024 4641 Haereticum
1083 4588 1214 4656 post
1271 4599 1450 4638 unam
1506 4585 1562 4637 et
1617 4582 1859 4636 alteram
1908 4596 2071 4635 com—

426 4677 803 4735 monitionem
889 4674 1193 4731 vitandum
1266 4671 1575 4745 Apostolus
1639 4670 2067 4762 praecipit-(Tit.
2101 4699 2147 4762 Β

421 4769 476 4837 3,
514 4768 624 4839 10),
682 4766 783 4838 qui
814 4765 1016 4838 utique
1059 4767 1375 4836 antequam
1433 4763 1648 4818 vitetur
1700 4765 1874 4831 atque
1903 4759 2069 4815 dam-

423 4863 614 4925 natur,
647 4854 1027 4913 ecclesiastici
1080 4852 1275 4926 gregis
1334 4852 1521 4924 portio
1579 4849 1706 4905 fuit.
1767 4848 2069 4919 Simulque

421 4948 608 5004 risum
639 4951 835 5003 tenere
866 4961 981 5001 non
1039 4959 1302 5015 possum,
1364 4941 1516 5014 quod
1555 4956 1590 4994 a
1645 4938 1898 5010 quodam
1930 4954 2070 5009 pru-

416 5026 593 5096 dente
631 5034 1049 5104 commonitus,
1082 5032 1141 5087 in
1170 5031 1376 5088 laudes
1405 5028 1717 5102 Epiphanii
1753 5028 2070 5099 personas"

421 5150 451 5178 ι(
483 5125 587 5183 Hic
616 5130 706 5184 est
734 5124 832 5182 ille
862 5122 1085 5181 delirus
1116 5136 1312 5188 senex,
1359 5120 1455 5175 hic
1490 5122 1580 5176 est
1624 5118 2067 5189 anthropomor-

493 5360 512 5395 ¹
544 5362 898 5431 Praepostere
928 5359 1105 5415 habet
1134 5355 1595 5431 Martian.,_cum
1632 5353 1892 5431 Erasmo,
1927 5351 2071 5431 hnnc

426 5433 579 5488 enim
605 5425 917 5500 Iubentium
951 5439 1004 5487 et
1029 5431 1389 5495 turbatorum,
1424 5427 1587 5482 illum
1612 5428 1792 5500 securi
1824 5425 2069 5500 nominis

422 5519 535 5578 esse
585 5496 823 5578 cursum.
884 5503 1277 5578 Emendamus
1342 5516 1449 5571 ope
1508 5497 1718 5578 veteris
1774 5496 2065 5578 editionis.

421 5572 715 5629 Victorius
745 5575 883 5628 item
924 5575 1007 5629 sic
1056 5574 1407 5638 restituerat,
1465 5571 1641 5641 quod,
1680 5586 1888 5641 sensus
1915 5571 2069 5641 Aipse

425 5662 528 5720 per
548 5660 625 5722 _se
652 5645 1016 5722 ostendebat.
1049 5645 1215 5722 Notis
1239 5660 1410 5716 porro
1443 5638 1582 5722 sunt
1628 5640 1826 5722 Protei.
1846 5638 2068 5722 colu—m-

426 5711 512 5773 na!
535 5711 1379 5790 juxtanggyptumLetAJoana:
1409 5717 1632 5790 portus,
1652 5712 1713 5790 id_
1734 5718 1837 5790 est
1863 5711 2067 5790 Jop_pe,

426 5733 512 5773 me
535 5729 707 5789 Juxta
726 5729 1069 5800 .Asgyptum,
1098 5729 1379 5797 etoaoana:
1409 5729 1632 5795 portus,
1652 5729 1709 5766 ια
1749 5729 1837 5767 est
1863 5729 2065 5841 .iopEpe,

420 5791 496 5876 ple
526 5805 645 5866 qua
670 5788 826 5855 Hier.
858 5792 983 5849 tum
1039 5785 1200 5859 alibi,
1249 5790 1377 5844 tum
1420 5783 1666 5865 epistola
1695 5782 1819 5853 108,
1852 5781 1924 5840 ad
2002 5800 2065 5840 u-

2181 3423 2530 3478 confercnda
2558 3428 2715 3488 sunt,
2750 3443 2780 3474 ι
2815 3429 2878 3478 ut
2933 3424 3275 3479 ostendatur
3329 3440 3427 3479 ore
3479 3424 3717 3495 quidem
3771 3428 3837 3479 et

2182 3510 2380 3567 osculo
2438 3528 2638 3583 pacem
2699 3512 2952 3579 dedisse,
3011 3511 3168 3567 mala
3192 3517 3388 3568 autem
3443 3526 3498 3567 et
3528 3512 3730 3568 dolum
3763 3512 3831 3567 in

2184 3618 2289 3656 suo
2322 3601 2493 3657 corde
2525 3618 2808 3656 servasse.
2844 3625 2865 3653 ι
2905 3602 2997 3656 Sic
3054 3602 3211 3656 enim
3266 3602 3719 3675 argumentaris,
3771 3608 3838 3659 et

2184 3690 2303 3745 haec
2360 3696 2497 3745 sunt
2562 3691 2740 3745 verba
2806 3692 3161 3747 defensionis
3243 3696 3376 3746 tute.
3454 3690 3642 3762 Ipsius
3702 3707 3841 3747 esse

2184 3780 2490 3835 adversum
2558 3784 2611 3835 te
2675 3779 2981 3852 epistolam
3018 3824 3031 3849 ,
3099 3784 3155 3835 et
3212 3779 3369 3835 orbis
3431 3779 3720 3852 agnoscit,
3780 3784 3847 3836 et

2185 3869 2580 3925 authenticam
2611 3868 2671 3924 in
2706 3884 2913 3924 manus.
2947 3874 3078 3925 tuas
3110 3870 3343 3925 venisse
3377 3869 3786 3925 convincimus
3825 3888 3841 3925 :

2183 3964 2238 4013 et
2298 3958 2479 4013 miror
2534 3975 2649 4030 quo
2705 3958 2945 4030 pudore,
2979 3959 3106 4014 imo
3154 3975 3271 4029 qua
3324 3957 3692 4030 impudentia
3743 3972 3850 4016 ηεξ

2181 4064 2303 4119 ges,
2334 4049 2489 4119 quod
2522 4065 2726 4103 verum
2759 4064 2886 4103 esse
2909 4064 3022 4103 non
3068 4047 3321 4119 ambigis
3347 4050 3370 4102 Ρ
3401 4052 3545 4119 Ergo
3575 4044 3849 4118 pollutus

2181 4136 2290 4192 erit
2320 4136 2702 4208 Epiphanius,
2735 4137 2835 4208 qui
2888 4136 2992 4191 tibi
3032 4153 3232 4208 pacem
3292 4136 3475 4202 dedit,
3530 4140 3590 4193 et
3626 4135 3687 4191 in
3722 4152 3837 4193 suo

2180 4227 2353 4281 corde
2403 4226 2601 4281 dolum
2658 4226 2925 4281 servavit.
2990 4227 3102 4281 Cur
3159 4241 3276 4281 non
3326 4225 3469 4280 illud
3502 4224 3701 4280 verius
3735 4226 3834 4296 sit,

2182 4316 2335 4386 quod
2371 4324 2422 4370 te
2452 4316 2707 4388 primum
2740 4315 3037 4370 monuerit
3064 4316 3092 4369 ?
3140 4315 3296 4385 quod
3348 4313 3595 4369 voluerit
3624 4330 3835 4371 emen-

2182 4406 2337 4471 dare,
2372 4409 2430 4460 et
2460 4404 2529 4459 ad
2565 4408 2785 4460 rectum
2818 4404 2927 4459 iter
2954 4404 3247 4469 reducere,
3274 4408 3337 4458 ut
3363 4404 3529 4459 Judaa
3561 4404 3837 4460 osculum

2183 4511 2295 4548 non
2331 4494 2629 4559 refutaret,
2690 4498 2756 4548 ut
2810 4493 3161 4565 proditorem
3222 4493 3354 4547 fidei
3407 4493 3705 4565 frangeret
3734 4510 3837 4566 pa-

2182 4583 2432 4638 tientia:
2482 4587 2539 4638 et
2598 4586 2907 4654 postquam
2967 4599 3029 4638 se
3058 4581 3343 4638 intellexit
3394 4597 3560 4637 casso
3618 4584 3844 4639 sudare

2180 4672 2396 4740 labore,
2432 4689 2537 4727 nec
2564 4672 2810 4744 pardum
2844 4677 3071 4727 mutare
3114 4672 3440 4737 varietates,
3473 4686 3579 4726 nec
3607 4671 3841 4729 Ethio-

2182 4778 2314 4835 pem
2345 4760 2554 4833 pellem
2588 4778 2781 4829 suam,
2816 4762 2970 4833 quod
3006 4765 3199 4816 monte
3230 4764 3595 4833 conceperat,
3620 4759 3844 4817 litteris

2180 4850 2472 4907 indicasse
2508 4854 2529 4905 Ρ
3136 4902 3158 4918 ,

2248 4942 2337 4994 24.
2402 4940 2693 4995 Calumnia
2747 4940 2811 4996 de
2882 4941 3014 5011 ﬁcta
3066 4955 3215 5012 pace.
3273 4940 3450 4994 Amici
3500 4941 3846 5013 Hieronymi

2178 5032 2341 5087 missi
2370 5032 2427 5085 in
2462 5030 2819 5086 Occidentem.
2864 5061 2933 5069 —-
2966 5028 3105 5085 Tale
3156 5027 3298 5101 quid
3355 5033 3412 5085 et
3467 5033 3678 5085 contra
3732 5046 3842 5101 pa-

2181 5137 2313 5191 pam
2361 5120 2738 5176 Anastasium
2796 5117 3087 5190 disputas,
3138 5123 3207 5172 ut
3264 5115 3404 5189 quia
3455 5117 3649 5173 Siricii
3707 5116 3840 5191 epi—

2180 5353 2386 5421 stoch.,
2428 5370 2485 5408 n.
2518 5354 2572 5418 8,
2606 5375 2632 5402 ‹‹
2659 5352 2822 5424 Joppe
2849 5366 3021 5423 neque
3046 5350 3309 5423 fugientis
3330 5353 3553 5423 portum
3585 5350 3768 5419 longe,
3805 5371 3842 5402 υ

2179 5433 2286 5532 et?
2301 5496 2507 5551 Maluit
2534 5493 2826 5550 Victorius
2857 5499 3127 5564 pertonas.

2249 5571 2269 5602 ³
2302 5567 2604 5640 Epiphanii
2638 5567 2906 5640 adJoan.
2970 5568 3025 5621 in
3090 5572 3289 5640 nostra
3346 5564 3686 5640 recensione
3735 5566 3838 5623 54.

2182 5638 2610 5696 Recole'autem
2645 5638 2803 5691 illam
2865 5654 3097 5709 quoque
3155 5639 3488 5710 Hieronymi
3526 5638 3599 5693 ad
3662 5638 3841 5696 Pam-

2180 5712 2403 5842 mztirsc7h.
2458 5711 2522 5767 de
2579 5712 2776 5783 Optimo
2805 5725 2998 5781 genere
3027 5709 3445 5784 interpretandi,
3494 5725 3624 5785 quae
3658 5725 3836 5769 num.

2178 5801 2240 5843 es
2371 5824 2385 5841 .
