3958 6388
376 336 389 369 ε
436 364 552 432 ω,
1588 410 1621 415 .ε
1674 353 1751 430 s.
1780 352 2092 430 ausam:
2134 344 2600 428 alnaonvui.
3704 334 3834 412 30°

427 504 581 564 'mus.
606 506 679 551 3-
701 498 771 564 ‘ln
801 496 971 564 laude
1002 511 1060 564 et
1096 506 1451 564 detractione
1494 520 1642 569 mea,
1694 502 1833 574 quia
1876 500 2071 556 varius
2102 501 2159 567 Α
2259 499 2473 555 Deinde
2501 497 2759 554 caelestia
2784 496 3143 565 deserens,et
3178 491 3247 550 ad
3295 493 3527 549 terrena
3587 484 3832 544 descen-

441 599 734 665 exstitisti,
770 598 915 653 miro
948 598 1217 653 acumine
1248 598 1688 667 argumentatus
1733 609 1816 658 es,
1860 590 1945 645 sic
1975 588 2077 643 tibi
2187 589 2352 656 dens,
2388 589 2446 643 in
2479 587 2809 643 minoribus
2838 583 3289 658 philosopharis.
3324 584 3652 646 Interrogas
3672 576 3832 633 enim

447 688 617 743 licere
647 688 717 742 de
741 704 864 751 me,
899 688 1051 743 556
1083 692 1138 741 et
1170 688 1315 741 bene
1361 691 1418 740 et
1469 683 1620 739 male
1668 682 1880 745 dicere,
1932 694 2081 750 quo-

449 777 621 831 modo
651 780 705 830 et
730 775 876 830 mihi
907 775 1137 831 licuerit
1167 775 1471 845 Origenem
1521 778 1579 827 et
1631 770 1939 842 Didymum
1992 783 2085 821 re-

447 865 823 935 prehendere.
859 881 1006 935 quos
1039 869 1171 919 ante
1204 861 1583 918 laudaverim.
1616 859 1763 913 Audi
1812 873 1970 929 ergo,
2001 854 2089 908 vir

451 954 905 1026 sapientissime,
938 959 993 1008 et
1024 954 1295 1008 Romanae
1349 950 1661 1006 dialecticae
1716 952 1909 1018 caput.
1971 960 2086 999 non

452 1057 581 1097 esse
610 1042 733 1098 vitii
768 1043 1064 1097 hominem
1096 1058 1280 1097 unum
1323 1040 1563 1094 laudare
1619 1038 1677 1091 in
1738 1036 1867 1091 aliis
1911 1039 1969 1089 et
2023 1031 2083 1085 in

456 1131 586 1187 aliis
618 1148 893 1187 accusare
926 1132 1060 1199 ;sed
1083 1131 1345 1185 eamdem
1381 1145 1500 1182 rem
1524 1126 1769 1198 probare
1790 1129 1845 1179 et
1874 1122 2093 1193 impro-

458 1222 615 1276 bare.
649 1221 865 1276 Ponam
911 1220 1236 1290 exemplum
1276 1236 1288 1286 ;
1322 1221 1387 1271 ut
1416 1217 1571 1287 quod
1624 1231 1740 1269 non
1790 1209 2091 1282 intelligis,

457 1311 713 1383 prudens
744 1325 972 1363 mecum
1030 1308 1209 1363 lector
1267 1306 1575 1377 intelligat.
1624 1305 1687 1357 ln
1741 1298 2095 1355 Tertulliano

440 1401 769 1456 laudamus
797 1399 1122 1471 ingenium,
1156 1397 1256 1452 sed
1289 1396 1641 1451 damnamus
1688 1389 1976 1446 haeresim.
2034 1387 2097 1441 In

446 1488 688 1560 Origine
722 1489 1008 1543 miramur
1065 1485 1371 1541 scientiam
1413 1482 1872 1553 Scripturarum,
1925 1480 1983 1531 et
2010 1479 2096 1529 ta-

375 1602 379 1606 ’
453 1595 587 1634 men
618 1580 961 1651 dogmatum
997 1593 1110 1631 non
1144 1574 1461 1645 recipimus
1510 1570 1852 1625 falsitatem.
1906 1567 1967 1620 In
2000 1563 2099 1619 Di-

455 1668 629 1738 dyme
658 1683 790 1722 vero
821 1671 878 1720 et
908 1662 1252 1719 memoriam
1284 1660 1753 1733 praedicamus,et
1783 1671 1959 1726 super
1978 1651 2100 1706 Tri-

460 1756 638 1809 nitate
669 1754 1149 1824 ﬁdeipuritatem
1186 1770 1199 1818 ;
1234 1751 1334 1806 sed
1361 1750 1418 1804 in
1452 1748 1675 1803 caeteris
1708 1763 1833 1817 quae
1867 1740 2099 1813 Origeni

2192 696 2285 734 me
2319 697 2331 733 :
2368 702 2394 728 «
2430 678 2531 733 Dic
2563 675 2731 731 nobis
2779 692 2909 746 qua:
2962 674 3209 729 fontium
3244 671 3389 727 ratio
3420 670 3448 725 ?
3478 686 3607 741 qua:
3637 670 3840 723 vento-

2195 768 2358 823 rum?
2372 767 2506 838 quid
2534 765 2755 837 grando
2775 766 2802 819 ?
2824 763 2961 836 quid
2983 762 3217 835 pluviae?
3233 760 3372 833 quid
3390 773 3549 814 mare
3573 755 3847 813 salsum?

2198 857 2335 929 quid
2370 856 2615 911 ﬂumina
2643 853 2836 909 dulcia
2868 858 2890 909 ξ’
2928 851 3068 924 quid
3101 851 3307 915 nubes,
3341 852 3441 903 aut
3481 846 3702 902 imbres
3733 842 3846 899 ful-

2201 964 2365 1018 gura,
2401 950 2501 1000 aut
2548 944 2828 1010 tonitrua,
2880 946 2981 997 aut
3036 939 3283 996 fulmina
3311 938 3388 993 ‘1»
3414 936 3487 992 Ut
3524 938 3843 1008 postquam

2202 1052 2295 1090 me
2323 1034 2445 1089 haec
2479 1033 2701 1089 nescire
2760 1029 3135 1103 respondero,
3197 1030 3324 1082 tuto
3383 1025 3487 1080 tibi
3550 1023 3723 1078 liceat
3774 1022 3846 1075 de

2203 1124 2805 1195 animabusignorare
2839 1138 2851 1187 ;
2885 1124 2941 1174 et
2971 1117 3147 1173 unius
3199 1116 3280 1171 rei
3329 1115 3660 1179 scientiam,
3712 1116 3841 1166 tan-

2203 1219 2397 1269 tarum
2429 1210 2624 1267 rerum
2655 1208 3015 1282 ignoratione
3067 1221 3432 1277 compenses.
3476 1203 3563 1259 'l‘u
3614 1200 3714 1272 qui
3746 1215 3847 1272 per

2204 1304 2469 1377 singulas
2502 1301 2745 1375 paginas
2776 1299 2968 1354 fumos
3015 1312 3176 1351 meos
3222 1293 3471 1349 ventilas
3518 1308 3635 1347 non
3676 1288 3847 1346 intel-

2206 1394 2340 1467 ligis
2368 1392 2561 1447 videre
2592 1406 2698 1445 nos
2728 1386 3006 1457 caligines
3034 1389 3166 1440 tuas
3196 1387 3253 1438 et
3271 1380 3536 1437 turbines
3568 1384 3590 1436 Ρ
3619 1380 3769 1435 Nam
3792 1383 3858 1433 ut

2206 1484 2312 1539 tibi
2345 1480 2562 1538 sciolus
2591 1495 2719 1535 esse
2750 1474 3018 1542 videaris,
3052 1479 3109 1529 et
3157 1472 3312 1545 apud
3364 1469 3789 1542 Calpurnianos
3840 1469 3857 1503 ¹

2209 1571 2530 1644 discipulos
2561 1568 2841 1624 doctrinae
2871 1564 3120 1638 gloriam
3180 1566 3401 1627 teneas,
3460 1563 3644 1614 totam
3704 1558 3856 1613 mihi

2210 1662 2511 1736 physicam
2543 1656 2813 1731 Opponis,
2846 1660 2910 1710 ut
2939 1654 3159 1709 frustra
3190 1651 3461 1707 Socrates
3493 1649 3565 1705 ad
3598 1647 3855 1704 ethicam

2210 1750 2505 1807 transiens
2537 1746 2742 1804 dixerit
2775 1762 2787 1800 :
2820 1747 2954 1809 Quae
2999 1757 3179 1814 supra
3232 1756 3360 1805 nos,
3421 1736 3567 1793 nihil
3598 1737 3673 1792 ad
3721 1753 3853 1805 nos,

459 1842 611 1899 male
642 1843 907 1909 ονεάίάίῑ,
940 1858 1047 1896 n03
1077 1842 1148 1896 ab
1178 1857 1244 1895 θο
1277 1839 1654 1928 retrahi“!st
1686 1834 2100 1928 Μθὲξίείξοπυῐῐι
2132 1862 2180 1928 Β
2211 1842 2359 1912 Ergo
2393 1838 2503 1893 nisi
2537 1836 2641 1892 tibi
2674 1834 2955 1891 rationem
3002 1830 3345 1886 reddidero:
3381 1842 3563 1899 quare
3609 1827 3859 1882 formica

460 1933 617 1987 enim
648 1949 763 1986 non
795 1931 935 1987 vitia
965 1930 1249 1984 imitanda
1280 1933 1440 1992 sunt,
1475 1926 1572 1982 sed
1607 1926 1870 1979 virtutes.
1901 1922 2103 1977 Gram-

446 2021 747 2076 maticum
780 2019 1018 2091 quidam
1053 2020 1255 2073 Afrum
1288 2015 1495 2072 habuit
1524 2016 1717 2070 Roma:
1748 2011 1938 2066 virum
1970 2024 2104 2063 eru-

464 2110 821 2165 ditissimum
859 2135 872 2176 ;
905 2113 961 2165 et
992 2109 1047 2163 in
1073 2125 1138 2162 eo
1171 2124 1232 2162 se
1272 2104 1548 2161 aemulum
1583 2099 1951 2175 praeceptoris
1996 2113 2103 2169 pu-

463 2202 643 2262 tabat,
681 2200 728 2254 si
763 2198 1070 2255 stridorem
1100 2197 1313 2268 linguae
1345 2197 1474 2265 ejus
1505 2198 1561 2248 et
1582 2192 1721 2247 vitia
1739 2195 1965 2245 tantum
1990 2186 2105 2243 oris

463 2290 831 2363 exprimeret,
889 2291 947 2344 In
997 2284 1446 2342 Praefatiuncula
1493 2283 1603 2346 περὶ
1633 2282 1820 2345 Ἀργῶν
1864 2278 2105 2333 fratrem

462 2396 556 2435 me
587 2380 877 2444 nominas,
911 2383 968 2433 et
1000 2376 1280 2447 collegam
1333 2373 1481 2428 dicis
1531 2366 2104 2441 eloquentissimum,

462 2469 598 2526 fidei
629 2486 770 2525 meae
800 2467 1081 2540 praedicas
1110 2465 1435 2520 veritatem.
1470 2459 1780 2516 Histribus
1801 2455 2107 2511 detrahere

446 2558 823 2630 -non‘poteris
855 2576 867 2624 ;
900 2562 1105 2611 caetera
1135 2571 1306 2625 carpe
1337 2556 1402 2607 ut
1430 2550 1589 2615 libet,
1625 2565 1697 2603 ne
1726 2545 1975 2601 videaris
2004 2549 2105 2598 tuo

462 2649 533 2703 de
565 2664 658 2702 me
690 2646 1024 2701 testimonio
1058 2658 1401 2715 repugnare.
1435 2642 1577 2694 Cum
1612 2638 1848 2691 fratrem
1901 2638 1958 2687 et
1988 2630 2106 2687 eol-

464 2734 657 2806 legam
684 2734 850 2801 dicis,
884 2731 1141 2787 amicitia
1169 2735 1269 2785 tua
1299 2730 1543 2800 dignum
1577 2724 1796 2779 fateris.
1831 2722 1975 2777 Cum
1998 2720 2109 2776 elo-

465 2826 737 2895 quentem
797 2822 1097 2895 praedicas,
1130 2818 1436 2890 imperitiae
1494 2815 1649 2871 ultra
1713 2830 1826 2867 non
1886 2810 2103 2882 arguis.

465 2916 611 2971 Cum
643 2910 994 2967 catholicum
1044 2909 1101 2963 in
1134 2906 1409 2963 omnibus
1460 2903 1773 2977 profiteris,
1824 2900 2109 2954 haereseos

469 3020 583 3058 non
617 3000 833 3073 poteris
874 2998 1019 3054 mihi
1079 2997 1297 3052 crimen
1356 2994 1699 3065 impingere.
1760 2990 1932 3044 Extra
1990 2987 2110 3041 haec

468 3091 580 3147 tria
605 3091 653 3146 si
680 3090 819 3163 quid
850 3088 908 3143 in
934 3104 1025 3143 me
1056 3082 1516 3158 reprehenderis,
1542 3097 1657 3136 non
1693 3078 1794 3134 tibi
1822 3074 2111 3132 videberis

470 3198 597 3237 esse
644 3178 994 3236 contrarius.
1031 3177 1109 3231 Ex
1139 3191 1255 3246 qua
1304 3170 1714 3244 supputatione
1744 3166 1845 3222 illa
1878 3181 2112 3221 summa

2214 1945 2458 2002 parvum
2490 1925 2729 1993 animal,
2763 1928 2819 1979 et
2844 1926 3150 1995 punctum,
3182 1923 3248 1973 ut
3286 1915 3368 1972 ita
3404 1915 3615 1982 dicam,
3651 1931 3855 1986 corpo-

2215 2021 2320 2087 ris,
2353 2034 2453 2073 sex
2483 2016 2659 2088 pedes
2690 2013 2926 2077 habeat,
2954 2026 3084 2065 cum
3118 2004 3446 2079 elephantis
3475 2008 3638 2060 tanta
3668 2002 3859 2059 moles

2215 2115 2467 2183 quatuor
2494 2104 2739 2179 pedibus
2770 2101 3003 2157 incedat
3037 2118 3050 2168 ;
3086 2114 3191 2153 cur
3218 2098 3520 2167 serpentes
3542 2097 3599 2149 et
3629 2091 3858 2149 colubri

2214 2180 2412 2255 ventre
2442 2194 2718 2250 labantur
2737 2196 2794 2246 et
2823 2194 3055 2263 pectore
3095 2205 3109 2255 ;
3141 2202 3248 2241 cur
3278 2180 3634 2241 vermiculus
3682 2197 3859 2252 quem

2214 2288 2424 2361 vulgus
2457 2283 2830 2356 millepedam
2886 2280 3075 2343 vocat,
3134 2278 3297 2331 tanto
3359 2272 3573 2346 pedum
3629 2270 3865 2344 agmine

2216 2382 2452 2441 scatent,
2485 2376 2555 2430 de
2586 2372 2915 2429 animarum
2936 2371 3089 2423 statu
3118 2364 3265 2420 scire
3294 2379 3411 2418 non
3434 2363 3676 2432 potero?
3703 2361 3865 2425 Qum-

2216 2469 2296 2524 ris
2327 2484 2361 2522 a
2390 2468 2483 2520 mé
2512 2463 2650 2535 quid
2683 2460 2808 2533 ipse
2840 2459 2910 2513 de
2942 2455 3251 2511 anibamus
3283 2450 3557 2518 sentiam,
3610 2457 3671 2504 ut
3724 2465 3861 2504 cum

2217 2535 2519 2631 professus
2577 2552 2710 2624 (Al.
2772 2545 3131 2621 processus)
3191 2543 3379 2608 fuero,
3438 2537 3636 2594 statim
3695 2537 3857 2593 inva-

2217 2624 2340 2704 das.
2376 2650 2441 2700 Et
2493 2644 2541 2699 si
2598 2641 2792 2696 dixero
2851 2635 2993 2691 illud
3052 2630 3536 2690 ecclesiasticum.
3593 2624 3863 2691 Quotidie

2219 2744 2369 2793 Deus
2396 2738 2670 2806 operatur
2708 2729 2960 2789 animas,
2991 2727 3049 2779 et
3099 2722 3159 2777 in
3208 2734 3448 2792 corpore
3477 2718 3499 2752 ⁸
3528 2732 3626 2772 eas
3677 2714 3862 2770 mittit

2219 2804 2610 2885 nascentium,
2643 2817 2797 2873 illico
2830 2812 3096 2886 magistri
3119 2806 3451 2866 tendiculas
3482 2804 3742 2878 proferas
3774 2809 3867 2859 :et

2220 2916 2319 2973 ubi
2350 2917 2438 2969 est
2464 2909 2696 2983 justitia
2725 2904 2849 2969 Dei,
2882 2907 2946 2958 ut
2974 2903 3045 2957 de
3077 2898 3363 2955 adulterio
3393 2896 3738 2965 incestuque
3768 2909 3870 2949 na-

2224 3003 2525 3062 scentibus
2556 2998 2787 3054 animas
2842 2992 3132 3065 largiatur
3162 2988 3352 3059 PErgo
3410 2987 3750 3057 cooperator
3777 2987 3871 3037 est

2223 3092 2514 3150 malorum
2546 3086 2939 3153 hominum,et
2969 3076 3252 3135 adulteris
3282 3072 3712 3132 seminantibus
3745 3087 3871 3126 cor-

2223 3201 2385 3257 pora,
2410 3182 2536 3253 ipse
2568 3176 2884 3233 fabricatur
2914 3169 3143 3226 animas
3171 3167 3199 3221 ?
3229 3164 3394 3237 quasi
3412 3162 3615 3219 vitium
3640 3175 3871 3216 semen-

468 3272 749 3335 nascuurv
781 3273 836 3322 et
879 3271 938 3321 to
965 3280 1155 3321 errare
1198 3281 1267 3318 ea
1313 3263 1373 3317 in
1426 3278 1517 3316 me
1564 3255 2109 3330 reprehendentem,
2139 3228 2186 3298 α
2222 3228 2298 3329 tis
2329 3228 2389 3327 it;
2417 3228 2607 3326 t‘ritico
2641 3266 2713 3322 sit
2745 3261 2900 3334 quod
2932 3260 3085 3314 furto
3116 3255 3334 3312 dicitur
3362 3268 3489 3309 esse
3537 3248 3866 3318 sublatum,

469 3376 595 3431 quae
644 3360 807 3431 prius
856 3356 1235 3420 laudaveras;
1268 3357 1326 3408 et
1356 3368 1447 3406 me
1494 3366 1608 3405 non
1662 3363 1790 3403 esse
1839 3345 1897 3399 in
1943 3341 2105 3409 vitio,

467 3448 520 3502 si
552 3448 611 3501 in
643 3446 862 3502 eisdem
895 3443 1234 3499 hominibus
1265 3446 1318 3496 et
1365 3438 1658 3513 laudanda
1689 3434 2019 3508 praedicem,
2053 3435 2109 3485 et

464 3536 850 3608 vituperanda
879 3532 1324 3604 reprehendam.

538 3628 627 3680 28.
672 3626 744 3680 De
800 3626 1118 3679 animarum
1172 3620 1490 3692 quaestione.
1543 3616 1706 3670 Liber
1760 3612 1983 3683 Didymi
2037 3610 2107 3665 ad

464 3716 742 3785 Ruﬁnum,
775 3719 827 3770 et
870 3712 1197 3783 Explanatio
1255 3710 1381 3763 Osee
1438 3706 1507 3760 ad
1563 3706 1974 3773 Hieronymum.
2036 3731 2105 3740 --

462 3805 702 3860 Transis
735 3804 804 3860 ad
829 3803 1159 3859 animarum
1194 3802 1433 3862 statum,
1480 3799 1535 3850 et
1581 3792 1863 3867 prolixius
1914 3790 2105 3845 fumos

463 3911 625 3951 meos
654 3894 921 3967 inerepas
956 3910 969 3960 ;
1003 3895 1179 3961 atque
1208 3894 1273 3942 ut
1303 3886 1405 3941 tibi
1440 3885 1608 3940 liceat
1638 3883 1925 3954 ignorare,
1950 3879 2105 3952 quod

462 3984 730 4041 consulto
761 3990 815 4039 te
847 3983 996 4039 scire
1025 3976 1386 4042 dissimulas,
1418 3974 1629 4046 quaeris
1661 3990 1694 4026 a
1723 3987 1815 4025 me
1848 3971 2103 4041 primum

453 4074 532 4129 ‘de
554 4069 1210 4141 cmlestibus,quomodo
1233 4060 1746 4136 angeli,quomodo
1769 4058 2103 4130 archangeli

462 4162 636 4216 sint?
667 4178 794 4232 quan
829 4160 933 4226 eis,
966 4156 1054 4212 vel
1086 4156 1299 4227 qualis,
1333 4151 1617 4208 habitatio
1647 4151 1674 4204 ?
1704 4164 1899 4221 quaeve
1952 4146 2105 4201 inter

464 4250 626 4321 ipsos
658 4248 1004 4313 differentia,
1037 4249 1136 4299 aut
1165 4244 1211 4299 si
1255 4241 1416 4296 nulla
1460 4240 1700 4295 omnino
1726 4237 1755 4293 ?
1784 4255 1908 4309 quae
1960 4235 2103 4291 solis

464 4339 539 4393 sit
570 4336 715 4393 ratio
740 4355 753 4405 ;
781 4337 936 4391 unde
961 4338 1277 4405 augmenta
1302 4329 1635 4396 lunae,unde
1652 4328 1910 4382 defectus
1935 4343 1948 4392 ;
1973 4341 2099 4397 qua:

458 4426 545 4482 vel
598 4426 791 4499 qualis
843 4426 917 4481 sit
969 4423 1226 4479 siderum
1285 4418 1752 4475 cursus?Miror
1808 4414 2101 4487 quomodo

457 4515 677 4573 oblitus
708 4515 789 4571 sis
823 4514 954 4569 illos
986 4511 1301 4568 versiculos
1332 4525 1544 4582 ponere
1578 4525 1591 4562 :

544 4678 695 4729 Unde
725 4682 928 4727 tremor
960 4674 1135 4725 terris.
1166 4686 1273 4734 qua
1302 4670 1543 4734 rimaris
1575 4667 1680 4716 alta
1710 4668 2024 4734 tumescant,

543 4742 794 4791 Obicibus
823 4740 1012 4797 ruptis,
1046 4730 1338 4797 rursusque
1361 4733 1416 4781 in
1446 4732 1623 4797 seipse
1654 4730 1889 4777 residant
1919 4741 1932 4785 ;

544 4805 792 4853 Defectus
824 4794 961 4851 Solis
992 4794 1182 4858 varios,
1217 4794 1485 4855 Lunaeque
1516 4794 1727 4858 labores
1759 4805 1771 4851 ;

544 4851 676 4915 i5?
712 4866 862 4915 Unde
893 4851 1378 4924 hominum'genus,
1399 4851 1449 4907 et
1477 4854 1745 4924 pecudum
1782 4867 1792 4900 :
1826 4851 1970 4924 unde
2002 4851 2093 4900 im-

1652 4917 1767 4977 (ber
1796 4919 1847 4964 et
1860 4915 2028 4975 ignes,

536 4993 839 5050 Arcturum,
870 4988 1184 5052 pluviasque
1215 4979 1820 5052 hyadaszgeminosque
1849 4977 2089 5052 Triones:

537 5038 908 5111 'Q—uidﬁtantum
940 5038 1151 5099 Oceano
1182 5038 1554 5109 properent'se
1576 5038 1787 5111 tingere
1817 5038 1956 5111 soles

537 5102 775 5177 Hiberni,
803 5116 887 5163 vel
919 5127 1040 5177 quae
1072 5102 1237 5177 tardis
1268 5102 1913 5177 mora_nocti_l3us.obste_t:

801 5163 1030 5236 (Vincla,
1064 5174 1270 5236 Georg.,
1302 5185 1352 5231 ll,
1387 5170 1475 5220 473
1510 5182 1521 5230 ;
1553 5166 1768 5215 ιΕηείιί.
1796 5178 1831 5224 ι,
1861 5163 1994 5224 746.)

510 5442 525 5473 ¹
561 5437 714 5508 Apud
771 5428 1569 5508 Calplrurniaazos._ltu_{inum
1629 5425 1845 5508 saepius
1917 5428 2085 5504 vocat

437 5497 1028 5581 Calpfiurniumihinc
1074 5506 1202 5581 ejus
1246 5498 1569 5581 discipulos
1620 5497 2081 5577 Calphurnz'aIaos,

436 5567 753 5639 Macarium
787 5567 1028 5641 scilicet,
1063 5567 1484 5646 Apronianum,
1547 5574 1623 5646 et
1659 5567 1895 5622 caeteros
1952 5567 2080 5646 ejus

435 5636 716 5725 gregales.
756 5636 1041 5725 Man-rma.
1077 5636 1144 5686 —;
1190 5646 1313 5725 Lina
1342 5645 1737 5725 interpretum
1790 5636 2081 5725 sententia

431 5708 997 5799 gst,UCalpurnianos
1019 5734 1087 5775 ex
1106 5734 1171 5774 eo
1194 5716 1307 5772 dici
1342 5708 1535 5770 Ruﬁni
1554 5709 1899 5782 discipulos,
1920 5708 2078 5780 quod

2219 3368 2275 3419 et
2308 3378 2423 3417 non
2454 3359 2513 3414 in
2547 3374 2612 3413 eo
2646 3353 2744 3427 qui
2778 3352 3071 3407 frumenta
3096 3346 3327 3401 furatus
3356 3346 3445 3397 est
3477 3359 3490 3409 ;
3523 3338 3862 3409 idcircoque

2219 3458 2374 3508 terra
2405 3466 2521 3506 non
2554 3445 2762 3501 debeat
2817 3438 3040 3513 gremio
3088 3450 3195 3490 suo
3252 3430 3480 3488 semina
3531 3428 3863 3491 confovere,

2222 3543 2361 3614 quia
2390 3543 2550 3595 sator
2580 3530 2887 3589 immunda
2920 3544 2988 3583 ea
3016 3520 3321 3598 projecerit
3358 3536 3557 3575 manu.
3591 3517 3737 3573 Hinc
3768 3519 3863 3571 est

2215 3608 2273 3688 et
2302 3630 2401 3686 illa
2456 3632 2559 3683 tua
2587 3638 2801 3679 arcana
2831 3613 3230 3686 interrogatio,
3286 3608 3437 3666 558
3494 3621 3675 3679 quare
3730 3619 3858 3660 mo-

2217 3723 2443 3777 riantur
2497 3716 2769 3777 infantes,
2829 3724 2963 3763 cum
3022 3706 3256 3777 propter
3324 3700 3560 3770 peccata
3613 3709 3861 3767 corpora

2216 3807 2562 3881 acceperint.
2598 3804 2794 3859 Exstat
2823 3797 2971 3852 liber
2999 3790 3232 3864 Didymi
3257 3788 3326 3845 ad
3361 3792 3439 3852 te,
3489 3800 3604 3857 quo
3652 3782 3863 3839 scisci-

2215 3874 2372 3956 tanti
2393 3896 2498 3952 tibi
2526 3889 2829 3964 respondit
2885 3901 3002 3940 non
3059 3898 3157 3937 eos
3215 3877 3401 3934 multa
3452 3887 3745 3964 peccasse,
3803 3874 3862 3941 et.

2215 3991 2344 4046 ideo
2375 3960 2685 4057 corporum
2718 3991 2979 4033 carceres
3010 3975 3238 4027 tantum
3269 3967 3352 4022 eis
3392 3962 3654 4035 tetigisse
3685 3960 3859 4017 suffi-

2216 4095 2360 4136 cere.
2395 4049 2671 4146 Magister
2704 4082 2872 4123 meus
2902 4067 2960 4119 et
2982 4066 3123 4117 tuus
3152 4075 3218 4115 eo
3249 4062 3532 4127 tempore,
3554 4068 3668 4146 quo
3699 4054 3767 4106 tu
3789 4049 3861 4105 ab

2213 4186 2278 4224 eo
2312 4168 2422 4222 ista
2454 4139 2773 4235 quaerebas,
2806 4160 2925 4209 tres
2954 4146 3429 4223 cxplanationum
3462 4142 3520 4197 in
3553 4139 3701 4196 Osee
3727 4156 3859 4211 pro-

2213 4258 2448 4331 phetam
2470 4229 2675 4307 Clibros
2706 4247 2777 4302 ad
2811 4260 2923 4307 me,
2955 4240 3313 4311 merogante,
3336 4229 3589 4289 dictavit.
3623 4229 3706 4284 Ex
3739 4244 3856 4299 quo

2213 4325 2450 4420 apparet
2482 4339 2622 4414 quid
2657 4354 2768 4403 me,
2800 4331 2939 4406 quid
2972 4335 3026 4386 te
3052 4325 3332 4384 docuerit.

2278 4491 2368 4576 ἐξ).
2399 4516 2690 4576 Naturales
2725 4511 3069 4584 quaestiones.
3126 4534 3195 4545 -——
3252 4501 3434 4573 Urges
3491 4501 3556 4552 ut
3612 4509 3859 4584 responf

2128 4600 2177 4666 Ι)
2210 4613 2379 4669 deam
2413 4609 2483 4664 de
2513 4609 2724 4661 natura
2743 4583 2973 4656 rerum.
3007 4596 3067 4652 Si
3098 4590 3457 4654 essetlocus,
3482 4600 3716 4659 possem
3749 4583 3861 4638 tibi

2207 4702 2292 4758 vel
2330 4696 2572 4756 Lucretii
2604 4691 2909 4765 opiniones
2959 4688 3128 4758 juxta
3185 4680 3525 4752 Epicurum,
3572 4672 3661 4729 vel
3726 4671 3859 4765 A_ri-

2207 4788 2433 4848 stotelis
2456 4788 2627 4858 juxta
2643 4761 3097 4851 —Peripatetieos,
3125 4769 3215 4826 vel
3241 4766 3501 4824 Platonis
3533 4767 3709 4834 atque
3763 4761 3861 4858 ZE-

2207 4879 2379 4937 nonis
2422 4849 2745 4932 secundum
2777 4849 3159 4925 Academicos
3198 4863 3256 4915 et
3280 4856 3506 4914 Stoicos
3537 4853 3755 4909 dicere.
3788 4849 3860 4903 Et

2203 4974 2268 5025 ut
2297 4968 2369 5023 ad
2400 4962 2716 5021 Ecclesiam
2745 4950 3170 5017 transeam,ubi
3204 4962 3412 5004 norma
3441 4946 3531 5000 est
3567 4938 3855 5006 veritatis,

2202 5057 2387 5115 multa
2416 5060 2472 5110 et
2501 5050 2741 5109 Genesis
2773 5051 2832 5102 et
2861 5041 3287 5115 Prophetarum
3345 5031 3475 5091 libri
3534 5047 3601 5087 ac
3654 5026 3851 5084 Eccle-

2200 5149 2410 5205 siastes
2441 5142 2611 5199 nobis
2663 5140 2734 5195 de
2784 5127 3191 5206 hujuscemodi
3241 5120 3667 5198 quastionibus
3715 5133 3859 5189 sug-

2193 5416 2318 5486 ipse
2350 5410 2599 5467 Ruﬁnus
2621 5400 2974 5486 Calpurnius
3005 5397 3108 5454 abs
3143 5395 3491 5486 Hierpnymco
3542 5388 3616 5443 ob
3648 5384 3850 5486 conv};

2194 5458 2815 5540 EJIKJdEAEéthE‘At
2844 5472 2977 5528 vide
3009 5485 3135 5541 quae
3168 5462 3342 5540 paulo
3358 5458 3527 5517 infra
3578 5474 3745 5513 num.
3778 5458 3852 5510 32

2192 5551 2737 5613 animadvertimus,
2773 5551 2892 5601 not.
2924 5545 2976 5597 6.

2260 5630 2280 5661 ²
2310 5626 2703 5685 Martianaeus,
2740 5621 2796 5674 in
2829 5627 3074 5685 corpore.
