3958 6390
176 284 287 419 te!

1346 344 1662 422 CONTRA
1702 352 2065 423 RUFINUM
2105 340 2404 426 1.13.111.

3452 329 3579 412 ωε

183 491 403 565 gerunt.
433 489 552 545 Aut
580 484 632 546 si
674 485 798 546 haec
845 484 1208 564 ignoramus,
1261 484 1555 563 quomodo
1605 492 1675 546 de
1703 491 1820 547 ani-
1848 494 1903 559 Α
1934 510 2075 547 num
2096 493 2325 548 conaris
2346 491 2548 548 lumen
2570 491 2817 550 auferre.
2841 479 3207 564 Aristippus‘
3226 485 3413 546 nostri
3432 489 3578 545 tem-

183 596 403 636 marum
433 582 588 635 statu
620 579 909 636 debueras
955 580 1015 636 in
1064 579 1345 653 Apologia
1391 585 1493 635 tua
1545 580 1811 635 omnium

180 685 374 726 rerum
403 668 795 741 ignorantiam
827 669 1111 737 conliteri,
1143 674 1200 725 et
1230 687 1263 725 a
1285 669 1819 725 calumniatoribus

182 774 452 832 querere,
497 774 600 813 cur
647 774 681 812 a
727 763 783 813 te
831 775 1016 813 unum
1066 759 1438 829 impudenter
1487 763 1821 829 expeterent

184 862 317 902 cum
366 846 477 919 ipsi
526 849 686 901 tanta
734 846 1075 901 nescirent?
1122 847 1165 903 Ο
1215 846 1514 901 triremem
1564 845 1818 917 locuple-

181 934 486 1000 tissimum,
561 952 684 1006 qua:
752 935 1147 990 Orientalibus
1206 938 1261 989 et
1317 933 1606 1007 {Egyptiis
1666 951 1817 989 mer-

179 1022 337 1079 cibus
394 1024 661 1079 Romanm
733 1023 896 1079 urbis
953 1023 1138 1079 ditare
1192 1028 1430 1078 venerat
1492 1027 1814 1095 pauperta-

183 1117 297 1169 tem
319 1112 333 1168 l

1066 1264 1142 1314 Tu
1198 1264 1473 1316 Maximus.
1518 1262 1609 1312 ille
1667 1277 1722 1311 es
1783 1263 1817 1321 ⁸,

240 1328 397 1386 Unus,
428 1327 521 1391 qui
550 1327 705 1377 nobis
736 1326 1016 1377 scribendo
1046 1327 1283 1377 restituis
1312 1340 1444 1375 rem.

249 1471 390 1544 Ergo
419 1468 535 1526 nisi
567 1470 639 1526 de
669 1469 902 1526 Oriente
932 1469 1214 1537 venisses,
1260 1468 1702 1525 eruditissimus
1733 1466 1820 1522 vir

183 1558 413 1617 haereret
438 1560 633 1616 adhuc
661 1560 815 1615 inter
862 1560 1332 1628 mathematicos,
1381 1563 1438 1613 et
1468 1574 1675 1613 omnes
1707 1557 1815 1627 [AL

184 1648 459 1720 homines]
507 1648 822 1705 Christiani
871 1648 1010 1720 quid
1073 1652 1275 1704 contra
1322 1648 1504 1702 fatum
1560 1647 1820 1701 dicerent

180 1739 280 1811 [AL
312 1738 702 1808 dissererent],
733 1738 1086 1811 ignorarent.
1139 1737 1343 1793 Merito
1393 1754 1428 1792 a
1479 1752 1573 1791 me
1603 1734 1816 1806 quaeris

1930 581 2107 652 poris,
2140 582 2241 654 qui
2274 582 2508 654 plenam
2540 586 2885 639 cunctarum
2916 580 3200 638 mercium
3230 594 3438 635 navem
3468 578 3578 634 Re-

1932 688 2107 726 mano
2156 671 2384 727 invehis
2451 672 2665 743 portui,
2737 676 2794 726 et
2857 669 3002 726 sella
3066 667 3297 741 publice
3362 667 3578 741 posita,

1930 764 2351 833 Hermagoram
2400 760 2568 816 nobis
2617 765 2674 816 et
2727 760 3000 834 Gorgiam
3057 758 3297 815 exhibes
3347 754 3577 813 Leonti-

1931 866 2074 905 num
2104 868 2115 917 ;
2151 851 2291 905 dum
2334 850 2608 921 navigare
2634 850 2896 917 festinas,
2940 848 3117 905 unius
3138 844 3578 920 qumstiunculaa

1931 938 2379 995 mercimonium
2408 940 2467 994 in
2495 939 2730 995 Oriente
2759 938 2977 995 oblitus
3006 955 3090 994 es.
3124 938 3190 993 Et
3217 936 3430 992 iterum
3461 933 3579 990 cla-

1931 1029 2131 1095 mitas,
2165 1033 2221 1084 et
2250 1028 2527 1100 Aquileiae
2577 1032 2751 1101 atque
2792 1026 3149 1084 Alexandriae
3201 1030 3256 1082 te
3303 1023 3580 1081 didicisse

1924 1119 2135 1190 jactas,
2170 1118 2325 1189 quod
2359 1118 2437 1173 sit
2467 1118 2621 1173 Deus
2672 1122 2729 1174 et
2775 1118 3111 1174 animarum
3168 1120 3226 1172 et
3266 1126 3576 1187 corporum

1929 1212 2171 1263 creator.
2206 1208 2286 1262 De
2315 1207 2426 1262 hoc
2461 1206 2684 1262 scilicet
2712 1206 2957 1279 quaestio
3005 1205 3339 1274 ventilatur,
3372 1206 3576 1259 utrum

1931 1297 2087 1352 Deus
2121 1314 2194 1351 an
2239 1295 2510 1352 diabolus
2557 1296 2789 1352 animas
2837 1295 3070 1364 fecerit;
3102 1299 3161 1352 et
3208 1310 3324 1350 non
3374 1296 3576 1349 utrum

1931 1385 2139 1440 animae
2170 1391 2306 1441 ante
2334 1402 2576 1458 corpora
2614 1385 2850 1451 fuerint,
2901 1386 3057 1457 quod
3099 1383 3226 1440 vult
3271 1381 3574 1455 Origenes,

1930 1479 1987 1530 et
2017 1475 2243 1547 egerint
2269 1474 2515 1546 aliquid,
2547 1479 2783 1546 propter
2829 1474 2984 1546 quod
3035 1473 3156 1530 sint
3200 1472 3417 1529 crassis
3446 1487 3574 1528 cor-

1930 1565 2173 1636 poribus
2203 1564 2491 1636 alligatae:
2529 1581 2601 1619 an
2632 1562 2691 1618 in
2725 1579 2948 1619 morem
2991 1562 3230 1635 glirium
3277 1563 3576 1633 torpentes

1928 1653 2363 1725 consopitaeque
2392 1651 2757 1708 dormierint.
2809 1652 2939 1707 Haec
2985 1655 3163 1717 taces,
3204 1667 3332 1723 quae
3370 1665 3575 1707 omnes

1930 1742 2233 1814 ﬂagitant:
2293 1746 2349 1797 et
2406 1742 2477 1797 ad
2533 1739 2635 1796 illa
2692 1740 3030 1813 respondes,
3071 1757 3199 1812 quae
3256 1738 3457 1796 nullus
3486 1739 3576 1795 iu-

181 1828 248 1884 de
272 1827 603 1900 astrologia,
622 1830 680 1883 et
693 1827 821 1883 coeli
840 1844 906 1883 ac
924 1827 1182 1883 siderum
1201 1844 1378 1882 cursu
1397 1826 1497 1897 qui
1520 1829 1815 1880 tantarum
1849 1870 1896 1934 B
1931 1832 2131 1904 quirit,

182 1916 455 1973 mercium
486 1915 722 1989 plenam
754 1932 961 1971 navem
982 1915 1264 1971 detulisti.
1288 1915 1493 1971 Fateor
1512 1917 1820 1985 pauperta-

179 2010 310 2073 tem,
341 2024 456 2063 non
489 2023 623 2063 sum
656 2008 736 2063 ita
757 2010 821 2062 ut
841 2010 904 2061 tu
928 2006 988 2062 in
1011 2006 1242 2061 Oriente
1267 2005 1508 2061 ditatus.
1531 2005 1610 2059 Te
1632 2002 1817 2058 multo

178 2101 429 2170 tempore
458 2096 689 2153 Pharus
721 2095 938 2161 docuit,
971 2096 1127 2167 quod
1177 2096 1367 2151 Roma
1425 2093 1675 2150 nescivit
1708 2093 1814 2163 [AL

179 2185 437 2256 nesciret]
467 2204 481 2254 ;
515 2185 793 2241 instruxit
822 2185 1126 2257 IEgyptus,
1150 2184 1305 2256 quod
1326 2182 1493 2239 Italia
1512 2182 1818 2251 hucusque

179 2290 287 2331 non
317 2274 546 2331 habuit.

243 2364 328 2419 30.
372 2364 678 2421 Sententia:
725 2365 899 2420 varix
941 2363 1007 2419 de
1049 2364 1261 2418 anima.
1293 2392 1361 2401 ——-
1392 2359 1613 2417 Scribis
1662 2358 1817 2430 apud

177 2452 597 2509 ecclesiasticos
618 2456 958 2508 tractatores
979 2455 1100 2507 tres
1121 2451 1193 2506 de
1212 2450 1524 2508 animabus
1548 2464 1676 2504 esse
1692 2463 1820 2502 sen-

177 2541 399 2599 tentias.
435 2542 649 2607 Unam,
683 2557 862 2612 quam
894 2540 1164 2612 sequitur
1192 2539 1506 2611 Origenes;
1541 2536 1816 2602 alteram,

178 2646 344 2703 quam
399 2628 800 2687 Tertullianus
858 2635 915 2685 et
956 2629 1293 2685 Lactantius
1321 2629 1341 2661 ³
1393 2627 1549 2697 (licet
1594 2627 1665 2681 de
1714 2631 1817 2679 La-

179 2720 383 2777 ctantio
413 2719 788 2793 apertissime
820 2718 1147 2789 mentiaris)
1176 2735 1190 2785 ;
1224 2717 1481 2782 tertiam,
1511 2732 1689 2787 quam
1713 2730 1819 2769 nos

179 2808 469 2882 simplices
499 2812 560 2865 et
588 2808 734 2864 fatui
766 2808 1055 2877 homines,
1089 2808 1190 2880 qui
1230 2824 1346 2863 non
1396 2804 1815 2877 intelligimus,

179 2899 346 2969 quod,
382 2898 432 2953 si
466 2898 552 2954 ita
578 2898 674 2964 sit,
704 2898 784 2969 inj
798 2902 963 2953 ustus
990 2914 1025 2952 a
1054 2897 1221 2952 nobis
1270 2900 1550 2968 arguatur
1580 2895 1735 2949 Deus
1764 2896 1820 2948 et

178 2992 302 3059 post
331 2987 453 3043 haec
476 2988 650 3059 juras
679 2991 736 3042 te
768 2986 991 3042 nescire
1020 2986 1163 3058 quid
1194 2985 1272 3041 sit
1305 3001 1530 3040 verum.
1562 2983 1685 3049 Dic,
1720 2997 1819 3036 oro

179 3081 265 3133 te:
294 3081 570 3150 putasne,
601 3081 764 3133 extra
803 3076 923 3131 haec
972 3075 1123 3132 559
1175 3075 1287 3130 tria
1332 3090 1460 3129 esse
1508 3071 1730 3143 aliquid
1760 3070 1817 3124 in

180 3182 287 3238 quo
314 3166 533 3223 veritas
565 3164 690 3222 sit?
722 3169 779 3219 et
807 3165 867 3219 in
900 3164 1090 3220 tribus
1121 3164 1250 3219 istis
1287 3162 1656 3219 mendacium
1676 3160 1704 3214 ?
1731 3161 1817 3214 An

1997 1922 2087 1977 31.
2123 1922 2338 1977 Fumos
2370 1936 2607 1993 quoque
2647 1937 2808 1977 meos
2855 1920 3191 1991 frequenter
3236 1918 3470 1988 irrides,
3508 1934 3577 1976 eo

1928 2011 2083 2083 quod
2117 2010 2392 2066 simulem
2434 2027 2529 2065 me
2557 2010 2707 2066 scire
2736 2010 2891 2082 quod
2924 2009 3204 2077 nesciam,
3250 2013 3308 2065 et
3334 2023 3576 2065 enume-

1928 2101 2151 2155 ratione
2181 2100 2487 2155 doctorum
2518 2098 2662 2153 rude
2704 2097 2916 2171 vulgus
2962 2097 3207 2154 illudam
3258 2099 3369 2169 [AL
3408 2097 3578 2153 indu-

1929 2190 2104 2259 cam].
2135 2190 2220 2244 Tu
2254 2188 2522 2245 videlicet
2546 2188 2878 2253 flammeus,
2931 2186 3051 2243 imo
3096 2186 3438 2255 fulmineus,
3471 2183 3572 2257 qui

1929 2279 1988 2333 in
2019 2278 2309 2349 loquendo
2340 2276 2625 2333 fulminas
2654 2281 2714 2332 et
2742 2276 3015 2331 flammas
3045 2292 3144 2331 ore
3164 2278 3475 2347 conceptas
3495 2278 3578 2331 te-

1928 2385 2063 2423 nere
2121 2384 2237 2423 non
2295 2373 2481 2439 potes,
2539 2371 2714 2437 atque
2769 2370 2831 2420 tu
2889 2362 2988 2421 ille
3041 2364 3493 2421 Bar-Chochabas
3529 2365 3572 2433 ‘,

1927 2462 2133 2513 auctor
2163 2454 2469 2511 seditionis
2497 2454 2776 2522 Judaicae,
2810 2453 3088 2526 stipulam
3119 2454 3179 2510 in
3208 2470 3306 2510 ore
3335 2470 3577 2511 succen-

1930 2563 2056 2601 sam
2091 2544 2353 2600 anhelitu
2392 2542 2732 2608 ventilabat,
2774 2547 2839 2598 ut
2878 2542 3149 2599 flammas
3177 2558 3443 2599 evomere
3472 2560 3578 2616 pu-

1928 2639 2191 2690 taretur:
2226 2634 2302 2689 ita
2333 2638 2391 2688 et
2418 2637 2481 2688 tu
2528 2633 2721 2699 nobis,
2773 2631 2923 2688 alter
2952 2630 3320 2696 Salmoneus.
3374 2632 3575 2690 omnia

1929 2742 2034 2797 per
2064 2741 2190 2796 quae
2224 2722 2446 2778 incedis
2476 2720 2760 2786 illustres,
2794 2727 2850 2778 et
2906 2738 3014 2777 nos
3061 2721 3324 2779 fumosos
3353 2722 3575 2795 arguis,

1930 2814 2002 2869 de
2032 2812 2251 2884 quibus
2283 2811 2428 2867 forte
2477 2810 2727 2874 dicatur,
2776 2833 2807 2861 ‹‹
2841 2809 2950 2876 Qui
2997 2810 3194 2883 tangis
3240 2814 3491 2879 montes,
3522 2815 3579 2869 et

1929 2902 2224 2974 fumigant
2267 2901 2438 2972 (PsaL
2490 2916 2612 2960 cur.
2660 2899 2784 2971 32);
2835 2916 2938 2954 nec
2984 2898 3267 2973 intelligis
3314 2899 3455 2973 quid
3486 2901 3576 2956 fu-

1930 3009 2064 3047 mus
2096 2993 2155 3045 in
2187 2990 2474 3063 propheta
2502 2991 2523 3023 ⁵
2564 2988 2855 3062 significet
2894 2988 3047 3045 560
3085 2987 3487 3058 locustarum;
3522 2992 3580 3047 et

1929 3081 2083 3152 quod
2118 3078 2492 3152 pulchritudo
2522 3077 2826 3134 oculorum
2856 3081 3093 3133 tuorum
3119 3076 3574 3135 amaritudinem

1929 3168 2073 3224 fumi
2107 3166 2291 3223 nostri
2321 3168 2470 3222 ferre
2503 3183 2618 3222 non
2650 3169 2860 3239 potest.

180 3255 244 3311 de
270 3256 460 3312 tribus
490 3271 681 3310 unum
727 3270 856 3310 esse
898 3255 1053 3325 quod
1089 3270 1287 3309 verum
1337 3250 1459 3307 sit?
1504 3250 1563 3307 Si
1593 3255 1682 3306 est
1712 3247 1817 3304 ali-
1847 3244 1892 3308 C
2001 3260 2089 3313 32.
2128 3258 2200 3312 De
2228 3264 2571 3312 sacramento
2602 3257 2662 3310 in
2704 3256 2933 3310 somnio.
2966 3286 3036 3296 —
3064 3255 3146 3311 De
3195 3255 3440 3314 crimine
3469 3273 3573 3314 au-

180 3345 334 3416 quid,
383 3361 492 3400 cur
540 3344 969 3415 disputantium
1018 3342 1347 3399 libertatem
1393 3343 1642 3412 angusto
1702 3340 1815 3392 {ine

1927 3353 2043 3402 tem
2082 3344 2343 3418 perjurii,
2375 3345 2513 3416 quia
2542 3360 2635 3399 me
2665 3343 2917 3400 remittis
2966 3344 3038 3400 ad
3088 3345 3349 3402 codicem
3379 3350 3575 3419 tuum,

178 3434 472 3490 concludis
502 3452 516 3502 ;
552 3438 611 3489 et
639 3449 770 3488 cum
794 3432 1098 3488 mendacia
1127 3430 1462 3504 protuleris,
1489 3431 1559 3485 de
1580 3428 1818 3484 veritate
1926 3442 1983 3493 et,
2015 3453 2083 3491 ex
2123 3450 2337 3505 magna
2367 3437 2530 3505 parte
2559 3431 2619 3487 in
2667 3432 2801 3488 aliis
2848 3432 3017 3490 libris
3070 3433 3178 3490 tibi
3225 3434 3574 3509 Calpurnio-

181 3522 372 3579 taces?
411 3522 519 3579 Sin
552 3526 748 3577 autem
779 3538 809 3576 e
840 3520 1029 3577 tribus
1060 3538 1244 3576 unum
1270 3536 1471 3575 verum
1503 3522 1610 3587 est,
1644 3523 1699 3573 et
1731 3534 1816 3573 re-

181 3610 332 3684 liqua
358 3613 474 3668 duo
507 3610 659 3667 falsa
687 3614 864 3666 sunt:
900 3627 1004 3665 cur
1047 3610 1228 3667 simili
1276 3608 1608 3682 ignorantia
1655 3607 1819 3679 igno-

183 3717 269 3758 ras
287 3700 435 3757 falsa
462 3717 600 3757 cum
630 3700 829 3756 veris?
858 3701 944 3754 An
976 3698 1191 3755 idcirco
1222 3715 1422 3753 verum
1480 3695 1824 3752 dissimulas

183 3793 243 3845 ut
273 3790 376 3845 tibi
410 3794 611 3846 tutum
642 3788 739 3855 sit,
771 3805 909 3844 cum
955 3788 1232 3853 volueris,
1283 3788 1431 3842 falsa
1474 3787 1783 3841 defendere
1800 3785 1827 3838 ‘?

182 3878 245 3934 lli
273 3884 413 3936 sunt
442 3878 617 3947 fumi,
652 3878 738 3933 hae
773 3876 1077 3950 caligines,
1113 3877 1330 3948 quibus
1352 3893 1421 3932 ex
1440 3875 1625 3931 oculis
1648 3873 1830 3929 homi-

247 4005 262 4039 ¹
295 4007 365 4061 Tu
394 4004 675 4060 Maximus
705 4004 806 4059 ille
853 4020 937 4060 es.
997 4004 1077 4059 De
1130 4002 1300 4057 Fabio
1350 4000 1602 4055 Maximo
1634 4015 1835 4054 versus

185 4073 288 4132 iste
319 4078 631 4133 Ennianus
665 4081 776 4141 est,
816 4078 967 4133 Unus
996 4077 1093 4147 qui
1142 4076 1304 4147 nobis
1343 4071 1834 4147 cunctandoAresti-

185 4151 285 4274 ﬁtﬁt
306 4165 457 4276 ﬁrm.
485 4153 770 4203 MARTIAN.
802 4178 870 4187 ——
900 4149 981 4201 Ex
1004 4142 1111 4201 illo
1141 4145 1308 4200 Ennii
1342 4160 1511 4199 versu
1542 4144 1612 4197 de
1643 4144 1707 4207 Ο.
1739 4142 1838 4196 Fa-

185 4274 189 4276 _
228 4236 277 4276 l0
365 4237 566 4276 εχιωο
592 4237 604 4274 :

184 4236 277 4278 .DlO
306 4236 566 4277 ΜΕΧΙῙῙῙΟ
592 4237 604 4274 Σ

301 4308 452 4360 Unus
483 4309 648 4358 homo
683 4306 842 4356 nobis
872 4305 1176 4357 cunctando
1205 4304 1434 4355 restituit
1463 4317 1595 4363 rem,

187 4423 355 4481 quem
384 4406 682 4481 Virgilius
717 4406 835 4481 fere
865 4404 1144 4481 exscribit
1174 4404 1273 4458 lib.
1309 4420 1385 4457 vr.

198 4473 273 4604 io’
326 4473 540 4536 Recole
576 4495 708 4551 quae
753 4477 1162 4533 adnotavimus
1212 4492 1391 4547 supra
1438 4473 1539 4528 lib.
1586 4490 1648 4540 II,
1679 4489 1841 4525 num.

190 4694 418 4766 auditor
474 4688 800 4766 Cyrenaeus
839 4688 1266 4766 ifuit,'_primus
1316 4696 1544 4766 quaestu
1586 4688 1847 4766 philoso-

192 4763 402 4839 phatus
434 4759 554 4821 est:
586 4764 805 4819 Habuit
834 4759 1150 4839 ingenium
1190 4762 1271 4839 ad
1315 4759 1658 4839 Omnia-pro
1702 4763 1846 4812 tem-

192 4832 342 4908 pore,
374 4836 507 4893 loco
551 4841 609 4892 et
630 4832 929 4908 ipersona',
979 4832 1333 4908 simulanda,
1384 4832 1622 4908 omnino
1654 4847 1847 4902 prom-

194 4903 374 4979 ptum.
424 4908 579 4964 Vide
624 4903 938 4978 Diogenem
987 4911 1043 4962 et
1088 4905 1411 4979 Horatium.
1464 4903 1850 4979 llermagoras

194 4974 247 5053 et
273 4980 527 5053 Gorgias
558 4974 822 5053 rhetores
869 4979 1106 5035 fuerunt
1130 4975 1403 5053 egregii;
1459 4974 1672 5053 dicitur
1718 4990 1850 5029 vero

195 5049 456 5125 Gorgias,
486 5052 593 5123 qui
625 5051 852 5125 primus
882 5066 1063 5125 ausus
1095 5049 1258 5125 sit_in
1299 5051 1582 5125 conventu
1617 5062 1851 5125 poscere

196 5117 408 5194 qua'de
442 5117 525 5179 η·
563 5117 814 5207 quisque
861 5122 1033 5207 vel-let
1080 5121 1321 5183 audire;
1374 5133 1441 5207 ac
1484 5118 1554 5173 de
1603 5117 1760 5171 omni
1793 5132 1851 5172 re

196 5210 547 5268 quacunque
579 5194 640 5250 in
680 5194 1171 5268 disceptationem
1222 5194 1853 5268 quiestionemque‘vo-

196 5262 465 5348 geretur;
502 5282 567 5321 se
626 5262 867 5348 copiose
918 5266 1214 5348 dicturum
1244 5262 1403 5317 ’esse
1432 5262 1849 5348 profitebatur.

197 5331 478 5411 Minatur}.
515 5368 584 5411 -τέ
615 5331 988 5411 Aristippum
1041 5331 1710 5411 Cyrengeumnintellige,
1758 5335 1855 5411 So-

198 5402 993 5537 cratisliifarriiliarem,.a'ulici
1038 5402 1257 5480 ingenii
1309 5402 1750 5477 pliilOSOphum,
1784 5404 1854 5458 de

201 5494 308 5537 quo
391 5499 498 5537 ora
534 5499 587 5537 .:

201 5494 308 5551 quo
340 5485 545 5538 Horat.
574 5499 587 5537 :

284 5605 469 5655 Omnis
504 5604 868 5668 Artistippum
898 5603 1077 5654 decuit
1102 5602 1267 5657 color,
1302 5604 1353 5650 et
1382 5602 1554 5649 status
1580 5603 1634 5648 et
1658 5613 1759 5648 res.

205 5717 297 5776 llic
354 5720 659 5795 siquidem
714 5720 966 5794 primus,
1047 5725 1194 5776 teste
1251 5717 1455 5785 Suida,
1527 5716 1855 5773 mercedem

252 4591 623 4694 ‘Aristippus
652 4623 833 4676 nostri
856 4621 1157 4694 temporis.
1214 4618 1550 4688 Aristippus
1599 4615 1851 4694 Socratis
1886 4611 1929 4674 ll

1929 3542 2045 3597 que
2074 3526 2095 3560 ⁸
2128 3522 2442 3594 respondi:
2479 3538 2635 3578 nunc
2664 3522 2914 3578 breviter
2959 3523 3179 3580 dixisse
3211 3524 3488 3591 sufﬁciat,
3528 3530 3586 3582 te

1932 3615 2160 3684 exigere
2201 3629 2235 3667 a
2266 3609 2591 3667 dormiente
2621 3611 2776 3682 quod
2807 3627 3113 3683 nunquam
3150 3611 3401 3685 vigilans
3436 3630 3586 3685 prm-

1936 3702 2161 3759 stitisti.
2194 3700 2387 3772 Magni
2418 3698 2682 3754 criminis
2712 3715 2848 3754 reus
2880 3717 3035 3766 sum,
3069 3699 3118 3756 si
3151 3700 3361 3772 puellis
3389 3706 3448 3757 et
3474 3702 3588 3758 vir~

1938 3792 2177 3865 ginibus
2208 3789 2421 3844 Christi
2456 3788 2572 3842 dixi
2604 3788 2911 3845 saeculares
2944 3788 3124 3844 libros
3146 3805 3261 3844 non
3283 3788 3582 3862 legendos,

1940 3886 1998 3936 et
2030 3896 2122 3935 me
2163 3878 2221 3932 in
2257 3876 2482 3933 somnis
2513 3876 2937 3932 commonitum
2970 3876 3311 3949 promisisse
3334 3894 3408 3934 ne
3434 3877 3585 3951 lege-

1945 4004 2018 4059 ab
2051 4001 2418 4073 auditoribus
2452 3999 2576 4054 suis
2614 3998 2826 4073 exegit.
2850 3998 3289 4073 Hermagoram,
3322 4001 3423 4073 qui
3454 4001 3591 4058 sub-

1947 4075 2237 4146 sequitur,
2271 4072 2531 4146 Curium,
2559 4087 2598 4146 _a
2628 4070 2927 4146 quoidem
2975 4070 3185 4128 Suidas
3236 4070 3591 4146 peculiarem

1950 4141 2773 4215 institutamtraditgdicendi
2822 4141 3129 4215 rationem,
3186 4141 3367 4215 quam
3409 4144 3596 4202 secuti

1950 4214 2408 4298 suntﬁplurimi.
2447 4212 2586 4296 .Vid
2645 4213 3091 4298 Quintilianum.
3149 4212 3425 4298 Gorgiam
3461 4233 3596 4298 vero

1955 4283 2329 4349 Leontinum,
2364 4283 2462 4357 qui
2494 4285 2721 4357 primus
2749 4284 2965 4341 dicitur
2991 4287 3237 4357 Athenis
3269 4283 3339 4344 in
3370 4288 3595 4346 theatro

1954 4377 2136 4416 ausus
2166 4355 2809 4430 dicere—auditoribus,
2868 4355 3233 4430 προοᾶλλετε,
3293 4359 3433 4428 sive,
3491 4377 3600 4430 qua

1954 4433 2017 4488 de
2048 4448 2105 4486 re
2136 4433 2362 4556 quasique
2392 4429 2557 4483 vultis
2587 4429 2785 4483 audire
2821 4429 3127 4501 proponite.
3177 4430 3279 4488 llis
3327 4429 3603 4488 omnibus

1957 4508 2219 4556 coaequut
2297 4502 2521 4555 utlnum
2556 4500 2961 4556 Hieronvmus.
3087 4505 3090 4509 ’

1957 4500 3263 4655 cofiilllgt‘lff‘itg-tglilotcnltﬁssilis?“Ehochabas
3288 4572 3469 4655 apud
3480 4572 3603 4653 “Eu-

1960 4645 2187 4702 sebium
2212 4644 2337 4716 lib.
2362 4661 2416 4706 v,
2439 4659 2565 4714 cap.
2589 4645 2642 4709 6,
2664 4643 3088 4716 etSalmoneus
3114 4644 3265 4716 apud
3284 4641 3603 4716 Virgilium

1961 4717 2273 4773 invenitur.
2291 4715 2578 4769 MARTIAN.
2595 4745 2661 4754 -—-
2674 4714 2758 4768 Ab
2775 4714 3040 4780 Eusebio,
3061 4732 3095 4770 a
3111 4714 3226 4786 quo
3238 4714 3484 4771 historia
3502 4714 3605 4771 ist-

1962 4790 2079 4870 hgec
2112 4786 2515 4870 narraturnli‘b.
2550 4802 2626 4850 ιν,
2656 4801 2710 4867 e.
2741 4787 2826 4870 6,”
2850 4787 3273 4870 quchochebqs,
3296 4790 3603 4870 Ξςιρχειξχε-

1961 4856 2059 4921 ϐἆς
2092 4861 2325 4914 dicitur.
2376 4857 2668 4912 Salmonei
2709 4856 3020 4913 notissima
3066 4858 3220 4929 apud
3296 4856 3607 4929 Virgilium

1961 4933 2064 4987 lib.
2094 4950 2151 4986 v1
2184 4928 2398 4985 tabula.

1986 4934 2064 4987 ib.
2094 4950 2151 4986 v1
2184 4934 2398 4985 tabula.

2031 5004 2052 5037 ⁵
2081 5003 2367 5058 Joannem
2399 5001 2457 5053 in
2491 4998 2858 5072 Apocalypsi,
2904 5000 3074 5071 cujus
3113 4998 3314 5056 isthaac
3336 5002 3497 5072 sunt,
3530 5002 3613 5056 De

1960 5084 2115 5146 fumo
2145 5076 2299 5145 putei
2327 5070 2583 5128 exierunt
2616 5070 2834 5127 [acestae
2880 5074 2935 5126 in
2980 5070 3221 5141 terram,
3271 5074 3322 5127 et
3374 5070 3510 5127 data
3538 5079 3618 5127 est

1962 5148 2083 5203 illis
2114 5154 2362 5210 potestas,
2400 5147 2507 5198 etc.

2034 5220 2054 5253 θ
2085 5212 2229 5273 Hinc
2261 5218 2395 5270 licet
2426 5212 2749 5285 intelligere
2777 5214 3073 5269 diversum
3105 5231 3139 5269 a
3180 5214 3388 5269 Rufino
3419 5212 3610 5271 homi-

1965 5307 2097 5346 nem
2130 5287 2428 5360 Calpurnii
2463 5286 2697 5360 nomine
2727 5286 2833 5341 abs
2863 5286 3209 5360 Hieronymo
3232 5286 3448 5349 notari,
3480 5302 3614 5360 c_on-_

1963 5367 2054 5416 tra
2086 5356 2262 5431 quam
2307 5358 2480 5431 vulgo
2530 5359 2790 5431 sentiunt
2846 5356 3093 5431 eruditi.
3143 5358 3249 5431 Hie
3305 5356 3619 5431 porrolpci

1964 5427 2258 5509 Victorius
2290 5429 2383 5509 vel
2415 5427 2849 5509 Apronianum,
2896 5428 2985 5484 vel
3044 5427 3615 5509 Macarium,‘Ru_{ini

1965 5504 2207 5569 amicos,
2234 5502 2321 5556 vel
2353 5499 2605 5570 denique
2627 5499 2974 5569 Palladium,
3000 5501 3153 5571 quod
3178 5500 3356 5557 etiam
3378 5501 3444 5567 Ο.
3472 5499 3620 5557 Mar-

1966 5576 2211 5630 tianteus
2243 5571 2596 5643 suspicatur,
2636 5571 2928 5643 intelligit,
2984 5572 3082 5628 llle
3131 5572 3287 5629 idem
3319 5576 3475 5629 certe
3506 5576 3616 5637 est,

1965 5663 2142 5773 quem
2178 5646 2235 5699 in
2268 5642 2519 5727 epistola
2552 5643 2623 5697 ad
2657 5642 2935 5724 Magnum
2968 5644 3248 5718 suggillet
3269 5659 3336 5701 eo
3359 5643 3616 5727 nomine.

2020 5718 2113 5773 ide
2144 5734 2271 5773 ausa
2300 5733 2359 5772 in
2400 5713 2569 5770 illum
2616 5714 2875 5773 epistola:
2932 5715 3126 5773 locum
3175 5716 3616 5773 adnottmmus.

2020 5718 2113 5775 ide
2144 5734 2271 5789 quae
2300 5713 2359 5772 in
2400 5713 2569 5770 illum
2616 5713 2875 5788 epistola:
2932 5713 3126 5775 locum
3175 5714 3617 5777 adnotavimus.
