  <div class='ocr_page' id='page_1' title='image "/cluster/home/n/w/nwhite01/storage/ocr_20150623/23/umn.31951d034773078/261.png"; bbox 0 0 3958 6396; ppageno 0'>
   <div class='ocr_carea' id='block_1_1' title="bbox 350 329 478 413">
    <p class='ocr_par' dir='ltr' id='par_1_1' title="bbox 350 329 478 413">
     <span class='ocr_line' id='line_1_1' title="bbox 350 329 478 413; baseline 0 -16"><span class='ocrx_word' id='word_1_1' title='bbox 350 329 478 413; x_wconf 65' lang='lat'>{503</span> 
     </span>
    </p>
   </div>
   <div class='ocr_carea' id='block_1_2' title="bbox 1579 334 2547 417">
    <p class='ocr_par' dir='ltr' id='par_1_2' title="bbox 1579 334 2547 417">
     <span class='ocr_line' id='line_1_2' title="bbox 1579 334 2547 417; baseline 0.001 -11"><span class='ocrx_word' id='word_1_2' title='bbox 1579 334 1663 417; x_wconf 52' lang='lat' dir='ltr'>,S.</span> <span class='ocrx_word' id='word_1_3' title='bbox 1697 334 2011 413; x_wconf 77' lang='lat' dir='ltr'><strong>EUSEBH</strong></span> <span class='ocrx_word' id='word_1_4' title='bbox 2051 334 2547 407; x_wconf 55' lang='lat' dir='ltr'>HIERONYMII.</span> 
     </span>
    </p>
   </div>
   <div class='ocr_carea' id='block_1_3' title="bbox 358 469 3756 553">
    <p class='ocr_par' dir='ltr' id='par_1_3' title="bbox 358 469 3756 553">
     <span class='ocr_line' id='line_1_3' title="bbox 358 469 3756 553; baseline -0.002 -19"><span class='ocrx_word' id='word_1_5' title='bbox 358 490 506 536; x_wconf 86' lang='lat' dir='ltr'>rem.</span> <span class='ocrx_word' id='word_1_6' title='bbox 538 475 664 537; x_wconf 88' lang='lat' dir='ltr'>Tua</span> <span class='ocrx_word' id='word_1_7' title='bbox 689 477 874 547; x_wconf 90' lang='lat' dir='ltr'>navis,</span> <span class='ocrx_word' id='word_1_8' title='bbox 910 481 1181 539; x_wconf 78' lang='lat' dir='ltr'>Romanae</span> <span class='ocrx_word' id='word_1_9' title='bbox 1213 482 1341 539; x_wconf 91' lang='lat' dir='ltr'>urbi</span> <span class='ocrx_word' id='word_1_10' title='bbox 1377 481 1721 538; x_wconf 87' lang='lat' dir='ltr'>revelatione</span> <span class='ocrx_word' id='word_1_11' title='bbox 1752 480 2001 553; x_wconf 89' lang='lat' dir='ltr'>promis-</span> <span class='ocrx_word' id='word_1_12' title='bbox 2032 472 2087 538; x_wconf 79' lang='grc' dir='ltr'>Α</span> <span class='ocrx_word' id='word_1_13' title='bbox 2115 474 2654 549; x_wconf 79' lang='lat' dir='ltr'>interpretationem</span> <span class='ocrx_word' id='word_1_14' title='bbox 2695 492 2886 533; x_wconf 83' lang='lat' dir='ltr'><strong>meam</strong></span> <span class='ocrx_word' id='word_1_15' title='bbox 2948 492 3132 533; x_wconf 80' lang='lat' dir='ltr'>ausus</span> <span class='ocrx_word' id='word_1_16' title='bbox 3186 478 3277 532; x_wconf 86' lang='lat' dir='ltr'>est</span> <span class='ocrx_word' id='word_1_17' title='bbox 3330 469 3583 532; x_wconf 73' lang='lat' dir='ltr'>inlibris</span> <span class='ocrx_word' id='word_1_18' title='bbox 3629 488 3756 545; x_wconf 73' lang='grc' dir='ltr'>περι</span> 
     </span>
    </p>
   </div>
   <div class='ocr_carea' id='block_1_4' title="bbox 356 570 2005 642">
    <p class='ocr_par' dir='ltr' id='par_1_4' title="bbox 356 570 2005 642">
     <span class='ocr_line' id='line_1_4' title="bbox 356 570 2005 642; baseline -0.001 -15"><span class='ocrx_word' id='word_1_19' title='bbox 356 585 430 627; x_wconf 79' lang='lat' dir='ltr'>sa</span> <span class='ocrx_word' id='word_1_20' title='bbox 459 570 500 637; x_wconf 87' lang='grc'>¹,</span> <span class='ocrx_word' id='word_1_21' title='bbox 532 570 689 626; x_wconf 80' lang='lat' dir='ltr'>aliud</span> <span class='ocrx_word' id='word_1_22' title='bbox 726 570 1051 642; x_wconf 83' lang='lat' dir='ltr'>pollicetur,</span> <span class='ocrx_word' id='word_1_23' title='bbox 1082 576 1140 628; x_wconf 90' lang='lat' dir='ltr'>et</span> <span class='ocrx_word' id='word_1_24' title='bbox 1169 572 1326 628; x_wconf 83' lang='lat' dir='ltr'>aliud</span> <span class='ocrx_word' id='word_1_25' title='bbox 1351 572 1546 627; x_wconf 84' lang='lat' dir='ltr'>efficit.</span> <span class='ocrx_word' id='word_1_26' title='bbox 1572 570 2005 626; x_wconf 84' lang='lat' dir='ltr'>Mathematico-</span> 
     </span>
    </p>
   </div>
   <div class='ocr_carea' id='block_1_5' title="bbox 361 661 2003 734">
    <p class='ocr_par' dir='ltr' id='par_1_5' title="bbox 361 661 2003 734">
     <span class='ocr_line' id='line_1_5' title="bbox 361 661 2003 734; baseline 0.001 -21"><span class='ocrx_word' id='word_1_27' title='bbox 361 675 496 714; x_wconf 89' lang='lat' dir='ltr'>rum</span> <span class='ocrx_word' id='word_1_28' title='bbox 528 667 763 716; x_wconf 79' lang='lat' dir='ltr'>venerat</span> <span class='ocrx_word' id='word_1_29' title='bbox 814 661 1034 718; x_wconf 89' lang='lat' dir='ltr'>solvere</span> <span class='ocrx_word' id='word_1_30' title='bbox 1082 664 1457 734; x_wconf 72' lang='lat' dir='ltr'>qumstiones,</span> <span class='ocrx_word' id='word_1_31' title='bbox 1504 667 1560 717; x_wconf 91' lang='lat' dir='ltr'>et</span> <span class='ocrx_word' id='word_1_32' title='bbox 1606 661 1779 715; x_wconf 87' lang='lat' dir='ltr'>solvit</span> <span class='ocrx_word' id='word_1_33' title='bbox 1828 661 2003 715; x_wconf 82' lang='lat' dir='ltr'>ﬁdem</span> 
     </span>
    </p>
   </div>
   <div class='ocr_carea' id='block_1_6' title="bbox 356 749 2006 824">
    <p class='ocr_par' dir='ltr' id='par_1_6' title="bbox 356 749 2006 824">
     <span class='ocr_line' id='line_1_6' title="bbox 356 749 2006 824; baseline -0.001 -19"><span class='ocrx_word' id='word_1_34' title='bbox 356 749 843 806; x_wconf 83' lang='lat' dir='ltr'>Christianorum.</span> <span class='ocrx_word' id='word_1_35' title='bbox 880 755 1015 817; x_wconf 67' lang='lat' dir='ltr'>Quae</span> <span class='ocrx_word' id='word_1_36' title='bbox 1046 770 1149 824; x_wconf 91' lang='lat' dir='ltr'>per</span> <span class='ocrx_word' id='word_1_37' title='bbox 1182 754 1405 808; x_wconf 87' lang='lat' dir='ltr'>Ionium</span> <span class='ocrx_word' id='word_1_38' title='bbox 1438 757 1492 806; x_wconf 88' lang='lat' dir='ltr'>et</span> <span class='ocrx_word' id='word_1_39' title='bbox 1516 752 1779 822; x_wconf 61' lang='lat' dir='ltr'>rligeum,</span> <span class='ocrx_word' id='word_1_40' title='bbox 1808 749 2006 804; x_wconf 83' lang='lat' dir='ltr'>Adria-</span> 
     </span>
    </p>
   </div>
   <div class='ocr_carea' id='block_1_7' title="bbox 362 837 2004 912">
    <p class='ocr_par' dir='ltr' id='par_1_7' title="bbox 362 837 2004 912">
     <span class='ocr_line' id='line_1_7' title="bbox 362 837 2004 912; baseline -0.001 -19"><span class='ocrx_word' id='word_1_41' title='bbox 362 838 543 893; x_wconf 84' lang='lat' dir='ltr'>ticum</span> <span class='ocrx_word' id='word_1_42' title='bbox 579 843 753 910; x_wconf 90' lang='lat' dir='ltr'>atque</span> <span class='ocrx_word' id='word_1_43' title='bbox 776 840 1141 912; x_wconf 80' lang='lat' dir='ltr'>Tyrrhenum</span> <span class='ocrx_word' id='word_1_44' title='bbox 1177 843 1281 911; x_wconf 79' lang='lat' dir='ltr'><strong><em>[AL</em></strong></span> <span class='ocrx_word' id='word_1_45' title='bbox 1331 842 1556 895; x_wconf 79' lang='lat' dir='ltr'>additur</span> <span class='ocrx_word' id='word_1_46' title='bbox 1603 840 1783 909; x_wconf 89' lang='lat' dir='ltr'>mare]</span> <span class='ocrx_word' id='word_1_47' title='bbox 1817 837 2004 910; x_wconf 83' lang='lat' dir='ltr'>plenis</span> 
     </span>
    </p>
   </div>
   <div class='ocr_carea' id='block_1_8' title="bbox 363 927 2000 1000">
    <p class='ocr_par' dir='ltr' id='par_1_8' title="bbox 363 927 2000 1000">
     <span class='ocr_line' id='line_1_8' title="bbox 363 927 2000 1000; baseline -0.001 -19"><span class='ocrx_word' id='word_1_48' title='bbox 363 932 701 983; x_wconf 89' lang='lat' dir='ltr'>cucurrerat</span> <span class='ocrx_word' id='word_1_49' title='bbox 754 928 920 996; x_wconf 81' lang='lat' dir='ltr'>velis,</span> <span class='ocrx_word' id='word_1_50' title='bbox 988 930 1048 985; x_wconf 93' lang='lat' dir='ltr'>in</span> <span class='ocrx_word' id='word_1_51' title='bbox 1106 934 1363 985; x_wconf 86' lang='lat' dir='ltr'>Romano</span> <span class='ocrx_word' id='word_1_52' title='bbox 1418 935 1587 1000; x_wconf 89' lang='lat' dir='ltr'>portu</span> <span class='ocrx_word' id='word_1_53' title='bbox 1629 927 2000 999; x_wconf 79' lang='lat' dir='ltr'>naufragium</span> 
     </span>
    </p>
   </div>
   <div class='ocr_carea' id='block_1_9' title="bbox 361 1016 2002 1089">
    <p class='ocr_par' dir='ltr' id='par_1_9' title="bbox 361 1016 2002 1089">
     <span class='ocr_line' id='line_1_9' title="bbox 361 1016 2002 1089; baseline -0.001 -19"><span class='ocrx_word' id='word_1_54' title='bbox 361 1016 518 1071; x_wconf 80' lang='lat' dir='ltr'>fecit.</span> <span class='ocrx_word' id='word_1_55' title='bbox 553 1017 755 1073; x_wconf 84' lang='lat' dir='ltr'>Nonne</span> <span class='ocrx_word' id='word_1_56' title='bbox 785 1023 841 1072; x_wconf 86' lang='lat' dir='ltr'>te</span> <span class='ocrx_word' id='word_1_57' title='bbox 873 1020 1051 1089; x_wconf 81' lang='lat' dir='ltr'>pudet</span> <span class='ocrx_word' id='word_1_58' title='bbox 1080 1018 1413 1074; x_wconf 77' lang='lat' dir='ltr'>istiusmodi</span> <span class='ocrx_word' id='word_1_59' title='bbox 1455 1016 1837 1073; x_wconf 91' lang='lat' dir='ltr'>deliramenta</span> <span class='ocrx_word' id='word_1_60' title='bbox 1868 1031 2002 1070; x_wconf 90' lang='lat' dir='ltr'>con-</span> 
     </span>
    </p>
   </div>
   <div class='ocr_carea' id='block_1_10' title="bbox 363 1105 2005 1177">
    <p class='ocr_par' dir='ltr' id='par_1_10' title="bbox 363 1105 2005 1177">
     <span class='ocr_line' id='line_1_10' title="bbox 363 1105 2005 1177; baseline -0.001 -18"><span class='ocrx_word' id='word_1_61' title='bbox 363 1105 619 1176; x_wconf 85' lang='lat' dir='ltr'>quirere,</span> <span class='ocrx_word' id='word_1_62' title='bbox 651 1110 709 1162; x_wconf 86' lang='lat' dir='ltr'>et</span> <span class='ocrx_word' id='word_1_63' title='bbox 734 1106 874 1162; x_wconf 91' lang='lat' dir='ltr'>mihi</span> <span class='ocrx_word' id='word_1_64' title='bbox 904 1106 1119 1162; x_wconf 82' lang='lat' dir='ltr'>similia</span> <span class='ocrx_word' id='word_1_65' title='bbox 1147 1106 1458 1176; x_wconf 83' lang='lat' dir='ltr'>objiciendi</span> <span class='ocrx_word' id='word_1_66' title='bbox 1484 1106 1781 1177; x_wconf 86' lang='lat' dir='ltr'>imponere</span> <span class='ocrx_word' id='word_1_67' title='bbox 1812 1119 2005 1158; x_wconf 85' lang='lat' dir='ltr'>neces-</span> 
     </span>
    </p>
   </div>
   <div class='ocr_carea' id='block_1_11' title="bbox 364 1193 2003 1265">
    <p class='ocr_par' dir='ltr' id='par_1_11' title="bbox 364 1193 2003 1265">
     <span class='ocr_line' id='line_1_11' title="bbox 364 1193 2003 1265; baseline -0.002 -14"><span class='ocrx_word' id='word_1_68' title='bbox 364 1193 601 1251; x_wconf 86' lang='lat' dir='ltr'>sitatem</span> <span class='ocrx_word' id='word_1_69' title='bbox 624 1197 650 1249; x_wconf 90' lang='lat'>?</span> <span class='ocrx_word' id='word_1_70' title='bbox 680 1197 835 1261; x_wconf 85' lang='lat' dir='ltr'>Esto,</span> <span class='ocrx_word' id='word_1_71' title='bbox 862 1196 1012 1251; x_wconf 89' lang='lat' dir='ltr'>alius</span> <span class='ocrx_word' id='word_1_72' title='bbox 1042 1197 1112 1251; x_wconf 88' lang='lat' dir='ltr'>de</span> <span class='ocrx_word' id='word_1_73' title='bbox 1144 1202 1199 1251; x_wconf 91' lang='lat' dir='ltr'>te</span> <span class='ocrx_word' id='word_1_74' title='bbox 1232 1196 1524 1250; x_wconf 82' lang='lat' dir='ltr'>somnium</span> <span class='ocrx_word' id='word_1_75' title='bbox 1546 1196 1770 1250; x_wconf 79' lang='lat' dir='ltr'>viderat</span> <span class='ocrx_word' id='word_1_76' title='bbox 1790 1193 2003 1265; x_wconf 79' lang='lat' dir='ltr'>glorio-</span> 
     </span>
    </p>
   </div>
   <div class='ocr_carea' id='block_1_12' title="bbox 364 1282 2005 1357">
    <p class='ocr_par' dir='ltr' id='par_1_12' title="bbox 364 1282 2005 1357">
     <span class='ocr_line' id='line_1_12' title="bbox 364 1282 2005 1357; baseline -0.002 -19"><span class='ocrx_word' id='word_1_77' title='bbox 364 1299 537 1349; x_wconf 84' lang='lat' dir='ltr'>sum;</span> <span class='ocrx_word' id='word_1_78' title='bbox 579 1286 937 1339; x_wconf 67' lang='lat' dir='ltr'>verecundiae</span> <span class='ocrx_word' id='word_1_79' title='bbox 979 1289 1086 1339; x_wconf 73' lang='lat' dir='ltr'>tua:</span> <span class='ocrx_word' id='word_1_80' title='bbox 1122 1286 1307 1340; x_wconf 90' lang='lat' dir='ltr'>fuerat</span> <span class='ocrx_word' id='word_1_81' title='bbox 1352 1291 1408 1341; x_wconf 90' lang='lat' dir='ltr'>et</span> <span class='ocrx_word' id='word_1_82' title='bbox 1454 1284 1775 1357; x_wconf 78' lang='lat' dir='ltr'>prudentiae</span> <span class='ocrx_word' id='word_1_83' title='bbox 1826 1282 2005 1338; x_wconf 86' lang='lat' dir='ltr'>dissi-</span> 
     </span>
    </p>
   </div>
   <div class='ocr_carea' id='block_1_13' title="bbox 364 1371 2005 1444">
    <p class='ocr_par' dir='ltr' id='par_1_13' title="bbox 364 1371 2005 1444">
     <span class='ocr_line' id='line_1_13' title="bbox 364 1371 2005 1444; baseline 0.001 -19"><span class='ocrx_word' id='word_1_84' title='bbox 364 1371 590 1439; x_wconf 82' lang='lat' dir='ltr'>mulare</span> <span class='ocrx_word' id='word_1_85' title='bbox 656 1374 810 1444; x_wconf 91' lang='lat' dir='ltr'>quod</span> <span class='ocrx_word' id='word_1_86' title='bbox 880 1374 1171 1441; x_wconf 84' lang='lat' dir='ltr'>audieras,</span> <span class='ocrx_word' id='word_1_87' title='bbox 1242 1380 1297 1428; x_wconf 90' lang='lat' dir='ltr'>et</span> <span class='ocrx_word' id='word_1_88' title='bbox 1365 1392 1502 1442; x_wconf 92' lang='lat' dir='ltr'>non,</span> <span class='ocrx_word' id='word_1_89' title='bbox 1572 1372 1741 1444; x_wconf 89' lang='lat' dir='ltr'>quasi</span> <span class='ocrx_word' id='word_1_90' title='bbox 1794 1388 2005 1443; x_wconf 83' lang='lat' dir='ltr'>magno</span> 
     </span>
    </p>
   </div>
   <div class='ocr_carea' id='block_1_14' title="bbox 365 1459 2004 1534">
    <p class='ocr_par' dir='ltr' id='par_1_14' title="bbox 365 1459 2004 1534">
     <span class='ocr_line' id='line_1_14' title="bbox 365 1459 2004 1534; baseline 0 -20"><span class='ocrx_word' id='word_1_91' title='bbox 365 1460 719 1527; x_wconf 85' lang='lat' dir='ltr'>testimonio,</span> <span class='ocrx_word' id='word_1_92' title='bbox 782 1461 1023 1518; x_wconf 82' lang='lat' dir='ltr'>alterius</span> <span class='ocrx_word' id='word_1_93' title='bbox 1084 1464 1313 1518; x_wconf 86' lang='lat' dir='ltr'>somnio</span> <span class='ocrx_word' id='word_1_94' title='bbox 1368 1461 1625 1534; x_wconf 85' lang='lat' dir='ltr'>gloriari.</span> <span class='ocrx_word' id='word_1_95' title='bbox 1684 1460 1827 1515; x_wconf 89' lang='lat' dir='ltr'>Vide</span> <span class='ocrx_word' id='word_1_96' title='bbox 1865 1459 2004 1530; x_wconf 91' lang='lat' dir='ltr'>quid</span> 
     </span>
    </p>
   </div>
   <div class='ocr_carea' id='block_1_15' title="bbox 362 1548 2007 1618">
    <p class='ocr_par' dir='ltr' id='par_1_15' title="bbox 362 1548 2007 1618">
     <span class='ocr_line' id='line_1_15' title="bbox 362 1548 2007 1618; baseline -0.001 -14"><span class='ocrx_word' id='word_1_97' title='bbox 362 1548 516 1604; x_wconf 89' lang='lat' dir='ltr'>inter</span> <span class='ocrx_word' id='word_1_98' title='bbox 556 1553 680 1603; x_wconf 90' lang='lat' dir='ltr'>tum</span> <span class='ocrx_word' id='word_1_99' title='bbox 722 1555 779 1605; x_wconf 90' lang='lat' dir='ltr'>et</span> <span class='ocrx_word' id='word_1_100' title='bbox 835 1568 1034 1606; x_wconf 90' lang='lat' dir='ltr'>meum</span> <span class='ocrx_word' id='word_1_101' title='bbox 1091 1551 1323 1607; x_wconf 87' lang='lat' dir='ltr'>intersit</span> <span class='ocrx_word' id='word_1_102' title='bbox 1379 1550 1694 1607; x_wconf 87' lang='lat' dir='ltr'>somnium.</span> <span class='ocrx_word' id='word_1_103' title='bbox 1756 1550 1872 1618; x_wconf 79' lang='lat' dir='ltr'>Ego</span> <span class='ocrx_word' id='word_1_104' title='bbox 1915 1564 2007 1604; x_wconf 89' lang='lat' dir='ltr'>me</span> 
     </span>
    </p>
   </div>
   <div class='ocr_carea' id='block_1_16' title="bbox 362 1636 2007 1709">
    <p class='ocr_par' dir='ltr' id='par_1_16' title="bbox 362 1636 2007 1709">
     <span class='ocr_line' id='line_1_16' title="bbox 362 1636 2007 1709; baseline -0.001 -17"><span class='ocrx_word' id='word_1_105' title='bbox 362 1636 665 1693; x_wconf 83' lang='lat' dir='ltr'>humiliter</span> <span class='ocrx_word' id='word_1_106' title='bbox 704 1639 1127 1709; x_wconf 84' lang='lat' dir='ltr'>reprehensum</span> <span class='ocrx_word' id='word_1_107' title='bbox 1168 1641 1371 1705; x_wconf 72' lang='lat' dir='ltr'>refero,</span> <span class='ocrx_word' id='word_1_108' title='bbox 1404 1644 1463 1694; x_wconf 92' lang='lat' dir='ltr'>tu</span> <span class='ocrx_word' id='word_1_109' title='bbox 1490 1639 1780 1708; x_wconf 89' lang='lat' dir='ltr'>jactanter</span> <span class='ocrx_word' id='word_1_110' title='bbox 1804 1637 2007 1692; x_wconf 90' lang='lat' dir='ltr'>lauda-</span> 
     </span>
    </p>
   </div>
   <div class='ocr_carea' id='block_1_17' title="bbox 361 1724 2006 1799">
    <p class='ocr_par' dir='ltr' id='par_1_17' title="bbox 361 1724 2006 1799">
     <span class='ocr_line' id='line_1_17' title="bbox 361 1724 2006 1799; baseline -0.002 -16"><span class='ocrx_word' id='word_1_111' title='bbox 361 1730 488 1783; x_wconf 84' lang='lat' dir='ltr'>tum</span> <span class='ocrx_word' id='word_1_112' title='bbox 557 1732 613 1781; x_wconf 89' lang='lat' dir='ltr'>te</span> <span class='ocrx_word' id='word_1_113' title='bbox 669 1744 799 1783; x_wconf 89' lang='lat' dir='ltr'>esse</span> <span class='ocrx_word' id='word_1_114' title='bbox 838 1728 1236 1798; x_wconf 77' lang='lat' dir='ltr'>congeminas.</span> <span class='ocrx_word' id='word_1_115' title='bbox 1268 1729 1383 1784; x_wconf 85' lang='lat' dir='ltr'>Nec</span> <span class='ocrx_word' id='word_1_116' title='bbox 1413 1729 1603 1783; x_wconf 88' lang='lat' dir='ltr'>dicere</span> <span class='ocrx_word' id='word_1_117' title='bbox 1636 1730 1818 1799; x_wconf 87' lang='lat' dir='ltr'>potes,</span> <span class='ocrx_word' id='word_1_118' title='bbox 1851 1724 2006 1781; x_wconf 89' lang='lat' dir='ltr'>Nihil</span> 
     </span>
    </p>
   </div>
   <div class='ocr_carea' id='block_1_18' title="bbox 2115 562 3755 638">
    <p class='ocr_par' dir='ltr' id='par_1_18' title="bbox 2115 562 3755 638">
     <span class='ocr_line' id='line_1_18' title="bbox 2115 562 3755 638; baseline -0.002 -17"><span class='ocrx_word' id='word_1_119' title='bbox 2115 564 2308 638; x_wconf 77' lang='grc' dir='ltr'>Ἀρκῦν</span> <span class='ocrx_word' id='word_1_120' title='bbox 2344 566 2558 638; x_wconf 85' lang='lat' dir='ltr'>stylum</span> <span class='ocrx_word' id='word_1_121' title='bbox 2594 568 2769 638; x_wconf 80' lang='lat' dir='ltr'>ﬁgere</span> <span class='ocrx_word' id='word_1_122' title='bbox 2788 567 2815 621; x_wconf 75' lang='lat' dir='ltr'>‘I</span> <span class='ocrx_word' id='word_1_123' title='bbox 2844 566 2997 622; x_wconf 87' lang='lat' dir='ltr'>Num</span> <span class='ocrx_word' id='word_1_124' title='bbox 3027 567 3077 622; x_wconf 90' lang='lat' dir='ltr'>si</span> <span class='ocrx_word' id='word_1_125' title='bbox 3104 581 3430 622; x_wconf 77' lang='lat' dir='ltr'>erraveram</span> <span class='ocrx_word' id='word_1_126' title='bbox 3471 568 3538 618; x_wconf 90' lang='lat' dir='ltr'>ut</span> <span class='ocrx_word' id='word_1_127' title='bbox 3557 562 3755 625; x_wconf 86' lang='lat' dir='ltr'>homo.</span> 
     </span>
    </p>
   </div>
   <div class='ocr_carea' id='block_1_19' title="bbox 2113 651 3757 726">
    <p class='ocr_par' dir='ltr' id='par_1_19' title="bbox 2113 651 3757 726">
     <span class='ocr_line' id='line_1_19' title="bbox 2113 651 3757 726; baseline -0.002 -16"><span class='ocrx_word' id='word_1_128' title='bbox 2113 655 2367 711; x_wconf 87' lang='lat' dir='ltr'>debuisti</span> <span class='ocrx_word' id='word_1_129' title='bbox 2399 672 2492 711; x_wconf 90' lang='lat' dir='ltr'>me</span> <span class='ocrx_word' id='word_1_130' title='bbox 2531 656 2770 726; x_wconf 84' lang='lat' dir='ltr'>privatis</span> <span class='ocrx_word' id='word_1_131' title='bbox 2800 656 3011 711; x_wconf 84' lang='lat' dir='ltr'>litteris</span> <span class='ocrx_word' id='word_1_132' title='bbox 3040 654 3370 723; x_wconf 87' lang='lat' dir='ltr'>convenire,</span> <span class='ocrx_word' id='word_1_133' title='bbox 3401 658 3459 709; x_wconf 92' lang='lat' dir='ltr'>et</span> <span class='ocrx_word' id='word_1_134' title='bbox 3488 652 3573 710; x_wconf 88' lang='lat' dir='ltr'>sic</span> <span class='ocrx_word' id='word_1_135' title='bbox 3611 651 3757 707; x_wconf 84' lang='lat' dir='ltr'>mihi</span> 
     </span>
    </p>
   </div>
   <div class='ocr_carea' id='block_1_20' title="bbox 2116 740 3759 815">
    <p class='ocr_par' dir='ltr' id='par_1_20' title="bbox 2116 740 3759 815">
     <span class='ocr_line' id='line_1_20' title="bbox 2116 740 3759 815; baseline -0.001 -15"><span class='ocrx_word' id='word_1_136' title='bbox 2116 743 2391 808; x_wconf 90' lang='lat' dir='ltr'>blandiri,</span> <span class='ocrx_word' id='word_1_137' title='bbox 2423 745 2716 815; x_wconf 90' lang='lat' dir='ltr'>quomodo</span> <span class='ocrx_word' id='word_1_138' title='bbox 2744 749 2802 799; x_wconf 91' lang='lat' dir='ltr'>et</span> <span class='ocrx_word' id='word_1_139' title='bbox 2820 761 2925 815; x_wconf 82' lang='lat' dir='ltr'>ego</span> <span class='ocrx_word' id='word_1_140' title='bbox 2942 744 3050 799; x_wconf 88' lang='lat' dir='ltr'>tibi</span> <span class='ocrx_word' id='word_1_141' title='bbox 3075 743 3305 799; x_wconf 89' lang='lat' dir='ltr'>nuncin</span> <span class='ocrx_word' id='word_1_142' title='bbox 3324 742 3587 814; x_wconf 86' lang='lat' dir='ltr'>epistolis</span> <span class='ocrx_word' id='word_1_143' title='bbox 3610 740 3759 798; x_wconf 82' lang='lat' dir='ltr'>meis</span> 
     </span>
    </p>
   </div>
   <div class='ocr_carea' id='block_1_21' title="bbox 2114 830 3762 905">
    <p class='ocr_par' dir='ltr' id='par_1_21' title="bbox 2114 830 3762 905">
     <span class='ocr_line' id='line_1_21' title="bbox 2114 830 3762 905; baseline -0.001 -18"><span class='ocrx_word' id='word_1_144' title='bbox 2114 831 2432 888; x_wconf 88' lang='lat' dir='ltr'>blandior?</span> <span class='ocrx_word' id='word_1_145' title='bbox 2468 856 2494 881; x_wconf 86' lang='grc'><strong>››</strong></span> <span class='ocrx_word' id='word_1_146' title='bbox 2525 833 2654 888; x_wconf 75' lang='lat' dir='ltr'>Haec</span> <span class='ocrx_word' id='word_1_147' title='bbox 2684 838 2804 889; x_wconf 84' lang='lat' dir='ltr'>tota</span> <span class='ocrx_word' id='word_1_148' title='bbox 2826 850 2955 889; x_wconf 90' lang='lat' dir='ltr'>mea</span> <span class='ocrx_word' id='word_1_149' title='bbox 2975 833 3147 905; x_wconf 91' lang='lat' dir='ltr'>culpa</span> <span class='ocrx_word' id='word_1_150' title='bbox 3166 837 3273 899; x_wconf 88' lang='lat' dir='ltr'>est,</span> <span class='ocrx_word' id='word_1_151' title='bbox 3295 848 3476 904; x_wconf 84' lang='lat' dir='ltr'>quare</span> <span class='ocrx_word' id='word_1_152' title='bbox 3496 830 3762 887; x_wconf 84' lang='lat' dir='ltr'>subdolis</span> 
     </span>
    </p>
   </div>
   <div class='ocr_carea' id='block_1_22' title="bbox 2114 921 3763 994">
    <p class='ocr_par' dir='ltr' id='par_1_22' title="bbox 2114 921 3763 994">
     <span class='ocr_line' id='line_1_22' title="bbox 2114 921 3763 994; baseline 0.002 -19"><span class='ocrx_word' id='word_1_153' title='bbox 2114 921 2391 977; x_wconf 87' lang='lat' dir='ltr'>laudibus</span> <span class='ocrx_word' id='word_1_154' title='bbox 2430 926 2745 977; x_wconf 83' lang='lat' dir='ltr'>accusatus</span> <span class='ocrx_word' id='word_1_155' title='bbox 2785 939 3034 994; x_wconf 84' lang='lat' dir='ltr'>purgare</span> <span class='ocrx_word' id='word_1_156' title='bbox 3073 938 3166 977; x_wconf 91' lang='lat' dir='ltr'>me</span> <span class='ocrx_word' id='word_1_157' title='bbox 3197 922 3371 989; x_wconf 88' lang='lat' dir='ltr'>volui,</span> <span class='ocrx_word' id='word_1_158' title='bbox 3406 929 3462 977; x_wconf 88' lang='lat' dir='ltr'>et</span> <span class='ocrx_word' id='word_1_159' title='bbox 3492 922 3602 977; x_wconf 88' lang='lat' dir='ltr'>hoc</span> <span class='ocrx_word' id='word_1_160' title='bbox 3634 922 3763 978; x_wconf 89' lang='lat' dir='ltr'>sine</span> 
     </span>
    </p>
   </div>
   <div class='ocr_carea' id='block_1_23' title="bbox 2116 1009 3759 1082">
    <p class='ocr_par' dir='ltr' id='par_1_23' title="bbox 2116 1009 3759 1082">
     <span class='ocr_line' id='line_1_23' title="bbox 2116 1009 3759 1082; baseline 0.002 -19"><span class='ocrx_word' id='word_1_161' title='bbox 2116 1009 2336 1064; x_wconf 90' lang='lat' dir='ltr'>invidia</span> <span class='ocrx_word' id='word_1_162' title='bbox 2369 1010 2626 1066; x_wconf 90' lang='lat' dir='ltr'>nominis</span> <span class='ocrx_word' id='word_1_163' title='bbox 2656 1009 2740 1065; x_wconf 86' lang='lat' dir='ltr'>tui</span> <span class='ocrx_word' id='word_1_164' title='bbox 2770 1027 2782 1064; x_wconf 91' lang='lat'>:</span> <span class='ocrx_word' id='word_1_165' title='bbox 2820 1016 2882 1066; x_wconf 89' lang='lat' dir='ltr'>ut</span> <span class='ocrx_word' id='word_1_166' title='bbox 2913 1012 3066 1082; x_wconf 89' lang='lat' dir='ltr'>quod</span> <span class='ocrx_word' id='word_1_167' title='bbox 3087 1015 3150 1067; x_wconf 91' lang='lat' dir='ltr'>tu</span> <span class='ocrx_word' id='word_1_168' title='bbox 3174 1010 3334 1067; x_wconf 87' lang='lat' dir='ltr'>solus</span> <span class='ocrx_word' id='word_1_169' title='bbox 3354 1026 3759 1076; x_wconf 85' lang='lat' dir='ltr'>accusaveras,</span> 
     </span>
    </p>
   </div>
   <div class='ocr_carea' id='block_1_24' title="bbox 2115 1097 3757 1171">
    <p class='ocr_par' dir='ltr' id='par_1_24' title="bbox 2115 1097 3757 1171">
     <span class='ocr_line' id='line_1_24' title="bbox 2115 1097 3757 1171; baseline 0.001 -19"><span class='ocrx_word' id='word_1_170' title='bbox 2115 1098 2184 1152; x_wconf 92' lang='lat' dir='ltr'>ad</span> <span class='ocrx_word' id='word_1_171' title='bbox 2222 1097 2439 1154; x_wconf 90' lang='lat' dir='ltr'>multos</span> <span class='ocrx_word' id='word_1_172' title='bbox 2473 1099 2767 1165; x_wconf 86' lang='lat' dir='ltr'>referrem,</span> <span class='ocrx_word' id='word_1_173' title='bbox 2822 1118 2935 1156; x_wconf 91' lang='lat' dir='ltr'>non</span> <span class='ocrx_word' id='word_1_174' title='bbox 2987 1100 3093 1156; x_wconf 86' lang='lat' dir='ltr'>tibi</span> <span class='ocrx_word' id='word_1_175' title='bbox 3146 1100 3413 1157; x_wconf 72' lang='lat' dir='ltr'>haeresim</span> <span class='ocrx_word' id='word_1_176' title='bbox 3446 1100 3757 1171; x_wconf 74' lang='lat' dir='ltr'>objiciens,</span> 
     </span>
    </p>
   </div>
   <div class='ocr_carea' id='block_1_25' title="bbox 2116 1188 3761 1261">
    <p class='ocr_par' dir='ltr' id='par_1_25' title="bbox 2116 1188 3761 1261">
     <span class='ocr_line' id='line_1_25' title="bbox 2116 1188 3761 1261; baseline 0.002 -20"><span class='ocrx_word' id='word_1_177' title='bbox 2116 1188 2216 1242; x_wconf 90' lang='lat' dir='ltr'>sed</span> <span class='ocrx_word' id='word_1_178' title='bbox 2247 1205 2280 1242; x_wconf 92' lang='lat' dir='ltr'>a</span> <span class='ocrx_word' id='word_1_179' title='bbox 2303 1204 2393 1243; x_wconf 92' lang='lat' dir='ltr'>me</span> <span class='ocrx_word' id='word_1_180' title='bbox 2419 1188 2727 1259; x_wconf 81' lang='lat' dir='ltr'>repellens.</span> <span class='ocrx_word' id='word_1_181' title='bbox 2753 1189 3029 1261; x_wconf 85' lang='lat' dir='ltr'>Nunquid</span> <span class='ocrx_word' id='word_1_182' title='bbox 3052 1189 3195 1245; x_wconf 90' lang='lat' dir='ltr'>scivi</span> <span class='ocrx_word' id='word_1_183' title='bbox 3218 1190 3372 1261; x_wconf 90' lang='lat' dir='ltr'>quod</span> <span class='ocrx_word' id='word_1_184' title='bbox 3401 1190 3761 1256; x_wconf 83' lang='lat' dir='ltr'>irascereris,</span> 
     </span>
    </p>
   </div>
   <div class='ocr_carea' id='block_1_26' title="bbox 2114 1276 3762 1336">
    <p class='ocr_par' dir='ltr' id='par_1_26' title="bbox 2114 1276 3762 1336">
     <span class='ocr_line' id='line_1_26' title="bbox 2114 1276 3762 1336; baseline 0.002 -5"><span class='ocrx_word' id='word_1_185' title='bbox 2114 1277 2161 1331; x_wconf 89' lang='lat' dir='ltr'>si</span> <span class='ocrx_word' id='word_1_186' title='bbox 2196 1278 2397 1331; x_wconf 90' lang='lat' dir='ltr'>contra</span> <span class='ocrx_word' id='word_1_187' title='bbox 2427 1276 2731 1333; x_wconf 63' lang='lat' dir='ltr'>haereticos</span> <span class='ocrx_word' id='word_1_188' title='bbox 2763 1278 3123 1334; x_wconf 77' lang='lat' dir='ltr'>scriberem?</span> <span class='ocrx_word' id='word_1_189' title='bbox 3155 1278 3393 1335; x_wconf 77' lang='lat' dir='ltr'>Dixeras</span> <span class='ocrx_word' id='word_1_190' title='bbox 3423 1283 3481 1335; x_wconf 91' lang='lat' dir='ltr'>te</span> <span class='ocrx_word' id='word_1_191' title='bbox 3521 1280 3593 1335; x_wconf 92' lang='lat' dir='ltr'>de</span> <span class='ocrx_word' id='word_1_192' title='bbox 3628 1280 3762 1336; x_wconf 85' lang='lat' dir='ltr'>Ori-</span> 
     </span>
    </p>
   </div>
   <div class='ocr_carea' id='block_1_27' title="bbox 2115 1364 3765 1436">
    <p class='ocr_par' dir='ltr' id='par_1_27' title="bbox 2115 1364 3765 1436">
     <span class='ocr_line' id='line_1_27' title="bbox 2115 1364 3765 1436; baseline 0.003 -16"><span class='ocrx_word' id='word_1_193' title='bbox 2115 1366 2281 1436; x_wconf 82' lang='lat' dir='ltr'>gcnis</span> <span class='ocrx_word' id='word_1_194' title='bbox 2313 1364 2479 1420; x_wconf 91' lang='lat' dir='ltr'>libris</span> <span class='ocrx_word' id='word_1_195' title='bbox 2508 1365 2781 1421; x_wconf 74' lang='lat' dir='ltr'>haeretica</span> <span class='ocrx_word' id='word_1_196' title='bbox 2811 1367 3159 1424; x_wconf 87' lang='lat' dir='ltr'>sustulisse:</span> <span class='ocrx_word' id='word_1_197' title='bbox 3192 1368 3473 1424; x_wconf 84' lang='lat' dir='ltr'>fautorem</span> <span class='ocrx_word' id='word_1_198' title='bbox 3504 1372 3562 1425; x_wconf 89' lang='lat' dir='ltr'>te</span> <span class='ocrx_word' id='word_1_199' title='bbox 3586 1369 3765 1425; x_wconf 76' lang='lat' dir='ltr'>haere-</span> 
     </span>
    </p>
   </div>
   <div class='ocr_carea' id='block_1_28' title="bbox 2112 1454 3760 1526">
    <p class='ocr_par' dir='ltr' id='par_1_28' title="bbox 2112 1454 3760 1526">
     <span class='ocr_line' id='line_1_28' title="bbox 2112 1454 3760 1526; baseline 0.003 -18"><span class='ocrx_word' id='word_1_200' title='bbox 2112 1454 2365 1509; x_wconf 79' lang='lat' dir='ltr'>ticorum</span> <span class='ocrx_word' id='word_1_201' title='bbox 2389 1455 2507 1523; x_wconf 77' lang='lat' dir='ltr'>jan:</span> <span class='ocrx_word' id='word_1_202' title='bbox 2544 1472 2659 1509; x_wconf 91' lang='lat' dir='ltr'>non</span> <span class='ocrx_word' id='word_1_203' title='bbox 2688 1472 2817 1511; x_wconf 89' lang='lat' dir='ltr'>esse</span> <span class='ocrx_word' id='word_1_204' title='bbox 2846 1457 3177 1526; x_wconf 89' lang='lat' dir='ltr'>credebam,</span> <span class='ocrx_word' id='word_1_205' title='bbox 3211 1461 3267 1512; x_wconf 90' lang='lat' dir='ltr'>et</span> <span class='ocrx_word' id='word_1_206' title='bbox 3292 1456 3423 1513; x_wconf 90' lang='lat' dir='ltr'>ideo</span> <span class='ocrx_word' id='word_1_207' title='bbox 3449 1473 3565 1513; x_wconf 90' lang='lat' dir='ltr'>non</span> <span class='ocrx_word' id='word_1_208' title='bbox 3598 1457 3760 1525; x_wconf 84' lang='lat' dir='ltr'>inte,</span> 
     </span>
    </p>
   </div>
   <div class='ocr_carea' id='block_1_29' title="bbox 2116 1541 3764 1618">
    <p class='ocr_par' dir='ltr' id='par_1_29' title="bbox 2116 1541 3764 1618">
     <span class='ocr_line' id='line_1_29' title="bbox 2116 1541 3764 1618; baseline 0.004 -20"><span class='ocrx_word' id='word_1_209' title='bbox 2116 1543 2218 1598; x_wconf 90' lang='lat' dir='ltr'>sed</span> <span class='ocrx_word' id='word_1_210' title='bbox 2249 1541 2304 1597; x_wconf 90' lang='lat' dir='ltr'>in</span> <span class='ocrx_word' id='word_1_211' title='bbox 2338 1542 2641 1599; x_wconf 71' lang='lat' dir='ltr'>haereticos</span> <span class='ocrx_word' id='word_1_212' title='bbox 2673 1544 2936 1600; x_wconf 82' lang='lat' dir='ltr'>invectus</span> <span class='ocrx_word' id='word_1_213' title='bbox 2959 1562 3089 1601; x_wconf 89' lang='lat' dir='ltr'>sum</span> <span class='ocrx_word' id='word_1_214' title='bbox 3121 1546 3218 1612; x_wconf 91' lang='lat' dir='ltr'>;in</span> <span class='ocrx_word' id='word_1_215' title='bbox 3240 1562 3357 1618; x_wconf 87' lang='lat' dir='ltr'>quo</span> <span class='ocrx_word' id='word_1_216' title='bbox 3377 1545 3430 1602; x_wconf 90' lang='lat' dir='ltr'>si</span> <span class='ocrx_word' id='word_1_217' title='bbox 3449 1546 3764 1604; x_wconf 78' lang='lat' dir='ltr'>vehemen-</span> 
     </span>
    </p>
   </div>
   <div class='ocr_carea' id='block_1_30' title="bbox 2118 1630 3764 1708">
    <p class='ocr_par' dir='ltr' id='par_1_30' title="bbox 2118 1630 3764 1708">
     <span class='ocr_line' id='line_1_30' title="bbox 2118 1630 3764 1708; baseline 0.004 -23"><span class='ocrx_word' id='word_1_218' title='bbox 2118 1630 2231 1685; x_wconf 88' lang='lat' dir='ltr'>tior</span> <span class='ocrx_word' id='word_1_219' title='bbox 2262 1630 2367 1697; x_wconf 90' lang='lat' dir='ltr'>fui,</span> <span class='ocrx_word' id='word_1_220' title='bbox 2402 1632 2639 1702; x_wconf 86' lang='lat' dir='ltr'>ignosce</span> <span class='ocrx_word' id='word_1_221' title='bbox 2671 1633 2837 1687; x_wconf 90' lang='lat' dir='ltr'>mihi.</span> <span class='ocrx_word' id='word_1_222' title='bbox 2879 1634 3101 1698; x_wconf 87' lang='lat' dir='ltr'>Putavi,</span> <span class='ocrx_word' id='word_1_223' title='bbox 3143 1635 3299 1705; x_wconf 89' lang='lat' dir='ltr'>quod</span> <span class='ocrx_word' id='word_1_224' title='bbox 3339 1638 3397 1690; x_wconf 89' lang='lat' dir='ltr'>et</span> <span class='ocrx_word' id='word_1_225' title='bbox 3434 1635 3540 1689; x_wconf 85' lang='lat' dir='ltr'>tibi</span> <span class='ocrx_word' id='word_1_226' title='bbox 3571 1634 3764 1708; x_wconf 80' lang='lat' dir='ltr'>place-</span> 
     </span>
    </p>
   </div>
   <div class='ocr_carea' id='block_1_31' title="bbox 2121 1719 3766 1782">
    <p class='ocr_par' dir='ltr' id='par_1_31' title="bbox 2121 1719 3766 1782">
     <span class='ocr_line' id='line_1_31' title="bbox 2121 1719 3766 1782; baseline 0.004 -8"><span class='ocrx_word' id='word_1_227' title='bbox 2121 1736 2265 1775; x_wconf 90' lang='lat' dir='ltr'>rem.</span> <span class='ocrx_word' id='word_1_228' title='bbox 2300 1719 2476 1775; x_wconf 86' lang='lat' dir='ltr'>Furto</span> <span class='ocrx_word' id='word_1_229' title='bbox 2510 1726 2565 1776; x_wconf 90' lang='lat' dir='ltr'>et</span> <span class='ocrx_word' id='word_1_230' title='bbox 2598 1721 2827 1778; x_wconf 88' lang='lat' dir='ltr'>insidiis</span> <span class='ocrx_word' id='word_1_231' title='bbox 2867 1722 3268 1778; x_wconf 88' lang='lat' dir='ltr'>ministrorum</span> <span class='ocrx_word' id='word_1_232' title='bbox 3319 1740 3583 1780; x_wconf 89' lang='lat' dir='ltr'>meorum</span> <span class='ocrx_word' id='word_1_233' title='bbox 3613 1724 3766 1782; x_wconf 89' lang='lat' dir='ltr'>diois</span> 
     </span>
    </p>
   </div>
   <div class='ocr_carea' id='block_1_32' title="bbox 362 1808 3763 1905">
    <p class='ocr_par' dir='ltr' id='par_1_32' title="bbox 362 1808 3763 1905">
     <span class='ocr_line' id='line_1_32' title="bbox 362 1808 3763 1905; baseline -0 -35"><span class='ocrx_word' id='word_1_234' title='bbox 362 1831 496 1871; x_wconf 91' lang='lat' dir='ltr'>mea</span> <span class='ocrx_word' id='word_1_235' title='bbox 535 1816 709 1870; x_wconf 82' lang='lat' dir='ltr'>refert</span> <span class='ocrx_word' id='word_1_236' title='bbox 740 1816 876 1887; x_wconf 92' lang='lat' dir='ltr'>quid</span> <span class='ocrx_word' id='word_1_237' title='bbox 913 1816 1064 1872; x_wconf 90' lang='lat' dir='ltr'>alius</span> <span class='ocrx_word' id='word_1_238' title='bbox 1102 1817 1331 1881; x_wconf 84' lang='lat' dir='ltr'>viderit,</span> <span class='ocrx_word' id='word_1_239' title='bbox 1360 1833 1495 1871; x_wconf 90' lang='lat' dir='ltr'>cum</span> <span class='ocrx_word' id='word_1_240' title='bbox 1527 1818 1584 1871; x_wconf 90' lang='lat' dir='ltr'>in</span> <span class='ocrx_word' id='word_1_241' title='bbox 1618 1815 2009 1871; x_wconf 86' lang='lat' dir='ltr'>luculentissi-</span> <span class='ocrx_word' id='word_1_242' title='bbox 2039 1839 2087 1905; x_wconf 80' lang='grc' dir='ltr'><strong>Β</strong></span> <span class='ocrx_word' id='word_1_243' title='bbox 2121 1808 2435 1905; x_wconf 78' lang='lat' dir='ltr'>schedulas</span> <span class='ocrx_word' id='word_1_244' title='bbox 2458 1810 2695 1905; x_wconf 69' lang='lat' dir='ltr'>tuasin</span> <span class='ocrx_word' id='word_1_245' title='bbox 2746 1810 3046 1905; x_wconf 85' lang='lat' dir='ltr'>publicum</span> <span class='ocrx_word' id='word_1_246' title='bbox 3092 1811 3352 1905; x_wconf 74' lang='lat' dir='ltr'>prolatas</span> <span class='ocrx_word' id='word_1_247' title='bbox 3395 1813 3598 1881; x_wconf 67' lang='lat' dir='ltr'>fuisse,</span> <span class='ocrx_word' id='word_1_248' title='bbox 3630 1829 3763 1905; x_wconf 63' lang='lat' dir='ltr'>qua</span> 
     </span>
    </p>
   </div>
   <div class='ocr_carea' id='block_1_33' title="bbox 363 1903 2006 1977">
    <p class='ocr_par' dir='ltr' id='par_1_33' title="bbox 363 1903 2006 1977">
     <span class='ocr_line' id='line_1_33' title="bbox 363 1903 2006 1977; baseline -0.001 -17"><span class='ocrx_word' id='word_1_249' title='bbox 363 1905 480 1960; x_wconf 86' lang='lat' dir='ltr'>mis</span> <span class='ocrx_word' id='word_1_250' title='bbox 520 1903 685 1959; x_wconf 91' lang='lat' dir='ltr'>libris</span> <span class='ocrx_word' id='word_1_251' title='bbox 717 1906 833 1959; x_wconf 83' lang='lat' dir='ltr'>tuis</span> <span class='ocrx_word' id='word_1_252' title='bbox 866 1904 974 1961; x_wconf 88' lang='lat' dir='ltr'>hoc</span> <span class='ocrx_word' id='word_1_253' title='bbox 1005 1909 1060 1961; x_wconf 91' lang='lat' dir='ltr'>te</span> <span class='ocrx_word' id='word_1_254' title='bbox 1086 1907 1157 1961; x_wconf 90' lang='lat' dir='ltr'>ad</span> <span class='ocrx_word' id='word_1_255' title='bbox 1188 1906 1690 1977; x_wconf 85' lang='lat' dir='ltr'>interpretandum</span> <span class='ocrx_word' id='word_1_256' title='bbox 1722 1904 1884 1960; x_wconf 89' lang='lat' dir='ltr'>dicas</span> <span class='ocrx_word' id='word_1_257' title='bbox 1918 1922 2006 1959; x_wconf 89' lang='lat' dir='ltr'>ra-</span> 
     </span>
    </p>
   </div>
   <div class='ocr_carea' id='block_1_34' title="bbox 362 1993 2003 2060">
    <p class='ocr_par' dir='ltr' id='par_1_34' title="bbox 362 1993 2003 2060">
     <span class='ocr_line' id='line_1_34' title="bbox 362 1993 2003 2060; baseline 0 -11"><span class='ocrx_word' id='word_1_258' title='bbox 362 1993 525 2050; x_wconf 84' lang='lat' dir='ltr'>tione</span> <span class='ocrx_word' id='word_1_259' title='bbox 562 1999 946 2060; x_wconf 89' lang='lat' dir='ltr'>commotum,</span> <span class='ocrx_word' id='word_1_260' title='bbox 978 2012 1049 2049; x_wconf 89' lang='lat' dir='ltr'>ne</span> <span class='ocrx_word' id='word_1_261' title='bbox 1085 1995 1170 2050; x_wconf 92' lang='lat' dir='ltr'>vir</span> <span class='ocrx_word' id='word_1_262' title='bbox 1209 1994 1455 2051; x_wconf 78' lang='lat' dir='ltr'>illustris</span> <span class='ocrx_word' id='word_1_263' title='bbox 1501 1996 1573 2051; x_wconf 91' lang='lat' dir='ltr'>de</span> <span class='ocrx_word' id='word_1_264' title='bbox 1620 1998 1675 2049; x_wconf 92' lang='lat' dir='ltr'>te</span> <span class='ocrx_word' id='word_1_265' title='bbox 1706 1993 2003 2049; x_wconf 89' lang='lat' dir='ltr'>somnium</span> 
     </span>
    </p>
   </div>
   <div class='ocr_carea' id='block_1_35' title="bbox 363 2082 2005 2154">
    <p class='ocr_par' dir='ltr' id='par_1_35' title="bbox 363 2082 2005 2154">
     <span class='ocr_line' id='line_1_35' title="bbox 363 2082 2005 2154; baseline 0 -17"><span class='ocrx_word' id='word_1_266' title='bbox 363 2082 650 2153; x_wconf 89' lang='lat' dir='ltr'>perderet.</span> <span class='ocrx_word' id='word_1_267' title='bbox 687 2082 789 2137; x_wconf 87' lang='lat' dir='ltr'>Hic</span> <span class='ocrx_word' id='word_1_268' title='bbox 829 2088 918 2139; x_wconf 88' lang='lat' dir='ltr'>est</span> <span class='ocrx_word' id='word_1_269' title='bbox 946 2084 1139 2139; x_wconf 89' lang='lat' dir='ltr'>omnis</span> <span class='ocrx_word' id='word_1_270' title='bbox 1170 2089 1415 2139; x_wconf 89' lang='lat' dir='ltr'>conatus</span> <span class='ocrx_word' id='word_1_271' title='bbox 1444 2088 1620 2149; x_wconf 90' lang='lat' dir='ltr'>tuus;</span> <span class='ocrx_word' id='word_1_272' title='bbox 1664 2083 1713 2138; x_wconf 87' lang='lat' dir='ltr'>si</span> <span class='ocrx_word' id='word_1_273' title='bbox 1755 2099 1848 2138; x_wconf 81' lang='lat' dir='ltr'>me</span> <span class='ocrx_word' id='word_1_274' title='bbox 1879 2099 2005 2154; x_wconf 86' lang='lat' dir='ltr'>per-</span> 
     </span>
    </p>
   </div>
   <div class='ocr_carea' id='block_1_36' title="bbox 359 2170 1686 2242">
    <p class='ocr_par' dir='ltr' id='par_1_36' title="bbox 359 2170 1686 2242">
     <span class='ocr_line' id='line_1_36' title="bbox 359 2170 1686 2242; baseline 0.002 -17"><span class='ocrx_word' id='word_1_275' title='bbox 359 2170 591 2242; x_wconf 89' lang='lat' dir='ltr'>jurium</span> <span class='ocrx_word' id='word_1_276' title='bbox 633 2171 923 2239; x_wconf 89' lang='lat' dir='ltr'>docueris,</span> <span class='ocrx_word' id='word_1_277' title='bbox 958 2177 1018 2228; x_wconf 88' lang='lat' dir='ltr'>tu</span> <span class='ocrx_word' id='word_1_278' title='bbox 1052 2172 1359 2228; x_wconf 70' lang='lat' dir='ltr'>haereticus</span> <span class='ocrx_word' id='word_1_279' title='bbox 1390 2190 1505 2227; x_wconf 92' lang='lat' dir='ltr'>non</span> <span class='ocrx_word' id='word_1_280' title='bbox 1551 2173 1686 2227; x_wconf 91' lang='lat' dir='ltr'>eris.</span> 
     </span>
    </p>
   </div>
   <div class='ocr_carea' id='block_1_37' title="bbox 437 2260 2008 2331">
    <p class='ocr_par' dir='ltr' id='par_1_37' title="bbox 437 2260 2008 2331">
     <span class='ocr_line' id='line_1_37' title="bbox 437 2260 2008 2331; baseline -0.001 -16"><span class='ocrx_word' id='word_1_281' title='bbox 437 2261 528 2315; x_wconf 92' lang='lat'>33.</span> <span class='ocrx_word' id='word_1_282' title='bbox 560 2261 636 2315; x_wconf 82' lang='lat' dir='ltr'>De</span> <span class='ocrx_word' id='word_1_283' title='bbox 667 2261 987 2329; x_wconf 78' lang='lat' dir='ltr'>inﬁdelitate</span> <span class='ocrx_word' id='word_1_284' title='bbox 1023 2262 1329 2317; x_wconf 77' lang='lat' dir='ltr'>calumnia.</span> <span class='ocrx_word' id='word_1_285' title='bbox 1363 2293 1430 2302; x_wconf 91' lang='lat'><strong><em>—</em></strong></span> <span class='ocrx_word' id='word_1_286' title='bbox 1459 2262 1639 2317; x_wconf 86' lang='lat' dir='ltr'>Venio</span> <span class='ocrx_word' id='word_1_287' title='bbox 1685 2261 1753 2316; x_wconf 91' lang='lat' dir='ltr'>ad</span> <span class='ocrx_word' id='word_1_288' title='bbox 1788 2260 2008 2331; x_wconf 79' lang='lat' dir='ltr'>gravis-</span> 
     </span>
    </p>
   </div>
   <div class='ocr_carea' id='block_1_38' title="bbox 368 2349 2008 2423">
    <p class='ocr_par' dir='ltr' id='par_1_38' title="bbox 368 2349 2008 2423">
     <span class='ocr_line' id='line_1_38' title="bbox 368 2349 2008 2423; baseline -0.002 -17"><span class='ocrx_word' id='word_1_289' title='bbox 368 2349 586 2406; x_wconf 90' lang='lat' dir='ltr'>simum</span> <span class='ocrx_word' id='word_1_290' title='bbox 603 2350 866 2416; x_wconf 91' lang='lat' dir='ltr'>crimem,</span> <span class='ocrx_word' id='word_1_291' title='bbox 886 2351 945 2405; x_wconf 93' lang='lat' dir='ltr'>in</span> <span class='ocrx_word' id='word_1_292' title='bbox 966 2368 1101 2422; x_wconf 88' lang='lat' dir='ltr'>quo,</span> <span class='ocrx_word' id='word_1_293' title='bbox 1127 2356 1255 2423; x_wconf 87' lang='lat' dir='ltr'>post</span> <span class='ocrx_word' id='word_1_294' title='bbox 1274 2350 1675 2407; x_wconf 81' lang='lat' dir='ltr'>reconciliatae</span> <span class='ocrx_word' id='word_1_295' title='bbox 1695 2349 2008 2415; x_wconf 87' lang='lat' dir='ltr'>amicitias,</span> 
     </span>
    </p>
   </div>
   <div class='ocr_carea' id='block_1_39' title="bbox 366 2436 2008 2505">
    <p class='ocr_par' dir='ltr' id='par_1_39' title="bbox 366 2436 2008 2505">
     <span class='ocr_line' id='line_1_39' title="bbox 366 2436 2008 2505; baseline -0.002 -10"><span class='ocrx_word' id='word_1_296' title='bbox 366 2454 461 2495; x_wconf 87' lang='lat' dir='ltr'>me</span> <span class='ocrx_word' id='word_1_297' title='bbox 490 2436 856 2494; x_wconf 81' lang='lat' dir='ltr'>infidelitatis</span> <span class='ocrx_word' id='word_1_298' title='bbox 896 2457 1157 2496; x_wconf 87' lang='lat' dir='ltr'>accusas.</span> <span class='ocrx_word' id='word_1_299' title='bbox 1194 2442 1419 2505; x_wconf 86' lang='lat' dir='ltr'>Fateor,</span> <span class='ocrx_word' id='word_1_300' title='bbox 1461 2440 1613 2494; x_wconf 89' lang='lat' dir='ltr'>inter</span> <span class='ocrx_word' id='word_1_301' title='bbox 1650 2440 1859 2494; x_wconf 90' lang='lat' dir='ltr'>cuncta</span> <span class='ocrx_word' id='word_1_302' title='bbox 1887 2454 2008 2492; x_wconf 86' lang='lat' dir='ltr'>ma-</span> 
     </span>
    </p>
   </div>
   <div class='ocr_carea' id='block_1_40' title="bbox 365 2525 2012 2600">
    <p class='ocr_par' dir='ltr' id='par_1_40' title="bbox 365 2525 2012 2600">
     <span class='ocr_line' id='line_1_40' title="bbox 365 2525 2012 2600; baseline -0.001 -19"><span class='ocrx_word' id='word_1_303' title='bbox 365 2525 595 2593; x_wconf 87' lang='lat' dir='ltr'>ledicta,</span> <span class='ocrx_word' id='word_1_304' title='bbox 630 2543 758 2595; x_wconf 67' lang='lat' dir='ltr'>qua:</span> <span class='ocrx_word' id='word_1_305' title='bbox 807 2528 897 2582; x_wconf 90' lang='lat' dir='ltr'>vel</span> <span class='ocrx_word' id='word_1_306' title='bbox 947 2530 1174 2600; x_wconf 80' lang='lat' dir='ltr'>obiicis,</span> <span class='ocrx_word' id='word_1_307' title='bbox 1216 2528 1301 2584; x_wconf 92' lang='lat' dir='ltr'>vel</span> <span class='ocrx_word' id='word_1_308' title='bbox 1351 2528 1618 2593; x_wconf 90' lang='lat' dir='ltr'>minaris,</span> <span class='ocrx_word' id='word_1_309' title='bbox 1667 2526 1814 2582; x_wconf 87' lang='lat' dir='ltr'>nihil</span> <span class='ocrx_word' id='word_1_310' title='bbox 1857 2542 1891 2581; x_wconf 92' lang='lat' dir='ltr'>a</span> <span class='ocrx_word' id='word_1_311' title='bbox 1920 2542 2012 2580; x_wconf 90' lang='lat' dir='ltr'>me</span> 
     </span>
    </p>
   </div>
   <div class='ocr_carea' id='block_1_41' title="bbox 366 2614 2009 2687">
    <p class='ocr_par' dir='ltr' id='par_1_41' title="bbox 366 2614 2009 2687">
     <span class='ocr_line' id='line_1_41' title="bbox 366 2614 2009 2687; baseline -0.001 -17"><span class='ocrx_word' id='word_1_312' title='bbox 366 2614 448 2670; x_wconf 88' lang='lat' dir='ltr'>ita</span> <span class='ocrx_word' id='word_1_313' title='bbox 478 2614 880 2686; x_wconf 89' lang='lat' dir='ltr'>repellendum</span> <span class='ocrx_word' id='word_1_314' title='bbox 910 2621 1001 2672; x_wconf 89' lang='lat' dir='ltr'>est</span> <span class='ocrx_word' id='word_1_315' title='bbox 1031 2634 1208 2687; x_wconf 89' lang='lat' dir='ltr'>quam</span> <span class='ocrx_word' id='word_1_316' title='bbox 1242 2617 1421 2681; x_wconf 86' lang='lat' dir='ltr'>fraus,</span> <span class='ocrx_word' id='word_1_317' title='bbox 1456 2616 1650 2678; x_wconf 88' lang='lat' dir='ltr'>dolus,</span> <span class='ocrx_word' id='word_1_318' title='bbox 1674 2614 2009 2669; x_wconf 76' lang='lat' dir='ltr'>infidelitas.</span> 
     </span>
    </p>
   </div>
   <div class='ocr_carea' id='block_1_42' title="bbox 367 2702 2014 2771">
    <p class='ocr_par' dir='ltr' id='par_1_42' title="bbox 367 2702 2014 2771">
     <span class='ocr_line' id='line_1_42' title="bbox 367 2702 2014 2771; baseline -0.001 -13"><span class='ocrx_word' id='word_1_319' title='bbox 367 2702 612 2758; x_wconf 91' lang='lat' dir='ltr'>Peccare</span> <span class='ocrx_word' id='word_1_320' title='bbox 645 2703 799 2758; x_wconf 92' lang='lat' dir='ltr'>enim</span> <span class='ocrx_word' id='word_1_321' title='bbox 830 2704 1089 2759; x_wconf 90' lang='lat' dir='ltr'>hominis</span> <span class='ocrx_word' id='word_1_322' title='bbox 1127 2709 1252 2761; x_wconf 90' lang='lat' dir='ltr'>est:</span> <span class='ocrx_word' id='word_1_323' title='bbox 1306 2704 1552 2761; x_wconf 89' lang='lat' dir='ltr'>insidias</span> <span class='ocrx_word' id='word_1_324' title='bbox 1595 2705 1856 2771; x_wconf 84' lang='lat' dir='ltr'>tendere,</span> <span class='ocrx_word' id='word_1_325' title='bbox 1889 2703 2014 2757; x_wconf 90' lang='lat' dir='ltr'>dia-</span> 
     </span>
    </p>
   </div>
   <div class='ocr_carea' id='block_1_43' title="bbox 367 2788 2013 2863">
    <p class='ocr_par' dir='ltr' id='par_1_43' title="bbox 367 2788 2013 2863">
     <span class='ocr_line' id='line_1_43' title="bbox 367 2788 2013 2863; baseline 0.001 -19"><span class='ocrx_word' id='word_1_326' title='bbox 367 2788 508 2844; x_wconf 90' lang='lat' dir='ltr'>boli.</span> <span class='ocrx_word' id='word_1_327' title='bbox 542 2794 687 2862; x_wconf 82' lang='lat' dir='ltr'>Ergo</span> <span class='ocrx_word' id='word_1_328' title='bbox 719 2792 847 2846; x_wconf 88' lang='lat' dir='ltr'>ideo</span> <span class='ocrx_word' id='word_1_329' title='bbox 879 2792 938 2848; x_wconf 90' lang='lat' dir='ltr'>in</span> <span class='ocrx_word' id='word_1_330' title='bbox 976 2793 1286 2848; x_wconf 73' lang='lat' dir='ltr'>Anastasi&#39;</span> <span class='ocrx_word' id='word_1_331' title='bbox 1333 2791 1638 2848; x_wconf 88' lang='lat' dir='ltr'>immolato</span> <span class='ocrx_word' id='word_1_332' title='bbox 1689 2808 1838 2863; x_wconf 84' lang='lat' dir='ltr'>agno</span> <span class='ocrx_word' id='word_1_333' title='bbox 1878 2791 2013 2845; x_wconf 87' lang='lat' dir='ltr'>dex-</span> 
     </span>
    </p>
   </div>
   <div class='ocr_carea' id='block_1_44' title="bbox 368 2878 2014 2950">
    <p class='ocr_par' dir='ltr' id='par_1_44' title="bbox 368 2878 2014 2950">
     <span class='ocr_line' id='line_1_44' title="bbox 368 2878 2014 2950; baseline 0.001 -18"><span class='ocrx_word' id='word_1_334' title='bbox 368 2882 521 2935; x_wconf 84' lang='lat' dir='ltr'>teras</span> <span class='ocrx_word' id='word_1_335' title='bbox 564 2878 887 2950; x_wconf 85' lang='lat' dir='ltr'>junximus,</span> <span class='ocrx_word' id='word_1_336' title='bbox 946 2884 1013 2936; x_wconf 90' lang='lat' dir='ltr'>ut</span> <span class='ocrx_word' id='word_1_337' title='bbox 1070 2881 1216 2938; x_wconf 68' lang='grc' dir='ltr'>εει</span> <span class='ocrx_word' id='word_1_338' title='bbox 1279 2886 1412 2937; x_wconf 89' lang='lat' dir='ltr'>tuas</span> <span class='ocrx_word' id='word_1_339' title='bbox 1465 2882 1659 2936; x_wconf 82' lang='lat' dir='ltr'>Romae</span> <span class='ocrx_word' id='word_1_340' title='bbox 1704 2879 2014 2936; x_wconf 86' lang='lat' dir='ltr'>schedulas</span> 
     </span>
    </p>
   </div>
   <div class='ocr_carea' id='block_1_45' title="bbox 369 2967 2014 3026">
    <p class='ocr_par' dir='ltr' id='par_1_45' title="bbox 369 2967 2014 3026">
     <span class='ocr_line' id='line_1_45' title="bbox 369 2967 2014 3026; baseline 0 -5"><span class='ocrx_word' id='word_1_341' title='bbox 369 2968 701 3023; x_wconf 76' lang='lat' dir='ltr'>furarentur</span> <span class='ocrx_word' id='word_1_342' title='bbox 732 2967 758 3021; x_wconf 87' lang='lat'>?</span> <span class='ocrx_word' id='word_1_343' title='bbox 791 2971 853 3023; x_wconf 90' lang='lat' dir='ltr'>ut</span> <span class='ocrx_word' id='word_1_344' title='bbox 884 2968 1133 3025; x_wconf 90' lang='lat' dir='ltr'>immissi</span> <span class='ocrx_word' id='word_1_345' title='bbox 1164 2986 1339 3026; x_wconf 89' lang='lat' dir='ltr'>canes</span> <span class='ocrx_word' id='word_1_346' title='bbox 1362 2970 1759 3025; x_wconf 80' lang='lat' dir='ltr'>inemendatas</span> <span class='ocrx_word' id='word_1_347' title='bbox 1781 2968 2014 3023; x_wconf 70' lang='lat' dir='ltr'>chartuo</span> 
     </span>
    </p>
   </div>
   <div class='ocr_carea' id='block_1_46' title="bbox 371 3053 2014 3125">
    <p class='ocr_par' dir='ltr' id='par_1_46' title="bbox 371 3053 2014 3125">
     <span class='ocr_line' id='line_1_46' title="bbox 371 3053 2014 3125; baseline -0.001 -14"><span class='ocrx_word' id='word_1_348' title='bbox 371 3053 478 3123; x_wconf 88' lang='lat' dir='ltr'>las,</span> <span class='ocrx_word' id='word_1_349' title='bbox 514 3060 569 3111; x_wconf 91' lang='lat' dir='ltr'>te</span> <span class='ocrx_word' id='word_1_350' title='bbox 600 3057 942 3125; x_wconf 84' lang='lat' dir='ltr'>dormiente,</span> <span class='ocrx_word' id='word_1_351' title='bbox 999 3060 1420 3115; x_wconf 78' lang='lat' dir='ltr'>corroderent?</span> <span class='ocrx_word' id='word_1_352' title='bbox 1468 3063 1533 3114; x_wconf 89' lang='lat' dir='ltr'>Et</span> <span class='ocrx_word' id='word_1_353' title='bbox 1581 3058 1689 3114; x_wconf 88' lang='lat' dir='ltr'>hoc</span> <span class='ocrx_word' id='word_1_354' title='bbox 1738 3054 2014 3113; x_wconf 90' lang='lat' dir='ltr'>credibile</span> 
     </span>
    </p>
   </div>
   <div class='ocr_carea' id='block_1_47' title="bbox 374 3145 2013 3220">
    <p class='ocr_par' dir='ltr' id='par_1_47' title="bbox 374 3145 2013 3220">
     <span class='ocr_line' id='line_1_47' title="bbox 374 3145 2013 3220; baseline -0.001 -19"><span class='ocrx_word' id='word_1_355' title='bbox 374 3148 462 3201; x_wconf 90' lang='lat' dir='ltr'>est</span> <span class='ocrx_word' id='word_1_356' title='bbox 493 3150 625 3202; x_wconf 88' lang='lat' dir='ltr'>ante</span> <span class='ocrx_word' id='word_1_357' title='bbox 657 3164 762 3201; x_wconf 91' lang='lat' dir='ltr'>nos</span> <span class='ocrx_word' id='word_1_358' title='bbox 796 3153 1163 3203; x_wconf 85' lang='lat' dir='ltr'>accusatores</span> <span class='ocrx_word' id='word_1_359' title='bbox 1194 3165 1451 3220; x_wconf 89' lang='lat' dir='ltr'>parasse,</span> <span class='ocrx_word' id='word_1_360' title='bbox 1479 3164 1654 3218; x_wconf 89' lang='lat' dir='ltr'>quam</span> <span class='ocrx_word' id='word_1_361' title='bbox 1700 3151 1759 3201; x_wconf 90' lang='lat' dir='ltr'>tu</span> <span class='ocrx_word' id='word_1_362' title='bbox 1792 3145 2013 3201; x_wconf 89' lang='lat' dir='ltr'>crimen</span> 
     </span>
    </p>
   </div>
   <div class='ocr_carea' id='block_1_48' title="bbox 2122 1896 3766 1973">
    <p class='ocr_par' dir='ltr' id='par_1_48' title="bbox 2122 1896 3766 1973">
     <span class='ocr_line' id='line_1_48' title="bbox 2122 1896 3766 1973; baseline 0.005 -22"><span class='ocrx_word' id='word_1_363' title='bbox 2122 1896 2392 1952; x_wconf 79' lang='lat' dir='ltr'>latebant</span> <span class='ocrx_word' id='word_1_364' title='bbox 2422 1898 2480 1954; x_wconf 92' lang='lat' dir='ltr'>in</span> <span class='ocrx_word' id='word_1_365' title='bbox 2534 1900 2805 1955; x_wconf 85' lang='lat' dir='ltr'>cubiculo</span> <span class='ocrx_word' id='word_1_366' title='bbox 2860 1905 2983 1967; x_wconf 91' lang='lat' dir='ltr'>tuo,</span> <span class='ocrx_word' id='word_1_367' title='bbox 3038 1901 3128 1957; x_wconf 87' lang='lat' dir='ltr'>vel</span> <span class='ocrx_word' id='word_1_368' title='bbox 3177 1902 3331 1973; x_wconf 91' lang='lat' dir='ltr'>apud</span> <span class='ocrx_word' id='word_1_369' title='bbox 3380 1918 3515 1963; x_wconf 86' lang='lat' dir='ltr'>cum</span> <span class='ocrx_word' id='word_1_370' title='bbox 3566 1902 3766 1960; x_wconf 88' lang='lat' dir='ltr'>solum</span> 
     </span>
    </p>
   </div>
   <div class='ocr_carea' id='block_1_49' title="bbox 2119 1987 3765 2065">
    <p class='ocr_par' dir='ltr' id='par_1_49' title="bbox 2119 1987 3765 2065">
     <span class='ocr_line' id='line_1_49' title="bbox 2119 1987 3765 2065; baseline 0.004 -24"><span class='ocrx_word' id='word_1_371' title='bbox 2119 1991 2288 2042; x_wconf 89' lang='lat' dir='ltr'>erant</span> <span class='ocrx_word' id='word_1_372' title='bbox 2319 1987 2418 2058; x_wconf 88' lang='lat' dir='ltr'>qui</span> <span class='ocrx_word' id='word_1_373' title='bbox 2450 2004 2573 2043; x_wconf 91' lang='lat' dir='ltr'>rem</span> <span class='ocrx_word' id='word_1_374' title='bbox 2606 1988 2717 2044; x_wconf 88' lang='lat' dir='ltr'>sibi</span> <span class='ocrx_word' id='word_1_375' title='bbox 2748 1990 2870 2062; x_wconf 82' lang='lat' dir='ltr'>geri</span> <span class='ocrx_word' id='word_1_376' title='bbox 2918 1991 3272 2062; x_wconf 86' lang='lat' dir='ltr'>injunxerat,</span> <span class='ocrx_word' id='word_1_377' title='bbox 3322 1991 3475 2049; x_wconf 65' lang='lat'>502</span> <span class='ocrx_word' id='word_1_378' title='bbox 3522 1993 3589 2048; x_wconf 82' lang='lat' dir='ltr'>Et</span> <span class='ocrx_word' id='word_1_379' title='bbox 3618 2008 3765 2065; x_wconf 85' lang='lat' dir='ltr'>quo-</span> 
     </span>
    </p>
   </div>
   <div class='ocr_carea' id='block_1_50' title="bbox 2122 2075 3767 2151">
    <p class='ocr_par' dir='ltr' id='par_1_50' title="bbox 2122 2075 3767 2151">
     <span class='ocr_line' id='line_1_50' title="bbox 2122 2075 3767 2151; baseline 0.004 -21"><span class='ocrx_word' id='word_1_380' title='bbox 2122 2075 2295 2131; x_wconf 90' lang='lat' dir='ltr'>modo</span> <span class='ocrx_word' id='word_1_381' title='bbox 2324 2093 2505 2147; x_wconf 89' lang='lat' dir='ltr'>supra</span> <span class='ocrx_word' id='word_1_382' title='bbox 2554 2078 2850 2134; x_wconf 79' lang='lat' dir='ltr'>conﬁteris</span> <span class='ocrx_word' id='word_1_383' title='bbox 2904 2080 3057 2151; x_wconf 93' lang='lat' dir='ltr'>quod</span> <span class='ocrx_word' id='word_1_384' title='bbox 3117 2084 3220 2135; x_wconf 89' lang='lat' dir='ltr'>aut</span> <span class='ocrx_word' id='word_1_385' title='bbox 3274 2079 3474 2137; x_wconf 87' lang='lat' dir='ltr'>nullus</span> <span class='ocrx_word' id='word_1_386' title='bbox 3530 2097 3630 2138; x_wconf 80' lang='lat' dir='ltr'>eas</span> <span class='ocrx_word' id='word_1_387' title='bbox 3658 2082 3767 2137; x_wconf 86' lang='lat' dir='ltr'>ha-</span> 
     </span>
    </p>
   </div>
   <div class='ocr_carea' id='block_1_51' title="bbox 2120 2164 3766 2240">
    <p class='ocr_par' dir='ltr' id='par_1_51' title="bbox 2120 2164 3766 2240">
     <span class='ocr_line' id='line_1_51' title="bbox 2120 2164 3766 2240; baseline 0.005 -22"><span class='ocrx_word' id='word_1_388' title='bbox 2120 2164 2335 2232; x_wconf 89' lang='lat' dir='ltr'>buerit,</span> <span class='ocrx_word' id='word_1_389' title='bbox 2369 2168 2472 2221; x_wconf 90' lang='lat' dir='ltr'>aut</span> <span class='ocrx_word' id='word_1_390' title='bbox 2509 2167 2832 2223; x_wconf 90' lang='lat' dir='ltr'>admodum</span> <span class='ocrx_word' id='word_1_391' title='bbox 2877 2168 3095 2240; x_wconf 81' lang='lat' dir='ltr'>pauci?</span> <span class='ocrx_word' id='word_1_392' title='bbox 3147 2169 3207 2225; x_wconf 91' lang='lat' dir='ltr'>Si</span> <span class='ocrx_word' id='word_1_393' title='bbox 3257 2168 3317 2224; x_wconf 91' lang='lat' dir='ltr'>in</span> <span class='ocrx_word' id='word_1_394' title='bbox 3364 2168 3632 2226; x_wconf 87' lang='lat' dir='ltr'>cubiculo</span> <span class='ocrx_word' id='word_1_395' title='bbox 3661 2175 3766 2227; x_wconf 82' lang='lat' dir='ltr'>tuo</span> 
     </span>
    </p>
   </div>
   <div class='ocr_carea' id='block_1_52' title="bbox 2119 2251 3767 2331">
    <p class='ocr_par' dir='ltr' id='par_1_52' title="bbox 2119 2251 3767 2331">
     <span class='ocr_line' id='line_1_52' title="bbox 2119 2251 3767 2331; baseline 0.005 -24"><span class='ocrx_word' id='word_1_396' title='bbox 2119 2251 2399 2319; x_wconf 86' lang='lat' dir='ltr'>latebant,</span> <span class='ocrx_word' id='word_1_397' title='bbox 2452 2271 2567 2327; x_wconf 91' lang='lat' dir='ltr'>qua</span> <span class='ocrx_word' id='word_1_398' title='bbox 2624 2256 2850 2313; x_wconf 87' lang='lat' dir='ltr'>ratione</span> <span class='ocrx_word' id='word_1_399' title='bbox 2902 2258 3054 2329; x_wconf 91' lang='lat' dir='ltr'>apud</span> <span class='ocrx_word' id='word_1_400' title='bbox 3113 2273 3246 2313; x_wconf 90' lang='lat' dir='ltr'>eum</span> <span class='ocrx_word' id='word_1_401' title='bbox 3295 2263 3463 2315; x_wconf 86' lang='lat' dir='ltr'>erant</span> <span class='ocrx_word' id='word_1_402' title='bbox 3508 2259 3607 2331; x_wconf 88' lang='lat' dir='ltr'>qui</span> <span class='ocrx_word' id='word_1_403' title='bbox 3647 2260 3767 2317; x_wconf 81' lang='lat' dir='ltr'>sibi</span> 
     </span>
    </p>
   </div>
   <div class='ocr_carea' id='block_1_53' title="bbox 2122 2343 3766 2420">
    <p class='ocr_par' dir='ltr' id='par_1_53' title="bbox 2122 2343 3766 2420">
     <span class='ocr_line' id='line_1_53' title="bbox 2122 2343 3766 2420; baseline 0.005 -24"><span class='ocrx_word' id='word_1_404' title='bbox 2122 2357 2242 2397; x_wconf 88' lang='lat' dir='ltr'>rem</span> <span class='ocrx_word' id='word_1_405' title='bbox 2276 2343 2397 2413; x_wconf 79' lang='lat' dir='ltr'>geri</span> <span class='ocrx_word' id='word_1_406' title='bbox 2430 2343 2802 2414; x_wconf 81' lang='lat' dir='ltr'>injunxerat?</span> <span class='ocrx_word' id='word_1_407' title='bbox 2833 2346 2935 2401; x_wconf 90' lang='lat' dir='ltr'>Sin</span> <span class='ocrx_word' id='word_1_408' title='bbox 2966 2351 3161 2401; x_wconf 89' lang='lat' dir='ltr'>autem</span> <span class='ocrx_word' id='word_1_409' title='bbox 3206 2363 3365 2403; x_wconf 87' lang='lat' dir='ltr'>unus</span> <span class='ocrx_word' id='word_1_410' title='bbox 3408 2348 3499 2403; x_wconf 75' lang='lat' dir='ltr'>cui</span> <span class='ocrx_word' id='word_1_411' title='bbox 3532 2349 3766 2420; x_wconf 71' lang='lat' dir='ltr'>scriptae</span> 
     </span>
    </p>
   </div>
   <div class='ocr_carea' id='block_1_54' title="bbox 2122 2430 3772 2508">
    <p class='ocr_par' dir='ltr' id='par_1_54' title="bbox 2122 2430 3772 2508">
     <span class='ocr_line' id='line_1_54' title="bbox 2122 2430 3772 2508; baseline 0.007 -25"><span class='ocrx_word' id='word_1_412' title='bbox 2122 2430 2356 2486; x_wconf 86' lang='lat' dir='ltr'>fuerant</span> <span class='ocrx_word' id='word_1_413' title='bbox 2385 2432 2768 2489; x_wconf 84' lang='lat' dir='ltr'>occultandas</span> <span class='ocrx_word' id='word_1_414' title='bbox 2798 2439 3153 2506; x_wconf 86' lang='lat' dir='ltr'>susceperat,</span> <span class='ocrx_word' id='word_1_415' title='bbox 3186 2450 3323 2508; x_wconf 85' lang='lat' dir='ltr'>ergo</span> <span class='ocrx_word' id='word_1_416' title='bbox 3362 2452 3478 2492; x_wconf 90' lang='lat' dir='ltr'>non</span> <span class='ocrx_word' id='word_1_417' title='bbox 3508 2436 3772 2494; x_wconf 81' lang='lat' dir='ltr'>latebant</span> 
     </span>
    </p>
   </div>
   <div class='ocr_carea' id='block_1_55' title="bbox 2120 2520 3766 2598">
    <p class='ocr_par' dir='ltr' id='par_1_55' title="bbox 2120 2520 3766 2598">
     <span class='ocr_line' id='line_1_55' title="bbox 2120 2520 3766 2598; baseline 0.004 -24"><span class='ocrx_word' id='word_1_418' title='bbox 2120 2523 2350 2575; x_wconf 87' lang='lat' dir='ltr'>tantum</span> <span class='ocrx_word' id='word_1_419' title='bbox 2382 2520 2440 2576; x_wconf 88' lang='lat' dir='ltr'>in</span> <span class='ocrx_word' id='word_1_420' title='bbox 2474 2522 2749 2577; x_wconf 90' lang='lat' dir='ltr'>cubiculo</span> <span class='ocrx_word' id='word_1_421' title='bbox 2779 2528 2899 2590; x_wconf 91' lang='lat' dir='ltr'>tuo,</span> <span class='ocrx_word' id='word_1_422' title='bbox 2933 2541 3039 2579; x_wconf 90' lang='lat' dir='ltr'>nec</span> <span class='ocrx_word' id='word_1_423' title='bbox 3068 2523 3403 2582; x_wconf 83' lang='lat' dir='ltr'>habuerunt</span> <span class='ocrx_word' id='word_1_424' title='bbox 3431 2541 3530 2582; x_wconf 84' lang='lat' dir='ltr'>eas</span> <span class='ocrx_word' id='word_1_425' title='bbox 3568 2527 3766 2598; x_wconf 79' lang='lat' dir='ltr'>pauci,</span> 
     </span>
    </p>
   </div>
   <div class='ocr_carea' id='block_1_56' title="bbox 2122 2608 3768 2687">
    <p class='ocr_par' dir='ltr' id='par_1_56' title="bbox 2122 2608 3768 2687">
     <span class='ocr_line' id='line_1_56' title="bbox 2122 2608 3768 2687; baseline 0.005 -24"><span class='ocrx_word' id='word_1_426' title='bbox 2122 2624 2268 2679; x_wconf 90' lang='lat' dir='ltr'>quos</span> <span class='ocrx_word' id='word_1_427' title='bbox 2296 2608 2572 2666; x_wconf 89' lang='lat' dir='ltr'>habuisse</span> <span class='ocrx_word' id='word_1_428' title='bbox 2593 2616 2846 2667; x_wconf 86' lang='lat' dir='ltr'>testatus</span> <span class='ocrx_word' id='word_1_429' title='bbox 2893 2630 2974 2667; x_wconf 87' lang='lat' dir='ltr'>es.</span> <span class='ocrx_word' id='word_1_430' title='bbox 3028 2614 3202 2668; x_wconf 76' lang='lat' dir='ltr'>Furio</span> <span class='ocrx_word' id='word_1_431' title='bbox 3250 2612 3515 2669; x_wconf 87' lang='lat' dir='ltr'>sublatas</span> <span class='ocrx_word' id='word_1_432' title='bbox 3545 2615 3768 2687; x_wconf 81' lang='lat' dir='ltr'>arguis,</span> 
     </span>
    </p>
   </div>
   <div class='ocr_carea' id='block_1_57' title="bbox 2121 2701 3770 2773">
    <p class='ocr_par' dir='ltr' id='par_1_57' title="bbox 2121 2701 3770 2773">
     <span class='ocr_line' id='line_1_57' title="bbox 2121 2701 3770 2773; baseline 0.005 -22"><span class='ocrx_word' id='word_1_433' title='bbox 2121 2701 2178 2752; x_wconf 92' lang='lat' dir='ltr'>et</span> <span class='ocrx_word' id='word_1_434' title='bbox 2208 2714 2445 2754; x_wconf 90' lang='lat' dir='ltr'>rursum</span> <span class='ocrx_word' id='word_1_435' title='bbox 2478 2706 2707 2772; x_wconf 86' lang='lat' dir='ltr'>emptas</span> <span class='ocrx_word' id='word_1_436' title='bbox 2739 2701 2945 2772; x_wconf 74' lang='lat' dir='ltr'>grandi</span> <span class='ocrx_word' id='word_1_437' title='bbox 2976 2701 3225 2773; x_wconf 89' lang='lat' dir='ltr'>pecunia</span> <span class='ocrx_word' id='word_1_438' title='bbox 3251 2707 3309 2758; x_wconf 91' lang='lat' dir='ltr'>et</span> <span class='ocrx_word' id='word_1_439' title='bbox 3337 2702 3584 2759; x_wconf 77' lang='lat' dir='ltr'>infinitis</span> <span class='ocrx_word' id='word_1_440' title='bbox 3613 2720 3770 2760; x_wconf 81' lang='lat' dir='ltr'>mer-</span> 
     </span>
    </p>
   </div>
   <div class='ocr_carea' id='block_1_58' title="bbox 2123 2785 3774 2863">
    <p class='ocr_par' dir='ltr' id='par_1_58' title="bbox 2123 2785 3774 2863">
     <span class='ocr_line' id='line_1_58' title="bbox 2123 2785 3774 2863; baseline 0.005 -23"><span class='ocrx_word' id='word_1_441' title='bbox 2123 2785 2291 2842; x_wconf 87' lang='lat' dir='ltr'>cibus</span> <span class='ocrx_word' id='word_1_442' title='bbox 2321 2787 2680 2843; x_wconf 88' lang='lat' dir='ltr'>criminaris.</span> <span class='ocrx_word' id='word_1_443' title='bbox 2721 2790 2783 2846; x_wconf 94' lang='lat' dir='ltr'>In</span> <span class='ocrx_word' id='word_1_444' title='bbox 2836 2806 2954 2845; x_wconf 91' lang='lat' dir='ltr'>una</span> <span class='ocrx_word' id='word_1_445' title='bbox 2990 2807 3072 2855; x_wconf 91' lang='lat' dir='ltr'>re,</span> <span class='ocrx_word' id='word_1_446' title='bbox 3104 2795 3163 2846; x_wconf 91' lang='lat' dir='ltr'>et</span> <span class='ocrx_word' id='word_1_447' title='bbox 3209 2790 3269 2846; x_wconf 92' lang='lat' dir='ltr'>in</span> <span class='ocrx_word' id='word_1_448' title='bbox 3317 2807 3494 2863; x_wconf 81' lang='lat' dir='ltr'>parva</span> <span class='ocrx_word' id='word_1_449' title='bbox 3518 2792 3774 2863; x_wconf 77' lang='lat' dir='ltr'>epistola</span> 
     </span>
    </p>
   </div>
   <div class='ocr_carea' id='block_1_59' title="bbox 2123 2877 3770 2944">
    <p class='ocr_par' dir='ltr' id='par_1_59' title="bbox 2123 2877 3770 2944">
     <span class='ocr_line' id='line_1_59' title="bbox 2123 2877 3770 2944; baseline 0.006 -16"><span class='ocrx_word' id='word_1_450' title='bbox 2123 2878 2348 2944; x_wconf 87' lang='lat' dir='ltr'>quanta</span> <span class='ocrx_word' id='word_1_451' title='bbox 2375 2877 2623 2933; x_wconf 88' lang='lat' dir='ltr'>varietas</span> <span class='ocrx_word' id='word_1_452' title='bbox 2652 2884 2707 2933; x_wconf 91' lang='lat' dir='ltr'>et</span> <span class='ocrx_word' id='word_1_453' title='bbox 2737 2879 3101 2935; x_wconf 84' lang='lat' dir='ltr'>dissonantia</span> <span class='ocrx_word' id='word_1_454' title='bbox 3139 2880 3461 2935; x_wconf 88' lang='lat' dir='ltr'>mentiendi</span> <span class='ocrx_word' id='word_1_455' title='bbox 3492 2880 3504 2935; x_wconf 73' lang='grc' dir='ltr'><strong>Ξ</strong></span> <span class='ocrx_word' id='word_1_456' title='bbox 3539 2880 3668 2936; x_wconf 83' lang='lat' dir='ltr'>Tibi</span> <span class='ocrx_word' id='word_1_457' title='bbox 3695 2881 3770 2939; x_wconf 87' lang='lat' dir='ltr'>li-</span> 
     </span>
    </p>
   </div>
   <div class='ocr_carea' id='block_1_60' title="bbox 2123 2967 3772 3035">
    <p class='ocr_par' dir='ltr' id='par_1_60' title="bbox 2123 2967 3772 3035">
     <span class='ocr_line' id='line_1_60' title="bbox 2123 2967 3772 3035; baseline 0.005 -16"><span class='ocrx_word' id='word_1_458' title='bbox 2123 2968 2213 3019; x_wconf 89' lang='lat' dir='ltr'>cet</span> <span class='ocrx_word' id='word_1_459' title='bbox 2251 2980 2546 3034; x_wconf 86' lang='lat' dir='ltr'>accusare,</span> <span class='ocrx_word' id='word_1_460' title='bbox 2580 2967 2725 3022; x_wconf 90' lang='lat' dir='ltr'>mihi</span> <span class='ocrx_word' id='word_1_461' title='bbox 2756 2968 3066 3023; x_wconf 73' lang='lat' dir='ltr'>defendere</span> <span class='ocrx_word' id='word_1_462' title='bbox 3094 2984 3208 3023; x_wconf 90' lang='lat' dir='ltr'>non</span> <span class='ocrx_word' id='word_1_463' title='bbox 3237 2967 3481 3024; x_wconf 83' lang='lat' dir='ltr'>licebit?</span> <span class='ocrx_word' id='word_1_464' title='bbox 3526 2970 3772 3035; x_wconf 78' lang='lat' dir='ltr'>Quando</span> 
     </span>
    </p>
   </div>
   <div class='ocr_carea' id='block_1_61' title="bbox 2123 3052 3772 3131">
    <p class='ocr_par' dir='ltr' id='par_1_61' title="bbox 2123 3052 3772 3131">
     <span class='ocr_line' id='line_1_61' title="bbox 2123 3052 3772 3131; baseline 0.004 -23"><span class='ocrx_word' id='word_1_465' title='bbox 2123 3052 2479 3121; x_wconf 87' lang='lat' dir='ltr'>criminaris,</span> <span class='ocrx_word' id='word_1_466' title='bbox 2511 3054 2766 3111; x_wconf 89' lang='lat' dir='ltr'>amicum</span> <span class='ocrx_word' id='word_1_467' title='bbox 2802 3072 2915 3111; x_wconf 90' lang='lat' dir='ltr'>non</span> <span class='ocrx_word' id='word_1_468' title='bbox 2960 3056 3202 3127; x_wconf 82' lang='lat' dir='ltr'>cogitas.</span> <span class='ocrx_word' id='word_1_469' title='bbox 3254 3058 3496 3122; x_wconf 89' lang='lat' dir='ltr'>Quando</span> <span class='ocrx_word' id='word_1_470' title='bbox 3528 3072 3772 3131; x_wconf 80' lang='lat' dir='ltr'>respon-</span> 
     </span>
    </p>
   </div>
   <div class='ocr_carea' id='block_1_62' title="bbox 2122 3141 3773 3217">
    <p class='ocr_par' dir='ltr' id='par_1_62' title="bbox 2122 3141 3773 3217">
     <span class='ocr_line' id='line_1_62' title="bbox 2122 3141 3773 3217; baseline 0.004 -21"><span class='ocrx_word' id='word_1_471' title='bbox 2122 3141 2251 3207; x_wconf 90' lang='lat' dir='ltr'>deo,</span> <span class='ocrx_word' id='word_1_472' title='bbox 2286 3147 2423 3197; x_wconf 89' lang='lat' dir='ltr'>tunc</span> <span class='ocrx_word' id='word_1_473' title='bbox 2456 3144 2560 3198; x_wconf 87' lang='lat' dir='ltr'>tibi</span> <span class='ocrx_word' id='word_1_474' title='bbox 2584 3145 2687 3215; x_wconf 88' lang='lat' dir='ltr'>jus</span> <span class='ocrx_word' id='word_1_475' title='bbox 2719 3144 2988 3200; x_wconf 75' lang='lat' dir='ltr'>amicitiae</span> <span class='ocrx_word' id='word_1_476' title='bbox 3028 3144 3088 3200; x_wconf 91' lang='lat' dir='ltr'>in</span> <span class='ocrx_word' id='word_1_477' title='bbox 3140 3150 3394 3201; x_wconf 89' lang='lat' dir='ltr'>mentem</span> <span class='ocrx_word' id='word_1_478' title='bbox 3439 3147 3613 3202; x_wconf 85' lang='lat' dir='ltr'>venit.</span> <span class='ocrx_word' id='word_1_479' title='bbox 3647 3146 3773 3217; x_wconf 80' lang='lat' dir='ltr'>Dic,</span> 
     </span>
    </p>
   </div>
   <div class='ocr_carea' id='block_1_63' title="bbox 378 3213 3774 3307">
    <p class='ocr_par' dir='ltr' id='par_1_63' title="bbox 378 3213 3774 3307">
     <span class='ocr_line' id='line_1_63' title="bbox 378 3213 3774 3307; baseline 0.001 -19"><span class='ocrx_word' id='word_1_480' title='bbox 378 3234 760 3291; x_wconf 81' lang='lat' dir='ltr'>admitteres?</span> <span class='ocrx_word' id='word_1_481' title='bbox 789 3236 1020 3291; x_wconf 85' lang='lat' dir='ltr'>Scilicet</span> <span class='ocrx_word' id='word_1_482' title='bbox 1049 3213 1401 3292; x_wconf 69' lang='lat' dir='ltr'>noveramus</span> <span class='ocrx_word' id='word_1_483' title='bbox 1432 3213 1570 3307; x_wconf 84' lang='lat' dir='ltr'>quid</span> <span class='ocrx_word' id='word_1_484' title='bbox 1602 3236 1658 3290; x_wconf 91' lang='lat' dir='ltr'>in</span> <span class='ocrx_word' id='word_1_485' title='bbox 1683 3234 1878 3292; x_wconf 91' lang='lat' dir='ltr'>animo</span> <span class='ocrx_word' id='word_1_486' title='bbox 1904 3231 2016 3288; x_wconf 86' lang='lat' dir='ltr'>vol-</span> <span class='ocrx_word' id='word_1_487' title='bbox 2047 3213 2091 3281; x_wconf 70' lang='grc' dir='ltr'>Ο</span> <span class='ocrx_word' id='word_1_488' title='bbox 2128 3246 2227 3285; x_wconf 90' lang='lat' dir='ltr'>oro</span> <span class='ocrx_word' id='word_1_489' title='bbox 2259 3235 2335 3300; x_wconf 90' lang='lat' dir='ltr'>te,</span> <span class='ocrx_word' id='word_1_490' title='bbox 2368 3230 2645 3288; x_wconf 88' lang='lat' dir='ltr'>celandas</span> <span class='ocrx_word' id='word_1_491' title='bbox 2677 3232 2993 3289; x_wconf 86' lang='lat' dir='ltr'>schedulas</span> <span class='ocrx_word' id='word_1_492' title='bbox 3023 3232 3363 3306; x_wconf 84' lang='lat' dir='ltr'>scripseras,</span> <span class='ocrx_word' id='word_1_493' title='bbox 3414 3252 3488 3289; x_wconf 88' lang='lat' dir='ltr'>an</span> <span class='ocrx_word' id='word_1_494' title='bbox 3521 3236 3774 3307; x_wconf 79' lang='lat' dir='ltr'>proden-</span> 
     </span>
    </p>
   </div>
   <div class='ocr_carea' id='block_1_64' title="bbox 378 3320 2017 3394">
    <p class='ocr_par' dir='ltr' id='par_1_64' title="bbox 378 3320 2017 3394">
     <span class='ocr_line' id='line_1_64' title="bbox 378 3320 2017 3394; baseline -0.001 -19"><span class='ocrx_word' id='word_1_495' title='bbox 378 3323 582 3379; x_wconf 86' lang='lat' dir='ltr'>veres?</span> <span class='ocrx_word' id='word_1_496' title='bbox 612 3323 753 3394; x_wconf 92' lang='lat' dir='ltr'>quid</span> <span class='ocrx_word' id='word_1_497' title='bbox 787 3324 939 3380; x_wconf 90' lang='lat' dir='ltr'>alius</span> <span class='ocrx_word' id='word_1_498' title='bbox 963 3326 1033 3379; x_wconf 91' lang='lat' dir='ltr'>de</span> <span class='ocrx_word' id='word_1_499' title='bbox 1070 3330 1127 3381; x_wconf 91' lang='lat' dir='ltr'>te</span> <span class='ocrx_word' id='word_1_500' title='bbox 1173 3325 1501 3381; x_wconf 90' lang='lat' dir='ltr'>somniatus</span> <span class='ocrx_word' id='word_1_501' title='bbox 1532 3328 1686 3379; x_wconf 88' lang='lat' dir='ltr'>esset</span> <span class='ocrx_word' id='word_1_502' title='bbox 1715 3324 1781 3377; x_wconf 70' lang='lat'>3?</span> <span class='ocrx_word' id='word_1_503' title='bbox 1811 3326 1876 3377; x_wconf 91' lang='lat' dir='ltr'>ut</span> <span class='ocrx_word' id='word_1_504' title='bbox 1906 3320 2017 3375; x_wconf 91' lang='lat' dir='ltr'>im-</span> 
     </span>
    </p>
   </div>
   <div class='ocr_carea' id='block_1_65' title="bbox 377 3408 2017 3484">
    <p class='ocr_par' dir='ltr' id='par_1_65' title="bbox 377 3408 2017 3484">
     <span class='ocr_line' id='line_1_65' title="bbox 377 3408 2017 3484; baseline -0.001 -20"><span class='ocrx_word' id='word_1_505' title='bbox 377 3408 637 3479; x_wconf 90' lang='lat' dir='ltr'>pleretur</span> <span class='ocrx_word' id='word_1_506' title='bbox 666 3410 725 3466; x_wconf 88' lang='lat' dir='ltr'>in</span> <span class='ocrx_word' id='word_1_507' title='bbox 754 3415 811 3467; x_wconf 90' lang='lat' dir='ltr'>te</span> <span class='ocrx_word' id='word_1_508' title='bbox 840 3429 1091 3484; x_wconf 65' lang='lat' dir='ltr'>graecum</span> <span class='ocrx_word' id='word_1_509' title='bbox 1125 3413 1518 3484; x_wconf 90' lang='lat' dir='ltr'>proverbium,</span> <span class='ocrx_word' id='word_1_510' title='bbox 1558 3416 1615 3468; x_wconf 94' lang='lat' dir='ltr'>et</span> <span class='ocrx_word' id='word_1_511' title='bbox 1663 3412 1767 3483; x_wconf 81' lang='grc' dir='ltr'>[Αἱ.</span> <span class='ocrx_word' id='word_1_512' title='bbox 1802 3411 1886 3479; x_wconf 85' lang='lat' dir='ltr'>ut]</span> <span class='ocrx_word' id='word_1_513' title='bbox 1915 3425 2017 3464; x_wconf 90' lang='lat' dir='ltr'>sus</span> 
     </span>
    </p>
   </div>
   <div class='ocr_carea' id='block_1_66' title="bbox 382 3497 2015 3573">
    <p class='ocr_par' dir='ltr' id='par_1_66' title="bbox 382 3497 2015 3573">
     <span class='ocr_line' id='line_1_66' title="bbox 382 3497 2015 3573; baseline 0.001 -22"><span class='ocrx_word' id='word_1_514' title='bbox 382 3497 617 3554; x_wconf 89' lang='lat' dir='ltr'>doceret</span> <span class='ocrx_word' id='word_1_515' title='bbox 647 3499 988 3557; x_wconf 86' lang='lat' dir='ltr'>Minervam.</span> <span class='ocrx_word' id='word_1_516' title='bbox 1022 3500 1081 3555; x_wconf 93' lang='lat' dir='ltr'>Si</span> <span class='ocrx_word' id='word_1_517' title='bbox 1114 3502 1427 3556; x_wconf 87' lang='lat' dir='ltr'>Eusebium</span> <span class='ocrx_word' id='word_1_518' title='bbox 1458 3517 1562 3573; x_wconf 85' lang='lat' dir='ltr'>ego</span> <span class='ocrx_word' id='word_1_519' title='bbox 1586 3502 1655 3555; x_wconf 90' lang='lat' dir='ltr'>ad</span> <span class='ocrx_word' id='word_1_520' title='bbox 1678 3499 2015 3556; x_wconf 88' lang='lat' dir='ltr'>latrandum</span> 
     </span>
    </p>
   </div>
   <div class='ocr_carea' id='block_1_67' title="bbox 382 3585 2015 3660">
    <p class='ocr_par' dir='ltr' id='par_1_67' title="bbox 382 3585 2015 3660">
     <span class='ocr_line' id='line_1_67' title="bbox 382 3585 2015 3660; baseline 0 -20"><span class='ocrx_word' id='word_1_521' title='bbox 382 3585 679 3657; x_wconf 87' lang='lat' dir='ltr'>miseram,</span> <span class='ocrx_word' id='word_1_522' title='bbox 722 3588 855 3660; x_wconf 92' lang='lat' dir='ltr'>quis</span> <span class='ocrx_word' id='word_1_523' title='bbox 907 3590 1127 3644; x_wconf 77' lang='lat' dir='ltr'>Atei-bii</span> <span class='ocrx_word' id='word_1_524' title='bbox 1196 3592 1345 3660; x_wconf 80' lang='lat' dir='ltr'>[mss.</span> <span class='ocrx_word' id='word_1_525' title='bbox 1405 3590 1620 3645; x_wconf 89' lang='lat' dir='ltr'>Atarvii</span> <span class='ocrx_word' id='word_1_526' title='bbox 1676 3592 1725 3644; x_wconf 76' lang='lat' dir='ltr'>et</span> <span class='ocrx_word' id='word_1_527' title='bbox 1777 3586 2015 3654; x_wconf 84' lang='lat' dir='ltr'>Atarbii]</span> 
     </span>
    </p>
   </div>
   <div class='ocr_carea' id='block_1_68' title="bbox 378 3678 2016 3734">
    <p class='ocr_par' dir='ltr' id='par_1_68' title="bbox 378 3678 2016 3734">
     <span class='ocr_line' id='line_1_68' title="bbox 378 3678 2016 3734; baseline 0 -3"><span class='ocrx_word' id='word_1_528' title='bbox 378 3680 579 3732; x_wconf 89' lang='lat' dir='ltr'>contra</span> <span class='ocrx_word' id='word_1_529' title='bbox 612 3681 663 3731; x_wconf 91' lang='lat' dir='ltr'>te</span> <span class='ocrx_word' id='word_1_530' title='bbox 694 3682 750 3732; x_wconf 93' lang='lat' dir='ltr'>et</span> <span class='ocrx_word' id='word_1_531' title='bbox 779 3683 1117 3734; x_wconf 78' lang='lat' dir='ltr'>cceterorum</span> <span class='ocrx_word' id='word_1_532' title='bbox 1159 3678 1379 3734; x_wconf 90' lang='lat' dir='ltr'>rabiem</span> <span class='ocrx_word' id='word_1_533' title='bbox 1432 3678 1785 3734; x_wconf 83' lang='lat' dir='ltr'>concitavit?</span> <span class='ocrx_word' id='word_1_534' title='bbox 1817 3678 2016 3731; x_wconf 89' lang='lat' dir='ltr'>Nonne</span> 
     </span>
    </p>
   </div>
   <div class='ocr_carea' id='block_1_69' title="bbox 374 3763 2014 3837">
    <p class='ocr_par' dir='ltr' id='par_1_69' title="bbox 374 3763 2014 3837">
     <span class='ocr_line' id='line_1_69' title="bbox 374 3763 2014 3837; baseline 0.002 -20"><span class='ocrx_word' id='word_1_535' title='bbox 374 3763 471 3819; x_wconf 92' lang='lat' dir='ltr'>ille</span> <span class='ocrx_word' id='word_1_536' title='bbox 502 3768 588 3821; x_wconf 88' lang='lat' dir='ltr'>est</span> <span class='ocrx_word' id='word_1_537' title='bbox 626 3766 725 3837; x_wconf 91' lang='lat' dir='ltr'>qui</span> <span class='ocrx_word' id='word_1_538' title='bbox 759 3771 816 3821; x_wconf 91' lang='lat' dir='ltr'>et</span> <span class='ocrx_word' id='word_1_539' title='bbox 848 3784 939 3822; x_wconf 88' lang='lat' dir='ltr'>me</span> <span class='ocrx_word' id='word_1_540' title='bbox 970 3766 1306 3823; x_wconf 62' lang='lat' dir='ltr'>haereticum</span> <span class='ocrx_word' id='word_1_541' title='bbox 1337 3784 1405 3821; x_wconf 81' lang='lat' dir='ltr'>ex</span> <span class='ocrx_word' id='word_1_542' title='bbox 1451 3768 1564 3821; x_wconf 90' lang='lat' dir='ltr'>tuis</span> <span class='ocrx_word' id='word_1_543' title='bbox 1614 3765 1888 3821; x_wconf 90' lang='lat' dir='ltr'>amicitiis</span> <span class='ocrx_word' id='word_1_544' title='bbox 1910 3766 2014 3836; x_wconf 86' lang='lat' dir='ltr'>ju-</span> 
     </span>
    </p>
   </div>
   <div class='ocr_carea' id='block_1_70' title="bbox 372 3852 2015 3927">
    <p class='ocr_par' dir='ltr' id='par_1_70' title="bbox 372 3852 2015 3927">
     <span class='ocr_line' id='line_1_70' title="bbox 372 3852 2015 3927; baseline 0.001 -20"><span class='ocrx_word' id='word_1_545' title='bbox 372 3852 650 3909; x_wconf 88' lang='lat' dir='ltr'>dicabat?</span> <span class='ocrx_word' id='word_1_546' title='bbox 679 3855 783 3912; x_wconf 89' lang='lat' dir='ltr'>Cui</span> <span class='ocrx_word' id='word_1_547' title='bbox 815 3873 948 3910; x_wconf 92' lang='lat' dir='ltr'>cum</span> <span class='ocrx_word' id='word_1_548' title='bbox 995 3856 1411 3913; x_wconf 66' lang='lat' dir='ltr'>satisfecissent</span> <span class='ocrx_word' id='word_1_549' title='bbox 1462 3856 1837 3911; x_wconf 89' lang='lat' dir='ltr'>damnatione</span> <span class='ocrx_word' id='word_1_550' title='bbox 1867 3855 2015 3927; x_wconf 87' lang='lat' dir='ltr'>dog-</span> 
     </span>
    </p>
   </div>
   <div class='ocr_carea' id='block_1_71' title="bbox 372 3942 2013 4015">
    <p class='ocr_par' dir='ltr' id='par_1_71' title="bbox 372 3942 2013 4015">
     <span class='ocr_line' id='line_1_71' title="bbox 372 3942 2013 4015; baseline 0.001 -19"><span class='ocrx_word' id='word_1_551' title='bbox 372 3946 599 3999; x_wconf 88' lang='lat' dir='ltr'>matum</span> <span class='ocrx_word' id='word_1_552' title='bbox 629 3942 916 4015; x_wconf 87' lang='lat' dir='ltr'>Origenis,</span> <span class='ocrx_word' id='word_1_553' title='bbox 948 3949 1010 3999; x_wconf 91' lang='lat' dir='ltr'>tu</span> <span class='ocrx_word' id='word_1_554' title='bbox 1062 3945 1298 4000; x_wconf 89' lang='lat' dir='ltr'>clausus</span> <span class='ocrx_word' id='word_1_555' title='bbox 1344 3945 1503 4000; x_wconf 92' lang='lat' dir='ltr'>domi</span> <span class='ocrx_word' id='word_1_556' title='bbox 1543 3960 1844 4015; x_wconf 89' lang='lat' dir='ltr'>nunquam</span> <span class='ocrx_word' id='word_1_557' title='bbox 1878 3961 2013 3998; x_wconf 92' lang='lat' dir='ltr'>eum</span> 
     </span>
    </p>
   </div>
   <div class='ocr_carea' id='block_1_72' title="bbox 371 4029 2011 4105">
    <p class='ocr_par' dir='ltr' id='par_1_72' title="bbox 371 4029 2011 4105">
     <span class='ocr_line' id='line_1_72' title="bbox 371 4029 2011 4105; baseline 0.002 -22"><span class='ocrx_word' id='word_1_558' title='bbox 371 4029 566 4086; x_wconf 91' lang='lat' dir='ltr'>videre</span> <span class='ocrx_word' id='word_1_559' title='bbox 598 4048 779 4087; x_wconf 89' lang='lat' dir='ltr'>ausus</span> <span class='ocrx_word' id='word_1_560' title='bbox 819 4049 900 4101; x_wconf 88' lang='lat' dir='ltr'>es,</span> <span class='ocrx_word' id='word_1_561' title='bbox 938 4050 1008 4088; x_wconf 88' lang='lat' dir='ltr'>ne</span> <span class='ocrx_word' id='word_1_562' title='bbox 1041 4039 1140 4089; x_wconf 91' lang='lat' dir='ltr'>aut</span> <span class='ocrx_word' id='word_1_563' title='bbox 1184 4035 1494 4090; x_wconf 88' lang='lat' dir='ltr'>damnares</span> <span class='ocrx_word' id='word_1_564' title='bbox 1546 4033 1699 4105; x_wconf 91' lang='lat' dir='ltr'>quod</span> <span class='ocrx_word' id='word_1_565' title='bbox 1752 4032 2011 4097; x_wconf 88' lang='lat' dir='ltr'>nolebas,</span> 
     </span>
    </p>
   </div>
   <div class='ocr_carea' id='block_1_73' title="bbox 372 4121 2010 4191">
    <p class='ocr_par' dir='ltr' id='par_1_73' title="bbox 372 4121 2010 4191">
     <span class='ocr_line' id='line_1_73' title="bbox 372 4121 2010 4191; baseline 0.001 -18"><span class='ocrx_word' id='word_1_566' title='bbox 372 4124 472 4174; x_wconf 87' lang='lat' dir='ltr'>aut</span> <span class='ocrx_word' id='word_1_567' title='bbox 498 4124 694 4191; x_wconf 88' lang='lat' dir='ltr'>aperte</span> <span class='ocrx_word' id='word_1_568' title='bbox 726 4121 1003 4178; x_wconf 88' lang='lat' dir='ltr'>resistens</span> <span class='ocrx_word' id='word_1_569' title='bbox 1035 4123 1321 4179; x_wconf 69' lang='lat' dir='ltr'>haereseos</span> <span class='ocrx_word' id='word_1_570' title='bbox 1352 4122 1633 4179; x_wconf 89' lang='lat' dir='ltr'>invidiam</span> <span class='ocrx_word' id='word_1_571' title='bbox 1666 4122 2010 4177; x_wconf 89' lang='lat' dir='ltr'>sustineres.</span> 
     </span>
    </p>
   </div>
   <div class='ocr_carea' id='block_1_74' title="bbox 372 4207 2015 4283">
    <p class='ocr_par' dir='ltr' id='par_1_74' title="bbox 372 4207 2015 4283">
     <span class='ocr_line' id='line_1_74' title="bbox 372 4207 2015 4283; baseline 0.003 -23"><span class='ocrx_word' id='word_1_572' title='bbox 372 4212 461 4262; x_wconf 87' lang='lat' dir='ltr'>An</span> <span class='ocrx_word' id='word_1_573' title='bbox 494 4207 707 4264; x_wconf 89' lang='lat' dir='ltr'>idcirco</span> <span class='ocrx_word' id='word_1_574' title='bbox 740 4209 907 4265; x_wconf 88' lang='lat' dir='ltr'>testis</span> <span class='ocrx_word' id='word_1_575' title='bbox 938 4217 1140 4268; x_wconf 88' lang='lat' dir='ltr'>contra</span> <span class='ocrx_word' id='word_1_576' title='bbox 1186 4217 1239 4266; x_wconf 88' lang='lat' dir='ltr'>te</span> <span class='ocrx_word' id='word_1_577' title='bbox 1289 4228 1417 4267; x_wconf 91' lang='lat' dir='ltr'>esse</span> <span class='ocrx_word' id='word_1_578' title='bbox 1447 4229 1560 4267; x_wconf 93' lang='lat' dir='ltr'>non</span> <span class='ocrx_word' id='word_1_579' title='bbox 1613 4210 1842 4283; x_wconf 89' lang='lat' dir='ltr'>poterit,</span> <span class='ocrx_word' id='word_1_580' title='bbox 1874 4210 2015 4281; x_wconf 89' lang='lat' dir='ltr'>quia</span> 
     </span>
    </p>
   </div>
   <div class='ocr_carea' id='block_1_75' title="bbox 372 4299 2013 4373">
    <p class='ocr_par' dir='ltr' id='par_1_75' title="bbox 372 4299 2013 4373">
     <span class='ocr_line' id='line_1_75' title="bbox 372 4299 2013 4373; baseline 0.004 -23"><span class='ocrx_word' id='word_1_581' title='bbox 372 4300 678 4352; x_wconf 87' lang='lat' dir='ltr'>accusator</span> <span class='ocrx_word' id='word_1_582' title='bbox 708 4299 791 4352; x_wconf 93' lang='lat' dir='ltr'>tui</span> <span class='ocrx_word' id='word_1_583' title='bbox 820 4299 955 4355; x_wconf 87' lang='lat' dir='ltr'>est?</span> <span class='ocrx_word' id='word_1_584' title='bbox 984 4302 1310 4372; x_wconf 87' lang='lat' dir='ltr'>Antequam</span> <span class='ocrx_word' id='word_1_585' title='bbox 1364 4306 1605 4356; x_wconf 89' lang='lat' dir='ltr'>sanctus</span> <span class='ocrx_word' id='word_1_586' title='bbox 1650 4299 2013 4373; x_wconf 87' lang='lat' dir='ltr'>Epiphanius</span> 
     </span>
    </p>
   </div>
   <div class='ocr_carea' id='block_1_76' title="bbox 369 4384 2012 4462">
    <p class='ocr_par' dir='ltr' id='par_1_76' title="bbox 369 4384 2012 4462">
     <span class='ocr_line' id='line_1_76' title="bbox 369 4384 2012 4462; baseline 0.003 -22"><span class='ocrx_word' id='word_1_587' title='bbox 369 4384 624 4441; x_wconf 88' lang='lat' dir='ltr'>venisset</span> <span class='ocrx_word' id='word_1_588' title='bbox 654 4386 1135 4460; x_wconf 85' lang='lat' dir='ltr'>Hierosolymam,</span> <span class='ocrx_word' id='word_1_589' title='bbox 1185 4395 1242 4445; x_wconf 92' lang='lat' dir='ltr'>ct</span> <span class='ocrx_word' id='word_1_590' title='bbox 1290 4407 1387 4447; x_wconf 91' lang='lat' dir='ltr'>ore</span> <span class='ocrx_word' id='word_1_591' title='bbox 1433 4390 1669 4462; x_wconf 90' lang='lat' dir='ltr'>quidem</span> <span class='ocrx_word' id='word_1_592' title='bbox 1720 4394 1777 4446; x_wconf 91' lang='lat' dir='ltr'>et</span> <span class='ocrx_word' id='word_1_593' title='bbox 1814 4390 2012 4446; x_wconf 90' lang='lat' dir='ltr'>osculo</span> 
     </span>
    </p>
   </div>
   <div class='ocr_carea' id='block_1_77' title="bbox 370 4475 2012 4547">
    <p class='ocr_par' dir='ltr' id='par_1_77' title="bbox 370 4475 2012 4547">
     <span class='ocr_line' id='line_1_77' title="bbox 370 4475 2012 4547; baseline 0.002 -16"><span class='ocrx_word' id='word_1_594' title='bbox 370 4475 472 4531; x_wconf 91' lang='lat' dir='ltr'>tibi</span> <span class='ocrx_word' id='word_1_595' title='bbox 509 4492 711 4547; x_wconf 88' lang='lat' dir='ltr'>pacem</span> <span class='ocrx_word' id='word_1_596' title='bbox 744 4477 925 4546; x_wconf 89' lang='lat' dir='ltr'>daret,</span> <span class='ocrx_word' id='word_1_597' title='bbox 962 4478 1113 4533; x_wconf 89' lang='lat' dir='ltr'>mala</span> <span class='ocrx_word' id='word_1_598' title='bbox 1143 4484 1337 4535; x_wconf 90' lang='lat' dir='ltr'>autem</span> <span class='ocrx_word' id='word_1_599' title='bbox 1365 4484 1420 4535; x_wconf 89' lang='lat' dir='ltr'>et</span> <span class='ocrx_word' id='word_1_600' title='bbox 1440 4480 1604 4536; x_wconf 90' lang='lat' dir='ltr'>dolos</span> <span class='ocrx_word' id='word_1_601' title='bbox 1628 4479 1685 4534; x_wconf 92' lang='lat' dir='ltr'>in</span> <span class='ocrx_word' id='word_1_602' title='bbox 1713 4496 1819 4534; x_wconf 90' lang='lat' dir='ltr'>suo</span> <span class='ocrx_word' id='word_1_603' title='bbox 1841 4480 2012 4535; x_wconf 90' lang='lat' dir='ltr'>corde</span> 
     </span>
    </p>
   </div>
   <div class='ocr_carea' id='block_1_78' title="bbox 2128 3319 3771 3397">
    <p class='ocr_par' dir='ltr' id='par_1_78' title="bbox 2128 3319 3771 3397">
     <span class='ocr_line' id='line_1_78' title="bbox 2128 3319 3771 3397; baseline 0.007 -24"><span class='ocrx_word' id='word_1_604' title='bbox 2128 3319 2280 3375; x_wconf 91' lang='lat' dir='ltr'>das?</span> <span class='ocrx_word' id='word_1_605' title='bbox 2310 3320 2360 3374; x_wconf 91' lang='lat' dir='ltr'>si</span> <span class='ocrx_word' id='word_1_606' title='bbox 2397 3325 2459 3376; x_wconf 87' lang='lat' dir='ltr'>ut</span> <span class='ocrx_word' id='word_1_607' title='bbox 2487 3322 2729 3394; x_wconf 72' lang='lat' dir='ltr'>cclares,</span> <span class='ocrx_word' id='word_1_608' title='bbox 2761 3338 2867 3378; x_wconf 91' lang='lat' dir='ltr'>cur</span> <span class='ocrx_word' id='word_1_609' title='bbox 2895 3322 3182 3395; x_wconf 88' lang='lat' dir='ltr'>scripsisti</span> <span class='ocrx_word' id='word_1_610' title='bbox 3207 3323 3235 3377; x_wconf 86' lang='lat'>?</span> <span class='ocrx_word' id='word_1_611' title='bbox 3263 3323 3313 3379; x_wconf 89' lang='lat' dir='ltr'>si</span> <span class='ocrx_word' id='word_1_612' title='bbox 3359 3329 3425 3380; x_wconf 86' lang='lat' dir='ltr'>ut</span> <span class='ocrx_word' id='word_1_613' title='bbox 3471 3324 3771 3397; x_wconf 71' lang='lat' dir='ltr'>prodam,</span> 
     </span>
    </p>
   </div>
   <div class='ocr_carea' id='block_1_79' title="bbox 2128 3409 2991 3489">
    <p class='ocr_par' dir='ltr' id='par_1_79' title="bbox 2128 3409 2991 3489">
     <span class='ocr_line' id='line_1_79' title="bbox 2128 3409 2991 3489; baseline 0.009 -26"><span class='ocrx_word' id='word_1_614' title='bbox 2128 3424 2233 3463; x_wconf 93' lang='lat' dir='ltr'>cur</span> <span class='ocrx_word' id='word_1_615' title='bbox 2260 3409 2489 3465; x_wconf 87' lang='lat' dir='ltr'>celabas</span> <span class='ocrx_word' id='word_1_616' title='bbox 2510 3411 2538 3466; x_wconf 87' lang='lat'>?</span> <span class='ocrx_word' id='word_1_617' title='bbox 2984 3482 2991 3489; x_wconf 38' lang='grc' dir='ltr'><strong>ο</strong></span> 
     </span>
    </p>
   </div>
   <div class='ocr_carea' id='block_1_80' title="bbox 2196 3497 3774 3573">
    <p class='ocr_par' dir='ltr' id='par_1_80' title="bbox 2196 3497 3774 3573">
     <span class='ocr_line' id='line_1_80' title="bbox 2196 3497 3774 3573; baseline 0.003 -20"><span class='ocrx_word' id='word_1_618' title='bbox 2196 3497 2286 3553; x_wconf 87' lang='grc'>35.</span> <span class='ocrx_word' id='word_1_619' title='bbox 2321 3500 2477 3555; x_wconf 82' lang='lat' dir='ltr'>Cavit</span> <span class='ocrx_word' id='word_1_620' title='bbox 2520 3502 2881 3571; x_wconf 64' lang='lat' dir='ltr'>suspicionem</span> <span class='ocrx_word' id='word_1_621' title='bbox 2927 3502 3311 3573; x_wconf 73' lang='lat' dir='ltr'>hypocryseos.</span> <span class='ocrx_word' id='word_1_622' title='bbox 3351 3532 3419 3541; x_wconf 91' lang='lat'>-—</span> <span class='ocrx_word' id='word_1_623' title='bbox 3448 3501 3559 3556; x_wconf 88' lang='lat' dir='ltr'>Sed</span> <span class='ocrx_word' id='word_1_624' title='bbox 3611 3500 3671 3557; x_wconf 86' lang='lat' dir='ltr'>in</span> <span class='ocrx_word' id='word_1_625' title='bbox 3698 3517 3774 3558; x_wconf 75' lang='lat' dir='ltr'>eo</span> 
     </span>
    </p>
   </div>
   <div class='ocr_carea' id='block_1_81' title="bbox 2127 3587 3776 3661">
    <p class='ocr_par' dir='ltr' id='par_1_81' title="bbox 2127 3587 3776 3661">
     <span class='ocr_line' id='line_1_81' title="bbox 2127 3587 3776 3661; baseline 0.003 -20"><span class='ocrx_word' id='word_1_626' title='bbox 2127 3587 2643 3657; x_wconf 90' lang='lat' dir='ltr'>reprehendendus</span> <span class='ocrx_word' id='word_1_627' title='bbox 2672 3606 2828 3660; x_wconf 89' lang='lat' dir='ltr'>sum,</span> <span class='ocrx_word' id='word_1_628' title='bbox 2860 3607 3039 3661; x_wconf 85' lang='lat' dir='ltr'>quare</span> <span class='ocrx_word' id='word_1_629' title='bbox 3068 3595 3438 3646; x_wconf 82' lang='lat' dir='ltr'>accusatores</span> <span class='ocrx_word' id='word_1_630' title='bbox 3478 3590 3776 3647; x_wconf 78' lang='lat' dir='ltr'>tuosami-</span> 
     </span>
    </p>
   </div>
   <div class='ocr_carea' id='block_1_82' title="bbox 2128 3678 3775 3751">
    <p class='ocr_par' dir='ltr' id='par_1_82' title="bbox 2128 3678 3775 3751">
     <span class='ocr_line' id='line_1_82' title="bbox 2128 3678 3775 3751; baseline 0.004 -22"><span class='ocrx_word' id='word_1_631' title='bbox 2128 3692 2225 3730; x_wconf 91' lang='lat' dir='ltr'>cos</span> <span class='ocrx_word' id='word_1_632' title='bbox 2256 3693 2415 3731; x_wconf 88' lang='lat' dir='ltr'>meos</span> <span class='ocrx_word' id='word_1_633' title='bbox 2445 3694 2561 3733; x_wconf 92' lang='lat' dir='ltr'>non</span> <span class='ocrx_word' id='word_1_634' title='bbox 2589 3678 2973 3734; x_wconf 86' lang='lat' dir='ltr'>coercuerim.</span> <span class='ocrx_word' id='word_1_635' title='bbox 3014 3678 3115 3735; x_wconf 86' lang='lat' dir='ltr'>Vis</span> <span class='ocrx_word' id='word_1_636' title='bbox 3143 3678 3249 3734; x_wconf 90' lang='lat' dir='ltr'>tibi</span> <span class='ocrx_word' id='word_1_637' title='bbox 3290 3679 3580 3751; x_wconf 83' lang='lat' dir='ltr'>proferam</span> <span class='ocrx_word' id='word_1_638' title='bbox 3610 3678 3775 3735; x_wconf 61' lang='lat' dir='ltr'>litteo</span> 
     </span>
    </p>
   </div>
   <div class='ocr_carea' id='block_1_83' title="bbox 2128 3766 3771 3839">
    <p class='ocr_par' dir='ltr' id='par_1_83' title="bbox 2128 3766 3771 3839">
     <span class='ocr_line' id='line_1_83' title="bbox 2128 3766 3771 3839; baseline 0.004 -22"><span class='ocrx_word' id='word_1_639' title='bbox 2128 3779 2221 3818; x_wconf 83' lang='lat' dir='ltr'>ras</span> <span class='ocrx_word' id='word_1_640' title='bbox 2252 3780 2480 3832; x_wconf 88' lang='lat' dir='ltr'>eorum,</span> <span class='ocrx_word' id='word_1_641' title='bbox 2530 3766 2589 3821; x_wconf 90' lang='lat' dir='ltr'>in</span> <span class='ocrx_word' id='word_1_642' title='bbox 2640 3766 2857 3838; x_wconf 90' lang='lat' dir='ltr'>quibus</span> <span class='ocrx_word' id='word_1_643' title='bbox 2916 3783 3007 3823; x_wconf 87' lang='lat' dir='ltr'>me</span> <span class='ocrx_word' id='word_1_644' title='bbox 3062 3767 3435 3839; x_wconf 81' lang='lat' dir='ltr'>hypocriseos</span> <span class='ocrx_word' id='word_1_645' title='bbox 3490 3772 3771 3839; x_wconf 80' lang='lat' dir='ltr'>arguunt,</span> 
     </span>
    </p>
   </div>
   <div class='ocr_carea' id='block_1_84' title="bbox 2126 3852 3855 3925">
    <p class='ocr_par' dir='ltr' id='par_1_84' title="bbox 2126 3852 3855 3925">
     <span class='ocr_line' id='line_1_84' title="bbox 2126 3852 3855 3925; baseline 0.005 -21"><span class='ocrx_word' id='word_1_646' title='bbox 2126 3852 2280 3922; x_wconf 90' lang='lat' dir='ltr'>quod</span> <span class='ocrx_word' id='word_1_647' title='bbox 2314 3856 2369 3908; x_wconf 89' lang='lat' dir='ltr'>te</span> <span class='ocrx_word' id='word_1_648' title='bbox 2420 3854 2610 3909; x_wconf 90' lang='lat' dir='ltr'>sciens</span> <span class='ocrx_word' id='word_1_649' title='bbox 2654 3855 3013 3921; x_wconf 66' lang='lat' dir='ltr'>baereticum,</span> <span class='ocrx_word' id='word_1_650' title='bbox 3065 3855 3385 3922; x_wconf 89' lang='lat' dir='ltr'>tacuerim;</span> <span class='ocrx_word' id='word_1_651' title='bbox 3437 3856 3591 3925; x_wconf 91' lang='lat' dir='ltr'>quod</span> <span class='ocrx_word' id='word_1_652' title='bbox 3622 3857 3772 3912; x_wconf 77' lang='lat' dir='ltr'>dum</span> <span class='ocrx_word' id='word_1_653' title='bbox 3846 3896 3855 3901; x_wconf 62' lang='grc' dir='ltr'><em>η</em></span> 
     </span>
    </p>
   </div>
   <div class='ocr_carea' id='block_1_85' title="bbox 2126 3942 3777 4017">
    <p class='ocr_par' dir='ltr' id='par_1_85' title="bbox 2126 3942 3777 4017">
     <span class='ocr_line' id='line_1_85' title="bbox 2126 3942 3777 4017; baseline 0.004 -23"><span class='ocrx_word' id='word_1_654' title='bbox 2126 3956 2325 4012; x_wconf 90' lang='lat' dir='ltr'>pacem</span> <span class='ocrx_word' id='word_1_655' title='bbox 2376 3942 2647 3999; x_wconf 90' lang='lat' dir='ltr'>incautus</span> <span class='ocrx_word' id='word_1_656' title='bbox 2696 3944 2943 4017; x_wconf 84' lang='lat' dir='ltr'>praebeo,</span> <span class='ocrx_word' id='word_1_657' title='bbox 2978 3944 3257 4000; x_wconf 89' lang='lat' dir='ltr'>intestina</span> <span class='ocrx_word' id='word_1_658' title='bbox 3302 3944 3566 4001; x_wconf 60' lang='lat' dir='ltr'>Ecclesiae</span> <span class='ocrx_word' id='word_1_659' title='bbox 3614 3944 3777 4002; x_wconf 84' lang='lat' dir='ltr'>bella</span> 
     </span>
    </p>
   </div>
   <div class='ocr_carea' id='block_1_86' title="bbox 2126 4030 3775 4105">
    <p class='ocr_par' dir='ltr' id='par_1_86' title="bbox 2126 4030 3775 4105">
     <span class='ocr_line' id='line_1_86' title="bbox 2126 4030 3775 4105; baseline 0.004 -23"><span class='ocrx_word' id='word_1_660' title='bbox 2126 4030 2403 4102; x_wconf 88' lang='lat' dir='ltr'>suscepi?</span> <span class='ocrx_word' id='word_1_661' title='bbox 2432 4032 2517 4088; x_wconf 90' lang='lat' dir='ltr'>Tu</span> <span class='ocrx_word' id='word_1_662' title='bbox 2551 4031 2869 4104; x_wconf 91' lang='lat' dir='ltr'>discipulos</span> <span class='ocrx_word' id='word_1_663' title='bbox 2907 4048 3096 4097; x_wconf 81' lang='lat' dir='ltr'>vocas.</span> <span class='ocrx_word' id='word_1_664' title='bbox 3129 4033 3229 4105; x_wconf 91' lang='lat' dir='ltr'>qui</span> <span class='ocrx_word' id='word_1_665' title='bbox 3284 4049 3378 4089; x_wconf 90' lang='lat' dir='ltr'>me</span> <span class='ocrx_word' id='word_1_666' title='bbox 3423 4037 3592 4089; x_wconf 87' lang='lat' dir='ltr'>tuum</span> <span class='ocrx_word' id='word_1_667' title='bbox 3625 4050 3775 4089; x_wconf 86' lang='lat' dir='ltr'>con-</span> 
     </span>
    </p>
   </div>
   <div class='ocr_carea' id='block_1_87' title="bbox 2125 4117 3775 4194">
    <p class='ocr_par' dir='ltr' id='par_1_87' title="bbox 2125 4117 3775 4194">
     <span class='ocr_line' id='line_1_87' title="bbox 2125 4117 3775 4194; baseline 0.005 -23"><span class='ocrx_word' id='word_1_668' title='bbox 2125 4117 2481 4191; x_wconf 88' lang='lat' dir='ltr'>discipulum</span> <span class='ocrx_word' id='word_1_669' title='bbox 2516 4121 2911 4192; x_wconf 88' lang='lat' dir='ltr'>suspicantur.</span> <span class='ocrx_word' id='word_1_670' title='bbox 2947 4122 3013 4177; x_wconf 86' lang='lat' dir='ltr'>Et</span> <span class='ocrx_word' id='word_1_671' title='bbox 3049 4121 3189 4193; x_wconf 87' lang='lat' dir='ltr'>quia</span> <span class='ocrx_word' id='word_1_672' title='bbox 3218 4122 3446 4194; x_wconf 87' lang='lat' dir='ltr'>parcior</span> <span class='ocrx_word' id='word_1_673' title='bbox 3476 4122 3558 4178; x_wconf 66' lang='lat' dir='ltr'>lini</span> <span class='ocrx_word' id='word_1_674' title='bbox 3588 4121 3649 4178; x_wconf 88' lang='lat' dir='ltr'>in</span> <span class='ocrx_word' id='word_1_675' title='bbox 3679 4139 3775 4179; x_wconf 83' lang='lat' dir='ltr'>re-</span> 
     </span>
    </p>
   </div>
   <div class='ocr_carea' id='block_1_88' title="bbox 2126 4206 3778 4285">
    <p class='ocr_par' dir='ltr' id='par_1_88' title="bbox 2126 4206 3778 4285">
     <span class='ocr_line' id='line_1_88' title="bbox 2126 4206 3778 4285; baseline 0.005 -26"><span class='ocrx_word' id='word_1_676' title='bbox 2126 4206 2392 4264; x_wconf 87' lang='lat' dir='ltr'>fellendis</span> <span class='ocrx_word' id='word_1_677' title='bbox 2425 4208 2701 4265; x_wconf 91' lang='lat' dir='ltr'>laudibus</span> <span class='ocrx_word' id='word_1_678' title='bbox 2734 4210 2873 4277; x_wconf 90' lang='lat' dir='ltr'>tuis,</span> <span class='ocrx_word' id='word_1_679' title='bbox 2907 4214 3115 4282; x_wconf 90' lang='lat' dir='ltr'>putant</span> <span class='ocrx_word' id='word_1_680' title='bbox 3144 4227 3237 4266; x_wconf 90' lang='lat' dir='ltr'>me</span> <span class='ocrx_word' id='word_1_681' title='bbox 3265 4215 3436 4267; x_wconf 89' lang='lat' dir='ltr'>tuum</span> <span class='ocrx_word' id='word_1_682' title='bbox 3467 4227 3597 4267; x_wconf 87' lang='lat' dir='ltr'>esse</span> <span class='ocrx_word' id='word_1_683' title='bbox 3617 4226 3778 4285; x_wconf 85' lang='lat' dir='ltr'>sym-</span> 
     </span>
    </p>
   </div>
   <div class='ocr_carea' id='block_1_89' title="bbox 2126 4298 3776 4372">
    <p class='ocr_par' dir='ltr' id='par_1_89' title="bbox 2126 4298 3776 4372">
     <span class='ocr_line' id='line_1_89' title="bbox 2126 4298 3776 4372; baseline 0.004 -21"><span class='ocrx_word' id='word_1_684' title='bbox 2126 4302 2373 4371; x_wconf 75' lang='lat' dir='ltr'>mysten.</span> <span class='ocrx_word' id='word_1_685' title='bbox 2409 4298 2526 4353; x_wconf 90' lang='lat' dir='ltr'>Hoc</span> <span class='ocrx_word' id='word_1_686' title='bbox 2559 4299 2703 4353; x_wconf 92' lang='lat' dir='ltr'>mihi</span> <span class='ocrx_word' id='word_1_687' title='bbox 2734 4299 3007 4370; x_wconf 65' lang='lat' dir='ltr'>praestitit</span> <span class='ocrx_word' id='word_1_688' title='bbox 3038 4298 3315 4372; x_wconf 80' lang='lat' dir='ltr'>prologue</span> <span class='ocrx_word' id='word_1_689' title='bbox 3341 4304 3501 4368; x_wconf 82' lang='lat' dir='ltr'>tuus,</span> <span class='ocrx_word' id='word_1_690' title='bbox 3537 4303 3604 4355; x_wconf 90' lang='lat' dir='ltr'>ut</span> <span class='ocrx_word' id='word_1_691' title='bbox 3632 4299 3776 4371; x_wconf 85' lang='lat' dir='ltr'>plus</span> 
     </span>
    </p>
   </div>
   <div class='ocr_carea' id='block_1_90' title="bbox 2125 4386 3771 4459">
    <p class='ocr_par' dir='ltr' id='par_1_90' title="bbox 2125 4386 3771 4459">
     <span class='ocr_line' id='line_1_90' title="bbox 2125 4386 3771 4459; baseline 0.005 -20"><span class='ocrx_word' id='word_1_692' title='bbox 2125 4401 2218 4441; x_wconf 93' lang='lat' dir='ltr'>me</span> <span class='ocrx_word' id='word_1_693' title='bbox 2264 4386 2491 4442; x_wconf 90' lang='lat' dir='ltr'>amicus</span> <span class='ocrx_word' id='word_1_694' title='bbox 2540 4386 2776 4443; x_wconf 65' lang='lat' dir='ltr'>laederes</span> <span class='ocrx_word' id='word_1_695' title='bbox 2823 4403 3002 4459; x_wconf 89' lang='lat' dir='ltr'>quam</span> <span class='ocrx_word' id='word_1_696' title='bbox 3062 4388 3358 4444; x_wconf 88' lang='lat' dir='ltr'>inimicus.</span> <span class='ocrx_word' id='word_1_697' title='bbox 3408 4388 3601 4445; x_wconf 88' lang='lat' dir='ltr'>Semel</span> <span class='ocrx_word' id='word_1_698' title='bbox 3653 4389 3771 4447; x_wconf 84' lang='lat' dir='ltr'>sibi</span> 
     </span>
    </p>
   </div>
   <div class='ocr_carea' id='block_1_91' title="bbox 2123 4477 3772 4550">
    <p class='ocr_par' dir='ltr' id='par_1_91' title="bbox 2123 4477 3772 4550">
     <span class='ocr_line' id='line_1_91' title="bbox 2123 4477 3772 4550; baseline 0.003 -20"><span class='ocrx_word' id='word_1_699' title='bbox 2123 4480 2535 4546; x_wconf 88' lang='lat' dir='ltr'>persuaserant</span> <span class='ocrx_word' id='word_1_700' title='bbox 2565 4480 2739 4541; x_wconf 88' lang='lat' dir='ltr'>(recte</span> <span class='ocrx_word' id='word_1_701' title='bbox 2770 4495 2843 4532; x_wconf 89' lang='lat' dir='ltr'>an</span> <span class='ocrx_word' id='word_1_702' title='bbox 2894 4493 3198 4549; x_wconf 90' lang='lat' dir='ltr'>perperam</span> <span class='ocrx_word' id='word_1_703' title='bbox 3247 4477 3360 4550; x_wconf 90' lang='lat' dir='ltr'>ipsi</span> <span class='ocrx_word' id='word_1_704' title='bbox 3406 4478 3680 4549; x_wconf 88' lang='lat' dir='ltr'>viderint)</span> <span class='ocrx_word' id='word_1_705' title='bbox 3711 4483 3772 4535; x_wconf 90' lang='lat' dir='ltr'>te</span> 
     </span>
    </p>
   </div>
   <div class='ocr_carea' id='block_1_92' title="bbox 366 4565 3771 4646">
    <p class='ocr_par' dir='ltr' id='par_1_92' title="bbox 366 4565 3771 4646">
     <span class='ocr_line' id='line_1_92' title="bbox 366 4565 3771 4646; baseline 0.001 -26"><span class='ocrx_word' id='word_1_706' title='bbox 366 4569 655 4631; x_wconf 82' lang='lat' dir='ltr'>servaret;</span> <span class='ocrx_word' id='word_1_707' title='bbox 691 4571 1004 4638; x_wconf 89' lang='lat' dir='ltr'>antequam</span> <span class='ocrx_word' id='word_1_708' title='bbox 1042 4585 1145 4623; x_wconf 92' lang='lat' dir='ltr'>nos</span> <span class='ocrx_word' id='word_1_709' title='bbox 1178 4567 1229 4623; x_wconf 92' lang='lat' dir='ltr'>ei</span> <span class='ocrx_word' id='word_1_710' title='bbox 1268 4567 1739 4640; x_wconf 83' lang='lat' dir='ltr'>suggillationcm</span> <span class='ocrx_word' id='word_1_711' title='bbox 1772 4566 1857 4622; x_wconf 88' lang='lat' dir='ltr'>tui</span> <span class='ocrx_word' id='word_1_712' title='bbox 1888 4567 2010 4639; x_wconf 91' lang='lat' dir='ltr'>epi-</span> <span class='ocrx_word' id='word_1_713' title='bbox 2042 4580 2089 4646; x_wconf 82' lang='lat' dir='ltr'><strong>D</strong></span> <span class='ocrx_word' id='word_1_714' title='bbox 2121 4583 2249 4621; x_wconf 90' lang='lat' dir='ltr'>esse</span> <span class='ocrx_word' id='word_1_715' title='bbox 2280 4565 2635 4622; x_wconf 69' lang='lat' dir='ltr'>hazreticum.</span> <span class='ocrx_word' id='word_1_716' title='bbox 2666 4566 2725 4622; x_wconf 92' lang='lat' dir='ltr'>Si</span> <span class='ocrx_word' id='word_1_717' title='bbox 2758 4566 3069 4622; x_wconf 84' lang='lat' dir='ltr'>defendere</span> <span class='ocrx_word' id='word_1_718' title='bbox 3114 4565 3369 4631; x_wconf 88' lang='lat' dir='ltr'>voluero,</span> <span class='ocrx_word' id='word_1_719' title='bbox 3415 4566 3529 4624; x_wconf 88' lang='lat' dir='ltr'>hoc</span> <span class='ocrx_word' id='word_1_720' title='bbox 3570 4565 3771 4625; x_wconf 85' lang='lat' dir='ltr'>solum</span> 
     </span>
    </p>
   </div>
   <div class='ocr_carea' id='block_1_93' title="bbox 364 4654 2011 4727">
    <p class='ocr_par' dir='ltr' id='par_1_93' title="bbox 364 4654 2011 4727">
     <span class='ocr_line' id='line_1_93' title="bbox 364 4654 2011 4727; baseline 0.002 -18"><span class='ocrx_word' id='word_1_721' title='bbox 364 4654 543 4710; x_wconf 88' lang='lat' dir='ltr'>stolas</span> <span class='ocrx_word' id='word_1_722' title='bbox 585 4655 965 4723; x_wconf 88' lang='lat' dir='ltr'>dictaremus,</span> <span class='ocrx_word' id='word_1_723' title='bbox 1018 4660 1080 4710; x_wconf 91' lang='lat' dir='ltr'>ut</span> <span class='ocrx_word' id='word_1_724' title='bbox 1128 4656 1464 4712; x_wconf 72' lang='lat' dir='ltr'>hznreticum</span> <span class='ocrx_word' id='word_1_725' title='bbox 1516 4656 1800 4712; x_wconf 87' lang='lat' dir='ltr'>scriberet</span> <span class='ocrx_word' id='word_1_726' title='bbox 1838 4672 2011 4727; x_wconf 87' lang='lat' dir='ltr'>quem</span> 
     </span>
    </p>
   </div>
   <div class='ocr_carea' id='block_1_94' title="bbox 365 4744 2007 4818">
    <p class='ocr_par' dir='ltr' id='par_1_94' title="bbox 365 4744 2007 4818">
     <span class='ocr_line' id='line_1_94' title="bbox 365 4744 2007 4818; baseline 0.001 -19"><span class='ocrx_word' id='word_1_727' title='bbox 365 4744 580 4799; x_wconf 88' lang='lat' dir='ltr'>osculis</span> <span class='ocrx_word' id='word_1_728' title='bbox 638 4744 1026 4801; x_wconf 78' lang='lat' dir='ltr'>orthodoxum</span> <span class='ocrx_word' id='word_1_729' title='bbox 1096 4746 1517 4818; x_wconf 90' lang='lat' dir='ltr'>comprobavit,</span> <span class='ocrx_word' id='word_1_730' title='bbox 1555 4748 1692 4799; x_wconf 89' lang='lat' dir='ltr'>Ater</span> <span class='ocrx_word' id='word_1_731' title='bbox 1724 4744 1859 4800; x_wconf 89' lang='lat' dir='ltr'>bius</span> <span class='ocrx_word' id='word_1_732' title='bbox 1901 4745 2007 4815; x_wconf 77' lang='lat' dir='ltr'><strong><em>[AL</em></strong></span> 
     </span>
    </p>
   </div>
   <div class='ocr_carea' id='block_1_95' title="bbox 364 4832 2009 4907">
    <p class='ocr_par' dir='ltr' id='par_1_95' title="bbox 364 4832 2009 4907">
     <span class='ocr_line' id='line_1_95' title="bbox 364 4832 2009 4907; baseline 0 -19"><span class='ocrx_word' id='word_1_733' title='bbox 364 4833 651 4906; x_wconf 67' lang='lat' dir='ltr'>Atcrvius]</span> <span class='ocrx_word' id='word_1_734' title='bbox 685 4838 886 4889; x_wconf 85' lang='lat' dir='ltr'>contra</span> <span class='ocrx_word' id='word_1_735' title='bbox 930 4839 986 4888; x_wconf 90' lang='lat' dir='ltr'>te</span> <span class='ocrx_word' id='word_1_736' title='bbox 1037 4834 1285 4891; x_wconf 87' lang='lat' dir='ltr'>latrabat</span> <span class='ocrx_word' id='word_1_737' title='bbox 1308 4833 1763 4907; x_wconf 83' lang='lat' dir='ltr'>Hierosolymis;</span> <span class='ocrx_word' id='word_1_738' title='bbox 1813 4838 1863 4890; x_wconf 89' lang='lat' dir='ltr'>et</span> <span class='ocrx_word' id='word_1_739' title='bbox 1898 4832 2009 4890; x_wconf 90' lang='lat' dir='ltr'>nisi</span> 
     </span>
    </p>
   </div>
   <div class='ocr_carea' id='block_1_96' title="bbox 365 4922 2005 4990">
    <p class='ocr_par' dir='ltr' id='par_1_96' title="bbox 365 4922 2005 4990">
     <span class='ocr_line' id='line_1_96' title="bbox 365 4922 2005 4990; baseline -0.001 -13"><span class='ocrx_word' id='word_1_740' title='bbox 365 4923 476 4978; x_wconf 90' lang='lat' dir='ltr'>cito</span> <span class='ocrx_word' id='word_1_741' title='bbox 507 4922 767 4989; x_wconf 89' lang='lat' dir='ltr'>abiissct,</span> <span class='ocrx_word' id='word_1_742' title='bbox 812 4924 1094 4978; x_wconf 73' lang='lat' dir='ltr'>srnsisset</span> <span class='ocrx_word' id='word_1_743' title='bbox 1134 4922 1408 4978; x_wconf 91' lang='lat' dir='ltr'>baculum</span> <span class='ocrx_word' id='word_1_744' title='bbox 1458 4940 1572 4979; x_wconf 91' lang='lat' dir='ltr'>non</span> <span class='ocrx_word' id='word_1_745' title='bbox 1618 4923 2005 4990; x_wconf 74' lang='lat' dir='ltr'>litterarum‘,</span> 
     </span>
    </p>
   </div>
   <div class='ocr_carea' id='block_1_97' title="bbox 362 5011 2004 5085">
    <p class='ocr_par' dir='ltr' id='par_1_97' title="bbox 362 5011 2004 5085">
     <span class='ocr_line' id='line_1_97' title="bbox 362 5011 2004 5085; baseline 0 -18"><span class='ocrx_word' id='word_1_746' title='bbox 362 5011 461 5067; x_wconf 90' lang='lat' dir='ltr'>sed</span> <span class='ocrx_word' id='word_1_747' title='bbox 513 5013 756 5067; x_wconf 65' lang='lat' dir='ltr'>dexterae</span> <span class='ocrx_word' id='word_1_748' title='bbox 816 5016 953 5080; x_wconf 74' lang='lat' dir='ltr'>tuae,</span> <span class='ocrx_word' id='word_1_749' title='bbox 1011 5030 1127 5084; x_wconf 89' lang='lat' dir='ltr'>quo</span> <span class='ocrx_word' id='word_1_750' title='bbox 1168 5017 1229 5067; x_wconf 91' lang='lat' dir='ltr'>tu</span> <span class='ocrx_word' id='word_1_751' title='bbox 1271 5029 1443 5067; x_wconf 88' lang='lat' dir='ltr'>canes</span> <span class='ocrx_word' id='word_1_752' title='bbox 1485 5012 1718 5085; x_wconf 87' lang='lat' dir='ltr'>abigere</span> <span class='ocrx_word' id='word_1_753' title='bbox 1759 5028 2004 5067; x_wconf 90' lang='lat' dir='ltr'>consue-</span> 
     </span>
    </p>
   </div>
   <div class='ocr_carea' id='block_1_98' title="bbox 362 5099 515 5155">
    <p class='ocr_par' dir='ltr' id='par_1_98' title="bbox 362 5099 515 5155">
     <span class='ocr_line' id='line_1_98' title="bbox 362 5099 515 5155; baseline 0.007 -1"><span class='ocrx_word' id='word_1_754' title='bbox 362 5099 515 5155; x_wconf 90' lang='lat' dir='ltr'>visti.</span> 
     </span>
    </p>
   </div>
   <div class='ocr_carea' id='block_1_99' title="bbox 435 5188 2003 5263">
    <p class='ocr_par' dir='ltr' id='par_1_99' title="bbox 435 5188 2003 5263">
     <span class='ocr_line' id='line_1_99' title="bbox 435 5188 2003 5263; baseline 0.001 -19"><span class='ocrx_word' id='word_1_755' title='bbox 435 5189 522 5244; x_wconf 78' lang='grc'>34.</span> <span class='ocrx_word' id='word_1_756' title='bbox 558 5189 631 5242; x_wconf 83' lang='lat' dir='ltr'>De</span> <span class='ocrx_word' id='word_1_757' title='bbox 659 5188 926 5244; x_wconf 81' lang='lat' dir='ltr'>schedulis</span> <span class='ocrx_word' id='word_1_758' title='bbox 955 5206 1066 5245; x_wconf 84' lang='lat' dir='ltr'>non</span> <span class='ocrx_word' id='word_1_759' title='bbox 1105 5190 1425 5246; x_wconf 76' lang='lat' dir='ltr'>emendatis.</span> <span class='ocrx_word' id='word_1_760' title='bbox 1459 5221 1527 5230; x_wconf 89' lang='lat'><strong>—</strong></span> <span class='ocrx_word' id='word_1_761' title='bbox 1561 5212 1587 5240; x_wconf 90' lang='grc'><strong>‹‹</strong></span> <span class='ocrx_word' id='word_1_762' title='bbox 1622 5191 1755 5257; x_wconf 87' lang='lat' dir='ltr'>Cur,</span> <span class='ocrx_word' id='word_1_763' title='bbox 1788 5190 2003 5263; x_wconf 86' lang='lat' dir='ltr'>inquit,</span> 
     </span>
    </p>
   </div>
   <div class='ocr_carea' id='block_1_100' title="bbox 362 5274 2006 5352">
    <p class='ocr_par' dir='ltr' id='par_1_100' title="bbox 362 5274 2006 5352">
     <span class='ocr_line' id='line_1_100' title="bbox 362 5274 2006 5352; baseline 0.002 -21"><span class='ocrx_word' id='word_1_764' title='bbox 362 5274 603 5332; x_wconf 85' lang='lat' dir='ltr'>falsatas</span> <span class='ocrx_word' id='word_1_765' title='bbox 648 5292 805 5333; x_wconf 87' lang='lat' dir='ltr'>meas</span> <span class='ocrx_word' id='word_1_766' title='bbox 856 5278 1171 5335; x_wconf 88' lang='lat' dir='ltr'>schedulas</span> <span class='ocrx_word' id='word_1_767' title='bbox 1223 5278 1580 5351; x_wconf 82' lang='lat' dir='ltr'>suscepisti?</span> <span class='ocrx_word' id='word_1_768' title='bbox 1639 5280 1827 5344; x_wconf 88' lang='lat' dir='ltr'>Quare</span> <span class='ocrx_word' id='word_1_769' title='bbox 1874 5285 2006 5352; x_wconf 90' lang='lat' dir='ltr'>post</span> 
     </span>
    </p>
   </div>
   <div class='ocr_carea' id='block_1_101' title="bbox 432 5399 1998 5474">
    <p class='ocr_par' dir='ltr' id='par_1_101' title="bbox 432 5399 1998 5474">
     <span class='ocr_line' id='line_1_101' title="bbox 432 5399 1998 5474; baseline 0.003 -20"><span class='ocrx_word' id='word_1_770' title='bbox 432 5399 706 5474; x_wconf 76' lang='lat' dir='ltr'>&#39;Scilicet</span> <span class='ocrx_word' id='word_1_771' title='bbox 736 5400 995 5474; x_wconf 81' lang='lat' dir='ltr'>Macarii,</span> <span class='ocrx_word' id='word_1_772' title='bbox 1047 5405 1201 5474; x_wconf 91' lang='lat' dir='ltr'>quod</span> <span class='ocrx_word' id='word_1_773' title='bbox 1248 5421 1426 5474; x_wconf 89' lang='lat' dir='ltr'>supra</span> <span class='ocrx_word' id='word_1_774' title='bbox 1476 5403 1695 5469; x_wconf 88' lang='lat' dir='ltr'>irridet,</span> <span class='ocrx_word' id='word_1_775' title='bbox 1750 5404 1998 5460; x_wconf 88' lang='lat' dir='ltr'>somnio.</span> 
     </span>
    </p>
   </div>
   <div class='ocr_carea' id='block_1_102' title="bbox 429 5471 2000 5547">
    <p class='ocr_par' dir='ltr' id='par_1_102' title="bbox 429 5471 2000 5547">
     <span class='ocr_line' id='line_1_102' title="bbox 429 5471 2000 5547; baseline 0.003 -21"><span class='ocrx_word' id='word_1_776' title='bbox 429 5471 733 5547; x_wconf 34' lang='lat' dir='ltr'>{Pessime</span> <span class='ocrx_word' id='word_1_777' title='bbox 764 5471 1156 5547; x_wconf 77' lang='lat' dir='ltr'>Martianaeus,</span> <span class='ocrx_word' id='word_1_778' title='bbox 1204 5477 1261 5529; x_wconf 84' lang='lat' dir='ltr'>in</span> <span class='ocrx_word' id='word_1_779' title='bbox 1308 5471 1599 5541; x_wconf 60' lang='lat' dir='ltr'>Anastasii,</span> <span class='ocrx_word' id='word_1_780' title='bbox 1646 5477 1881 5547; x_wconf 83' lang='lat' dir='ltr'>quando</span> <span class='ocrx_word' id='word_1_781' title='bbox 1912 5493 2000 5531; x_wconf 90' lang='lat' dir='ltr'>er-</span> 
     </span>
    </p>
   </div>
   <div class='ocr_carea' id='block_1_103' title="bbox 362 5542 1999 5618">
    <p class='ocr_par' dir='ltr' id='par_1_103' title="bbox 362 5542 1999 5618">
     <span class='ocr_line' id='line_1_103' title="bbox 362 5542 1999 5618; baseline 0 -20"><span class='ocrx_word' id='word_1_782' title='bbox 362 5543 532 5618; x_wconf 85' lang='lat' dir='ltr'>roris_</span> <span class='ocrx_word' id='word_1_783' title='bbox 570 5542 853 5618; x_wconf 74' lang='lat' dir='ltr'>Victorius</span> <span class='ocrx_word' id='word_1_784' title='bbox 924 5542 1247 5614; x_wconf 87' lang='lat' dir='ltr'>monuerat,</span> <span class='ocrx_word' id='word_1_785' title='bbox 1320 5549 1419 5618; x_wconf 89' lang='lat' dir='ltr'>qui</span> <span class='ocrx_word' id='word_1_786' title='bbox 1497 5542 1999 5603; x_wconf 55' lang='lat' dir='ltr'>Graeculus-.5195:</span> 
     </span>
    </p>
   </div>
   <div class='ocr_carea' id='block_1_104' title="bbox 358 5614 1997 5687">
    <p class='ocr_par' dir='ltr' id='par_1_104' title="bbox 358 5614 1997 5687">
     <span class='ocr_line' id='line_1_104' title="bbox 358 5614 1997 5687; baseline 0.003 -19"><span class='ocrx_word' id='word_1_787' title='bbox 358 5614 677 5687; x_wconf 86' lang='lat' dir='ltr'>rescripsit.</span> <span class='ocrx_word' id='word_1_788' title='bbox 712 5614 857 5687; x_wconf 83' lang='lat' dir='ltr'>Quid</span> <span class='ocrx_word' id='word_1_789' title='bbox 906 5632 1078 5687; x_wconf 89' lang='lat' dir='ltr'>porro</span> <span class='ocrx_word' id='word_1_790' title='bbox 1128 5623 1283 5673; x_wconf 84' lang='lat' dir='ltr'>esset</span> <span class='ocrx_word' id='word_1_791' title='bbox 1332 5614 1629 5685; x_wconf 59' lang='lat' dir='ltr'>Anastasis,</span> <span class='ocrx_word' id='word_1_792' title='bbox 1682 5619 1799 5675; x_wconf 88' lang='lat' dir='ltr'>sive</span> <span class='ocrx_word' id='word_1_793' title='bbox 1846 5625 1997 5674; x_wconf 88' lang='lat' dir='ltr'>tem-</span> 
     </span>
    </p>
   </div>
   <div class='ocr_carea' id='block_1_105' title="bbox 358 5685 1998 5762">
    <p class='ocr_par' dir='ltr' id='par_1_105' title="bbox 358 5685 1998 5762">
     <span class='ocr_line' id='line_1_105' title="bbox 358 5685 1998 5762; baseline 0.004 -21"><span class='ocrx_word' id='word_1_794' title='bbox 358 5686 521 5759; x_wconf 89' lang='lat' dir='ltr'>plum</span> <span class='ocrx_word' id='word_1_795' title='bbox 549 5685 673 5744; x_wconf 76' lang='lat' dir='ltr'>aut</span> <span class='ocrx_word' id='word_1_796' title='bbox 714 5685 876 5743; x_wconf 90' lang='lat' dir='ltr'>locus</span> <span class='ocrx_word' id='word_1_797' title='bbox 908 5685 1385 5747; x_wconf 48' lang='lat' dir='ltr'>&#39;Rcsurrecticnis</span> <span class='ocrx_word' id='word_1_798' title='bbox 1439 5690 1775 5761; x_wconf 63' lang='lat' dir='ltr'>Dominicw,</span> <span class='ocrx_word' id='word_1_799' title='bbox 1818 5707 1998 5762; x_wconf 88' lang='lat' dir='ltr'>supra</span> 
     </span>
    </p>
   </div>
   <div class='ocr_carea' id='block_1_106' title="bbox 2126 4654 3775 4729">
    <p class='ocr_par' dir='ltr' id='par_1_106' title="bbox 2126 4654 3775 4729">
     <span class='ocr_line' id='line_1_106' title="bbox 2126 4654 3775 4729; baseline 0.004 -21"><span class='ocrx_word' id='word_1_800' title='bbox 2126 4655 2426 4726; x_wconf 78' lang='lat' dir='ltr'>proficiam</span> <span class='ocrx_word' id='word_1_801' title='bbox 2461 4659 2523 4710; x_wconf 89' lang='lat' dir='ltr'>ut</span> <span class='ocrx_word' id='word_1_802' title='bbox 2554 4672 2646 4711; x_wconf 93' lang='lat' dir='ltr'>me</span> <span class='ocrx_word' id='word_1_803' title='bbox 2678 4660 2871 4711; x_wconf 83' lang='lat' dir='ltr'>tecum</span> <span class='ocrx_word' id='word_1_804' title='bbox 2905 4654 3122 4727; x_wconf 89' lang='lat' dir='ltr'>pariter</span> <span class='ocrx_word' id='word_1_805' title='bbox 3159 4659 3458 4713; x_wconf 85' lang='lat' dir='ltr'>accusent.</span> <span class='ocrx_word' id='word_1_806' title='bbox 3510 4656 3775 4729; x_wconf 75' lang='lat' dir='ltr'>Denique</span> 
     </span>
    </p>
   </div>
   <div class='ocr_carea' id='block_1_107' title="bbox 2122 4744 3773 4820">
    <p class='ocr_par' dir='ltr' id='par_1_107' title="bbox 2122 4744 3773 4820">
     <span class='ocr_line' id='line_1_107' title="bbox 2122 4744 3773 4820; baseline 0.002 -21"><span class='ocrx_word' id='word_1_807' title='bbox 2122 4744 2266 4799; x_wconf 85' lang='lat' dir='ltr'>mihi</span> <span class='ocrx_word' id='word_1_808' title='bbox 2298 4744 2583 4814; x_wconf 84' lang='lat' dir='ltr'>objiciunt</span> <span class='ocrx_word' id='word_1_809' title='bbox 2612 4744 3009 4800; x_wconf 85' lang='lat' dir='ltr'>laudationem</span> <span class='ocrx_word' id='word_1_810' title='bbox 3040 4748 3227 4812; x_wconf 89' lang='lat' dir='ltr'>tuam,</span> <span class='ocrx_word' id='word_1_811' title='bbox 3254 4752 3311 4799; x_wconf 82' lang='lat' dir='ltr'>et</span> <span class='ocrx_word' id='word_1_812' title='bbox 3340 4750 3533 4801; x_wconf 85' lang='lat' dir='ltr'>tenon</span> <span class='ocrx_word' id='word_1_813' title='bbox 3556 4750 3773 4820; x_wconf 78' lang='lat' dir='ltr'>putant</span> 
     </span>
    </p>
   </div>
   <div class='ocr_carea' id='block_1_108' title="bbox 2120 4833 3772 4906">
    <p class='ocr_par' dir='ltr' id='par_1_108' title="bbox 2120 4833 3772 4906">
     <span class='ocr_line' id='line_1_108' title="bbox 2120 4833 3772 4906; baseline 0.003 -19"><span class='ocrx_word' id='word_1_814' title='bbox 2120 4833 2399 4889; x_wconf 90' lang='lat' dir='ltr'>insidiose</span> <span class='ocrx_word' id='word_1_815' title='bbox 2421 4833 2746 4906; x_wconf 89' lang='lat' dir='ltr'>scripsisse,</span> <span class='ocrx_word' id='word_1_816' title='bbox 2779 4835 2880 4889; x_wconf 89' lang='lat' dir='ltr'>sed</span> <span class='ocrx_word' id='word_1_817' title='bbox 2912 4849 3077 4889; x_wconf 88' lang='lat' dir='ltr'>vere:</span> <span class='ocrx_word' id='word_1_818' title='bbox 3106 4837 3163 4888; x_wconf 89' lang='lat' dir='ltr'>et</span> <span class='ocrx_word' id='word_1_819' title='bbox 3183 4835 3335 4904; x_wconf 93' lang='lat' dir='ltr'>quod</span> <span class='ocrx_word' id='word_1_820' title='bbox 3358 4835 3495 4891; x_wconf 87' lang='lat' dir='ltr'>tuin</span> <span class='ocrx_word' id='word_1_821' title='bbox 3510 4849 3605 4891; x_wconf 89' lang='lat' dir='ltr'>me</span> <span class='ocrx_word' id='word_1_822' title='bbox 3623 4851 3772 4892; x_wconf 86' lang='lat' dir='ltr'>sem-</span> 
     </span>
    </p>
   </div>
   <div class='ocr_carea' id='block_1_109' title="bbox 2120 4922 3764 4997">
    <p class='ocr_par' dir='ltr' id='par_1_109' title="bbox 2120 4922 3764 4997">
     <span class='ocr_line' id='line_1_109' title="bbox 2120 4922 3764 4997; baseline 0.001 -18"><span class='ocrx_word' id='word_1_823' title='bbox 2120 4941 2221 4997; x_wconf 90' lang='lat' dir='ltr'>per</span> <span class='ocrx_word' id='word_1_824' title='bbox 2232 4928 2365 4980; x_wconf 88' lang='lat' dir='ltr'>ante</span> <span class='ocrx_word' id='word_1_825' title='bbox 2382 4922 2515 4979; x_wconf 91' lang='lat' dir='ltr'>laud</span> <span class='ocrx_word' id='word_1_826' title='bbox 2526 4923 2691 4991; x_wconf 89' lang='lat' dir='ltr'>abas,</span> <span class='ocrx_word' id='word_1_827' title='bbox 2712 4922 3084 4980; x_wconf 89' lang='lat' dir='ltr'>vehementer</span> <span class='ocrx_word' id='word_1_828' title='bbox 3104 4922 3473 4981; x_wconf 85' lang='lat' dir='ltr'>insimulant.</span> <span class='ocrx_word' id='word_1_829' title='bbox 3503 4923 3650 4990; x_wconf 84' lang='lat' dir='ltr'>Quid</span> <span class='ocrx_word' id='word_1_830' title='bbox 3670 4941 3764 4980; x_wconf 87' lang='lat' dir='ltr'>me</span> 
     </span>
    </p>
   </div>
   <div class='ocr_carea' id='block_1_110' title="bbox 2116 5011 3765 5085">
    <p class='ocr_par' dir='ltr' id='par_1_110' title="bbox 2116 5011 3765 5085">
     <span class='ocr_line' id='line_1_110' title="bbox 2116 5011 3765 5085; baseline 0.002 -17"><span class='ocrx_word' id='word_1_831' title='bbox 2116 5013 2205 5069; x_wconf 90' lang='lat' dir='ltr'>vis</span> <span class='ocrx_word' id='word_1_832' title='bbox 2252 5011 2483 5068; x_wconf 87' lang='lat' dir='ltr'>facere?</span> <span class='ocrx_word' id='word_1_833' title='bbox 2533 5016 2599 5068; x_wconf 88' lang='lat' dir='ltr'>ut</span> <span class='ocrx_word' id='word_1_834' title='bbox 2645 5011 2971 5084; x_wconf 89' lang='lat' dir='ltr'>discipulos</span> <span class='ocrx_word' id='word_1_835' title='bbox 3019 5016 3388 5071; x_wconf 82' lang='lat' dir='ltr'>accusatores</span> <span class='ocrx_word' id='word_1_836' title='bbox 3438 5030 3542 5085; x_wconf 89' lang='lat' dir='ltr'>pro</span> <span class='ocrx_word' id='word_1_837' title='bbox 3572 5016 3629 5069; x_wconf 77' lang='lat' dir='ltr'>te</span> <span class='ocrx_word' id='word_1_838' title='bbox 3657 5013 3765 5071; x_wconf 83' lang='lat' dir='ltr'>ha-</span> 
     </span>
    </p>
   </div>
   <div class='ocr_carea' id='block_1_111' title="bbox 2116 5100 3768 5173">
    <p class='ocr_par' dir='ltr' id='par_1_111' title="bbox 2116 5100 3768 5173">
     <span class='ocr_line' id='line_1_111' title="bbox 2116 5100 3768 5173; baseline 0 -15"><span class='ocrx_word' id='word_1_839' title='bbox 2116 5102 2323 5158; x_wconf 88' lang='lat' dir='ltr'>beam:</span> <span class='ocrx_word' id='word_1_840' title='bbox 2358 5107 2422 5157; x_wconf 89' lang='lat' dir='ltr'>ut</span> <span class='ocrx_word' id='word_1_841' title='bbox 2450 5106 2714 5157; x_wconf 90' lang='lat' dir='ltr'>contorta</span> <span class='ocrx_word' id='word_1_842' title='bbox 2742 5100 2802 5156; x_wconf 89' lang='lat' dir='ltr'>in</span> <span class='ocrx_word' id='word_1_843' title='bbox 2843 5102 3101 5157; x_wconf 89' lang='lat' dir='ltr'>amicum</span> <span class='ocrx_word' id='word_1_844' title='bbox 3146 5101 3368 5173; x_wconf 89' lang='lat' dir='ltr'>jacula,</span> <span class='ocrx_word' id='word_1_845' title='bbox 3413 5116 3543 5157; x_wconf 87' lang='lat' dir='ltr'>meo</span> <span class='ocrx_word' id='word_1_846' title='bbox 3573 5102 3768 5158; x_wconf 81' lang='lat' dir='ltr'>susci-</span> 
     </span>
    </p>
   </div>
   <div class='ocr_carea' id='block_1_112' title="bbox 2115 5189 2584 5262">
    <p class='ocr_par' dir='ltr' id='par_1_112' title="bbox 2115 5189 2584 5262">
     <span class='ocr_line' id='line_1_112' title="bbox 2115 5189 2584 5262; baseline 0.002 -18"><span class='ocrx_word' id='word_1_847' title='bbox 2115 5189 2273 5261; x_wconf 90' lang='lat' dir='ltr'>piam</span> <span class='ocrx_word' id='word_1_848' title='bbox 2304 5195 2535 5262; x_wconf 86' lang='lat' dir='ltr'>pectore</span> <span class='ocrx_word' id='word_1_849' title='bbox 2558 5190 2584 5244; x_wconf 86' lang='lat'>?</span> 
     </span>
    </p>
   </div>
   <div class='ocr_carea' id='block_1_113' title="bbox 2184 5277 3766 5353">
    <p class='ocr_par' dir='ltr' id='par_1_113' title="bbox 2184 5277 3766 5353">
     <span class='ocr_line' id='line_1_113' title="bbox 2184 5277 3766 5353; baseline 0.003 -20"><span class='ocrx_word' id='word_1_850' title='bbox 2184 5280 2272 5334; x_wconf 84' lang='lat'>36.</span> <span class='ocrx_word' id='word_1_851' title='bbox 2326 5278 2405 5335; x_wconf 90' lang='lat' dir='ltr'>De</span> <span class='ocrx_word' id='word_1_852' title='bbox 2450 5277 2617 5334; x_wconf 90' lang='lat' dir='ltr'>libris</span> <span class='ocrx_word' id='word_1_853' title='bbox 2666 5281 2861 5334; x_wconf 90' lang='lat' dir='ltr'>autem</span> <span class='ocrx_word' id='word_1_854' title='bbox 2892 5297 3018 5353; x_wconf 86' lang='grc' dir='ltr'>περι</span> <span class='ocrx_word' id='word_1_855' title='bbox 3048 5280 3239 5352; x_wconf 78' lang='grc' dir='ltr'>Ἀρκῦν</span> <span class='ocrx_word' id='word_1_856' title='bbox 3294 5279 3471 5335; x_wconf 89' lang='lat' dir='ltr'>debes</span> <span class='ocrx_word' id='word_1_857' title='bbox 3519 5278 3667 5337; x_wconf 88' lang='lat' dir='ltr'>mihi</span> <span class='ocrx_word' id='word_1_858' title='bbox 3706 5283 3766 5337; x_wconf 85' lang='lat' dir='ltr'>et</span> 
     </span>
    </p>
   </div>
   <div class='ocr_carea' id='block_1_114' title="bbox 2112 5402 3763 5477">
    <p class='ocr_par' dir='ltr' id='par_1_114' title="bbox 2112 5402 3763 5477">
     <span class='ocr_line' id='line_1_114' title="bbox 2112 5402 3763 5477; baseline 0.001 -18"><span class='ocrx_word' id='word_1_859' title='bbox 2112 5404 2419 5460; x_wconf 91' lang='lat' dir='ltr'>docuimus</span> <span class='ocrx_word' id='word_1_860' title='bbox 2451 5403 2551 5460; x_wconf 92' lang='lat' dir='ltr'>lib.</span> <span class='ocrx_word' id='word_1_861' title='bbox 2586 5407 2788 5459; x_wconf 90' lang='lat' dir='ltr'>contra</span> <span class='ocrx_word' id='word_1_862' title='bbox 2815 5403 2985 5459; x_wconf 88' lang='lat' dir='ltr'>Joan.</span> <span class='ocrx_word' id='word_1_863' title='bbox 3036 5402 3420 5477; x_wconf 83' lang='lat' dir='ltr'>Hierosolym.</span> <span class='ocrx_word' id='word_1_864' title='bbox 3465 5421 3633 5463; x_wconf 88' lang='lat' dir='ltr'>num.</span> <span class='ocrx_word' id='word_1_865' title='bbox 3677 5407 3763 5474; x_wconf 83' lang='grc'>11,</span> 
     </span>
    </p>
   </div>
   <div class='ocr_carea' id='block_1_115' title="bbox 2112 5480 3183 5610">
    <p class='ocr_par' dir='ltr' id='par_1_115' title="bbox 2112 5480 3183 5610">
     <span class='ocr_line' id='line_1_115' title="bbox 2154 5480 2231 5529; baseline 0 0"><span class='ocrx_word' id='word_1_866' title='bbox 2154 5480 2231 5529; x_wconf 91' lang='lat' dir='ltr'>ot.</span> 
     </span>
     <span class='ocr_line' id='line_1_116' title="bbox 2112 5493 3183 5610; baseline 0.003 -12"><span class='ocrx_word' id='word_1_867' title='bbox 2112 5493 2147 5530; x_wconf 58' lang='grc' dir='ltr'><strong>η</strong></span> <span class='ocrx_word' id='word_1_868' title='bbox 2178 5549 2199 5579; x_wconf 79' lang='grc'>³</span> <span class='ocrx_word' id='word_1_869' title='bbox 2229 5546 2407 5601; x_wconf 89' lang='lat' dir='ltr'>Vetus</span> <span class='ocrx_word' id='word_1_870' title='bbox 2430 5544 2593 5610; x_wconf 88' lang='lat' dir='ltr'>edit.,</span> <span class='ocrx_word' id='word_1_871' title='bbox 2629 5547 3001 5600; x_wconf 78' lang='lat' dir='ltr'>somniaturus</span> <span class='ocrx_word' id='word_1_872' title='bbox 3031 5554 3183 5602; x_wconf 82' lang='lat' dir='ltr'>esset.</span> 
     </span>
    </p>
   </div>
   <div class='ocr_carea' id='block_1_116' title="bbox 2180 5617 3434 5684">
    <p class='ocr_par' dir='ltr' id='par_1_116' title="bbox 2180 5617 3434 5684">
     <span class='ocr_line' id='line_1_117' title="bbox 2180 5617 3434 5684; baseline 0.001 -11"><span class='ocrx_word' id='word_1_873' title='bbox 2180 5621 2200 5652; x_wconf 74' lang='grc'><strong>⁴</strong></span> <span class='ocrx_word' id='word_1_874' title='bbox 2231 5617 2424 5673; x_wconf 85' lang='lat' dir='ltr'>Minus</span> <span class='ocrx_word' id='word_1_875' title='bbox 2453 5617 2601 5672; x_wconf 91' lang='lat' dir='ltr'>bene</span> <span class='ocrx_word' id='word_1_876' title='bbox 2634 5618 3030 5684; x_wconf 75' lang='lat' dir='ltr'>Martianaeus,</span> <span class='ocrx_word' id='word_1_877' title='bbox 3076 5619 3434 5674; x_wconf 81' lang='lat' dir='ltr'>litterarium.</span> 
     </span>
    </p>
   </div>
  </div>
