3958 6426
1364 365 1676 436 (ὋΝἸἮΑ
1717 364 2081 433 RUFINUM
2123 361 2275 428 LIB.
2309 358 2425 428 ἹῙῐ.

3458 335 3578 420 tot

189 516 391 592 gratias
420 512 654 592 aget-6‘.
686 517 776 575 Tu
807 514 983 583 enim,
1016 517 1083 571 ut
1129 515 1295 582 dicis,
1347 515 1519 570 noxia
1571 529 1814 587 quaeque
1844 507 1899 573 Α
1929 519 2042 559 non
2075 518 2335 573 possum,
2391 499 2513 592 nisi
2562 503 2620 555 ct
2677 493 3081 592 haereticorum
3126 493 3363 592 amicus
3394 487 3578 562 fuero;

189 609 550 674 detruncans,
583 607 827 663 meliora
848 603 1115 679 posuisti.
1141 605 1258 677 Ego
1287 603 1371 659 ita
1400 608 1466 659 ut
1516 604 1818 660 habeban-

187 701 279 754 tur
305 699 363 754 in
394 695 981 768 Graeco,expressi.Ex
1009 711 1123 766 quo
1153 700 1210 750 et
1235 699 1337 748 tua
1367 697 1606 766 apparet
1635 694 1778 748 fides
1803 711 1816 757 ;

187 793 242 844 et
267 789 392 859 ejus
423 803 597 860 quem
627 786 1039 857 interpretatus
1071 800 1152 850 es,
1201 783 1460 840 haeresis.
1516 783 1820 838 Scribeba-

191 882 282 933 tur
308 876 452 932 mihi
483 877 554 931 de
583 874 729 931 Urbe
760 892 794 929 a
821 873 961 928 viris
1017 872 1414 944 (Pammachio
1467 876 1523 927 et
1573 873 1823 939 Oceano)

189 966 246 1024 in
276 965 498 1020 Christo
531 961 873 1035 praecipuis:
911 963 1211 1033 Responde
1243 962 1609 1027 criminanti;
1645 978 1716 1016 ne
1774 960 1822 1015 si

190 1055 452 1121 tacueris,
507 1053 874 1109 consensisse
937 1051 1210 1107 videaris.
1277 1055 1543 1106 Consona
1620 1067 1823 1106 omnes

191 1161 316 1201 voce
340 1143 680 1216 poscebant,
715 1147 779 1196 ut
807 1141 1074 1214 Origenis
1104 1140 1392 1196 versutias
1425 1141 1577 1196 563
1611 1141 1823 1212 prode-

191 1251 324 1302 rem,
357 1238 424 1288 ut
450 1233 536 1304 [Al
580 1233 658 1301 etl
685 1247 907 1286 venena
938 1230 1342 1286 haereticorum
1385 1229 1664 1286 Romanis
1722 1247 1825 1284 au-

193 1323 345 1379 ribus
374 1321 632 1378 cavenda
663 1325 1070 1377 monstrarem.
1106 1320 1252 1384 Quid
1277 1320 1385 1375 hoc
1416 1320 1484 1374 ad
1545 1319 1827 1390 injuriam

193 1417 343 1468 tuam
377 1410 627 1483 pertinet
655 1410 846 1466 PNum
879 1409 1041 1465 solus
1085 1409 1504 1481 interpretatus
1551 1426 1612 1464 es
1683 1409 1829 1463 istos

191 1501 382 1570 libros,
413 1504 472 1556 et
502 1499 650 1555 alios
677 1499 856 1569 hujus
886 1499 1079 1571 cperis
1110 1515 1228 1554 non
1252 1497 1436 1553 habes
1469 1497 1782 1570 participes
1803 1496 1830 1551 ?

194 1589 461 1662 Nunquid
499 1593 558 1644 et
588 1597 647 1643 tu
671 1589 744 1643 de
775 1588 1156 1660 Septuaginta
1188 1587 1602 1659 interpretibus
1634 1604 1716 1655 es,
1768 1591 1832 1641 ut

194 1682 322 1751 post
347 1678 660 1734 editionem
690 1681 852 1732 tuam
884 1676 1015 1732 aliis
1062 1677 1379 1732 transferre
1421 1694 1536 1731 non
1593 1677 1764 1731 liceat
1804 1675 1832 1728 ‘.’

191 1769 330 1825 Ecce
357 1773 414 1824 et
442 1782 547 1840 ego
578 1765 818 1831 multos,
850 1771 914 1820 ut
944 1765 1114 1830 dicis,
1173 1764 1403 1821 libellos
1452 1766 1521 1820 de
1544 1767 1738 1821 Graeco
1773 1765 1830 1819 in

193 1856 459 1912 Latinum
489 1853 765 1911 transtuli
791 1870 805 1909 :
838 1854 1020 1909 habes
1038 1858 1381 1926 potestatem
1417 1859 1472 1909 et
1502 1859 1565 1909 tu
1599 1871 1832 1910 rursum

190 1961 284 2002 eos
306 1945 590 2011 vertendi,
619 1950 681 1999 ut
708 1942 996 1999 volueris:
1025 1948 1083 1998 et
1140 1945 1292 1999 bona
1339 1944 1497 1999 enim
1556 1949 1614 1999 et
1683 1944 1838 1999 mala

194 2050 296 2090 suo
327 2033 698 2105 imputantur
727 2032 970 2088 auctori.
1006 2033 1165 2096 Quod
1196 2037 1254 2088 et
1284 2034 1341 2087 in
1374 2038 1432 2088 te
1481 2034 1663 2101 ﬁeret,
1723 2033 1836 2088 nisi

193 2122 439 2179 dixisses
473 2128 530 2178 te
559 2125 898 2194 amputasse
925 2120 1198 2177 hmretica
1223 2128 1278 2177 et
1308 2123 1531 2194 optima
1577 2126 1834 2178 transtu-

193 2211 347 2268 lisse.
373 2211 478 2266 Hic
506 2215 596 2266 est
623 2211 780 2266 enim
812 2211 1003 2266 nodus
1026 2215 1184 2278 tuus,
1217 2211 1318 2282 qui
1363 2210 1508 2266 solvi
1560 2229 1674 2266 non
1734 2229 1835 2283 po-

194 2305 326 2357 test.
359 2303 432 2356 At
461 2301 713 2372 [ALAut]
738 2299 786 2355 si
818 2299 1028 2354 errasti
1052 2303 1117 2355 ut
1140 2299 1602 2373 homo,priorem
1625 2301 1841 2356 damna

197 2390 566 2447 sententiam.

261 2481 350 2534 37.
386 2481 609 2534 Latinos
641 2479 807 2534 libros
835 2479 1153 2535 vertebatin
1183 2479 1430 2536 Graecum
1463 2479 1711 2551 Ruﬁnus.
1773 2511 1839 2520 —

199 2569 306 2624 Sed
368 2567 510 2639 quid
583 2566 765 2622 facies
850 2568 1190 2639 Apologetico
1272 2572 1390 2631 tuo,
1475 2586 1649 2640 quem
1737 2586 1842 2642 pro

199 2657 463 2728 Origenis
512 2655 799 2728 scripsisti
849 2657 1172 2728 operibus?
1228 2657 1367 2728 quid
1419 2658 1491 2713 de
1549 2657 1844 2714 volumine

198 2745 562 2802 Rusebii‘Hn
621 2761 736 2816 quo
795 2761 928 2800 cum
980 2745 1167 2801 multa
1225 2747 1563 2810 mutaveris,
1612 2753 1689 2816 et,
1733 2747 1842 2802 sub

199 2834 435 2890 nomine
457 2834 752 2906 martyris,
777 2833 1034 2889 haeretici
1075 2834 1333 2891 hominis
1387 2836 1606 2908 scripta
1651 2841 1842 2892 trans-

199 2922 427 2989 tuleris,
458 2927 655 2977 tamen
714 2921 884 2994 plura
931 2922 1201 2994 posuisti,
1257 2942 1382 2997 quae
1441 2925 1844 2982 ecclesiasticae

198 3011 333 3069 fidei
367 3028 484 3067 non
514 3011 886 3068 conveniunt.
917 3012 1003 3066 Tu
1033 3014 1210 3069 etiam
1258 3014 1493 3069 Latinos
1551 3015 1732 3071 libros
1786 3017 1844 3071 in

196 3103 469 3158 Gnaeum
499 3101 676 3156 vertis
707 3100 914 3155 nobis:
950 3101 1089 3157 dare
1119 3102 1334 3160 nostris
1365 3108 1602 3160 externa
1649 3105 1845 3176 prohi-

200 3191 368 3247 bebis
391 3194 414 3245 Ρ
441 3189 498 3244 Si
523 3189 582 3244 in
605 3188 719 3244 alio
749 3205 922 3261 opere
953 3191 1412 3262 respondissem,
1464 3193 1522 3247 in
1591 3211 1705 3266 quo
1755 3211 1847 3249 me

1865 1891 1913 1955 B

1927 592 2112 648 levius
2141 596 2274 646 tuas
2296 588 2636 644 inimicitias
2666 604 2841 660 quam
2876 587 3110 642 illorum
3145 585 3578 642 amicitiassus-

1928 683 2144 738 tinebo.

2001 774 2090 827 38.
2127 775 2204 826 De
2234 770 2461 841 epistola
2491 769 2560 824 ad
2614 769 2890 839 Ruﬁnum.
2949 801 3015 808 —
3071 767 3293 822 Novum
3347 783 3583 839 quoque

1933 878 2026 916 me
2057 864 2228 932 putas
2256 859 2497 914 ﬁnxisse
2526 859 2918 924 mendacium,
2953 863 3018 912 ut
3047 856 3352 930 epistolam
3404 859 3475 914 ad
3527 862 3584 914 te

1935 967 2063 1006 meo
2096 948 2331 1005 nomine
2367 963 2802 1020 componerem,
2863 947 3030 1019 quasi
3082 947 3220 1003 olim
3281 947 3582 1019 scriptam,

1935 1057 2050 1112 quo
2076 1040 2266 1093 bonus
2296 1054 2423 1094 esse
2454 1036 2653 1092 videar
2685 1043 2740 1092 et
2772 1039 3109 1105 modestus;
3145 1055 3323 1110 quam
3343 1043 3404 1092 tu
3437 1054 3585 1093 nun-

1935 1145 2112 1201 quam
2145 1127 2384 1182 omnino
2417 1127 2768 1198 susceperis.
2794 1132 2922 1183 Haac
2946 1145 3037 1183 res
3059 1127 3331 1200 perfacile
3353 1129 3586 1204 probari

1937 1222 2146 1291 potest.
2179 1217 2348 1273 Multi
2381 1217 2576 1272 Romae
2598 1219 2725 1287 ejus
2750 1218 3106 1290 exemplaria
3133 1218 3354 1274 habent
3381 1220 3422 1287 ³,
3453 1223 3590 1274 ante

1936 1308 2046 1363 hoc
2078 1307 2310 1363 circiter
2341 1308 2682 1371 triennium,
2726 1307 2824 1377 qui
2862 1307 2967 1362 tibi
3021 1310 3162 1362 eam'
3202 1308 3431 1364 mittere
3486 1326 3588 1364 no-

1939 1397 2194 1462 luerunt,
2231 1397 2482 1451 scientes
2512 1413 2638 1467 quae
2670 1397 2740 1451 de
2764 1413 2891 1451 meo
2923 1397 3160 1452 nomine
3185 1397 3508 1468 jactitares,
3533 1401 3591 1453 et

1941 1503 2118 1559 quam
2169 1485 2412 1558 indigna
2468 1486 2764 1558 proposito
2822 1486 3152 1542 Christiano
3210 1504 3276 1542 ac
3335 1488 3591 1543 nefanda

1940 1577 2450 1646 confingeres.Ego
2473 1577 2682 1648 scripsi
2706 1577 2994 1643 nesciens,
3029 1577 3289 1650 quasigad
3309 1578 3587 1635 amicum.

1942 1665 2033 1721 Illi
2065 1681 2178 1720 non
2209 1665 2589 1720 reddiderunt
2619 1665 2692 1731 ei,
2728 1682 2902 1737 quem
2936 1667 3240 1721 inimicum
3276 1673 3592 1724 noverant:

1942 1759 2247 1827 parcentes
2279 1758 2336 1809 et
2367 1771 2494 1809 meo
2541 1755 2744 1822 errori,
2803 1760 2860 1810 et
2915 1761 3026 1811 tua:
3087 1757 3480 1813 conscientiae.
3528 1758 3596 1813 Et

1945 1842 2124 1898 simul
2158 1843 2614 1915 argumentaris,
2649 1845 2802 1915 quod
2839 1844 2885 1899 si
2920 1845 3091 1901 talem
3124 1847 3230 1901 tibi
3291 1847 3597 1919 epistolam

1947 1932 2322 2004 scripseram,
2356 1949 2470 1988 non
2502 1934 2819 1989 debueram
2844 1935 3131 2006 contrahe
3163 1937 3221 1991 in
3254 1936 3366 1992 alio
3401 1937 3599 1994 libello

1946 2021 2137 2077 multa
2168 2021 2324 2076 mala
2353 2023 2626 2079 scribere.
2675 2023 2772 2079 Hic
2802 2028 2894 2080 est
2919 2028 3078 2081 totus
3136 2042 3298 2082 error
3328 2030 3488 2095 tuus,
3543 2033 3601 2086 et

1946 2110 2069 2166 hmo
2093 2112 2259 2182 justa
2279 2111 2681 2183 querimonia:
2717 2115 2870 2186 quod
2898 2130 3024 2185 quae
3057 2132 3162 2171 nos
3193 2114 3253 2170 in
3302 2116 3602 2174 haereticos

1947 2199 2220 2270 dicimus,
2244 2204 2304 2254 tu
2336 2199 2394 2254 in
2426 2204 2482 2255 te
2511 2200 2668 2257 dicta
2721 2203 3006 2276 contingis
3035 2222 3047 2261 :
3081 2208 3137 2260 et
3195 2204 3306 2260 nisi
3339 2205 3455 2262 illis
3511 2223 3606 2279 pe-

1951 2288 2313 2361 percerimus
2336 2291 2376 2356 ‘,
2410 2294 2466 2345 te
2495 2295 2668 2362 putas
2700 2308 2828 2348 esse
2857 2293 3159 2349 violatum.
3191 2297 3276 2349 An
3310 2296 3440 2352 ideo
3498 2313 3598 2368 pa-

1953 2393 2088 2433 nem
2119 2377 2224 2432 tibi
2258 2395 2374 2433 non
2405 2380 3487 2452 damus,quiajhaareticorumfcerebro
3518 2384 3601 2441 la-

1955 2467 2151 2538 pidem
2184 2465 2515 2522 illidimus?
2569 2469 2638 2524 Et
2703 2473 2768 2524 ut
2823 2474 3084 2526 nostram
3136 2471 3441 2543 epistolam
3485 2489 3602 2529 non

1955 2557 2186 2628 probes,
2221 2574 2384 2629 papae
2407 2575 2640 2631 quoque
2673 2560 2966 2617 Anastasii
2999 2561 3178 2617 simili
3210 2562 3359 2618 dicis
3402 2563 3604 2620 fraude

1955 2645 2290 2713 subnixam,
2322 2647 2526 2719 dequa
2582 2648 2686 2703 tibi
2745 2655 2878 2705 ante
2934 2651 3248 2723 respondi:
3310 2669 3487 2724 quam
3557 2653 3606 2710 si

1954 2736 2275 2807 suspicaris
2311 2737 2500 2808 ipsius
2532 2754 2645 2794 non
2679 2756 2825 2808 esse,
2860 2740 3042 2796 habes
3093 2741 3198 2796 ubi
3266 2743 3420 2815 apud
3471 2759 3605 2799 eum

1957 2841 2062 2879 nos
2093 2841 2306 2897 arguas
2341 2826 2635 2883 falsitatis.
2672 2828 2770 2884 Sin
2805 2834 2997 2886 autem
3031 2832 3158 2903 ejus
3185 2837 3293 2899 est,
3328 2836 3391 2887 ut
3429 2832 3608 2905 hujus

1955 2930 2191 2985 quoque
2221 2915 2358 2970 anni
2391 2922 2592 2972 contra
2622 2923 2676 2973 te
2706 2919 2962 2991 epistola:
2995 2921 3264 2992 probant,
3300 2922 3518 2978 frustra
3552 2925 3608 2976 et

1958 3003 2104 3058 falso
2136 3003 2343 3060 falsam
2391 3023 2633 3079 arguere
2679 3009 2905 3074 niteris,
2966 3025 3100 3065 cum
3156 3026 3224 3065 ex
3275 3009 3434 3066 illius
3477 3027 3610 3065 vera

1957 3091 2226 3163 epistola,
2260 3097 2522 3150 nostram
2552 3113 2744 3152 veram
2779 3115 2907 3154 esse
2937 3099 3270 3155 doceamus.

2028 3182 2116 3235 39.
2157 3183 2478 3255 Pythagora?
2508 3185 2789 3256 disczpuli.
2822 3187 3188 3259 Pythagorica
3225 3193 3500 3260 praecepta
3558 3192 3608 3243 cl.

200 3297 316 3336 non
331 3277 778 3348 leseras,videri
795 3281 1058 3349 poteram
1074 3280 1132 3334 in
1163 3280 1218 3334 in
1220 3281 1445 3351 juriam
1477 3265 1639 3338 tuam
1653 3287 1816 3340 trans

2020 3270 2225 3326 'mbola.
2262 3272 2562 3346 Quidapud
2617 3273 2828 3333 Graecos
2884 3279 3095 3332 invenit
3138 3267 3353 3349 primus
3405 3278 3610 3350 Pytha-

198 3369 349 3425 ferre
379 3365 534 3438 quod
554 3371 812 3423 verteras
853 3385 864 3422 :
899 3372 964 3422 ut
988 3372 1044 3422 te
1072 3368 1158 3424 vel
1190 3369 1550 3441 imperitum,
1583 3371 1670 3426 vel
1704 3374 1846 3428 sub-

197 3457 402 3514 dolum
432 3457 918 3512 demonstrarem.
953 3458 1117 3512 Nunc
1155 3474 1286 3514 vero
1317 3475 1529 3514 novum
1561 3461 1850 3532 querimo-

197 3547 309 3602 nias
340 3561 560 3618 genus:
593 3543 755 3600 doles
785 3545 891 3600 tibi
937 3545 997 3600 in
1056 3563 1122 3602 eo
1182 3563 1310 3603 esse
1365 3565 1739 3620 responsum,
1789 3551 1850 3606 in

198 3653 317 3708 quo
349 3651 385 3690 a
413 3638 467 3690 te
496 3638 808 3689 accusatus
841 3651 996 3692 sum.
1034 3635 1348 3692 Dicebatur
1375 3639 1446 3692 ad
1505 3639 1851 3711 interpreta-

198 3725 423 3782 tionem
451 3727 614 3778 tuam
640 3723 826 3778 Roma
850 3725 1155 3792 subversa,
1213 3727 1591 3798 postulabant
1647 3746 1852 3786 omnes

199 3832 235 3871 a
263 3829 361 3870 me
385 3813 565 3884 hujus
599 3811 679 3867 rei
713 3813 1065 3870 remedium.
1106 3814 1229 3870 Non
1263 3833 1378 3888 quo
1427 3833 1534 3889 ego
1603 3818 1854 3890 alicujus

200 3902 491 3960 momenti
523 3917 714 3957 essem
742 3919 755 3968 ;
781 3902 882 3958 sed
918 3902 1016 3974 qui
1040 3904 1333 3974 petebant,
1359 3922 1451 3960 me
1473 3923 1602 3962 esse
1631 3906 1853 3979 aliquid

199 3990 664 4050 arbitrabantur.
703 3994 786 4045 Tu
819 3990 1045 4048 amicus
1075 4009 1226 4058 eras,
1277 3993 1376 4064 qui
1409 3993 1510 4049 illa
1542 3997 1853 4052 transtule-

199 4098 300 4138 ras
328 4098 342 4148 ;
377 4078 516 4151 quid
551 4095 646 4135 me
673 4078 764 4134 vis
795 4080 1024 4136 facere?
1055 4081 1299 4137 Obedire
1328 4082 1443 4138 Deo
1475 4084 1663 4157 magis
1685 4102 1855 4156 opor-

191 4174 296 4236 tet,
333 4186 406 4226 an
442 4167 786 4224 hominibus
816 4170 962 4238 (Act.
1000 4186 1056 4238 v,
1091 4172 1184 4241 29)
1217 4172 1245 4224 ‘?
1274 4171 1500 4226 Domini
1559 4175 1854 4232 custodire

187 4257 617 4324 substantiam,
660 4275 733 4314 an
764 4258 990 4314 furtum
1024 4259 1210 4315 celare
1243 4261 1551 4316 conservi?
1580 4262 1760 4319 Aliter
1799 4270 1854 4321 te

188 4365 312 4405 non
341 4346 608 4420 placabo,
640 4346 758 4402 nisi
778 4351 834 4402 et
857 4363 964 4420 ego
995 4351 1191 4403 tecum
1217 4351 1548 4406 accusanda
1605 4355 1852 4409 commi-

185 4453 325 4494 sero
354 4439 377 4490 Ρ
405 4434 466 4492 Si
493 4434 726 4490 nullam
749 4435 992 4491 fecisses
1025 4435 1142 4491 mei
1174 4439 1430 4494 nominis
1470 4440 1850 4509 mentionem,

185 4525 238 4582 si
266 4540 370 4581 me
426 4539 542 4580 non
601 4540 878 4580 ornasses
937 4525 1187 4597 egregiis
1231 4525 1529 4594 laudibus,
1589 4534 1852 4602 poteram

178 4612 431 4688 aliquod
462 4612 677 4672 habere
708 4613 1055 4686 suffugium,
1088 4619 1146 4670 et
1175 4615 1406 4672 diversa
1435 4618 1750 4675 obtendere
1781 4637 1853 4676 ne
1883 4637 1929 4701 D

179 4702 804 4773 rursusinterpretata
835 4703 1232 4760 transferrem.
1293 4705 1378 4760 Tu
1421 4723 1534 4772 me,
1593 4707 1778 4764 amice
1801 4711 1844 4775 ²,

176 4789 530 4864 compulisti
557 4793 622 4845 ut
643 4789 869 4861 aliquot
895 4791 1022 4846 dies
1069 4792 1126 4847 in
1159 4792 1270 4848 hoc
1301 4810 1472 4866 opere
1522 4797 1846 4867 perderem,

173 4886 244 4937 ut
275 4880 610 4952 proferrem
637 4880 694 4934 in
756 4881 1020 4936 medium
1083 4883 1238 4955 quod
1279 4883 1602 4957 Charybdis
1648 4887 1853 4943 debuit

170 4970 517 5026 devorare:
566 4972 622 5024 et
674 4972 872 5026 tamen
930 4969 1124 5039 laesus,
1177 4973 1446 5028 amicitia
1489 4973 1547 5028 in
1609 4978 1662 5030 te
1712 4977 1852 5047 jura

173 5059 440 5126 servavi,
471 5061 530 5114 et
558 5059 928 5129 quantumin
959 5077 1053 5117 me
1074 5060 1206 5129 fuit,
1241 5061 1326 5118 sic
1351 5079 1444 5120 me
1464 5063 1705 5120 defendi
1787 5070 1850 5121 ut

174 5154 234 5206 te
267 5165 393 5205 non
424 5163 786 5204 accusarem.
821 5150 972 5205 504
1023 5151 1110 5205 Tu
1171 5150 1424 5206 nimium
1474 5154 1844 5225 suspiciosus

1961 3374 2150 3431 geras.
2183 3393 2252 3400 —
2287 3363 2346 3416 In
2401 3366 2730 3420 excusando
2758 3366 3060 3423 mendacio
3083 3372 3181 3423 tuo
3216 3368 3322 3439 [AL
3372 3367 3612 3423 menda-

1967 3448 2122 3502 cium
2154 3453 2368 3522 tuum],
2403 3469 2579 3524 quam
2640 3455 2875 3527 elegans
2933 3473 3061 3513 esse
3116 3457 3388 3513 voluisti:
3446 3461 3504 3512 et
3541 3472 3613 3513 ne

1967 3554 2067 3592 sex
2089 3538 2295 3594 millia.
2329 3541 2596 3613 Origenis
2626 3542 2808 3601 libros
2847 3547 3157 3618 proferas,”
3186 3546 3525 3619 Pythagorae
3583 3563 3615 3600 a

1972 3643 2065 3682 me
2095 3629 2276 3701 exigis
2311 3638 2714 3688 monumenta.
2745 3634 2848 3690 Ubi
2882 3640 2970 3690 est
2997 3635 3098 3690 illa
3119 3636 3352 3703 fiducia,
3383 3652 3499 3707 qua
3527 3635 3616 3690 in-

1968 3715 2121 3770 ﬂatis
2153 3717 2354 3774 buccis
2385 3721 2733 3778 creberrime
2763 3725 3144 3796 personabas,
3168 3730 3222 3780 te
3253 3741 3379 3796 quae
3403 3724 3461 3780 in
3483 3723 3615 3780 aliis

1962 3802 2129 3861 libris
2177 3805 2444 3880 Origenis
2475 3810 2719 3883 legeras,
2769 3813 3115 3869 emendasse
3171 3813 3228 3868 in
3279 3812 3447 3868 libris
3490 3811 3614 3885 περὶ

1962 3895 2202 3968 Ἀρχῶν,
2240 3903 2298 3952 et
2328 3915 2440 3954 non
2467 3900 2678 3970 aliena,
2715 3903 2816 3958 sed
2845 3920 2953 3958 sua
2984 3902 3310 3959 reddidisse
3337 3903 3509 3958 suis?
3538 3902 3618 3958 De

1973 3986 2138 4039 tanta
2184 3985 2465 4044 librorum
2529 3991 2675 4047 silva
2731 4009 2914 4046 unum
2990 3993 3256 4047 fruticem
3344 4008 3411 4047 ac
3489 4009 3618 4048 sur-

1965 4073 2164 4128 culum
2200 4077 2456 4146 proferre
2487 4096 2600 4135 non
2635 4086 2820 4152 potes.
2853 4082 2922 4135 Hi
2950 4085 3091 4137 sunt
3127 4082 3247 4137 veri
3293 4081 3460 4148 fumi,
3528 4081 3616 4137 ha:

1967 4163 2213 4231 nebulae,
2249 4183 2398 4237 quas
2429 4168 2569 4224 dum
2601 4168 2661 4224 in
2694 4185 2787 4225 me
2818 4169 3172 4242 criminaris,
3204 4171 3264 4226 in
3297 4175 3351 4227 te
3399 4171 3614 4228 exstin-

1966 4255 2088 4307 ctas
2120 4254 2555 4328 dissipatas-que
2589 4275 2688 4329 per
2723 4275 2812 4316 me
2841 4260 3170 4333 cognoscis,
3223 4278 3328 4318 nec
3372 4262 3615 4317 fractam

1966 4343 2245 4400 cervicem
2301 4345 2526 4415 dejicis,
2592 4349 2742 4405 ωδ
2806 4351 2906 4406 sed
2975 4351 3184 4422 majori
3242 4351 3611 4424 impudentia

1965 4447 2143 4502 quam
2171 4433 2642 4505 imperitia,dicis
2667 4455 2759 4494 me
2791 4439 3078 4512 denegare
3092 4458 3216 4512 quae
3247 4440 3305 4495 in
3339 4445 3613 4512 promptu

1965 4526 2120 4589 sunt,
2157 4527 2220 4578 ut
2249 4540 2382 4579 cum
2417 4531 2643 4582 montes
2676 4544 2884 4585 aureos
2939 4527 3252 4600 pollicitus",
3282 4529 3482 4596 fueris,
3544 4545 3614 4584 ne

1963 4617 2258 4668 scorteum
2292 4614 2530 4685 quidem
2565 4633 2879 4672 nummum
2910 4619 2980 4674 de
3011 4618 3304 4674 thesauris
3335 4619 3456 4674 tuis
3478 4634 3610 4689 pro-

1962 4700 2134 4757 feras.
2165 4703 2335 4758 Justa
2363 4708 2566 4759 contra
2605 4717 2724 4775 mef
2753 4706 2886 4761 odia
2930 4723 3307 4778 recognosco,
3367 4712 3424 4762 et
3480 4724 3613 4763 vera

1963 4794 2022 4845 in
2045 4792 2558 4863 nosjdebaccharis
2588 4793 2838 4850 insania.
2898 4795 3237 4866 Nisiﬂenim
3293 4813 3397 4868 ego
3456 4797 3611 4868 quod

1964 4896 2078 4935 non
2111 4885 2216 4949 est,
2251 4883 2527 4938 audacter
2572 4884 2883 4956 exigerem,
2941 4890 3000 4940 tu
3056 4885 3347 4942 videbaris
3397 4885 3612 4942 habere

1964 4971 2118 5041 quod
2153 4989 2268 5026 non
2302 4971 2502 5029 habes.
2536 4973 2873 5045 Pythagorae
2912 4991 2945 5030 a
2975 4991 3068 5030 me
3121 4975 3300 5032 libros
3357 4975 3608 5048 ﬂagitas.

1962 5058 2103 5122 Quis
2161 5061 2316 5116 enim
2368 5062 2469 5116 tibi
2526 5062 2672 5117 dixit
2729 5063 2888 5118 illius
2956 5070 3181 5118 exstare
3263 5063 3612 5121 volumina?

1962 5149 2164 5205 Nonne
2222 5150 2280 5204 in
2331 5151 2600 5223 epistola,
2635 5168 2786 5218 mea,
2854 5170 3029 5224 quam
3084 5153 3435 5225 criminaris,
3490 5155 3612 5212 haec

169 5241 231 5294 et
260 5235 580 5309 querulus,
613 5237 713 5309 qui
747 5237 904 5294 dicta
936 5238 993 5293 in
1027 5239 1330 5295 haereticos
1361 5240 1433 5296 ad
1468 5245 1629 5297 tuam
1673 5243 1852 5298 refers

168 5325 632 5384 contumeliam.
679 5327 848 5392 Quod
909 5327 958 5383 si
1022 5326 1190 5385 aliter
1247 5329 1473 5385 amicus
1541 5335 1677 5387 tuus
1725 5348 1853 5388 esse

1960 5239 2136 5294 verba
2168 5242 2353 5295 sunt?
2389 5263 2415 5289 «
2444 5242 2553 5296 Sed
2584 5241 2671 5296 fac
2704 5259 2796 5297 me
2827 5259 3052 5298 errasse
3085 5243 3143 5297 in
3193 5244 3609 5314 adolescentia,

1961 5331 2018 5383 et
2047 5327 2553 5401 philosophorum,
2587 5331 2643 5385 id
2676 5337 2784 5396 est,
2820 5331 3128 5404 gentilium
3159 5333 3369 5390 studiis
3417 5337 3612 5392 erudi-

242 5579 258 5611 ¹
293 5575 604 5649 Victorius
635 5574 863 5649 maluit,
900 5575 1068 5649 debes
1099 5585 1150 5649 et
1176 5577 1318 5632 mihi
1345 5580 1556 5648 gratias
1590 5597 1772 5649 agere.

241 5647 592 5705 ’Victorius
621 5647 866 5704 additex
896 5647 1181 5705 Brixianis
1253 5649 1420 5704 codd.
1475 5647 1724 5708 alterum
1791 5659 1851 5710 tu

164 5722 244 5778 ad
281 5719 630 5794 emphasin,
666 5721 738 5775 Tu
765 5736 869 5790 me,
901 5722 1096 5789 amice,
1119 5727 1187 5778 tu
1211 5721 1691 5795 compulisti,_ete.

2031 5581 2052 5613 ³
2084 5580 2340 5651 Epistola
2371 5581 2441 5635 ad
2476 5581 2835 5653 Rufinum‘in
2870 5589 3069 5640 nostra
3099 5587 3433 5645 recensione
3503 5606 3610 5648 nu-

1961 5654 2189 5744 merhs,
2214 5668 2388 5744 quam
2414 5670 2566 5744 anno
2598 5655 2982 5744 ascripsimus
3008 5658 3131 5712 399.

2032 5727 2056 5760 ⁴
2085 5725 2380 5795 Martium,
2406 5725 2522 5780 illis
2547 5725 2910 5800 pepercimus.
