  <div class='ocr_page' id='page_1' title='image "/cluster/home/n/w/nwhite01/storage/ocr_20150623/23/umn.31951d034773078/263.png"; bbox 0 0 3958 6390; ppageno 0'>
   <div class='ocr_carea' id='block_1_1' title="bbox 368 330 491 405">
    <p class='ocr_par' dir='ltr' id='par_1_1' title="bbox 368 330 491 405">
     <span class='ocr_line' id='line_1_1' title="bbox 368 330 491 405; baseline -0.016 1"><span class='ocrx_word' id='word_1_1' title='bbox 368 330 491 405; x_wconf 71' lang='grc'>801</span> 
     </span>
    </p>
   </div>
   <div class='ocr_carea' id='block_1_2' title="bbox 1621 336 2537 409">
    <p class='ocr_par' dir='ltr' id='par_1_2' title="bbox 1621 336 2537 409">
     <span class='ocr_line' id='line_1_2' title="bbox 1621 336 2537 409; baseline 0.001 -3"><span class='ocrx_word' id='word_1_2' title='bbox 1621 336 1689 407; x_wconf 83' lang='lat' dir='ltr'>S.</span> <span class='ocrx_word' id='word_1_3' title='bbox 1731 340 2047 409; x_wconf 81' lang='lat' dir='ltr'>EUSEBll</span> <span class='ocrx_word' id='word_1_4' title='bbox 2089 336 2537 407; x_wconf 74' lang='lat' dir='ltr'>HIERONYMI</span> 
     </span>
    </p>
   </div>
   <div class='ocr_carea' id='block_1_3' title="bbox 3652 322 3776 403">
    <p class='ocr_par' dir='ltr' id='par_1_3' title="bbox 3652 322 3776 403">
     <span class='ocr_line' id='line_1_3' title="bbox 3652 322 3776 403; baseline 0 0"><span class='ocrx_word' id='word_1_5' title='bbox 3652 322 3776 403; x_wconf 72' lang='grc' dir='ltr'>ΜΒ</span> 
     </span>
    </p>
   </div>
   <div class='ocr_carea' id='block_1_4' title="bbox 373 470 3774 552">
    <p class='ocr_par' dir='ltr' id='par_1_4' title="bbox 373 470 3774 552">
     <span class='ocr_line' id='line_1_4' title="bbox 373 470 3774 552; baseline -0.001 -19"><span class='ocrx_word' id='word_1_6' title='bbox 373 479 525 546; x_wconf 90' lang='lat' dir='ltr'>tum,</span> <span class='ocrx_word' id='word_1_7' title='bbox 554 476 614 533; x_wconf 88' lang='lat' dir='ltr'>in</span> <span class='ocrx_word' id='word_1_8' title='bbox 637 470 922 552; x_wconf 87' lang='lat' dir='ltr'>principio</span> <span class='ocrx_word' id='word_1_9' title='bbox 953 475 1085 534; x_wconf 80' lang='lat' dir='ltr'>fidei</span> <span class='ocrx_word' id='word_1_10' title='bbox 1140 473 1442 552; x_wconf 86' lang='lat' dir='ltr'>ignOrasse</span> <span class='ocrx_word' id='word_1_11' title='bbox 1490 477 1766 551; x_wconf 87' lang='lat' dir='ltr'>dogmata</span> <span class='ocrx_word' id='word_1_12' title='bbox 1822 477 2013 534; x_wconf 88' lang='lat' dir='ltr'>Chris-</span> <span class='ocrx_word' id='word_1_13' title='bbox 2043 479 2096 546; x_wconf 79' lang='grc' dir='ltr'>Α</span> <span class='ocrx_word' id='word_1_14' title='bbox 2125 478 2360 534; x_wconf 87' lang='lat' dir='ltr'>stoteles</span> <span class='ocrx_word' id='word_1_15' title='bbox 2390 478 2450 532; x_wconf 89' lang='lat' dir='ltr'>in</span> <span class='ocrx_word' id='word_1_16' title='bbox 2480 477 2605 534; x_wconf 91' lang='lat' dir='ltr'>suis</span> <span class='ocrx_word' id='word_1_17' title='bbox 2635 475 2802 533; x_wconf 79' lang='lat' dir='ltr'>libris</span> <span class='ocrx_word' id='word_1_18' title='bbox 2831 470 3242 549; x_wconf 78' lang='lat' dir='ltr'>prosequitur:</span> <span class='ocrx_word' id='word_1_19' title='bbox 3281 494 3311 528; x_wconf 78' lang='grc' dir='ltr'><strong>α</strong></span> <span class='ocrx_word' id='word_1_20' title='bbox 3362 474 3651 533; x_wconf 77' lang='lat' dir='ltr'>Statorem</span> <span class='ocrx_word' id='word_1_21' title='bbox 3699 490 3774 531; x_wconf 86' lang='lat' dir='ltr'>ne</span> 
     </span>
    </p>
   </div>
   <div class='ocr_carea' id='block_1_5' title="bbox 372 566 2019 640">
    <p class='ocr_par' dir='ltr' id='par_1_5' title="bbox 372 566 2019 640">
     <span class='ocr_line' id='line_1_5' title="bbox 372 566 2019 640; baseline -0.001 -17"><span class='ocrx_word' id='word_1_22' title='bbox 372 566 588 633; x_wconf 84' lang='lat' dir='ltr'>etiana,</span> <span class='ocrx_word' id='word_1_23' title='bbox 618 574 676 622; x_wconf 91' lang='lat' dir='ltr'>et</span> <span class='ocrx_word' id='word_1_24' title='bbox 705 567 813 623; x_wconf 90' lang='lat' dir='ltr'>hoc</span> <span class='ocrx_word' id='word_1_25' title='bbox 844 571 1081 640; x_wconf 80' lang='lat' dir='ltr'>putasse</span> <span class='ocrx_word' id='word_1_26' title='bbox 1110 567 1168 622; x_wconf 89' lang='lat' dir='ltr'>in</span> <span class='ocrx_word' id='word_1_27' title='bbox 1202 568 1500 639; x_wconf 79' lang='lat' dir='ltr'>apostolis,</span> <span class='ocrx_word' id='word_1_28' title='bbox 1534 569 1686 639; x_wconf 90' lang='lat' dir='ltr'>quod</span> <span class='ocrx_word' id='word_1_29' title='bbox 1717 568 1774 621; x_wconf 91' lang='lat' dir='ltr'>in</span> <span class='ocrx_word' id='word_1_30' title='bbox 1807 567 2019 639; x_wconf 79' lang='lat' dir='ltr'>Pytha-</span> 
     </span>
    </p>
   </div>
   <div class='ocr_carea' id='block_1_6' title="bbox 371 655 2017 729">
    <p class='ocr_par' dir='ltr' id='par_1_6' title="bbox 371 655 2017 729">
     <span class='ocr_line' id='line_1_6' title="bbox 371 655 2017 729; baseline -0.002 -17"><span class='ocrx_word' id='word_1_31' title='bbox 371 671 515 728; x_wconf 84' lang='lat' dir='ltr'>gora</span> <span class='ocrx_word' id='word_1_32' title='bbox 543 662 599 712; x_wconf 89' lang='lat' dir='ltr'>et</span> <span class='ocrx_word' id='word_1_33' title='bbox 628 655 863 711; x_wconf 89' lang='lat' dir='ltr'>Platone</span> <span class='ocrx_word' id='word_1_34' title='bbox 894 662 949 711; x_wconf 87' lang='lat' dir='ltr'>et</span> <span class='ocrx_word' id='word_1_35' title='bbox 1008 657 1352 729; x_wconf 86' lang='lat' dir='ltr'>Empedocle</span> <span class='ocrx_word' id='word_1_36' title='bbox 1399 657 1670 727; x_wconf 79' lang='lat' dir='ltr'>legeram.</span> <span class='ocrx_word' id='word_1_37' title='bbox 1712 680 1737 703; x_wconf 74' lang='grc' dir='ltr'><strong>υ</strong></span> <span class='ocrx_word' id='word_1_38' title='bbox 1789 656 1869 712; x_wconf 88' lang='lat' dir='ltr'>De</span> <span class='ocrx_word' id='word_1_39' title='bbox 1916 657 2017 710; x_wconf 93' lang='lat' dir='ltr'>do-</span> 
     </span>
    </p>
   </div>
   <div class='ocr_carea' id='block_1_7' title="bbox 372 745 2017 817">
    <p class='ocr_par' dir='ltr' id='par_1_7' title="bbox 372 745 2017 817">
     <span class='ocr_line' id='line_1_7' title="bbox 372 745 2017 817; baseline -0.001 -17"><span class='ocrx_word' id='word_1_40' title='bbox 372 745 671 817; x_wconf 87' lang='lat' dir='ltr'>gmatibus</span> <span class='ocrx_word' id='word_1_41' title='bbox 703 762 1053 810; x_wconf 88' lang='lat' dir='ltr'>eorum,non</span> <span class='ocrx_word' id='word_1_42' title='bbox 1072 747 1142 801; x_wconf 90' lang='lat' dir='ltr'>de</span> <span class='ocrx_word' id='word_1_43' title='bbox 1163 745 1329 800; x_wconf 81' lang='lat' dir='ltr'>libris</span> <span class='ocrx_word' id='word_1_44' title='bbox 1353 746 1583 801; x_wconf 87' lang='lat' dir='ltr'>locutus</span> <span class='ocrx_word' id='word_1_45' title='bbox 1605 762 1896 816; x_wconf 71' lang='lat' dir='ltr'>sum,quee</span> <span class='ocrx_word' id='word_1_46' title='bbox 1918 761 2017 816; x_wconf 91' lang='lat' dir='ltr'>po-</span> 
     </span>
    </p>
   </div>
   <div class='ocr_carea' id='block_1_8' title="bbox 372 833 2017 905">
    <p class='ocr_par' dir='ltr' id='par_1_8' title="bbox 372 833 2017 905">
     <span class='ocr_line' id='line_1_8' title="bbox 372 833 2017 905; baseline 0 -17"><span class='ocrx_word' id='word_1_47' title='bbox 372 834 458 889; x_wconf 91' lang='lat' dir='ltr'>tui</span> <span class='ocrx_word' id='word_1_48' title='bbox 491 834 548 888; x_wconf 92' lang='lat' dir='ltr'>in</span> <span class='ocrx_word' id='word_1_49' title='bbox 581 833 875 905; x_wconf 85' lang='lat' dir='ltr'>Cicerone,</span> <span class='ocrx_word' id='word_1_50' title='bbox 934 835 1131 900; x_wconf 90' lang='lat' dir='ltr'>Bruto,</span> <span class='ocrx_word' id='word_1_51' title='bbox 1189 852 1255 890; x_wconf 90' lang='lat' dir='ltr'>ac</span> <span class='ocrx_word' id='word_1_52' title='bbox 1299 835 1516 890; x_wconf 81' lang='lat' dir='ltr'>Seneca</span> <span class='ocrx_word' id='word_1_53' title='bbox 1569 834 1811 889; x_wconf 88' lang='lat' dir='ltr'>discere.</span> <span class='ocrx_word' id='word_1_54' title='bbox 1870 835 2017 905; x_wconf 89' lang='lat' dir='ltr'>Lege</span> 
     </span>
    </p>
   </div>
   <div class='ocr_carea' id='block_1_9' title="bbox 371 922 2011 994">
    <p class='ocr_par' dir='ltr' id='par_1_9' title="bbox 371 922 2011 994">
     <span class='ocr_line' id='line_1_9' title="bbox 371 922 2011 994; baseline 0.001 -19"><span class='ocrx_word' id='word_1_55' title='bbox 371 937 476 994; x_wconf 89' lang='lat' dir='ltr'>pro</span> <span class='ocrx_word' id='word_1_56' title='bbox 508 922 737 978; x_wconf 86' lang='lat' dir='ltr'>Vatinio</span> <span class='ocrx_word' id='word_1_57' title='bbox 753 922 1266 990; x_wconf 87' lang='lat' dir='ltr'>oratiunculam,et</span> <span class='ocrx_word' id='word_1_58' title='bbox 1284 923 1428 978; x_wconf 88' lang='lat' dir='ltr'>alias</span> <span class='ocrx_word' id='word_1_59' title='bbox 1445 923 1544 978; x_wconf 90' lang='lat' dir='ltr'>ubi</span> <span class='ocrx_word' id='word_1_60' title='bbox 1576 922 2011 978; x_wconf 72' lang='lat' dir='ltr'>sodalitiorumi</span> 
     </span>
    </p>
   </div>
   <div class='ocr_carea' id='block_1_10' title="bbox 374 1009 2012 1084">
    <p class='ocr_par' dir='ltr' id='par_1_10' title="bbox 374 1009 2012 1084">
     <span class='ocr_line' id='line_1_10' title="bbox 374 1009 2012 1084; baseline -0.001 -17"><span class='ocrx_word' id='word_1_61' title='bbox 374 1011 595 1067; x_wconf 87' lang='lat' dir='ltr'>mentio</span> <span class='ocrx_word' id='word_1_62' title='bbox 624 1009 964 1067; x_wconf 79' lang='lat' dir='ltr'>fit.Revolve</span> <span class='ocrx_word' id='word_1_63' title='bbox 987 1011 1249 1084; x_wconf 85' lang='lat' dir='ltr'>diagolos</span> <span class='ocrx_word' id='word_1_64' title='bbox 1279 1012 1476 1067; x_wconf 88' lang='lat' dir='ltr'>Tullii.</span> <span class='ocrx_word' id='word_1_65' title='bbox 1510 1011 1750 1082; x_wconf 84' lang='lat' dir='ltr'>Respice</span> <span class='ocrx_word' id='word_1_66' title='bbox 1779 1027 2012 1067; x_wconf 91' lang='lat' dir='ltr'>omnem</span> 
     </span>
    </p>
   </div>
   <div class='ocr_carea' id='block_1_11' title="bbox 373 1100 2013 1172">
    <p class='ocr_par' dir='ltr' id='par_1_11' title="bbox 373 1100 2013 1172">
     <span class='ocr_line' id='line_1_11' title="bbox 373 1100 2013 1172; baseline -0.001 -18"><span class='ocrx_word' id='word_1_67' title='bbox 373 1116 537 1155; x_wconf 90' lang='lat' dir='ltr'>oram</span> <span class='ocrx_word' id='word_1_68' title='bbox 565 1100 896 1171; x_wconf 54' lang='lat' dir='ltr'>Italiamque:</span> <span class='ocrx_word' id='word_1_69' title='bbox 920 1102 1214 1172; x_wconf 91' lang='lat' dir='ltr'>quondam</span> <span class='ocrx_word' id='word_1_70' title='bbox 1250 1118 1460 1171; x_wconf 86' lang='lat' dir='ltr'>magna</span> <span class='ocrx_word' id='word_1_71' title='bbox 1510 1100 1728 1155; x_wconf 73' lang='lat' dir='ltr'>Graecia</span> <span class='ocrx_word' id='word_1_72' title='bbox 1779 1100 2013 1154; x_wconf 81' lang='lat' dir='ltr'>diceba-</span> 
     </span>
    </p>
   </div>
   <div class='ocr_carea' id='block_1_12' title="bbox 369 1188 2014 1261">
    <p class='ocr_par' dir='ltr' id='par_1_12' title="bbox 369 1188 2014 1261">
     <span class='ocr_line' id='line_1_12' title="bbox 369 1188 2014 1261; baseline -0.001 -18"><span class='ocrx_word' id='word_1_73' title='bbox 369 1191 503 1243; x_wconf 88' lang='lat' dir='ltr'>tur:</span> <span class='ocrx_word' id='word_1_74' title='bbox 535 1194 592 1244; x_wconf 92' lang='lat' dir='ltr'>et</span> <span class='ocrx_word' id='word_1_75' title='bbox 622 1188 1134 1261; x_wconf 88' lang='lat' dir='ltr'>Pythagoricorum</span> <span class='ocrx_word' id='word_1_76' title='bbox 1166 1190 1506 1261; x_wconf 90' lang='lat' dir='ltr'>dogmatum</span> <span class='ocrx_word' id='word_1_77' title='bbox 1538 1188 1725 1244; x_wconf 87' lang='lat' dir='ltr'>incisa</span> <span class='ocrx_word' id='word_1_78' title='bbox 1765 1188 2014 1260; x_wconf 87' lang='lat' dir='ltr'>publicis</span> 
     </span>
    </p>
   </div>
   <div class='ocr_carea' id='block_1_13' title="bbox 374 1275 2015 1350">
    <p class='ocr_par' dir='ltr' id='par_1_13' title="bbox 374 1275 2015 1350">
     <span class='ocr_line' id='line_1_13' title="bbox 374 1275 2015 1350; baseline -0.002 -19"><span class='ocrx_word' id='word_1_79' title='bbox 374 1275 583 1332; x_wconf 86' lang='lat' dir='ltr'>litteris</span> <span class='ocrx_word' id='word_1_80' title='bbox 613 1294 726 1332; x_wconf 68' lang='lat' dir='ltr'>aera</span> <span class='ocrx_word' id='word_1_81' title='bbox 756 1294 1087 1347; x_wconf 83' lang='lat' dir='ltr'>cognosces.</span> <span class='ocrx_word' id='word_1_82' title='bbox 1122 1277 1304 1347; x_wconf 81' lang='lat' dir='ltr'>Cujus</span> <span class='ocrx_word' id='word_1_83' title='bbox 1336 1277 1492 1333; x_wconf 90' lang='lat' dir='ltr'>enim</span> <span class='ocrx_word' id='word_1_84' title='bbox 1523 1281 1663 1332; x_wconf 90' lang='lat' dir='ltr'>sunt</span> <span class='ocrx_word' id='word_1_85' title='bbox 1694 1276 1788 1332; x_wconf 90' lang='lat' dir='ltr'>illa</span> <span class='ocrx_word' id='word_1_86' title='bbox 1837 1281 2015 1350; x_wconf 69' lang='grc' dir='ltr'>’χρυσᾶ</span> 
     </span>
    </p>
   </div>
   <div class='ocr_carea' id='block_1_14' title="bbox 374 1362 2015 1438">
    <p class='ocr_par' dir='ltr' id='par_1_14' title="bbox 374 1362 2015 1438">
     <span class='ocr_line' id='line_1_14' title="bbox 374 1362 2015 1438; baseline 0.002 -22"><span class='ocrx_word' id='word_1_87' title='bbox 374 1362 915 1438; x_wconf 68' lang='grc' dir='ltr'>παραγγέλματα²9</span> <span class='ocrx_word' id='word_1_88' title='bbox 982 1382 1174 1421; x_wconf 89' lang='lat' dir='ltr'>nonne</span> <span class='ocrx_word' id='word_1_89' title='bbox 1232 1365 1613 1437; x_wconf 60' lang='lat' dir='ltr'>Pythagorae?</span> <span class='ocrx_word' id='word_1_90' title='bbox 1682 1365 1739 1419; x_wconf 92' lang='lat' dir='ltr'>in</span> <span class='ocrx_word' id='word_1_91' title='bbox 1800 1366 2015 1437; x_wconf 89' lang='lat' dir='ltr'>quibus</span> 
     </span>
    </p>
   </div>
   <div class='ocr_carea' id='block_1_15' title="bbox 366 1454 2013 1527">
    <p class='ocr_par' dir='ltr' id='par_1_15' title="bbox 366 1454 2013 1527">
     <span class='ocr_line' id='line_1_15' title="bbox 366 1454 2013 1527; baseline -0.001 -16"><span class='ocrx_word' id='word_1_92' title='bbox 366 1454 564 1511; x_wconf 84' lang='lat' dir='ltr'>omnia</span> <span class='ocrx_word' id='word_1_93' title='bbox 595 1455 723 1525; x_wconf 83' lang='lat' dir='ltr'>ejus</span> <span class='ocrx_word' id='word_1_94' title='bbox 756 1454 1004 1510; x_wconf 79' lang='lat' dir='ltr'>breviter</span> <span class='ocrx_word' id='word_1_95' title='bbox 1021 1455 1297 1527; x_wconf 83' lang='lat' dir='ltr'>dogmata</span> <span class='ocrx_word' id='word_1_96' title='bbox 1327 1455 1784 1521; x_wconf 90' lang='lat' dir='ltr'>continentur,et</span> <span class='ocrx_word' id='word_1_97' title='bbox 1806 1455 1863 1509; x_wconf 89' lang='lat' dir='ltr'>in</span> <span class='ocrx_word' id='word_1_98' title='bbox 1887 1471 2013 1525; x_wconf 73' lang='lat' dir='ltr'>qua:</span> 
     </span>
    </p>
   </div>
   <div class='ocr_carea' id='block_1_16' title="bbox 371 1540 2016 1614">
    <p class='ocr_par' dir='ltr' id='par_1_16' title="bbox 371 1540 2016 1614">
     <span class='ocr_line' id='line_1_16' title="bbox 371 1540 2016 1614; baseline 0.002 -18"><span class='ocrx_word' id='word_1_99' title='bbox 371 1540 658 1598; x_wconf 90' lang='lat' dir='ltr'>latissimo</span> <span class='ocrx_word' id='word_1_100' title='bbox 742 1559 914 1613; x_wconf 89' lang='lat' dir='ltr'>opere</span> <span class='ocrx_word' id='word_1_101' title='bbox 974 1542 1361 1614; x_wconf 88' lang='lat' dir='ltr'>philosophus</span> <span class='ocrx_word' id='word_1_102' title='bbox 1420 1548 1849 1598; x_wconf 85' lang='lat' dir='ltr'>commentatus</span> <span class='ocrx_word' id='word_1_103' title='bbox 1925 1549 2016 1599; x_wconf 91' lang='lat' dir='ltr'>est</span> 
     </span>
    </p>
   </div>
   <div class='ocr_carea' id='block_1_17' title="bbox 367 1628 2012 1701">
    <p class='ocr_par' dir='ltr' id='par_1_17' title="bbox 367 1628 2012 1701">
     <span class='ocr_line' id='line_1_17' title="bbox 367 1628 2012 1701; baseline 0 -14"><span class='ocrx_word' id='word_1_104' title='bbox 367 1628 756 1695; x_wconf 84' lang='lat' dir='ltr'>Jambliehus,</span> <span class='ocrx_word' id='word_1_105' title='bbox 789 1631 1048 1686; x_wconf 82' lang='lat' dir='ltr'>imitatus</span> <span class='ocrx_word' id='word_1_106' title='bbox 1078 1648 1146 1685; x_wconf 79' lang='lat' dir='ltr'>ex</span> <span class='ocrx_word' id='word_1_107' title='bbox 1178 1635 1338 1701; x_wconf 90' lang='lat' dir='ltr'>parte</span> <span class='ocrx_word' id='word_1_108' title='bbox 1394 1632 1757 1685; x_wconf 81' lang='lat' dir='ltr'>Moderatum</span> <span class='ocrx_word' id='word_1_109' title='bbox 1818 1630 2012 1687; x_wconf 86' lang='lat' dir='ltr'>virum</span> 
     </span>
    </p>
   </div>
   <div class='ocr_carea' id='block_1_18' title="bbox 365 1718 2012 1793">
    <p class='ocr_par' dir='ltr' id='par_1_18' title="bbox 365 1718 2012 1793">
     <span class='ocr_line' id='line_1_18' title="bbox 365 1718 2012 1793; baseline 0 -18"><span class='ocrx_word' id='word_1_110' title='bbox 365 1718 941 1791; x_wconf 84' lang='lat' dir='ltr'>eloquentissimum,</span> <span class='ocrx_word' id='word_1_111' title='bbox 975 1724 1031 1774; x_wconf 89' lang='lat' dir='ltr'>et</span> <span class='ocrx_word' id='word_1_112' title='bbox 1060 1718 1416 1791; x_wconf 88' lang='lat' dir='ltr'>Archippum</span> <span class='ocrx_word' id='word_1_113' title='bbox 1468 1736 1534 1774; x_wconf 93' lang='lat' dir='ltr'>ac</span> <span class='ocrx_word' id='word_1_114' title='bbox 1596 1721 1855 1792; x_wconf 82' lang='lat' dir='ltr'>Lysidem</span> <span class='ocrx_word' id='word_1_115' title='bbox 1907 1720 2012 1793; x_wconf 87' lang='lat' dir='ltr'>Py-</span> 
     </span>
    </p>
   </div>
   <div class='ocr_carea' id='block_1_19' title="bbox 367 1806 2012 1880">
    <p class='ocr_par' dir='ltr' id='par_1_19' title="bbox 367 1806 2012 1880">
     <span class='ocr_line' id='line_1_19' title="bbox 367 1806 2012 1880; baseline 0.001 -17"><span class='ocrx_word' id='word_1_116' title='bbox 367 1806 626 1879; x_wconf 73' lang='lat' dir='ltr'>thagora:</span> <span class='ocrx_word' id='word_1_117' title='bbox 648 1807 968 1863; x_wconf 87' lang='lat' dir='ltr'>auditores.</span> <span class='ocrx_word' id='word_1_118' title='bbox 1002 1810 1260 1873; x_wconf 89' lang='lat' dir='ltr'>Quorum</span> <span class='ocrx_word' id='word_1_119' title='bbox 1293 1807 1616 1880; x_wconf 82' lang='lat' dir='ltr'>Archippus</span> <span class='ocrx_word' id='word_1_120' title='bbox 1649 1825 1714 1863; x_wconf 91' lang='lat' dir='ltr'>ac</span> <span class='ocrx_word' id='word_1_121' title='bbox 1772 1808 2012 1879; x_wconf 85' lang='lat' dir='ltr'>Lysides</span> 
     </span>
    </p>
   </div>
   <div class='ocr_carea' id='block_1_20' title="bbox 370 1893 2012 1969">
    <p class='ocr_par' dir='ltr' id='par_1_20' title="bbox 370 1893 2012 1969">
     <span class='ocr_line' id='line_1_20' title="bbox 370 1893 2012 1969; baseline 0.001 -19"><span class='ocrx_word' id='word_1_122' title='bbox 370 1893 430 1950; x_wconf 86' lang='lat' dir='ltr'>in</span> <span class='ocrx_word' id='word_1_123' title='bbox 461 1894 702 1963; x_wconf 68' lang='lat' dir='ltr'>Graecia,</span> <span class='ocrx_word' id='word_1_124' title='bbox 725 1895 784 1950; x_wconf 91' lang='lat' dir='ltr'>id</span> <span class='ocrx_word' id='word_1_125' title='bbox 842 1900 949 1961; x_wconf 90' lang='lat' dir='ltr'>est,</span> <span class='ocrx_word' id='word_1_126' title='bbox 1013 1896 1231 1950; x_wconf 88' lang='lat' dir='ltr'>Thebis</span> <span class='ocrx_word' id='word_1_127' title='bbox 1286 1895 1516 1951; x_wconf 87' lang='lat' dir='ltr'>scholas</span> <span class='ocrx_word' id='word_1_128' title='bbox 1575 1896 1851 1965; x_wconf 86' lang='lat' dir='ltr'>habuere,</span> <span class='ocrx_word' id='word_1_129' title='bbox 1913 1898 2012 1969; x_wconf 92' lang='lat' dir='ltr'>qui</span> 
     </span>
    </p>
   </div>
   <div class='ocr_carea' id='block_1_21' title="bbox 369 1984 2015 2057">
    <p class='ocr_par' dir='ltr' id='par_1_21' title="bbox 369 1984 2015 2057">
     <span class='ocr_line' id='line_1_21' title="bbox 369 1984 2015 2057; baseline 0.001 -18"><span class='ocrx_word' id='word_1_130' title='bbox 369 1984 707 2039; x_wconf 91' lang='lat' dir='ltr'>memoriter</span> <span class='ocrx_word' id='word_1_131' title='bbox 737 1988 1000 2039; x_wconf 89' lang='lat' dir='ltr'>tenentes</span> <span class='ocrx_word' id='word_1_132' title='bbox 1031 1989 1314 2056; x_wconf 67' lang='lat' dir='ltr'>praicepta</span> <span class='ocrx_word' id='word_1_133' title='bbox 1339 1984 1610 2051; x_wconf 90' lang='lat' dir='ltr'>doctoris,</span> <span class='ocrx_word' id='word_1_134' title='bbox 1649 1985 1879 2056; x_wconf 82' lang='lat' dir='ltr'>ingenio</span> <span class='ocrx_word' id='word_1_135' title='bbox 1912 2002 2015 2057; x_wconf 92' lang='lat' dir='ltr'>pro</span> 
     </span>
    </p>
   </div>
   <div class='ocr_carea' id='block_1_22' title="bbox 365 2070 2011 2149">
    <p class='ocr_par' dir='ltr' id='par_1_22' title="bbox 365 2070 2011 2149">
     <span class='ocr_line' id='line_1_22' title="bbox 365 2070 2011 2149; baseline -0.001 -22"><span class='ocrx_word' id='word_1_136' title='bbox 365 2070 534 2129; x_wconf 90' lang='lat' dir='ltr'>libris</span> <span class='ocrx_word' id='word_1_137' title='bbox 568 2073 901 2149; x_wconf 84' lang='lat' dir='ltr'>utebantur,</span> <span class='ocrx_word' id='word_1_138' title='bbox 935 2092 969 2128; x_wconf 86' lang='lat' dir='ltr'>a</span> <span class='ocrx_word' id='word_1_139' title='bbox 998 2072 1214 2144; x_wconf 89' lang='lat' dir='ltr'>quibus</span> <span class='ocrx_word' id='word_1_140' title='bbox 1246 2072 1389 2128; x_wconf 92' lang='lat' dir='ltr'>illud</span> <span class='ocrx_word' id='word_1_141' title='bbox 1415 2080 1500 2128; x_wconf 89' lang='lat' dir='ltr'>est</span> <span class='ocrx_word' id='word_1_142' title='bbox 1529 2091 1541 2128; x_wconf 91' lang='lat'>:</span> <span class='ocrx_word' id='word_1_143' title='bbox 1591 2070 1961 2146; x_wconf 67' lang='grc' dir='ltr'>Φυγχδευτὲον</span> <span class='ocrx_word' id='word_1_144' title='bbox 1989 2076 2011 2109; x_wconf 75' lang='grc'>³</span> 
     </span>
    </p>
   </div>
   <div class='ocr_carea' id='block_1_23' title="bbox 364 2159 2013 2237">
    <p class='ocr_par' dir='ltr' id='par_1_23' title="bbox 364 2159 2013 2237">
     <span class='ocr_line' id='line_1_23' title="bbox 364 2159 2013 2237; baseline 0 -22"><span class='ocrx_word' id='word_1_145' title='bbox 364 2161 507 2235; x_wconf 74' lang='grc' dir='ltr'>πάσῃ</span> <span class='ocrx_word' id='word_1_146' title='bbox 568 2164 816 2236; x_wconf 77' lang='grc' dir='ltr'>μηχανῇ,</span> <span class='ocrx_word' id='word_1_147' title='bbox 877 2161 966 2215; x_wconf 73' lang='grc' dir='ltr'>καὶ</span> <span class='ocrx_word' id='word_1_148' title='bbox 1035 2162 1385 2234; x_wconf 77' lang='grc' dir='ltr'>περικοπτὲον</span> <span class='ocrx_word' id='word_1_149' title='bbox 1455 2162 1584 2236; x_wconf 72' lang='grc' dir='ltr'>πυρὶ</span> <span class='ocrx_word' id='word_1_150' title='bbox 1644 2162 1732 2216; x_wconf 71' lang='grc' dir='ltr'>καὶ</span> <span class='ocrx_word' id='word_1_151' title='bbox 1803 2159 2013 2237; x_wconf 63' lang='grc' dir='ltr'>σιδήρῳ</span> 
     </span>
    </p>
   </div>
   <div class='ocr_carea' id='block_1_24' title="bbox 362 2248 2011 2325">
    <p class='ocr_par' dir='ltr' id='par_1_24' title="bbox 362 2248 2011 2325">
     <span class='ocr_line' id='line_1_24' title="bbox 362 2248 2011 2325; baseline 0.001 -22"><span class='ocrx_word' id='word_1_152' title='bbox 362 2248 452 2303; x_wconf 75' lang='grc' dir='ltr'>καὶ</span> <span class='ocrx_word' id='word_1_153' title='bbox 517 2269 791 2325; x_wconf 69' lang='grc' dir='ltr'>μηχαναις</span> <span class='ocrx_word' id='word_1_154' title='bbox 848 2270 1148 2318; x_wconf 71' lang='grc' dir='ltr'>παντοίαις,</span> <span class='ocrx_word' id='word_1_155' title='bbox 1210 2250 1313 2304; x_wconf 84' lang='grc' dir='ltr'>ἀπὸ</span> <span class='ocrx_word' id='word_1_156' title='bbox 1385 2250 1477 2323; x_wconf 75' lang='grc' dir='ltr'>μὲν</span> <span class='ocrx_word' id='word_1_157' title='bbox 1527 2252 1779 2322; x_wconf 81' lang='grc' dir='ltr'>σώματος</span> <span class='ocrx_word' id='word_1_158' title='bbox 1834 2250 2011 2318; x_wconf 82' lang='grc' dir='ltr'>νόσον,</span> 
     </span>
    </p>
   </div>
   <div class='ocr_carea' id='block_1_25' title="bbox 363 2335 1515 2414">
    <p class='ocr_par' dir='ltr' id='par_1_25' title="bbox 363 2335 1515 2414">
     <span class='ocr_line' id='line_1_25' title="bbox 363 2335 1515 2414; baseline 0.002 -23"><span class='ocrx_word' id='word_1_159' title='bbox 363 2338 467 2392; x_wconf 84' lang='grc' dir='ltr'>ἀπὸ</span> <span class='ocrx_word' id='word_1_160' title='bbox 508 2335 565 2392; x_wconf 73' lang='grc' dir='ltr'>δὲ</span> <span class='ocrx_word' id='word_1_161' title='bbox 630 2341 817 2414; x_wconf 73' lang='grc' dir='ltr'>ψυχῆς</span> <span class='ocrx_word' id='word_1_162' title='bbox 879 2338 1109 2411; x_wconf 77' lang='grc' dir='ltr'>ἀμαθίαν</span> <span class='ocrx_word' id='word_1_163' title='bbox 1173 2337 1388 2400; x_wconf 74' lang='grc' dir='ltr'>κοιλίας</span> <span class='ocrx_word' id='word_1_164' title='bbox 1459 2336 1515 2393; x_wconf 74' lang='grc' dir='ltr'>δὲ</span> 
     </span>
    </p>
   </div>
   <div class='ocr_carea' id='block_1_26' title="bbox 360 2424 2015 2505">
    <p class='ocr_par' dir='ltr' id='par_1_26' title="bbox 360 2424 2015 2505">
     <span class='ocr_line' id='line_1_26' title="bbox 360 2424 2015 2505; baseline 0.001 -24"><span class='ocrx_word' id='word_1_165' title='bbox 360 2425 578 2489; x_wconf 83' lang='grc' dir='ltr'>πόλεως</span> <span class='ocrx_word' id='word_1_166' title='bbox 639 2424 695 2481; x_wconf 74' lang='grc' dir='ltr'>δὲ</span> <span class='ocrx_word' id='word_1_167' title='bbox 746 2428 951 2495; x_wconf 78' lang='grc' dir='ltr'>στάσιν,</span> <span class='ocrx_word' id='word_1_168' title='bbox 1002 2425 1155 2482; x_wconf 71' lang='grc' dir='ltr'>οἷ’κου</span> <span class='ocrx_word' id='word_1_169' title='bbox 1205 2427 1261 2481; x_wconf 70' lang='grc' dir='ltr'>δὲ</span> <span class='ocrx_word' id='word_1_170' title='bbox 1294 2426 1723 2505; x_wconf 61' lang='grc' dir='ltr'>διχοφροσύνην,</span> <span class='ocrx_word' id='word_1_171' title='bbox 1758 2430 1897 2501; x_wconf 71' lang='grc' dir='ltr'>ὁμοῦ</span> <span class='ocrx_word' id='word_1_172' title='bbox 1958 2427 2015 2483; x_wconf 72' lang='grc' dir='ltr'>δὲ</span> 
     </span>
    </p>
   </div>
   <div class='ocr_carea' id='block_1_27' title="bbox 362 2516 2014 2591">
    <p class='ocr_par' dir='ltr' id='par_1_27' title="bbox 362 2516 2014 2591">
     <span class='ocr_line' id='line_1_27' title="bbox 362 2516 2014 2591; baseline 0.002 -20"><span class='ocrx_word' id='word_1_173' title='bbox 362 2518 577 2571; x_wconf 70' lang='grc' dir='ltr'>πάντων</span> <span class='ocrx_word' id='word_1_174' title='bbox 612 2516 890 2591; x_wconf 75' lang='grc' dir='ltr'>ἀμετρίαν.</span> <span class='ocrx_word' id='word_1_175' title='bbox 923 2519 1087 2584; x_wconf 87' lang='lat' dir='ltr'>Quod</span> <span class='ocrx_word' id='word_1_176' title='bbox 1131 2519 1188 2574; x_wconf 91' lang='lat' dir='ltr'>in</span> <span class='ocrx_word' id='word_1_177' title='bbox 1230 2518 1501 2573; x_wconf 90' lang='lat' dir='ltr'>Latinum</span> <span class='ocrx_word' id='word_1_178' title='bbox 1552 2519 1635 2573; x_wconf 89' lang='lat' dir='ltr'>ita</span> <span class='ocrx_word' id='word_1_179' title='bbox 1694 2536 2014 2591; x_wconf 85' lang='lat' dir='ltr'>possumus</span> 
     </span>
    </p>
   </div>
   <div class='ocr_carea' id='block_1_28' title="bbox 358 2607 2014 2677">
    <p class='ocr_par' dir='ltr' id='par_1_28' title="bbox 358 2607 2014 2677">
     <span class='ocr_line' id='line_1_28' title="bbox 358 2607 2014 2677; baseline 0 -15"><span class='ocrx_word' id='word_1_180' title='bbox 358 2612 622 2663; x_wconf 85' lang='lat' dir='ltr'>vertere:</span> <span class='ocrx_word' id='word_1_181' title='bbox 664 2607 928 2677; x_wconf 81' lang='lat' dir='ltr'>Fuganda</span> <span class='ocrx_word' id='word_1_182' title='bbox 982 2612 1112 2663; x_wconf 79' lang='lat' dir='ltr'>sunt</span> <span class='ocrx_word' id='word_1_183' title='bbox 1168 2610 1418 2662; x_wconf 77' lang='lat' dir='ltr'>omnibus</span> <span class='ocrx_word' id='word_1_184' title='bbox 1464 2608 1637 2662; x_wconf 74' lang='lat' dir='ltr'>modis</span> <span class='ocrx_word' id='word_1_185' title='bbox 1693 2617 1749 2663; x_wconf 88' lang='lat' dir='ltr'>et</span> <span class='ocrx_word' id='word_1_186' title='bbox 1798 2609 2014 2662; x_wconf 76' lang='lat' dir='ltr'>abscin-</span> 
     </span>
    </p>
   </div>
   <div class='ocr_carea' id='block_1_29' title="bbox 360 2693 2015 2767">
    <p class='ocr_par' dir='ltr' id='par_1_29' title="bbox 360 2693 2015 2767">
     <span class='ocr_line' id='line_1_29' title="bbox 360 2693 2015 2767; baseline 0.002 -18"><span class='ocrx_word' id='word_1_187' title='bbox 360 2693 559 2761; x_wconf 77' lang='lat' dir='ltr'>denda,</span> <span class='ocrx_word' id='word_1_188' title='bbox 590 2695 821 2765; x_wconf 86' lang='lat' dir='ltr'>languor</span> <span class='ocrx_word' id='word_1_189' title='bbox 852 2712 887 2749; x_wconf 90' lang='lat' dir='ltr'>a</span> <span class='ocrx_word' id='word_1_190' title='bbox 914 2711 1153 2767; x_wconf 86' lang='lat' dir='ltr'>corpore,</span> <span class='ocrx_word' id='word_1_191' title='bbox 1187 2697 1470 2767; x_wconf 78' lang='lat' dir='ltr'>imperitia</span> <span class='ocrx_word' id='word_1_192' title='bbox 1490 2697 1556 2750; x_wconf 85' lang='lat' dir='ltr'>ab</span> <span class='ocrx_word' id='word_1_193' title='bbox 1586 2697 1791 2762; x_wconf 83' lang='lat' dir='ltr'>animo,</span> <span class='ocrx_word' id='word_1_194' title='bbox 1847 2699 2015 2752; x_wconf 73' lang='lat' dir='ltr'>luxu-</span> 
     </span>
    </p>
   </div>
   <div class='ocr_carea' id='block_1_30' title="bbox 361 2784 2015 2853">
    <p class='ocr_par' dir='ltr' id='par_1_30' title="bbox 361 2784 2015 2853">
     <span class='ocr_line' id='line_1_30' title="bbox 361 2784 2015 2853; baseline 0.001 -16"><span class='ocrx_word' id='word_1_195' title='bbox 361 2785 447 2838; x_wconf 87' lang='lat' dir='ltr'>ria</span> <span class='ocrx_word' id='word_1_196' title='bbox 471 2800 509 2838; x_wconf 90' lang='lat' dir='ltr'>a</span> <span class='ocrx_word' id='word_1_197' title='bbox 548 2787 757 2853; x_wconf 82' lang='lat' dir='ltr'>ventre,</span> <span class='ocrx_word' id='word_1_198' title='bbox 788 2800 823 2837; x_wconf 89' lang='lat' dir='ltr'>a</span> <span class='ocrx_word' id='word_1_199' title='bbox 851 2785 1074 2839; x_wconf 79' lang='lat' dir='ltr'>civitate</span> <span class='ocrx_word' id='word_1_200' title='bbox 1092 2785 1310 2848; x_wconf 73' lang='lat' dir='ltr'>seditio,</span> <span class='ocrx_word' id='word_1_201' title='bbox 1338 2802 1372 2839; x_wconf 90' lang='lat' dir='ltr'>a</span> <span class='ocrx_word' id='word_1_202' title='bbox 1406 2784 1561 2839; x_wconf 84' lang='lat' dir='ltr'>domo</span> <span class='ocrx_word' id='word_1_203' title='bbox 1619 2784 1912 2852; x_wconf 76' lang='lat' dir='ltr'>discordia,</span> <span class='ocrx_word' id='word_1_204' title='bbox 1967 2790 2015 2839; x_wconf 87' lang='lat' dir='ltr'>et</span> 
     </span>
    </p>
   </div>
   <div class='ocr_carea' id='block_1_31' title="bbox 360 2873 2015 2944">
    <p class='ocr_par' dir='ltr' id='par_1_31' title="bbox 360 2873 2015 2944">
     <span class='ocr_line' id='line_1_31' title="bbox 360 2873 2015 2944; baseline 0.001 -16"><span class='ocrx_word' id='word_1_205' title='bbox 360 2874 425 2929; x_wconf 84' lang='lat' dir='ltr'>in</span> <span class='ocrx_word' id='word_1_206' title='bbox 477 2888 765 2928; x_wconf 80' lang='lat' dir='ltr'>commune</span> <span class='ocrx_word' id='word_1_207' title='bbox 818 2890 851 2927; x_wconf 89' lang='lat' dir='ltr'>a</span> <span class='ocrx_word' id='word_1_208' title='bbox 922 2875 1129 2928; x_wconf 76' lang='lat' dir='ltr'>cunctis</span> <span class='ocrx_word' id='word_1_209' title='bbox 1176 2873 1336 2928; x_wconf 62' lang='lat' dir='ltr'>rebus</span> <span class='ocrx_word' id='word_1_210' title='bbox 1376 2876 1804 2944; x_wconf 80' lang='lat' dir='ltr'>intemperantia</span> <span class='ocrx_word' id='word_1_211' title='bbox 1864 2874 2015 2930; x_wconf 73' lang='lat'>566</span> 
     </span>
    </p>
   </div>
   <div class='ocr_carea' id='block_1_32' title="bbox 363 2960 2015 3035">
    <p class='ocr_par' dir='ltr' id='par_1_32' title="bbox 363 2960 2015 3035">
     <span class='ocr_line' id='line_1_32' title="bbox 363 2960 2015 3035; baseline 0 -18"><span class='ocrx_word' id='word_1_212' title='bbox 363 2960 744 3035; x_wconf 88' lang='lat' dir='ltr'>Pythagorica</span> <span class='ocrx_word' id='word_1_213' title='bbox 773 2966 831 3017; x_wconf 90' lang='lat' dir='ltr'>et</span> <span class='ocrx_word' id='word_1_214' title='bbox 879 2960 981 3016; x_wconf 92' lang='lat' dir='ltr'>illa</span> <span class='ocrx_word' id='word_1_215' title='bbox 1025 2967 1316 3034; x_wconf 73' lang='lat' dir='ltr'>prtecepta</span> <span class='ocrx_word' id='word_1_216' title='bbox 1362 2966 1538 3017; x_wconf 87' lang='lat' dir='ltr'>sunt:</span> <span class='ocrx_word' id='word_1_217' title='bbox 1594 2986 1621 3010; x_wconf 91' lang='grc'>‹‹</span> <span class='ocrx_word' id='word_1_218' title='bbox 1680 2960 2015 3017; x_wconf 87' lang='lat' dir='ltr'>Amicorum</span> 
     </span>
    </p>
   </div>
   <div class='ocr_carea' id='block_1_33' title="bbox 369 3050 2017 3123">
    <p class='ocr_par' dir='ltr' id='par_1_33' title="bbox 369 3050 2017 3123">
     <span class='ocr_line' id='line_1_33' title="bbox 369 3050 2017 3123; baseline 0.001 -18"><span class='ocrx_word' id='word_1_219' title='bbox 369 3050 569 3106; x_wconf 88' lang='lat' dir='ltr'>omnia</span> <span class='ocrx_word' id='word_1_220' title='bbox 597 3067 727 3106; x_wconf 87' lang='lat' dir='ltr'>esse</span> <span class='ocrx_word' id='word_1_221' title='bbox 759 3051 1103 3106; x_wconf 90' lang='lat' dir='ltr'>communia</span> <span class='ocrx_word' id='word_1_222' title='bbox 1122 3052 1161 3105; x_wconf 76' lang='grc'><strong>³.</strong></span> <span class='ocrx_word' id='word_1_223' title='bbox 1188 3053 1255 3106; x_wconf 82' lang='lat' dir='ltr'>Et</span> <span class='ocrx_word' id='word_1_224' title='bbox 1290 3050 1546 3107; x_wconf 89' lang='lat' dir='ltr'>amicum</span> <span class='ocrx_word' id='word_1_225' title='bbox 1578 3050 1840 3123; x_wconf 90' lang='lat' dir='ltr'>scipsum</span> <span class='ocrx_word' id='word_1_226' title='bbox 1888 3068 2017 3107; x_wconf 89' lang='lat' dir='ltr'>esse</span> 
     </span>
    </p>
   </div>
   <div class='ocr_carea' id='block_1_34' title="bbox 365 3138 2012 3214">
    <p class='ocr_par' dir='ltr' id='par_1_34' title="bbox 365 3138 2012 3214">
     <span class='ocr_line' id='line_1_34' title="bbox 365 3138 2012 3214; baseline 0 -19"><span class='ocrx_word' id='word_1_227' title='bbox 365 3139 649 3196; x_wconf 86' lang='lat' dir='ltr'>alterum:</span> <span class='ocrx_word' id='word_1_228' title='bbox 676 3140 1390 3214; x_wconf 87' lang='lat' dir='ltr'>duorumquetemporum</span> <span class='ocrx_word' id='word_1_229' title='bbox 1408 3138 1657 3195; x_wconf 83' lang='lat' dir='ltr'>maxime</span> <span class='ocrx_word' id='word_1_230' title='bbox 1684 3140 2012 3196; x_wconf 83' lang='lat' dir='ltr'>habendam</span> 
     </span>
    </p>
   </div>
   <div class='ocr_carea' id='block_1_35' title="bbox 1581 2337 2012 2407">
    <p class='ocr_par' dir='ltr' id='par_1_35' title="bbox 1581 2337 2012 2407">
     <span class='ocr_line' id='line_1_35' title="bbox 1581 2337 2012 2407; baseline 0.002 -14"><span class='ocrx_word' id='word_1_231' title='bbox 1581 2337 1936 2394; x_wconf 70' lang='grc' dir='ltr'>πολυτέλειαν</span> <span class='ocrx_word' id='word_1_232' title='bbox 1972 2343 2012 2407; x_wconf 73' lang='grc'>⁸,</span> 
     </span>
    </p>
   </div>
   <div class='ocr_carea' id='block_1_36' title="bbox 2127 563 3771 638">
    <p class='ocr_par' dir='ltr' id='par_1_36' title="bbox 2127 563 3771 638">
     <span class='ocr_line' id='line_1_36' title="bbox 2127 563 3771 638; baseline -0.002 -16"><span class='ocrx_word' id='word_1_233' title='bbox 2127 567 2444 632; x_wconf 87' lang='lat' dir='ltr'>transilias,</span> <span class='ocrx_word' id='word_1_234' title='bbox 2484 590 2505 615; x_wconf 79' lang='grc' dir='ltr'>ιι</span> <span class='ocrx_word' id='word_1_235' title='bbox 2542 566 2597 621; x_wconf 91' lang='lat' dir='ltr'>id</span> <span class='ocrx_word' id='word_1_236' title='bbox 2630 572 2736 631; x_wconf 88' lang='lat' dir='ltr'>est,</span> <span class='ocrx_word' id='word_1_237' title='bbox 2779 590 2805 615; x_wconf 92' lang='grc'>‹‹</span> <span class='ocrx_word' id='word_1_238' title='bbox 2840 582 2910 621; x_wconf 90' lang='lat' dir='ltr'>ne</span> <span class='ocrx_word' id='word_1_239' title='bbox 2943 563 3416 638; x_wconf 70' lang='lat' dir='ltr'>praztergrediare</span> <span class='ocrx_word' id='word_1_240' title='bbox 3448 563 3771 634; x_wconf 83' lang='lat' dir='ltr'>justitiam.</span> 
     </span>
    </p>
   </div>
   <div class='ocr_carea' id='block_1_37' title="bbox 2126 653 3777 727">
    <p class='ocr_par' dir='ltr' id='par_1_37' title="bbox 2126 653 3777 727">
     <span class='ocr_line' id='line_1_37' title="bbox 2126 653 3777 727; baseline -0.002 -17"><span class='ocrx_word' id='word_1_241' title='bbox 2126 656 2323 727; x_wconf 77' lang='lat' dir='ltr'>Igne&#39;n</span> <span class='ocrx_word' id='word_1_242' title='bbox 2354 656 2547 727; x_wconf 89' lang='lat' dir='ltr'>gladio</span> <span class='ocrx_word' id='word_1_243' title='bbox 2574 672 2642 710; x_wconf 90' lang='lat' dir='ltr'>ne</span> <span class='ocrx_word' id='word_1_244' title='bbox 2673 656 2877 711; x_wconf 84' lang='lat' dir='ltr'>fodias.</span> <span class='ocrx_word' id='word_1_245' title='bbox 2905 680 2925 707; x_wconf 76' lang='grc' dir='ltr'><strong><em>ι</em></strong></span> <span class='ocrx_word' id='word_1_246' title='bbox 2966 656 3185 710; x_wconf 90' lang='lat' dir='ltr'>Iratum</span> <span class='ocrx_word' id='word_1_247' title='bbox 3216 654 3482 710; x_wconf 86' lang='lat' dir='ltr'>videlicet</span> <span class='ocrx_word' id='word_1_248' title='bbox 3509 659 3567 710; x_wconf 89' lang='lat' dir='ltr'>et</span> <span class='ocrx_word' id='word_1_249' title='bbox 3598 653 3777 708; x_wconf 87' lang='lat' dir='ltr'>tumi-</span> 
     </span>
    </p>
   </div>
   <div class='ocr_carea' id='block_1_38' title="bbox 2126 744 3774 800">
    <p class='ocr_par' dir='ltr' id='par_1_38' title="bbox 2126 744 3774 800">
     <span class='ocr_line' id='line_1_38' title="bbox 2126 744 3774 800; baseline -0.001 -1"><span class='ocrx_word' id='word_1_250' title='bbox 2126 748 2268 799; x_wconf 84' lang='lat' dir='ltr'>dum</span> <span class='ocrx_word' id='word_1_251' title='bbox 2300 747 2563 799; x_wconf 90' lang='lat' dir='ltr'>animum</span> <span class='ocrx_word' id='word_1_252' title='bbox 2591 744 2779 800; x_wconf 78' lang='lat' dir='ltr'>verbis</span> <span class='ocrx_word' id='word_1_253' title='bbox 2800 744 3099 800; x_wconf 90' lang='lat' dir='ltr'>maledicis</span> <span class='ocrx_word' id='word_1_254' title='bbox 3131 761 3202 800; x_wconf 89' lang='lat' dir='ltr'>ne</span> <span class='ocrx_word' id='word_1_255' title='bbox 3229 744 3503 799; x_wconf 87' lang='lat' dir='ltr'>lacessas.</span> <span class='ocrx_word' id='word_1_256' title='bbox 3544 763 3568 795; x_wconf 78' lang='grc' dir='ltr'>ι</span> <span class='ocrx_word' id='word_1_257' title='bbox 3599 745 3774 799; x_wconf 86' lang='lat' dir='ltr'>Coro-</span> 
     </span>
    </p>
   </div>
   <div class='ocr_carea' id='block_1_39' title="bbox 2126 831 3772 905">
    <p class='ocr_par' dir='ltr' id='par_1_39' title="bbox 2126 831 3772 905">
     <span class='ocr_line' id='line_1_39' title="bbox 2126 831 3772 905; baseline -0.001 -17"><span class='ocrx_word' id='word_1_258' title='bbox 2126 851 2261 888; x_wconf 89' lang='lat' dir='ltr'>nam</span> <span class='ocrx_word' id='word_1_259' title='bbox 2294 834 2535 888; x_wconf 90' lang='lat' dir='ltr'>minime</span> <span class='ocrx_word' id='word_1_260' title='bbox 2568 835 2942 905; x_wconf 86' lang='lat' dir='ltr'>carpendam,</span> <span class='ocrx_word' id='word_1_261' title='bbox 2975 856 3001 882; x_wconf 84' lang='lat'>»</span> <span class='ocrx_word' id='word_1_262' title='bbox 3034 834 3092 889; x_wconf 92' lang='lat' dir='ltr'>id</span> <span class='ocrx_word' id='word_1_263' title='bbox 3124 838 3230 897; x_wconf 86' lang='lat' dir='ltr'>est,</span> <span class='ocrx_word' id='word_1_264' title='bbox 3262 853 3288 885; x_wconf 72' lang='grc' dir='ltr'>ι</span> <span class='ocrx_word' id='word_1_265' title='bbox 3320 833 3477 905; x_wconf 86' lang='lat' dir='ltr'>leges</span> <span class='ocrx_word' id='word_1_266' title='bbox 3533 831 3772 888; x_wconf 86' lang='lat' dir='ltr'>urbium</span> 
     </span>
    </p>
   </div>
   <div class='ocr_carea' id='block_1_40' title="bbox 2125 920 3771 992">
    <p class='ocr_par' dir='ltr' id='par_1_40' title="bbox 2125 920 3771 992">
     <span class='ocr_line' id='line_1_40' title="bbox 2125 920 3771 992; baseline -0.002 -15"><span class='ocrx_word' id='word_1_267' title='bbox 2125 923 2571 977; x_wconf 76' lang='lat' dir='ltr'>conservandae.</span> <span class='ocrx_word' id='word_1_268' title='bbox 2648 922 2758 977; x_wconf 92' lang='lat' dir='ltr'>Cor</span> <span class='ocrx_word' id='word_1_269' title='bbox 2812 939 2925 977; x_wconf 91' lang='lat' dir='ltr'>non</span> <span class='ocrx_word' id='word_1_270' title='bbox 2972 922 3419 988; x_wconf 78' lang='lat' dir='ltr'>comedendum,</span> <span class='ocrx_word' id='word_1_271' title='bbox 3455 944 3482 971; x_wconf 88' lang='grc'><strong>››</strong></span> <span class='ocrx_word' id='word_1_272' title='bbox 3542 920 3600 977; x_wconf 91' lang='lat' dir='ltr'>id</span> <span class='ocrx_word' id='word_1_273' title='bbox 3660 925 3771 992; x_wconf 86' lang='lat' dir='ltr'>est,</span> 
     </span>
    </p>
   </div>
   <div class='ocr_carea' id='block_1_41' title="bbox 2130 1010 3773 1083">
    <p class='ocr_par' dir='ltr' id='par_1_41' title="bbox 2130 1010 3773 1083">
     <span class='ocr_line' id='line_1_41' title="bbox 2130 1010 3773 1083; baseline -0.001 -18"><span class='ocrx_word' id='word_1_274' title='bbox 2130 1033 2149 1059; x_wconf 74' lang='grc' dir='ltr'>ι</span> <span class='ocrx_word' id='word_1_275' title='bbox 2182 1028 2486 1066; x_wconf 73' lang='lat' dir='ltr'>mmrorem</span> <span class='ocrx_word' id='word_1_276' title='bbox 2518 1011 2590 1066; x_wconf 91' lang='lat' dir='ltr'>de</span> <span class='ocrx_word' id='word_1_277' title='bbox 2620 1011 2819 1066; x_wconf 90' lang='lat' dir='ltr'>animo</span> <span class='ocrx_word' id='word_1_278' title='bbox 2842 1010 3443 1083; x_wconf 88' lang='lat' dir='ltr'>projiciendum.Cum</span> <span class='ocrx_word' id='word_1_279' title='bbox 3475 1010 3773 1082; x_wconf 81' lang='lat' dir='ltr'>protectus</span> 
     </span>
    </p>
   </div>
   <div class='ocr_carea' id='block_1_42' title="bbox 2125 1100 3773 1171">
    <p class='ocr_par' dir='ltr' id='par_1_42' title="bbox 2125 1100 3773 1171">
     <span class='ocr_line' id='line_1_42' title="bbox 2125 1100 3773 1171; baseline -0.001 -17"><span class='ocrx_word' id='word_1_280' title='bbox 2125 1100 2324 1167; x_wconf 83' lang='lat' dir='ltr'>fueris,</span> <span class='ocrx_word' id='word_1_281' title='bbox 2358 1100 2567 1171; x_wconf 88' lang='lat' dir='ltr'>inquit,</span> <span class='ocrx_word' id='word_1_282' title='bbox 2601 1116 2672 1154; x_wconf 90' lang='lat' dir='ltr'>ne</span> <span class='ocrx_word' id='word_1_283' title='bbox 2706 1100 2946 1166; x_wconf 85' lang='lat' dir='ltr'>redeas;</span> <span class='ocrx_word' id='word_1_284' title='bbox 2984 1122 3010 1150; x_wconf 88' lang='lat'>»</span> <span class='ocrx_word' id='word_1_285' title='bbox 3047 1100 3105 1154; x_wconf 92' lang='lat' dir='ltr'>id</span> <span class='ocrx_word' id='word_1_286' title='bbox 3138 1106 3245 1164; x_wconf 87' lang='lat' dir='ltr'>est,</span> <span class='ocrx_word' id='word_1_287' title='bbox 3279 1121 3307 1148; x_wconf 86' lang='grc'>‹‹</span> <span class='ocrx_word' id='word_1_288' title='bbox 3342 1103 3473 1171; x_wconf 91' lang='lat' dir='ltr'>post</span> <span class='ocrx_word' id='word_1_289' title='bbox 3520 1101 3773 1154; x_wconf 90' lang='lat' dir='ltr'>mortem</span> 
     </span>
    </p>
   </div>
   <div class='ocr_carea' id='block_1_43' title="bbox 2122 1186 3774 1259">
    <p class='ocr_par' dir='ltr' id='par_1_43' title="bbox 2122 1186 3774 1259">
     <span class='ocr_line' id='line_1_43' title="bbox 2122 1186 3774 1259; baseline -0.002 -16"><span class='ocrx_word' id='word_1_290' title='bbox 2122 1188 2299 1244; x_wconf 89' lang='lat' dir='ltr'>vitam</span> <span class='ocrx_word' id='word_1_291' title='bbox 2335 1190 2508 1245; x_wconf 92' lang='lat' dir='ltr'>istam</span> <span class='ocrx_word' id='word_1_292' title='bbox 2542 1205 2611 1244; x_wconf 91' lang='lat' dir='ltr'>ne</span> <span class='ocrx_word' id='word_1_293' title='bbox 2638 1189 2952 1244; x_wconf 87' lang='lat' dir='ltr'>desideres.</span> <span class='ocrx_word' id='word_1_294' title='bbox 2993 1188 3099 1243; x_wconf 90' lang='lat' dir='ltr'>Per</span> <span class='ocrx_word' id='word_1_295' title='bbox 3128 1188 3281 1242; x_wconf 88' lang='lat' dir='ltr'>viam</span> <span class='ocrx_word' id='word_1_296' title='bbox 3340 1186 3638 1259; x_wconf 88' lang='lat' dir='ltr'>publicam</span> <span class='ocrx_word' id='word_1_297' title='bbox 3701 1202 3774 1241; x_wconf 88' lang='lat' dir='ltr'>ne</span> 
     </span>
    </p>
   </div>
   <div class='ocr_carea' id='block_1_44' title="bbox 2122 1276 3774 1347">
    <p class='ocr_par' dir='ltr' id='par_1_44' title="bbox 2122 1276 3774 1347">
     <span class='ocr_line' id='line_1_44' title="bbox 2122 1276 3774 1347; baseline -0.002 -14"><span class='ocrx_word' id='word_1_298' title='bbox 2122 1278 2425 1345; x_wconf 84' lang='lat' dir='ltr'>ambules;</span> <span class='ocrx_word' id='word_1_299' title='bbox 2462 1300 2488 1327; x_wconf 84' lang='lat'>»</span> <span class='ocrx_word' id='word_1_300' title='bbox 2521 1278 2578 1333; x_wconf 92' lang='lat' dir='ltr'>id</span> <span class='ocrx_word' id='word_1_301' title='bbox 2610 1282 2718 1344; x_wconf 90' lang='lat' dir='ltr'>est,</span> <span class='ocrx_word' id='word_1_302' title='bbox 2755 1302 2780 1327; x_wconf 79' lang='grc' dir='ltr'>(ι</span> <span class='ocrx_word' id='word_1_303' title='bbox 2803 1294 2875 1333; x_wconf 93' lang='lat' dir='ltr'>ne</span> <span class='ocrx_word' id='word_1_304' title='bbox 2896 1277 3215 1332; x_wconf 86' lang='lat' dir='ltr'>multorum</span> <span class='ocrx_word' id='word_1_305' title='bbox 3250 1276 3516 1347; x_wconf 89' lang='lat' dir='ltr'>sequaris</span> <span class='ocrx_word' id='word_1_306' title='bbox 3546 1291 3774 1332; x_wconf 88' lang='lat' dir='ltr'>errores</span> 
     </span>
    </p>
   </div>
   <div class='ocr_carea' id='block_1_45' title="bbox 2126 1364 3771 1437">
    <p class='ocr_par' dir='ltr' id='par_1_45' title="bbox 2126 1364 3771 1437">
     <span class='ocr_line' id='line_1_45' title="bbox 2126 1364 3771 1437; baseline -0.003 -15"><span class='ocrx_word' id='word_1_307' title='bbox 2126 1366 2236 1437; x_wconf 66' lang='grc' dir='ltr'>μί.</span> <span class='ocrx_word' id='word_1_308' title='bbox 2270 1368 2569 1437; x_wconf 89' lang='lat' dir='ltr'>errorem].</span> <span class='ocrx_word' id='word_1_309' title='bbox 2596 1367 2983 1421; x_wconf 87' lang='lat' dir='ltr'>Hirundinem</span> <span class='ocrx_word' id='word_1_310' title='bbox 3017 1366 3074 1420; x_wconf 90' lang='lat' dir='ltr'>in</span> <span class='ocrx_word' id='word_1_311' title='bbox 3121 1365 3363 1420; x_wconf 91' lang='lat' dir='ltr'>domum</span> <span class='ocrx_word' id='word_1_312' title='bbox 3415 1381 3530 1421; x_wconf 90' lang='lat' dir='ltr'>non</span> <span class='ocrx_word' id='word_1_313' title='bbox 3579 1364 3771 1420; x_wconf 84' lang='lat' dir='ltr'>susci-</span> 
     </span>
    </p>
   </div>
   <div class='ocr_carea' id='block_1_46' title="bbox 2124 1452 3775 1527">
    <p class='ocr_par' dir='ltr' id='par_1_46' title="bbox 2124 1452 3775 1527">
     <span class='ocr_line' id='line_1_46' title="bbox 2124 1452 3775 1527; baseline -0.001 -16"><span class='ocrx_word' id='word_1_314' title='bbox 2124 1457 2395 1527; x_wconf 88' lang='lat' dir='ltr'>piendam</span> <span class='ocrx_word' id='word_1_315' title='bbox 2432 1474 2444 1523; x_wconf 91' lang='lat'>;</span> <span class='ocrx_word' id='word_1_316' title='bbox 2482 1480 2508 1505; x_wconf 76' lang='lat' dir='ltr'>n</span> <span class='ocrx_word' id='word_1_317' title='bbox 2529 1456 2584 1509; x_wconf 91' lang='lat' dir='ltr'>id</span> <span class='ocrx_word' id='word_1_318' title='bbox 2616 1460 2724 1516; x_wconf 89' lang='lat' dir='ltr'>est.</span> <span class='ocrx_word' id='word_1_319' title='bbox 2758 1478 2784 1505; x_wconf 86' lang='grc'>‹‹</span> <span class='ocrx_word' id='word_1_320' title='bbox 2813 1454 3077 1527; x_wconf 89' lang='lat' dir='ltr'>garrulos</span> <span class='ocrx_word' id='word_1_321' title='bbox 3110 1458 3165 1509; x_wconf 91' lang='lat' dir='ltr'>et</span> <span class='ocrx_word' id='word_1_322' title='bbox 3194 1454 3467 1509; x_wconf 88' lang='lat' dir='ltr'>verbosos</span> <span class='ocrx_word' id='word_1_323' title='bbox 3503 1452 3775 1509; x_wconf 86' lang='lat' dir='ltr'>homines</span> 
     </span>
    </p>
   </div>
   <div class='ocr_carea' id='block_1_47' title="bbox 2123 1541 3768 1613">
    <p class='ocr_par' dir='ltr' id='par_1_47' title="bbox 2123 1541 3768 1613">
     <span class='ocr_line' id='line_1_47' title="bbox 2123 1541 3768 1613; baseline -0.002 -13"><span class='ocrx_word' id='word_1_324' title='bbox 2123 1545 2233 1600; x_wconf 90' lang='lat' dir='ltr'>sub</span> <span class='ocrx_word' id='word_1_325' title='bbox 2264 1545 2464 1599; x_wconf 91' lang='lat' dir='ltr'>eodem</span> <span class='ocrx_word' id='word_1_326' title='bbox 2500 1549 2648 1599; x_wconf 88' lang='lat' dir='ltr'>tecto</span> <span class='ocrx_word' id='word_1_327' title='bbox 2682 1560 2796 1598; x_wconf 92' lang='lat' dir='ltr'>non</span> <span class='ocrx_word' id='word_1_328' title='bbox 2831 1542 3151 1597; x_wconf 88' lang='lat' dir='ltr'>habendos.</span> <span class='ocrx_word' id='word_1_329' title='bbox 3186 1541 3456 1598; x_wconf 88' lang='lat' dir='ltr'>Oneratis</span> <span class='ocrx_word' id='word_1_330' title='bbox 3484 1557 3768 1613; x_wconf 86' lang='lat' dir='ltr'>superpo-</span> 
     </span>
    </p>
   </div>
   <div class='ocr_carea' id='block_1_48' title="bbox 2123 1629 3767 1703">
    <p class='ocr_par' dir='ltr' id='par_1_48' title="bbox 2123 1629 3767 1703">
     <span class='ocr_line' id='line_1_48' title="bbox 2123 1629 3767 1703; baseline -0.001 -16"><span class='ocrx_word' id='word_1_331' title='bbox 2123 1633 2381 1688; x_wconf 89' lang='lat' dir='ltr'>nendum</span> <span class='ocrx_word' id='word_1_332' title='bbox 2396 1649 2565 1687; x_wconf 88' lang='lat' dir='ltr'>onus:</span> <span class='ocrx_word' id='word_1_333' title='bbox 2580 1632 3007 1703; x_wconf 86' lang='lat' dir='ltr'>deponentibus</span> <span class='ocrx_word' id='word_1_334' title='bbox 3023 1647 3137 1685; x_wconf 91' lang='lat' dir='ltr'>non</span> <span class='ocrx_word' id='word_1_335' title='bbox 3150 1629 3767 1697; x_wconf 81' lang='lat' dir='ltr'>communicandum,-</span> 
     </span>
    </p>
   </div>
   <div class='ocr_carea' id='block_1_49' title="bbox 2122 1718 3776 1790">
    <p class='ocr_par' dir='ltr' id='par_1_49' title="bbox 2122 1718 3776 1790">
     <span class='ocr_line' id='line_1_49' title="bbox 2122 1718 3776 1790; baseline -0.002 -14"><span class='ocrx_word' id='word_1_336' title='bbox 2122 1722 2179 1776; x_wconf 86' lang='lat' dir='ltr'>id</span> <span class='ocrx_word' id='word_1_337' title='bbox 2212 1727 2318 1788; x_wconf 84' lang='lat' dir='ltr'>est,</span> <span class='ocrx_word' id='word_1_338' title='bbox 2353 1745 2379 1769; x_wconf 80' lang='grc' dir='ltr'><strong>ι(</strong></span> <span class='ocrx_word' id='word_1_339' title='bbox 2414 1721 2485 1776; x_wconf 91' lang='lat' dir='ltr'>ad</span> <span class='ocrx_word' id='word_1_340' title='bbox 2518 1722 2794 1775; x_wconf 85' lang='lat' dir='ltr'>virtutem</span> <span class='ocrx_word' id='word_1_341' title='bbox 2848 1720 3274 1786; x_wconf 87' lang='lat' dir='ltr'>incedentibus,</span> <span class='ocrx_word' id='word_1_342' title='bbox 3329 1718 3776 1790; x_wconf 89' lang='lat' dir='ltr'>augmentanda</span> 
     </span>
    </p>
   </div>
   <div class='ocr_carea' id='block_1_50' title="bbox 2128 1806 3774 1882">
    <p class='ocr_par' dir='ltr' id='par_1_50' title="bbox 2128 1806 3774 1882">
     <span class='ocr_line' id='line_1_50' title="bbox 2128 1806 3774 1882; baseline -0.003 -16"><span class='ocrx_word' id='word_1_343' title='bbox 2128 1811 2233 1882; x_wconf 79' lang='lat' dir='ltr'>[AL</span> <span class='ocrx_word' id='word_1_344' title='bbox 2264 1810 2554 1881; x_wconf 85' lang='lat' dir='ltr'>augenda]</span> <span class='ocrx_word' id='word_1_345' title='bbox 2596 1813 2882 1881; x_wconf 55' lang='lat' dir='ltr'>praecepta</span> <span class='ocrx_word' id='word_1_346' title='bbox 2913 1826 2925 1863; x_wconf 89' lang='lat'>:</span> <span class='ocrx_word' id='word_1_347' title='bbox 2962 1808 3260 1863; x_wconf 88' lang='lat' dir='ltr'>tradentes</span> <span class='ocrx_word' id='word_1_348' title='bbox 3306 1824 3369 1863; x_wconf 89' lang='lat' dir='ltr'>se</span> <span class='ocrx_word' id='word_1_349' title='bbox 3409 1806 3544 1871; x_wconf 89' lang='lat' dir='ltr'>otio,</span> <span class='ocrx_word' id='word_1_350' title='bbox 3594 1806 3774 1862; x_wconf 87' lang='lat' dir='ltr'>relin-</span> 
     </span>
    </p>
   </div>
   <div class='ocr_carea' id='block_1_51' title="bbox 2124 1895 3775 1972">
    <p class='ocr_par' dir='ltr' id='par_1_51' title="bbox 2124 1895 3775 1972">
     <span class='ocr_line' id='line_1_51' title="bbox 2124 1895 3775 1972; baseline -0.003 -16"><span class='ocrx_word' id='word_1_351' title='bbox 2124 1901 2408 1972; x_wconf 90' lang='lat' dir='ltr'>quendos.</span> <span class='ocrx_word' id='word_1_352' title='bbox 2445 1922 2471 1947; x_wconf 90' lang='grc'>››</span> <span class='ocrx_word' id='word_1_353' title='bbox 2504 1900 2569 1953; x_wconf 86' lang='lat' dir='ltr'>Et</span> <span class='ocrx_word' id='word_1_354' title='bbox 2598 1898 2736 1969; x_wconf 91' lang='lat' dir='ltr'>quia</span> <span class='ocrx_word' id='word_1_355' title='bbox 2783 1897 3164 1969; x_wconf 88' lang='lat' dir='ltr'>Pythagorica</span> <span class='ocrx_word' id='word_1_356' title='bbox 3228 1898 3504 1968; x_wconf 84' lang='lat' dir='ltr'>dogmata</span> <span class='ocrx_word' id='word_1_357' title='bbox 3559 1895 3775 1967; x_wconf 87' lang='lat' dir='ltr'>legisse</span> 
     </span>
    </p>
   </div>
   <div class='ocr_carea' id='block_1_52' title="bbox 2124 1984 3772 2058">
    <p class='ocr_par' dir='ltr' id='par_1_52' title="bbox 2124 1984 3772 2058">
     <span class='ocr_line' id='line_1_52' title="bbox 2124 1984 3772 2058; baseline -0.003 -13"><span class='ocrx_word' id='word_1_358' title='bbox 2124 2006 2219 2045; x_wconf 92' lang='lat' dir='ltr'>me</span> <span class='ocrx_word' id='word_1_359' title='bbox 2249 1988 2692 2054; x_wconf 79' lang='lat' dir='ltr'>dixeram,audi</span> <span class='ocrx_word' id='word_1_360' title='bbox 2738 1987 2880 2058; x_wconf 90' lang='lat' dir='ltr'>quid</span> <span class='ocrx_word' id='word_1_361' title='bbox 2938 1986 3095 2057; x_wconf 91' lang='lat' dir='ltr'>apud</span> <span class='ocrx_word' id='word_1_362' title='bbox 3137 1988 3363 2040; x_wconf 69' lang='lat' dir='ltr'>Grazcos</span> <span class='ocrx_word' id='word_1_363' title='bbox 3408 1984 3772 2058; x_wconf 79' lang='lat' dir='ltr'>Pythagoras</span> 
     </span>
    </p>
   </div>
   <div class='ocr_carea' id='block_1_53' title="bbox 2126 2073 3775 2151">
    <p class='ocr_par' dir='ltr' id='par_1_53' title="bbox 2126 2073 3775 2151">
     <span class='ocr_line' id='line_1_53' title="bbox 2126 2073 3775 2151; baseline -0.002 -19"><span class='ocrx_word' id='word_1_364' title='bbox 2126 2078 2353 2151; x_wconf 90' lang='lat' dir='ltr'>primus</span> <span class='ocrx_word' id='word_1_365' title='bbox 2387 2076 2706 2131; x_wconf 87' lang='lat' dir='ltr'>invenerit:</span> <span class='ocrx_word' id='word_1_366' title='bbox 2742 2073 3105 2130; x_wconf 88' lang='lat' dir='ltr'>immortales</span> <span class='ocrx_word' id='word_1_367' title='bbox 3133 2090 3262 2129; x_wconf 89' lang='lat' dir='ltr'>esse</span> <span class='ocrx_word' id='word_1_368' title='bbox 3319 2074 3567 2141; x_wconf 90' lang='lat' dir='ltr'>animas,</span> <span class='ocrx_word' id='word_1_369' title='bbox 3611 2078 3670 2129; x_wconf 93' lang='lat' dir='ltr'>et</span> <span class='ocrx_word' id='word_1_370' title='bbox 3700 2074 3775 2129; x_wconf 87' lang='lat' dir='ltr'>de</span> 
     </span>
    </p>
   </div>
   <div class='ocr_carea' id='block_1_54' title="bbox 2125 2162 3776 2237">
    <p class='ocr_par' dir='ltr' id='par_1_54' title="bbox 2125 2162 3776 2237">
     <span class='ocr_line' id='line_1_54' title="bbox 2125 2162 3776 2237; baseline -0.003 -15"><span class='ocrx_word' id='word_1_371' title='bbox 2125 2167 2256 2222; x_wconf 90' lang='lat' dir='ltr'>aliis</span> <span class='ocrx_word' id='word_1_372' title='bbox 2288 2165 2628 2237; x_wconf 88' lang='lat' dir='ltr'>corporibus</span> <span class='ocrx_word' id='word_1_373' title='bbox 2661 2165 2908 2219; x_wconf 90' lang='lat' dir='ltr'>transire</span> <span class='ocrx_word' id='word_1_374' title='bbox 2934 2163 2992 2218; x_wconf 91' lang='lat' dir='ltr'>in</span> <span class='ocrx_word' id='word_1_375' title='bbox 3025 2162 3157 2218; x_wconf 92' lang='lat' dir='ltr'>alia.</span> <span class='ocrx_word' id='word_1_376' title='bbox 3218 2163 3378 2229; x_wconf 89' lang='lat' dir='ltr'>Quod</span> <span class='ocrx_word' id='word_1_377' title='bbox 3422 2163 3662 2235; x_wconf 90' lang='lat' dir='ltr'>quidem</span> <span class='ocrx_word' id='word_1_378' title='bbox 3716 2165 3776 2217; x_wconf 92' lang='lat' dir='ltr'>et</span> 
     </span>
    </p>
   </div>
   <div class='ocr_carea' id='block_1_55' title="bbox 2126 2249 3773 2327">
    <p class='ocr_par' dir='ltr' id='par_1_55' title="bbox 2126 2249 3773 2327">
     <span class='ocr_line' id='line_1_55' title="bbox 2126 2249 3773 2327; baseline -0.001 -19"><span class='ocrx_word' id='word_1_379' title='bbox 2126 2254 2409 2327; x_wconf 88' lang='lat' dir='ltr'>Virgilius</span> <span class='ocrx_word' id='word_1_380' title='bbox 2469 2253 2528 2308; x_wconf 91' lang='lat' dir='ltr'>in</span> <span class='ocrx_word' id='word_1_381' title='bbox 2562 2256 2724 2308; x_wconf 79' lang='lat' dir='ltr'>sexto</span> <span class='ocrx_word' id='word_1_382' title='bbox 2756 2252 3024 2309; x_wconf 63' lang='lat' dir='ltr'>[Eneidos</span> <span class='ocrx_word' id='word_1_383' title='bbox 3052 2250 3345 2307; x_wconf 90' lang='lat' dir='ltr'>volumine</span> <span class='ocrx_word' id='word_1_384' title='bbox 3402 2267 3653 2323; x_wconf 88' lang='lat' dir='ltr'>sequens</span> <span class='ocrx_word' id='word_1_385' title='bbox 3686 2249 3773 2307; x_wconf 81' lang='lat' dir='ltr'>lo-</span> 
     </span>
    </p>
   </div>
   <div class='ocr_carea' id='block_1_56' title="bbox 2125 2344 2362 2415">
    <p class='ocr_par' dir='ltr' id='par_1_56' title="bbox 2125 2344 2362 2415">
     <span class='ocr_line' id='line_1_56' title="bbox 2125 2344 2362 2415; baseline -0.013 -15"><span class='ocrx_word' id='word_1_386' title='bbox 2125 2344 2362 2415; x_wconf 87' lang='lat' dir='ltr'>quitur:</span> 
     </span>
    </p>
   </div>
   <div class='ocr_carea' id='block_1_57' title="bbox 2220 2429 3634 2491">
    <p class='ocr_par' dir='ltr' id='par_1_57' title="bbox 2220 2429 3634 2491">
     <span class='ocr_line' id='line_1_57' title="bbox 2220 2429 3634 2491; baseline -0.001 -12"><span class='ocrx_word' id='word_1_387' title='bbox 2220 2432 2323 2480; x_wconf 84' lang='lat' dir='ltr'>Has</span> <span class='ocrx_word' id='word_1_388' title='bbox 2352 2444 2557 2489; x_wconf 87' lang='lat' dir='ltr'>omnes,</span> <span class='ocrx_word' id='word_1_389' title='bbox 2591 2429 2681 2478; x_wconf 84' lang='lat' dir='ltr'>ubi</span> <span class='ocrx_word' id='word_1_390' title='bbox 2713 2429 2851 2479; x_wconf 88' lang='lat' dir='ltr'>mille</span> <span class='ocrx_word' id='word_1_391' title='bbox 2881 2433 3048 2479; x_wconf 89' lang='lat' dir='ltr'>rotam</span> <span class='ocrx_word' id='word_1_392' title='bbox 3078 2429 3293 2477; x_wconf 80' lang='lat' dir='ltr'>volvere</span> <span class='ocrx_word' id='word_1_393' title='bbox 3324 2441 3418 2491; x_wconf 80' lang='lat' dir='ltr'>per</span> <span class='ocrx_word' id='word_1_394' title='bbox 3445 2440 3634 2485; x_wconf 85' lang='lat' dir='ltr'>annos,</span> 
     </span>
    </p>
   </div>
   <div class='ocr_carea' id='block_1_58' title="bbox 2219 2492 3729 2553">
    <p class='ocr_par' dir='ltr' id='par_1_58' title="bbox 2219 2492 3729 2553">
     <span class='ocr_line' id='line_1_58' title="bbox 2219 2492 3729 2553; baseline -0.003 -11"><span class='ocrx_word' id='word_1_395' title='bbox 2219 2494 2489 2542; x_wconf 57' lang='lat' dir='ltr'>Lethaeum</span> <span class='ocrx_word' id='word_1_396' title='bbox 2521 2492 2584 2541; x_wconf 87' lang='lat' dir='ltr'>ad</span> <span class='ocrx_word' id='word_1_397' title='bbox 2617 2492 2831 2540; x_wconf 82' lang='lat' dir='ltr'>ﬂuvium</span> <span class='ocrx_word' id='word_1_398' title='bbox 2863 2493 3004 2541; x_wconf 89' lang='lat' dir='ltr'>Deus</span> <span class='ocrx_word' id='word_1_399' title='bbox 3034 2494 3223 2540; x_wconf 88' lang='lat' dir='ltr'>evocat</span> <span class='ocrx_word' id='word_1_400' title='bbox 3250 2492 3462 2553; x_wconf 82' lang='lat' dir='ltr'>agmine</span> <span class='ocrx_word' id='word_1_401' title='bbox 3482 2504 3729 2553; x_wconf 84' lang='lat' dir='ltr'>magno;</span> 
     </span>
    </p>
   </div>
   <div class='ocr_carea' id='block_1_59' title="bbox 2216 2552 3642 2616">
    <p class='ocr_par' dir='ltr' id='par_1_59' title="bbox 2216 2552 3642 2616">
     <span class='ocr_line' id='line_1_59' title="bbox 2216 2552 3642 2616; baseline -0.002 -11"><span class='ocrx_word' id='word_1_402' title='bbox 2216 2557 2425 2605; x_wconf 90' lang='lat' dir='ltr'>Scilicet</span> <span class='ocrx_word' id='word_1_403' title='bbox 2454 2557 2791 2604; x_wconf 75' lang='lat' dir='ltr'>immemores</span> <span class='ocrx_word' id='word_1_404' title='bbox 2820 2567 3012 2616; x_wconf 89' lang='lat' dir='ltr'>supera</span> <span class='ocrx_word' id='word_1_405' title='bbox 3041 2558 3099 2603; x_wconf 91' lang='lat' dir='ltr'>ut</span> <span class='ocrx_word' id='word_1_406' title='bbox 3126 2552 3365 2616; x_wconf 76' lang='lat' dir='ltr'>convexa</span> <span class='ocrx_word' id='word_1_407' title='bbox 3382 2552 3642 2613; x_wconf 81' lang='lat' dir='ltr'>revisant,</span> 
     </span>
    </p>
   </div>
   <div class='ocr_carea' id='block_1_60' title="bbox 2220 2615 3535 2679">
    <p class='ocr_par' dir='ltr' id='par_1_60' title="bbox 2220 2615 3535 2679">
     <span class='ocr_line' id='line_1_60' title="bbox 2220 2615 3535 2679; baseline -0.002 -12"><span class='ocrx_word' id='word_1_408' title='bbox 2220 2620 2423 2667; x_wconf 82' lang='lat' dir='ltr'>Rursus</span> <span class='ocrx_word' id='word_1_409' title='bbox 2452 2622 2505 2667; x_wconf 90' lang='lat' dir='ltr'>et</span> <span class='ocrx_word' id='word_1_410' title='bbox 2531 2617 2794 2679; x_wconf 89' lang='lat' dir='ltr'>incipiant</span> <span class='ocrx_word' id='word_1_411' title='bbox 2822 2615 3131 2678; x_wconf 78' lang='lat' dir='ltr'>incorpore</span> <span class='ocrx_word' id='word_1_412' title='bbox 3159 2615 3294 2666; x_wconf 89' lang='lat' dir='ltr'>velle</span> <span class='ocrx_word' id='word_1_413' title='bbox 3323 2616 3535 2665; x_wconf 82' lang='lat' dir='ltr'>reverti.</span> 
     </span>
    </p>
   </div>
   <div class='ocr_carea' id='block_1_61' title="bbox 2198 2695 3767 2769">
    <p class='ocr_par' dir='ltr' id='par_1_61' title="bbox 2198 2695 3767 2769">
     <span class='ocr_line' id='line_1_61' title="bbox 2198 2695 3767 2769; baseline -0.003 -15"><span class='ocrx_word' id='word_1_414' title='bbox 2198 2700 2289 2756; x_wconf 80' lang='grc'>40.</span> <span class='ocrx_word' id='word_1_415' title='bbox 2331 2698 2664 2769; x_wconf 67' lang='lat' dir='ltr'>Pythagorae</span> <span class='ocrx_word' id='word_1_416' title='bbox 2692 2698 2807 2752; x_wconf 89' lang='lat' dir='ltr'>alia</span> <span class='ocrx_word' id='word_1_417' title='bbox 2834 2696 3104 2767; x_wconf 86' lang='lat' dir='ltr'>dogmata.</span> <span class='ocrx_word' id='word_1_418' title='bbox 3166 2696 3428 2765; x_wconf 77' lang='lat' dir='ltr'>Origenes</span> <span class='ocrx_word' id='word_1_419' title='bbox 3479 2696 3539 2749; x_wconf 86' lang='lat' dir='ltr'>in</span> <span class='ocrx_word' id='word_1_420' title='bbox 3596 2695 3767 2751; x_wconf 75' lang='lat' dir='ltr'>libros</span> 
     </span>
    </p>
   </div>
   <div class='ocr_carea' id='block_1_62' title="bbox 2125 2784 3771 2859">
    <p class='ocr_par' dir='ltr' id='par_1_62' title="bbox 2125 2784 3771 2859">
     <span class='ocr_line' id='line_1_62' title="bbox 2125 2784 3771 2859; baseline 0.001 -18"><span class='ocrx_word' id='word_1_421' title='bbox 2125 2788 2601 2859; x_wconf 75' lang='lat' dir='ltr'>suos:Platonem</span> <span class='ocrx_word' id='word_1_422' title='bbox 2656 2787 2962 2841; x_wconf 75' lang='lat' dir='ltr'>transtulit.</span> <span class='ocrx_word' id='word_1_423' title='bbox 3021 2814 3090 2829; x_wconf 90' lang='lat'>-—</span> <span class='ocrx_word' id='word_1_424' title='bbox 3133 2785 3205 2840; x_wconf 90' lang='lat' dir='ltr'>Se</span> <span class='ocrx_word' id='word_1_425' title='bbox 3264 2784 3520 2856; x_wconf 90' lang='lat' dir='ltr'>primum</span> <span class='ocrx_word' id='word_1_426' title='bbox 3587 2784 3771 2842; x_wconf 85' lang='lat' dir='ltr'>fuisse</span> 
     </span>
    </p>
   </div>
   <div class='ocr_carea' id='block_1_63' title="bbox 2127 2872 3769 2948">
    <p class='ocr_par' dir='ltr' id='par_1_63' title="bbox 2127 2872 3769 2948">
     <span class='ocr_line' id='line_1_63' title="bbox 2127 2872 3769 2948; baseline -0.002 -16"><span class='ocrx_word' id='word_1_427' title='bbox 2127 2876 2788 2948; x_wconf 88' lang='lat' dir='ltr'>Euphorbum,secundo</span> <span class='ocrx_word' id='word_1_428' title='bbox 2812 2874 3113 2943; x_wconf 89' lang='lat' dir='ltr'>Callidem,</span> <span class='ocrx_word' id='word_1_429' title='bbox 3140 2873 3310 2929; x_wconf 88' lang='lat' dir='ltr'>tertio</span> <span class='ocrx_word' id='word_1_430' title='bbox 3336 2872 3769 2940; x_wconf 87' lang='lat' dir='ltr'>Hermotinum,</span> 
     </span>
    </p>
   </div>
   <div class='ocr_carea' id='block_1_64' title="bbox 2125 2961 3773 3037">
    <p class='ocr_par' dir='ltr' id='par_1_64' title="bbox 2125 2961 3773 3037">
     <span class='ocr_line' id='line_1_64' title="bbox 2125 2961 3773 3037; baseline -0.002 -17"><span class='ocrx_word' id='word_1_431' title='bbox 2125 2969 2332 3037; x_wconf 89' lang='lat' dir='ltr'>quarto</span> <span class='ocrx_word' id='word_1_432' title='bbox 2365 2964 2674 3037; x_wconf 91' lang='lat' dir='ltr'>Pyrrhum,</span> <span class='ocrx_word' id='word_1_433' title='bbox 2731 2964 2802 3019; x_wconf 89' lang='lat' dir='ltr'>ad</span> <span class='ocrx_word' id='word_1_434' title='bbox 2853 2968 3177 3019; x_wconf 81' lang='lat' dir='ltr'>extremum</span> <span class='ocrx_word' id='word_1_435' title='bbox 3237 2961 3670 3035; x_wconf 84' lang='lat' dir='ltr'>Pythagoram;</span> <span class='ocrx_word' id='word_1_436' title='bbox 3713 2965 3773 3017; x_wconf 90' lang='lat' dir='ltr'>et</span> 
     </span>
    </p>
   </div>
   <div class='ocr_carea' id='block_1_65' title="bbox 2127 3050 3774 3126">
    <p class='ocr_par' dir='ltr' id='par_1_65' title="bbox 2127 3050 3774 3126">
     <span class='ocr_line' id='line_1_65' title="bbox 2127 3050 3774 3126; baseline -0.002 -17"><span class='ocrx_word' id='word_1_437' title='bbox 2127 3058 2260 3126; x_wconf 91' lang='lat' dir='ltr'>post</span> <span class='ocrx_word' id='word_1_438' title='bbox 2291 3057 2477 3109; x_wconf 89' lang='lat' dir='ltr'>certos</span> <span class='ocrx_word' id='word_1_439' title='bbox 2516 3058 2846 3125; x_wconf 90' lang='lat' dir='ltr'>temporum</span> <span class='ocrx_word' id='word_1_440' title='bbox 2906 3050 3176 3115; x_wconf 88' lang='lat' dir='ltr'>circulos,</span> <span class='ocrx_word' id='word_1_441' title='bbox 3234 3067 3303 3107; x_wconf 90' lang='lat' dir='ltr'>ea</span> <span class='ocrx_word' id='word_1_442' title='bbox 3360 3068 3485 3123; x_wconf 71' lang='lat' dir='ltr'>quae</span> <span class='ocrx_word' id='word_1_443' title='bbox 3539 3050 3774 3106; x_wconf 80' lang='lat' dir='ltr'>inerant</span> 
     </span>
    </p>
   </div>
   <div class='ocr_carea' id='block_1_66' title="bbox 2126 3138 3769 3213">
    <p class='ocr_par' dir='ltr' id='par_1_66' title="bbox 2126 3138 3769 3213">
     <span class='ocr_line' id='line_1_66' title="bbox 2126 3138 3769 3213; baseline -0.002 -15"><span class='ocrx_word' id='word_1_444' title='bbox 2126 3160 2359 3198; x_wconf 87' lang='lat' dir='ltr'>rursum</span> <span class='ocrx_word' id='word_1_445' title='bbox 2389 3142 2551 3209; x_wconf 88' lang='lat' dir='ltr'>tieri;</span> <span class='ocrx_word' id='word_1_446' title='bbox 2597 3140 2864 3213; x_wconf 89' lang='lat' dir='ltr'>nihilque</span> <span class='ocrx_word' id='word_1_447' title='bbox 2899 3140 2958 3195; x_wconf 91' lang='lat' dir='ltr'>in</span> <span class='ocrx_word' id='word_1_448' title='bbox 3013 3140 3233 3195; x_wconf 90' lang='lat' dir='ltr'>mundo</span> <span class='ocrx_word' id='word_1_449' title='bbox 3291 3138 3471 3194; x_wconf 89' lang='lat' dir='ltr'>videri</span> <span class='ocrx_word' id='word_1_450' title='bbox 3529 3155 3769 3196; x_wconf 90' lang='lat' dir='ltr'>novum.</span> 
     </span>
    </p>
   </div>
   <div class='ocr_carea' id='block_1_67' title="bbox 365 3216 3765 3301">
    <p class='ocr_par' dir='ltr' id='par_1_67' title="bbox 365 3216 3765 3301">
     <span class='ocr_line' id='line_1_67' title="bbox 365 3216 3765 3301; baseline 0 -17"><span class='ocrx_word' id='word_1_451' title='bbox 365 3245 588 3295; x_wconf 90' lang='lat' dir='ltr'>curam,</span> <span class='ocrx_word' id='word_1_452' title='bbox 622 3245 794 3284; x_wconf 89' lang='lat' dir='ltr'>mane</span> <span class='ocrx_word' id='word_1_453' title='bbox 822 3234 879 3283; x_wconf 90' lang='lat' dir='ltr'>et</span> <span class='ocrx_word' id='word_1_454' title='bbox 907 3229 1151 3301; x_wconf 89' lang='lat' dir='ltr'>vesperi,</span> <span class='ocrx_word' id='word_1_455' title='bbox 1184 3230 1243 3284; x_wconf 91' lang='lat' dir='ltr'>id</span> <span class='ocrx_word' id='word_1_456' title='bbox 1276 3235 1383 3296; x_wconf 88' lang='lat' dir='ltr'>est,</span> <span class='ocrx_word' id='word_1_457' title='bbox 1414 3245 1617 3285; x_wconf 91' lang='lat' dir='ltr'>eorum</span> <span class='ocrx_word' id='word_1_458' title='bbox 1647 3245 1774 3300; x_wconf 83' lang='lat' dir='ltr'>quae</span> <span class='ocrx_word' id='word_1_459' title='bbox 1824 3228 2009 3284; x_wconf 87' lang='lat' dir='ltr'>acturi</span> <span class='ocrx_word' id='word_1_460' title='bbox 2043 3216 2085 3281; x_wconf 87' lang='lat' dir='ltr'>C</span> <span class='ocrx_word' id='word_1_461' title='bbox 2124 3230 2558 3301; x_wconf 79' lang='lat' dir='ltr'>Phi1050phiam</span> <span class='ocrx_word' id='word_1_462' title='bbox 2632 3228 3074 3284; x_wconf 90' lang='lat' dir='ltr'>meditationem</span> <span class='ocrx_word' id='word_1_463' title='bbox 3123 3244 3252 3283; x_wconf 90' lang='lat' dir='ltr'>esse</span> <span class='ocrx_word' id='word_1_464' title='bbox 3304 3228 3550 3284; x_wconf 88' lang='lat' dir='ltr'>mortis:</span> <span class='ocrx_word' id='word_1_465' title='bbox 3612 3227 3765 3284; x_wconf 68' lang='grc' dir='ltr'>εστ</span> 
     </span>
    </p>
   </div>
   <div class='ocr_carea' id='block_1_68' title="bbox 361 3318 2012 3391">
    <p class='ocr_par' dir='ltr' id='par_1_68' title="bbox 361 3318 2012 3391">
     <span class='ocr_line' id='line_1_68' title="bbox 361 3318 2012 3391; baseline 0 -18"><span class='ocrx_word' id='word_1_466' title='bbox 361 3333 593 3385; x_wconf 85' lang='lat' dir='ltr'>sumus,</span> <span class='ocrx_word' id='word_1_467' title='bbox 616 3322 674 3372; x_wconf 90' lang='lat' dir='ltr'>et</span> <span class='ocrx_word' id='word_1_468' title='bbox 701 3334 902 3373; x_wconf 91' lang='lat' dir='ltr'>eorum</span> <span class='ocrx_word' id='word_1_469' title='bbox 934 3335 1060 3390; x_wconf 68' lang='lat' dir='ltr'>quas</span> <span class='ocrx_word' id='word_1_470' title='bbox 1090 3319 1465 3391; x_wconf 86' lang='lat' dir='ltr'>gesserimus.</span> <span class='ocrx_word' id='word_1_471' title='bbox 1497 3318 1632 3373; x_wconf 91' lang='lat' dir='ltr'>Post</span> <span class='ocrx_word' id='word_1_472' title='bbox 1662 3318 1846 3373; x_wconf 91' lang='lat' dir='ltr'>Deum</span> <span class='ocrx_word' id='word_1_473' title='bbox 1911 3335 2012 3373; x_wconf 89' lang='lat' dir='ltr'>ve—</span> 
     </span>
    </p>
   </div>
   <div class='ocr_carea' id='block_1_69' title="bbox 364 3404 2013 3478">
    <p class='ocr_par' dir='ltr' id='par_1_69' title="bbox 364 3404 2013 3478">
     <span class='ocr_line' id='line_1_69' title="bbox 364 3404 2013 3478; baseline 0.001 -18"><span class='ocrx_word' id='word_1_474' title='bbox 364 3405 598 3461; x_wconf 89' lang='lat' dir='ltr'>ritatem</span> <span class='ocrx_word' id='word_1_475' title='bbox 619 3404 1076 3478; x_wconf 69' lang='lat' dir='ltr'>colendam,quaa</span> <span class='ocrx_word' id='word_1_476' title='bbox 1107 3407 1231 3463; x_wconf 92' lang='lat' dir='ltr'>sola</span> <span class='ocrx_word' id='word_1_477' title='bbox 1262 3407 1528 3461; x_wconf 89' lang='lat' dir='ltr'>homines</span> <span class='ocrx_word' id='word_1_478' title='bbox 1558 3407 1671 3461; x_wconf 92' lang='lat' dir='ltr'>Deo</span> <span class='ocrx_word' id='word_1_479' title='bbox 1720 3405 2013 3477; x_wconf 79' lang='lat' dir='ltr'>proximos</span> 
     </span>
    </p>
   </div>
   <div class='ocr_carea' id='block_1_70' title="bbox 362 3491 2015 3567">
    <p class='ocr_par' dir='ltr' id='par_1_70' title="bbox 362 3491 2015 3567">
     <span class='ocr_line' id='line_1_70' title="bbox 362 3491 2015 3567; baseline 0 -18"><span class='ocrx_word' id='word_1_480' title='bbox 362 3492 556 3550; x_wconf 75' lang='lat' dir='ltr'>faciat.</span> <span class='ocrx_word' id='word_1_481' title='bbox 596 3516 616 3543; x_wconf 75' lang='grc' dir='ltr'><strong><em>ι</em></strong></span> <span class='ocrx_word' id='word_1_482' title='bbox 645 3491 864 3565; x_wconf 90' lang='lat' dir='ltr'>Illaque</span> <span class='ocrx_word' id='word_1_483' title='bbox 894 3496 1226 3567; x_wconf 62' lang='lat' dir='ltr'>aenigmata,</span> <span class='ocrx_word' id='word_1_484' title='bbox 1248 3512 1373 3567; x_wconf 60' lang='lat' dir='ltr'>quae</span> <span class='ocrx_word' id='word_1_485' title='bbox 1407 3494 1856 3566; x_wconf 86' lang='lat' dir='ltr'>diligentissime</span> <span class='ocrx_word' id='word_1_486' title='bbox 1898 3494 2015 3550; x_wconf 83' lang='lat' dir='ltr'>Ari-</span> 
     </span>
    </p>
   </div>
   <div class='ocr_carea' id='block_1_71' title="bbox 443 3671 2014 3745">
    <p class='ocr_par' dir='ltr' id='par_1_71' title="bbox 443 3671 2014 3745">
     <span class='ocr_line' id='line_1_71' title="bbox 443 3671 2014 3745; baseline -0.004 -16"><span class='ocrx_word' id='word_1_487' title='bbox 443 3673 459 3745; x_wconf 53' lang='grc' dir='ltr'>ξ</span> <span class='ocrx_word' id='word_1_488' title='bbox 493 3672 574 3729; x_wconf 91' lang='lat' dir='ltr'>De</span> <span class='ocrx_word' id='word_1_489' title='bbox 606 3671 895 3745; x_wconf 89' lang='lat' dir='ltr'>sodalitiis</span> <span class='ocrx_word' id='word_1_490' title='bbox 929 3672 1434 3745; x_wconf 64' lang='lat' dir='ltr'>Pythagoraaorum</span> <span class='ocrx_word' id='word_1_491' title='bbox 1466 3672 1758 3745; x_wconf 81' lang='lat' dir='ltr'>Justinus,</span> <span class='ocrx_word' id='word_1_492' title='bbox 1784 3672 2014 3745; x_wconf 77' lang='lat' dir='ltr'>7lib.xx:</span> 
     </span>
    </p>
   </div>
   <div class='ocr_carea' id='block_1_72' title="bbox 374 3743 2016 3817">
    <p class='ocr_par' dir='ltr' id='par_1_72' title="bbox 374 3743 2016 3817">
     <span class='ocr_line' id='line_1_72' title="bbox 374 3743 2016 3817; baseline 0.002 -22"><span class='ocrx_word' id='word_1_493' title='bbox 374 3766 401 3795; x_wconf 81' lang='grc' dir='ltr'>ι(</span> <span class='ocrx_word' id='word_1_494' title='bbox 433 3744 544 3800; x_wconf 90' lang='lat' dir='ltr'>Sed</span> <span class='ocrx_word' id='word_1_495' title='bbox 592 3744 834 3817; x_wconf 85' lang='lat' dir='ltr'>triginta</span> <span class='ocrx_word' id='word_1_496' title='bbox 890 3762 958 3800; x_wconf 85' lang='lat' dir='ltr'>ex</span> <span class='ocrx_word' id='word_1_497' title='bbox 1007 3743 1332 3817; x_wconf 78' lang='lat' dir='ltr'>juvenibus</span> <span class='ocrx_word' id='word_1_498' title='bbox 1367 3762 1500 3799; x_wconf 91' lang='lat' dir='ltr'>cum</span> <span class='ocrx_word' id='word_1_499' title='bbox 1560 3743 1831 3799; x_wconf 89' lang='lat' dir='ltr'>sodalitio</span> <span class='ocrx_word' id='word_1_500' title='bbox 1881 3747 2016 3815; x_wconf 85' lang='lat' dir='ltr'>jure</span> 
     </span>
    </p>
   </div>
   <div class='ocr_carea' id='block_1_73' title="bbox 368 3816 2013 3888">
    <p class='ocr_par' dir='ltr' id='par_1_73' title="bbox 368 3816 2013 3888">
     <span class='ocr_line' id='line_1_73' title="bbox 368 3816 2013 3888; baseline -0.001 -17"><span class='ocrx_word' id='word_1_501' title='bbox 368 3816 737 3888; x_wconf 87' lang='lat' dir='ltr'>sacramento</span> <span class='ocrx_word' id='word_1_502' title='bbox 769 3816 1023 3887; x_wconf 88' lang='lat' dir='ltr'>quodam</span> <span class='ocrx_word' id='word_1_503' title='bbox 1056 3817 1207 3883; x_wconf 79' lang='lat' dir='ltr'>nexi,</span> <span class='ocrx_word' id='word_1_504' title='bbox 1241 3825 1567 3888; x_wconf 83' lang='lat' dir='ltr'>separatam</span> <span class='ocrx_word' id='word_1_505' title='bbox 1599 3832 1632 3888; x_wconf 88' lang='lat' dir='ltr'>a</span> <span class='ocrx_word' id='word_1_506' title='bbox 1661 3816 1881 3870; x_wconf 64' lang='lat' dir='ltr'>caeteris</span> <span class='ocrx_word' id='word_1_507' title='bbox 1934 3817 2013 3888; x_wconf 88' lang='lat' dir='ltr'>ci-</span> 
     </span>
    </p>
   </div>
   <div class='ocr_carea' id='block_1_74' title="bbox 366 3887 2014 3949">
    <p class='ocr_par' dir='ltr' id='par_1_74' title="bbox 366 3887 2014 3949">
     <span class='ocr_line' id='line_1_74' title="bbox 366 3887 2014 3949; baseline 0.001 -8"><span class='ocrx_word' id='word_1_508' title='bbox 366 3887 537 3944; x_wconf 88' lang='lat' dir='ltr'>vibus</span> <span class='ocrx_word' id='word_1_509' title='bbox 565 3888 746 3944; x_wconf 89' lang='lat' dir='ltr'>vitam</span> <span class='ocrx_word' id='word_1_510' title='bbox 769 3893 1173 3949; x_wconf 86' lang='lat' dir='ltr'>exercerent.»</span> <span class='ocrx_word' id='word_1_511' title='bbox 1208 3887 1491 3943; x_wconf 56' lang='lat' dir='ltr'>ethVide</span> <span class='ocrx_word' id='word_1_512' title='bbox 1537 3887 1710 3941; x_wconf 87' lang='lat' dir='ltr'>etiam</span> <span class='ocrx_word' id='word_1_513' title='bbox 1769 3890 1832 3941; x_wconf 91' lang='lat' dir='ltr'>A.</span> <span class='ocrx_word' id='word_1_514' title='bbox 1886 3887 2014 3942; x_wconf 90' lang='lat' dir='ltr'>Gel-</span> 
     </span>
    </p>
   </div>
   <div class='ocr_carea' id='block_1_75' title="bbox 367 3957 2014 4025">
    <p class='ocr_par' dir='ltr' id='par_1_75' title="bbox 367 3957 2014 4025">
     <span class='ocr_line' id='line_1_75' title="bbox 367 3957 2014 4025; baseline -0.001 -10"><span class='ocrx_word' id='word_1_515' title='bbox 367 3958 512 4015; x_wconf 89' lang='lat' dir='ltr'>lium</span> <span class='ocrx_word' id='word_1_516' title='bbox 543 3957 642 4014; x_wconf 91' lang='lat' dir='ltr'>lib.</span> <span class='ocrx_word' id='word_1_517' title='bbox 679 3976 717 4025; x_wconf 80' lang='lat' dir='ltr'>t,</span> <span class='ocrx_word' id='word_1_518' title='bbox 743 3976 792 4014; x_wconf 92' lang='lat' dir='ltr'>c.</span> <span class='ocrx_word' id='word_1_519' title='bbox 820 3962 873 4013; x_wconf 87' lang='grc'>6.</span> <span class='ocrx_word' id='word_1_520' title='bbox 913 3965 985 4015; x_wconf 89' lang='lat' dir='ltr'>De</span> <span class='ocrx_word' id='word_1_521' title='bbox 1017 3961 1223 4015; x_wconf 89' lang='lat' dir='ltr'>iisdem</span> <span class='ocrx_word' id='word_1_522' title='bbox 1251 3959 1432 4015; x_wconf 87' lang='lat' dir='ltr'>multa</span> <span class='ocrx_word' id='word_1_523' title='bbox 1462 3958 1685 4013; x_wconf 84' lang='lat' dir='ltr'>dixerat</span> <span class='ocrx_word' id='word_1_524' title='bbox 1716 3958 1910 4014; x_wconf 90' lang='lat' dir='ltr'>Cicero</span> <span class='ocrx_word' id='word_1_525' title='bbox 1955 3960 2014 4014; x_wconf 91' lang='lat' dir='ltr'>in</span> 
     </span>
    </p>
   </div>
   <div class='ocr_carea' id='block_1_76' title="bbox 367 4029 2016 4103">
    <p class='ocr_par' dir='ltr' id='par_1_76' title="bbox 367 4029 2016 4103">
     <span class='ocr_line' id='line_1_76' title="bbox 367 4029 2016 4103; baseline 0 -17"><span class='ocrx_word' id='word_1_526' title='bbox 367 4030 650 4103; x_wconf 73' lang='lat' dir='ltr'>Oratione</span> <span class='ocrx_word' id='word_1_527' title='bbox 670 4046 767 4103; x_wconf 83' lang='lat' dir='ltr'>pro</span> <span class='ocrx_word' id='word_1_528' title='bbox 818 4033 1049 4099; x_wconf 84' lang='lat' dir='ltr'>Vatinio,</span> <span class='ocrx_word' id='word_1_529' title='bbox 1100 4032 1251 4103; x_wconf 89' lang='lat' dir='ltr'>quod</span> <span class='ocrx_word' id='word_1_530' title='bbox 1307 4031 1431 4102; x_wconf 91' lang='lat' dir='ltr'>ipse</span> <span class='ocrx_word' id='word_1_531' title='bbox 1480 4029 1749 4103; x_wconf 85' lang='lat' dir='ltr'>7V7atinius_</span> <span class='ocrx_word' id='word_1_532' title='bbox 1814 4030 2016 4103; x_wconf 54' lang='lat' dir='ltr'>se7ja-</span> 
     </span>
    </p>
   </div>
   <div class='ocr_carea' id='block_1_77' title="bbox 369 4100 2015 4173">
    <p class='ocr_par' dir='ltr' id='par_1_77' title="bbox 369 4100 2015 4173">
     <span class='ocr_line' id='line_1_77' title="bbox 369 4100 2015 4173; baseline 0.001 -18"><span class='ocrx_word' id='word_1_533' title='bbox 369 4100 568 4173; x_wconf 79' lang='lat' dir='ltr'>ctabat</span> <span class='ocrx_word' id='word_1_534' title='bbox 622 4100 1197 4173; x_wconf 36' lang='lat' dir='ltr'>Pythagorteumfut</span> <span class='ocrx_word' id='word_1_535' title='bbox 1256 4100 1408 4157; x_wconf 75' lang='lat' dir='ltr'>idem</span> <span class='ocrx_word' id='word_1_536' title='bbox 1468 4102 1664 4157; x_wconf 90' lang='lat' dir='ltr'>Cicero</span> <span class='ocrx_word' id='word_1_537' title='bbox 1736 4100 1795 4173; x_wconf 82' lang='lat' dir='ltr'>in</span> <span class='ocrx_word' id='word_1_538' title='bbox 1874 4101 2015 4173; x_wconf 89' lang='lat' dir='ltr'>Ora-</span> 
     </span>
    </p>
   </div>
   <div class='ocr_carea' id='block_1_78' title="bbox 368 4172 2018 4242">
    <p class='ocr_par' dir='ltr' id='par_1_78' title="bbox 368 4172 2018 4242">
     <span class='ocr_line' id='line_1_78' title="bbox 368 4172 2018 4242; baseline 0.002 -17"><span class='ocrx_word' id='word_1_539' title='bbox 368 4172 529 4226; x_wconf 88' lang='lat' dir='ltr'>tione</span> <span class='ocrx_word' id='word_1_540' title='bbox 583 4172 773 4226; x_wconf 83' lang='lat' dir='ltr'>contra</span> <span class='ocrx_word' id='word_1_541' title='bbox 814 4172 1112 4227; x_wconf 65' lang='lat' dir='ltr'>Vatinium</span> <span class='ocrx_word' id='word_1_542' title='bbox 1168 4178 1434 4228; x_wconf 88' lang='lat' dir='ltr'>testatur.</span> <span class='ocrx_word' id='word_1_543' title='bbox 1498 4173 1678 4242; x_wconf 88' lang='lat' dir='ltr'>Cujus</span> <span class='ocrx_word' id='word_1_544' title='bbox 1726 4172 2018 4228; x_wconf 86' lang='lat' dir='ltr'>Orationis</span> 
     </span>
    </p>
   </div>
   <div class='ocr_carea' id='block_1_79' title="bbox 367 4242 2014 4366">
    <p class='ocr_par' dir='ltr' id='par_1_79' title="bbox 367 4242 2014 4366">
     <span class='ocr_line' id='line_1_79' title="bbox 367 4242 2014 4366; baseline 0.002 -70"><span class='ocrx_word' id='word_1_545' title='bbox 367 4242 714 4366; x_wconf 59' lang='lat' dir='ltr'>pronatinio</span> <span class='ocrx_word' id='word_1_546' title='bbox 766 4244 1035 4299; x_wconf 88' lang='lat' dir='ltr'>meminit</span> <span class='ocrx_word' id='word_1_547' title='bbox 1089 4245 1356 4300; x_wconf 80' lang='lat' dir='ltr'>Valerius</span> <span class='ocrx_word' id='word_1_548' title='bbox 1404 4244 1713 4309; x_wconf 86' lang='lat' dir='ltr'>Maximus,</span> <span class='ocrx_word' id='word_1_549' title='bbox 1773 4243 1874 4298; x_wconf 89' lang='lat' dir='ltr'>lib.</span> <span class='ocrx_word' id='word_1_550' title='bbox 1940 4263 2014 4307; x_wconf 74' lang='grc' dir='ltr'>ιχ.</span> 
     </span>
     <span class='ocr_line' id='line_1_80' title="bbox 377 4320 515 4366; baseline 0 0"><span class='ocrx_word' id='word_1_551' title='bbox 377 4331 427 4366; x_wconf 86' lang='lat' dir='ltr'>o.</span> <span class='ocrx_word' id='word_1_552' title='bbox 460 4320 473 4338; x_wconf 82' lang='lat'><strong><em>‘</em></strong></span> <span class='ocrx_word' id='word_1_553' title='bbox 503 4355 515 4366; x_wconf 88' lang='lat'>.</span> 
     </span>
    </p>
   </div>
   <div class='ocr_carea' id='block_1_80' title="bbox 377 4320 515 4369">
    <p class='ocr_par' dir='ltr' id='par_1_80' title="bbox 377 4320 515 4369">
     <span class='ocr_line' id='line_1_81' title="bbox 377 4320 515 4369; baseline -0.022 0"><span class='ocrx_word' id='word_1_554' title='bbox 377 4331 427 4369; x_wconf 85' lang='grc' dir='ltr'>ο.</span> <span class='ocrx_word' id='word_1_555' title='bbox 460 4320 515 4367; x_wconf 83' lang='grc'>2.</span> 
     </span>
    </p>
   </div>
   <div class='ocr_carea' id='block_1_81' title="bbox 442 4384 2008 4468">
    <p class='ocr_par' dir='ltr' id='par_1_81' title="bbox 442 4384 2008 4468">
     <span class='ocr_line' id='line_1_82' title="bbox 442 4384 2008 4468; baseline -0.001 -29"><span class='ocrx_word' id='word_1_556' title='bbox 442 4384 671 4439; x_wconf 75' lang='lat' dir='ltr'>&#39;Penes</span> <span class='ocrx_word' id='word_1_557' title='bbox 728 4385 1044 4468; x_wconf 50' lang='grc' dir='ltr'>Μαι-ᾔδη,Δ</span> <span class='ocrx_word' id='word_1_558' title='bbox 1100 4390 1298 4468; x_wconf 41' lang='lat' dir='ltr'>geuge.</span> <span class='ocrx_word' id='word_1_559' title='bbox 1365 4385 1552 4468; x_wconf 60' lang='lat' dir='ltr'>7Nunc</span> <span class='ocrx_word' id='word_1_560' title='bbox 1648 4391 1824 4459; x_wconf 69' lang='grc' dir='ltr'>χρυσᾶ</span> 
     </span>
    </p>
   </div>
   <div class='ocr_carea' id='block_1_82' title="bbox 2003 4430 2013 4455">
    <p class='ocr_par' dir='ltr' id='par_1_82' title="bbox 2003 4430 2013 4455">
     <span class='ocr_line' id='line_1_83' title="bbox 2003 4430 2013 4455; baseline 0 0"><span class='ocrx_word' id='word_1_561' title='bbox 2003 4430 2013 4455; x_wconf 73' lang='grc' dir='ltr'><strong>Ι</strong></span> 
     </span>
    </p>
   </div>
   <div class='ocr_carea' id='block_1_83' title="bbox 369 4458 2019 4527">
    <p class='ocr_par' dir='ltr' id='par_1_83' title="bbox 369 4458 2019 4527">
     <span class='ocr_line' id='line_1_84' title="bbox 369 4458 2019 4527; baseline 0.001 -17"><span class='ocrx_word' id='word_1_562' title='bbox 369 4472 545 4512; x_wconf 84' lang='lat' dir='ltr'>aurea</span> <span class='ocrx_word' id='word_1_563' title='bbox 574 4459 822 4511; x_wconf 81' lang='lat' dir='ltr'>carmina</span> <span class='ocrx_word' id='word_1_564' title='bbox 850 4458 1153 4521; x_wconf 70' lang='lat' dir='ltr'>dicuntur,</span> <span class='ocrx_word' id='word_1_565' title='bbox 1178 4458 1225 4512; x_wconf 93' lang='lat' dir='ltr'>si</span> <span class='ocrx_word' id='word_1_566' title='bbox 1250 4458 1420 4513; x_wconf 90' lang='lat' dir='ltr'>modo</span> <span class='ocrx_word' id='word_1_567' title='bbox 1450 4474 1517 4513; x_wconf 88' lang='lat' dir='ltr'>ea</span> <span class='ocrx_word' id='word_1_568' title='bbox 1548 4458 1703 4521; x_wconf 84' lang='lat' dir='ltr'>sunt,</span> <span class='ocrx_word' id='word_1_569' title='bbox 1739 4474 1864 4527; x_wconf 71' lang='lat' dir='ltr'>qum</span> <span class='ocrx_word' id='word_1_570' title='bbox 1924 4458 2019 4513; x_wconf 90' lang='lat' dir='ltr'>hic</span> 
     </span>
    </p>
   </div>
   <div class='ocr_carea' id='block_1_84' title="bbox 368 4527 2021 4600">
    <p class='ocr_par' dir='ltr' id='par_1_84' title="bbox 368 4527 2021 4600">
     <span class='ocr_line' id='line_1_85' title="bbox 368 4527 2021 4600; baseline 0 -17"><span class='ocrx_word' id='word_1_571' title='bbox 368 4527 748 4600; x_wconf 82' lang='lat' dir='ltr'>Hier.indicat</span> <span class='ocrx_word' id='word_1_572' title='bbox 774 4546 786 4600; x_wconf 87' lang='lat'>;</span> <span class='ocrx_word' id='word_1_573' title='bbox 809 4528 1037 4584; x_wconf 90' lang='lat' dir='ltr'>videtur</span> <span class='ocrx_word' id='word_1_574' title='bbox 1056 4529 1209 4583; x_wconf 91' lang='lat' dir='ltr'>enim</span> <span class='ocrx_word' id='word_1_575' title='bbox 1236 4529 1427 4599; x_wconf 88' lang='lat' dir='ltr'>potius</span> <span class='ocrx_word' id='word_1_576' title='bbox 1452 4530 1519 4583; x_wconf 90' lang='lat' dir='ltr'>de</span> <span class='ocrx_word' id='word_1_577' title='bbox 1552 4527 2021 4600; x_wconf 87' lang='lat' dir='ltr'>Apophthegma-</span> 
     </span>
    </p>
   </div>
   <div class='ocr_carea' id='block_1_85' title="bbox 368 4599 2019 4673">
    <p class='ocr_par' dir='ltr' id='par_1_85' title="bbox 368 4599 2019 4673">
     <span class='ocr_line' id='line_1_86' title="bbox 368 4599 2019 4673; baseline 0.001 -19"><span class='ocrx_word' id='word_1_578' title='bbox 368 4599 451 4673; x_wconf 75' lang='lat' dir='ltr'>tis</span> <span class='ocrx_word' id='word_1_579' title='bbox 469 4604 525 4654; x_wconf 89' lang='lat' dir='ltr'>et</span> <span class='ocrx_word' id='word_1_580' title='bbox 555 4599 849 4673; x_wconf 84' lang='lat' dir='ltr'>Symbolis</span> <span class='ocrx_word' id='word_1_581' title='bbox 881 4600 1276 4673; x_wconf 83' lang='lat' dir='ltr'>Pythagoricis</span> <span class='ocrx_word' id='word_1_582' title='bbox 1308 4600 1499 4673; x_wconf 73' lang='lat' dir='ltr'>loqui.</span> <span class='ocrx_word' id='word_1_583' title='bbox 1521 4615 1698 4673; x_wconf 79' lang='lat' dir='ltr'>quam</span> <span class='ocrx_word' id='word_1_584' title='bbox 1718 4600 1788 4673; x_wconf 79' lang='lat' dir='ltr'>de</span> <span class='ocrx_word' id='word_1_585' title='bbox 1815 4599 2019 4655; x_wconf 81' lang='lat' dir='ltr'>Aureis</span> 
     </span>
    </p>
   </div>
   <div class='ocr_carea' id='block_1_86' title="bbox 369 4669 2014 4744">
    <p class='ocr_par' dir='ltr' id='par_1_86' title="bbox 369 4669 2014 4744">
     <span class='ocr_line' id='line_1_87' title="bbox 369 4669 2014 4744; baseline 0.001 -19"><span class='ocrx_word' id='word_1_586' title='bbox 369 4669 489 4726; x_wconf 89' lang='lat' dir='ltr'>illis</span> <span class='ocrx_word' id='word_1_587' title='bbox 520 4669 899 4744; x_wconf 75' lang='lat' dir='ltr'>carminibus,</span> <span class='ocrx_word' id='word_1_588' title='bbox 927 4669 1091 4744; x_wconf 50' lang='lat' dir='ltr'>&#39;quaa—</span> <span class='ocrx_word' id='word_1_589' title='bbox 1138 4673 1309 4744; x_wconf 89' lang='lat' dir='ltr'>vulgo</span> <span class='ocrx_word' id='word_1_590' title='bbox 1366 4669 1603 4743; x_wconf 81' lang='lat' dir='ltr'>quidem</span> <span class='ocrx_word' id='word_1_591' title='bbox 1653 4670 2014 4743; x_wconf 76' lang='lat' dir='ltr'>Pythagorae,</span> 
     </span>
    </p>
   </div>
   <div class='ocr_carea' id='block_1_87' title="bbox 369 4742 1218 4807">
    <p class='ocr_par' dir='ltr' id='par_1_87' title="bbox 369 4742 1218 4807">
     <span class='ocr_line' id='line_1_88' title="bbox 369 4742 1218 4807; baseline 0 -9"><span class='ocrx_word' id='word_1_592' title='bbox 369 4742 603 4799; x_wconf 88' lang='lat' dir='ltr'>tametsi</span> <span class='ocrx_word' id='word_1_593' title='bbox 630 4742 798 4807; x_wconf 86' lang='lat' dir='ltr'>talso,</span> <span class='ocrx_word' id='word_1_594' title='bbox 824 4742 1218 4799; x_wconf 54' lang='lat' dir='ltr'>ascri&#39;buntur.</span> 
     </span>
    </p>
   </div>
   <div class='ocr_carea' id='block_1_88' title="bbox 396 4810 2015 4897">
    <p class='ocr_par' dir='ltr' id='par_1_88' title="bbox 396 4810 2015 4897">
     <span class='ocr_line' id='line_1_89' title="bbox 396 4810 2015 4897; baseline 0.002 -31"><span class='ocrx_word' id='word_1_595' title='bbox 396 4810 1063 4897; x_wconf 55' lang='lat' dir='ltr'>7.3&lt;b071359::§0v77ta&#39;ap,</span> <span class='ocrx_word' id='word_1_596' title='bbox 1134 4828 1241 4897; x_wconf 66' lang='lat' dir='ltr'>etc.</span> <span class='ocrx_word' id='word_1_597' title='bbox 1302 4814 1491 4869; x_wconf 85' lang='lat' dir='ltr'>Verba</span> <span class='ocrx_word' id='word_1_598' title='bbox 1549 4810 1751 4894; x_wconf 72' lang='lat' dir='ltr'>isthazc</span> <span class='ocrx_word' id='word_1_599' title='bbox 1819 4815 2015 4870; x_wconf 78' lang='lat' dir='ltr'>Graeca</span> 
     </span>
    </p>
   </div>
   <div class='ocr_carea' id='block_1_89' title="bbox 362 4884 2010 4959">
    <p class='ocr_par' dir='ltr' id='par_1_89' title="bbox 362 4884 2010 4959">
     <span class='ocr_line' id='line_1_90' title="bbox 362 4884 2010 4959; baseline 0.001 -19"><span class='ocrx_word' id='word_1_600' title='bbox 362 4884 607 4959; x_wconf 79' lang='lat' dir='ltr'>Erasmo</span> <span class='ocrx_word' id='word_1_601' title='bbox 636 4902 703 4959; x_wconf 82' lang='lat' dir='ltr'>ac</span> <span class='ocrx_word' id='word_1_602' title='bbox 736 4887 995 4942; x_wconf 88' lang='lat' dir='ltr'>Mariano</span> <span class='ocrx_word' id='word_1_603' title='bbox 1021 4884 1287 4959; x_wconf 79' lang='lat' dir='ltr'>ignorata</span> <span class='ocrx_word' id='word_1_604' title='bbox 1314 4902 1575 4957; x_wconf 88' lang='lat' dir='ltr'>prorsus,</span> <span class='ocrx_word' id='word_1_605' title='bbox 1595 4884 1734 4959; x_wconf 83' lang='lat' dir='ltr'>quia</span> <span class='ocrx_word' id='word_1_606' title='bbox 1779 4903 1808 4940; x_wconf 93' lang='lat' dir='ltr'>e</span> <span class='ocrx_word' id='word_1_607' title='bbox 1836 4958 1841 4959; x_wconf 79' lang='lat'>7</span> <span class='ocrx_word' id='word_1_608' title='bbox 1869 4904 2010 4959; x_wconf 89' lang='lat' dir='ltr'>mss.</span> 
     </span>
    </p>
   </div>
   <div class='ocr_carea' id='block_1_90' title="bbox 363 4955 2013 5029">
    <p class='ocr_par' dir='ltr' id='par_1_90' title="bbox 363 4955 2013 5029">
     <span class='ocr_line' id='line_1_91' title="bbox 363 4955 2013 5029; baseline 0 -17"><span class='ocrx_word' id='word_1_609' title='bbox 363 4957 801 5029; x_wconf 82' lang='lat' dir='ltr'>exemplaribus</span> <span class='ocrx_word' id='word_1_610' title='bbox 832 4974 947 5013; x_wconf 90' lang='lat' dir='ltr'>non</span> <span class='ocrx_word' id='word_1_611' title='bbox 1006 4955 1133 5012; x_wconf 70' lang='lat' dir='ltr'>sine</span> <span class='ocrx_word' id='word_1_612' title='bbox 1180 4955 1394 5029; x_wconf 76' lang='lat' dir='ltr'>labore</span> <span class='ocrx_word' id='word_1_613' title='bbox 1427 4972 1491 5010; x_wconf 89' lang='lat' dir='ltr'>ac</span> <span class='ocrx_word' id='word_1_614' title='bbox 1553 4955 1762 5029; x_wconf 81' lang='lat' dir='ltr'>capitis</span> <span class='ocrx_word' id='word_1_615' title='bbox 1815 4957 2013 5029; x_wconf 89' lang='lat' dir='ltr'>dolore</span> 
     </span>
    </p>
   </div>
   <div class='ocr_carea' id='block_1_91' title="bbox 366 5028 2014 5102">
    <p class='ocr_par' dir='ltr' id='par_1_91' title="bbox 366 5028 2014 5102">
     <span class='ocr_line' id='line_1_92' title="bbox 366 5028 2014 5102; baseline 0.001 -20"><span class='ocrx_word' id='word_1_616' title='bbox 366 5028 826 5102; x_wconf 31' lang='lat' dir='ltr'>nobis’eruenda</span> <span class='ocrx_word' id='word_1_617' title='bbox 849 5029 1232 5102; x_wconf 88' lang='lat' dir='ltr'>reliquerunt.</span> <span class='ocrx_word' id='word_1_618' title='bbox 1288 5028 1624 5102; x_wconf 68' lang='lat' dir='ltr'>Maluerunt</span> <span class='ocrx_word' id='word_1_619' title='bbox 1682 5028 1763 5102; x_wconf 88' lang='lat' dir='ltr'>illi</span> <span class='ocrx_word' id='word_1_620' title='bbox 1823 5028 2014 5102; x_wconf 87' lang='lat' dir='ltr'>aliena</span> 
     </span>
    </p>
   </div>
   <div class='ocr_carea' id='block_1_92' title="bbox 365 5098 2013 5223">
    <p class='ocr_par' dir='ltr' id='par_1_92' title="bbox 365 5098 2013 5223">
     <span class='ocr_line' id='line_1_93' title="bbox 365 5098 2013 5223; baseline 0.001 -70"><span class='ocrx_word' id='word_1_621' title='bbox 365 5099 605 5223; x_wconf 55' lang='lat' dir='ltr'>fingere,</span> <span class='ocrx_word' id='word_1_622' title='bbox 664 5105 719 5155; x_wconf 88' lang='lat' dir='ltr'>et</span> <span class='ocrx_word' id='word_1_623' title='bbox 776 5101 834 5155; x_wconf 91' lang='lat' dir='ltr'>in</span> <span class='ocrx_word' id='word_1_624' title='bbox 888 5098 1221 5156; x_wconf 78' lang='lat' dir='ltr'>contextum</span> <span class='ocrx_word' id='word_1_625' title='bbox 1294 5098 1629 5170; x_wconf 86' lang='lat' dir='ltr'>Hieronymi</span> <span class='ocrx_word' id='word_1_626' title='bbox 1702 5101 2013 5155; x_wconf 89' lang='lat' dir='ltr'>obtrudere</span> 
     </span>
     <span class='ocr_line' id='line_1_94' title="bbox 366 5170 2013 5223; baseline 0 0"><span class='ocrx_word' id='word_1_627' title='bbox 366 5185 467 5223; x_wconf 88' lang='lat' dir='ltr'>mu</span> <span class='ocrx_word' id='word_1_628' title='bbox 497 5170 744 5223; x_wconf 81' lang='lat' dir='ltr'>tafalsa.</span> <span class='ocrx_word' id='word_1_629' title='bbox 777 5189 956 5223; x_wconf 75' lang='lat' dir='ltr'>quam</span> <span class='ocrx_word' id='word_1_630' title='bbox 1015 5172 1277 5223; x_wconf 67' lang='lat' dir='ltr'>diligenti</span> <span class='ocrx_word' id='word_1_631' title='bbox 1331 5170 1703 5223; x_wconf 74' lang='lat' dir='ltr'>indagatione</span> <span class='ocrx_word' id='word_1_632' title='bbox 1761 5172 2013 5223; x_wconf 71' lang='lat' dir='ltr'>genuina</span> 
     </span>
    </p>
   </div>
   <div class='ocr_carea' id='block_1_93' title="bbox 366 5170 2013 5244">
    <p class='ocr_par' dir='ltr' id='par_1_93' title="bbox 366 5170 2013 5244">
     <span class='ocr_line' id='line_1_95' title="bbox 366 5170 2013 5244; baseline 0.001 -20"><span class='ocrx_word' id='word_1_633' title='bbox 366 5170 744 5244; x_wconf 71' lang='lat' dir='ltr'>multatalsa,</span> <span class='ocrx_word' id='word_1_634' title='bbox 777 5189 956 5243; x_wconf 81' lang='lat' dir='ltr'>quam</span> <span class='ocrx_word' id='word_1_635' title='bbox 1015 5172 1277 5244; x_wconf 80' lang='lat' dir='ltr'>diligenti</span> <span class='ocrx_word' id='word_1_636' title='bbox 1331 5170 1703 5244; x_wconf 83' lang='lat' dir='ltr'>indagatione</span> <span class='ocrx_word' id='word_1_637' title='bbox 1760 5172 2013 5242; x_wconf 87' lang='lat' dir='ltr'>genuina</span> 
     </span>
    </p>
   </div>
   <div class='ocr_carea' id='block_1_94' title="bbox 365 5241 2009 5316">
    <p class='ocr_par' dir='ltr' id='par_1_94' title="bbox 365 5241 2009 5316">
     <span class='ocr_line' id='line_1_96' title="bbox 365 5241 2009 5316; baseline 0.002 -21"><span class='ocrx_word' id='word_1_638' title='bbox 365 5241 689 5316; x_wconf 74' lang='lat' dir='ltr'>restituere.</span> <span class='ocrx_word' id='word_1_639' title='bbox 727 5241 811 5316; x_wconf 64' lang='grc' dir='ltr'>ΔΙῐὶ</span> <span class='ocrx_word' id='word_1_640' title='bbox 872 5244 1027 5299; x_wconf 90' lang='lat' dir='ltr'>hunc</span> <span class='ocrx_word' id='word_1_641' title='bbox 1080 5241 1260 5316; x_wconf 88' lang='lat' dir='ltr'>igitur</span> <span class='ocrx_word' id='word_1_642' title='bbox 1335 5243 1571 5316; x_wconf 80' lang='lat' dir='ltr'>modum</span> <span class='ocrx_word' id='word_1_643' title='bbox 1628 5241 2009 5316; x_wconf 80' lang='lat' dir='ltr'>depravatum</span> 
     </span>
    </p>
   </div>
   <div class='ocr_carea' id='block_1_95' title="bbox 364 5311 2015 5387">
    <p class='ocr_par' dir='ltr' id='par_1_95' title="bbox 364 5311 2015 5387">
     <span class='ocr_line' id='line_1_97' title="bbox 364 5311 2015 5387; baseline -0.001 -21"><span class='ocrx_word' id='word_1_644' title='bbox 364 5311 595 5387; x_wconf 60' lang='lat' dir='ltr'>tzdidere</span> <span class='ocrx_word' id='word_1_645' title='bbox 669 5311 1156 5387; x_wconf 44' lang='lat' dir='ltr'>Hieronymum“:</span> <span class='ocrx_word' id='word_1_646' title='bbox 1218 5314 1484 5387; x_wconf 45' lang='lat' dir='ltr'>‘bsuxﬁw</span> <span class='ocrx_word' id='word_1_647' title='bbox 1562 5311 1865 5387; x_wconf 55' lang='lat' dir='ltr'>trutinato-1</span> <span class='ocrx_word' id='word_1_648' title='bbox 1920 5315 2015 5387; x_wconf 63' lang='grc' dir='ltr'>καὶ</span> 
     </span>
    </p>
   </div>
   <div class='ocr_carea' id='block_1_96' title="bbox 366 5381 2008 5456">
    <p class='ocr_par' dir='ltr' id='par_1_96' title="bbox 366 5381 2008 5456">
     <span class='ocr_line' id='line_1_98' title="bbox 366 5381 2008 5456; baseline 0.002 -23"><span class='ocrx_word' id='word_1_649' title='bbox 366 5381 652 5456; x_wconf 53' lang='grc' dir='ltr'>ἐκκοπτέον</span> <span class='ocrx_word' id='word_1_650' title='bbox 716 5381 981 5456; x_wconf 70' lang='grc' dir='ltr'>ἀσθὲνέιαν</span> <span class='ocrx_word' id='word_1_651' title='bbox 1047 5385 1139 5456; x_wconf 74' lang='grc' dir='ltr'>μὲν</span> <span class='ocrx_word' id='word_1_652' title='bbox 1188 5389 1285 5456; x_wconf 59' lang='lat' dir='ltr'>to}</span> <span class='ocrx_word' id='word_1_653' title='bbox 1334 5384 1609 5456; x_wconf 71' lang='grc' dir='ltr'>σώματος,</span> <span class='ocrx_word' id='word_1_654' title='bbox 1662 5382 2008 5456; x_wconf 71' lang='grc' dir='ltr'>ἀπαιδευσίᾳν</span> 
     </span>
    </p>
   </div>
   <div class='ocr_carea' id='block_1_97' title="bbox 368 5450 2011 5533">
    <p class='ocr_par' dir='ltr' id='par_1_97' title="bbox 368 5450 2011 5533">
     <span class='ocr_line' id='line_1_99' title="bbox 368 5450 2011 5533; baseline 0.001 -26"><span class='ocrx_word' id='word_1_655' title='bbox 368 5450 423 5507; x_wconf 65' lang='grc' dir='ltr'>δὲ</span> <span class='ocrx_word' id='word_1_656' title='bbox 452 5459 591 5533; x_wconf 29' lang='grc' dir='ltr'>τῆς..</span> <span class='ocrx_word' id='word_1_657' title='bbox 612 5456 819 5529; x_wconf 73' lang='grc' dir='ltr'>ψυχῆς,</span> <span class='ocrx_word' id='word_1_658' title='bbox 840 5450 1147 5533; x_wconf 33' lang='grc' dir='ltr'>’ἀκολαξίαν</span> <span class='ocrx_word' id='word_1_659' title='bbox 1201 5453 1273 5533; x_wconf 38' lang='grc' dir='ltr'>δὲ.</span> <span class='ocrx_word' id='word_1_660' title='bbox 1304 5460 1400 5509; x_wconf 72' lang='grc' dir='ltr'>τοῦ</span> <span class='ocrx_word' id='word_1_661' title='bbox 1422 5450 1429 5456; x_wconf 66' lang='grc'><em>’</em></span> <span class='ocrx_word' id='word_1_662' title='bbox 1451 5457 1705 5533; x_wconf 57' lang='grc' dir='ltr'>γασῖερρς,</span> <span class='ocrx_word' id='word_1_663' title='bbox 1740 5457 1919 5533; x_wconf 32' lang='grc' dir='ltr'>σεε-ἀτιν</span> <span class='ocrx_word' id='word_1_664' title='bbox 1955 5453 2011 5509; x_wconf 71' lang='grc' dir='ltr'>δὲ</span> 
     </span>
    </p>
   </div>
   <div class='ocr_carea' id='block_1_98' title="bbox 365 5521 2007 5604">
    <p class='ocr_par' dir='ltr' id='par_1_98' title="bbox 365 5521 2007 5604">
     <span class='ocr_line' id='line_1_100' title="bbox 365 5521 2007 5604; baseline 0.002 -27"><span class='ocrx_word' id='word_1_665' title='bbox 365 5531 467 5604; x_wconf 68' lang='grc' dir='ltr'>τῆς</span> <span class='ocrx_word' id='word_1_666' title='bbox 499 5521 759 5604; x_wconf 40' lang='grc' dir='ltr'>πόξκέωξς</span> <span class='ocrx_word' id='word_1_667' title='bbox 794 5521 892 5604; x_wconf 56' lang='grc' dir='ltr'>τὴν</span> <span class='ocrx_word' id='word_1_668' title='bbox 940 5524 1009 5604; x_wconf 32' lang='grc' dir='ltr'>’δὲ</span> <span class='ocrx_word' id='word_1_669' title='bbox 1048 5526 1340 5604; x_wconf 71' lang='grc' dir='ltr'>διαφωνίαν</span> <span class='ocrx_word' id='word_1_670' title='bbox 1381 5521 1477 5595; x_wconf 68' lang='grc' dir='ltr'>τῆξ</span> <span class='ocrx_word' id='word_1_671' title='bbox 1527 5521 1810 5597; x_wconf 57' lang='grc' dir='ltr'>οἷὶία, καὶ</span> <span class='ocrx_word' id='word_1_672' title='bbox 1851 5532 2007 5601; x_wconf 78' lang='grc' dir='ltr'>κοινῇ</span> 
     </span>
    </p>
   </div>
   <div class='ocr_carea' id='block_1_99' title="bbox 366 5594 2011 5673">
    <p class='ocr_par' dir='ltr' id='par_1_99' title="bbox 366 5594 2011 5673">
     <span class='ocr_line' id='line_1_101' title="bbox 366 5594 2011 5673; baseline 0.005 -25"><span class='ocrx_word' id='word_1_673' title='bbox 366 5594 471 5673; x_wconf 63' lang='grc' dir='ltr'>Ξπὸ</span> <span class='ocrx_word' id='word_1_674' title='bbox 530 5595 745 5673; x_wconf 62' lang='grc' dir='ltr'>πᾴνςῳν</span> <span class='ocrx_word' id='word_1_675' title='bbox 775 5597 867 5673; x_wconf 30' lang='grc' dir='ltr'>’τὸ</span> <span class='ocrx_word' id='word_1_676' title='bbox 929 5594 1174 5673; x_wconf 40' lang='lat' dir='ltr'>diiipsi-ch&quot;</span> <span class='ocrx_word' id='word_1_677' title='bbox 1227 5594 1570 5673; x_wconf 29' lang='lat' dir='ltr'>quodgetc.</span> <span class='ocrx_word' id='word_1_678' title='bbox 1608 5672 1615 5673; x_wconf 85' lang='lat'>7</span> <span class='ocrx_word' id='word_1_679' title='bbox 1657 5594 1786 5656; x_wconf 65' lang='lat' dir='ltr'>Haec</span> <span class='ocrx_word' id='word_1_680' title='bbox 1872 5594 2011 5656; x_wconf 70' lang='lat' dir='ltr'>sunt</span> 
     </span>
    </p>
   </div>
   <div class='ocr_carea' id='block_1_100' title="bbox 367 5667 2008 5745">
    <p class='ocr_par' dir='ltr' id='par_1_100' title="bbox 367 5667 2008 5745">
     <span class='ocr_line' id='line_1_102' title="bbox 367 5667 2008 5745; baseline 0.001 -20"><span class='ocrx_word' id='word_1_681' title='bbox 367 5668 595 5725; x_wconf 86' lang='lat' dir='ltr'>Erasmi</span> <span class='ocrx_word' id='word_1_682' title='bbox 633 5667 896 5726; x_wconf 82' lang='lat' dir='ltr'>fabulosa</span> <span class='ocrx_word' id='word_1_683' title='bbox 937 5667 1132 5728; x_wconf 71' lang='lat' dir='ltr'>Graeca</span> <span class='ocrx_word' id='word_1_684' title='bbox 1171 5667 1470 5737; x_wconf 77' lang='lat' dir='ltr'>vocabula,</span> <span class='ocrx_word' id='word_1_685' title='bbox 1522 5672 1736 5744; x_wconf 84' lang='lat' dir='ltr'>quibus</span> <span class='ocrx_word' id='word_1_686' title='bbox 1774 5673 2008 5745; x_wconf 86' lang='lat' dir='ltr'>jamdiu</span> 
     </span>
    </p>
   </div>
   <div class='ocr_carea' id='block_1_101' title="bbox 2122 3316 3773 3391">
    <p class='ocr_par' dir='ltr' id='par_1_101' title="bbox 2122 3316 3773 3391">
     <span class='ocr_line' id='line_1_103' title="bbox 2122 3316 3773 3391; baseline -0.002 -16"><span class='ocrx_word' id='word_1_687' title='bbox 2122 3320 2379 3391; x_wconf 90' lang='lat' dir='ltr'>quotidie</span> <span class='ocrx_word' id='word_1_688' title='bbox 2410 3319 2479 3373; x_wconf 91' lang='lat' dir='ltr'>de</span> <span class='ocrx_word' id='word_1_689' title='bbox 2508 3318 2767 3391; x_wconf 89' lang='lat' dir='ltr'>corporis</span> <span class='ocrx_word' id='word_1_690' title='bbox 2797 3334 3025 3375; x_wconf 81' lang='lat' dir='ltr'>carcere</span> <span class='ocrx_word' id='word_1_691' title='bbox 3046 3316 3330 3373; x_wconf 84' lang='lat' dir='ltr'>nitentem</span> <span class='ocrx_word' id='word_1_692' title='bbox 3360 3316 3570 3372; x_wconf 64' lang='lat' dir='ltr'>animat</span> <span class='ocrx_word' id='word_1_693' title='bbox 3625 3316 3773 3374; x_wconf 87' lang='lat' dir='ltr'>edu-</span> 
     </span>
    </p>
   </div>
   <div class='ocr_carea' id='block_1_102' title="bbox 2122 3405 3769 3478">
    <p class='ocr_par' dir='ltr' id='par_1_102' title="bbox 2122 3405 3769 3478">
     <span class='ocr_line' id='line_1_104' title="bbox 2122 3405 3769 3478; baseline -0.002 -12"><span class='ocrx_word' id='word_1_694' title='bbox 2122 3426 2249 3466; x_wconf 84' lang='lat' dir='ltr'>cere</span> <span class='ocrx_word' id='word_1_695' title='bbox 2303 3407 2669 3477; x_wconf 87' lang='lat' dir='ltr'>libertatem;</span> <span class='ocrx_word' id='word_1_696' title='bbox 2732 3408 2991 3478; x_wconf 70' lang='grc' dir='ltr'>μαϐήσεις</span> <span class='ocrx_word' id='word_1_697' title='bbox 3052 3405 3380 3477; x_wconf 70' lang='grc' dir='ltr'>ἀναμνήσεις</span> <span class='ocrx_word' id='word_1_698' title='bbox 3404 3407 3446 3471; x_wconf 77' lang='grc'>⁸,</span> <span class='ocrx_word' id='word_1_699' title='bbox 3527 3405 3585 3461; x_wconf 91' lang='lat' dir='ltr'>id</span> <span class='ocrx_word' id='word_1_700' title='bbox 3659 3411 3769 3462; x_wconf 88' lang='lat' dir='ltr'>est.</span> 
     </span>
    </p>
   </div>
   <div class='ocr_carea' id='block_1_103' title="bbox 2120 3494 3772 3566">
    <p class='ocr_par' dir='ltr' id='par_1_103' title="bbox 2120 3494 3772 3566">
     <span class='ocr_line' id='line_1_105' title="bbox 2120 3494 3772 3566; baseline -0.002 -12"><span class='ocrx_word' id='word_1_701' title='bbox 2120 3498 2409 3554; x_wconf 68' lang='lat' dir='ltr'>discentia:</span> <span class='ocrx_word' id='word_1_702' title='bbox 2438 3498 2875 3553; x_wconf 74' lang='lat' dir='ltr'>reminiscentia:</span> <span class='ocrx_word' id='word_1_703' title='bbox 2914 3512 3080 3563; x_wconf 89' lang='lat' dir='ltr'>esse;</span> <span class='ocrx_word' id='word_1_704' title='bbox 3128 3500 3186 3551; x_wconf 89' lang='lat' dir='ltr'>et</span> <span class='ocrx_word' id='word_1_705' title='bbox 3232 3494 3417 3551; x_wconf 91' lang='lat' dir='ltr'>multa</span> <span class='ocrx_word' id='word_1_706' title='bbox 3474 3494 3612 3562; x_wconf 89' lang='lat' dir='ltr'>alia,</span> <span class='ocrx_word' id='word_1_707' title='bbox 3643 3511 3772 3566; x_wconf 65' lang='lat' dir='ltr'>qua</span> 
     </span>
    </p>
   </div>
   <div class='ocr_carea' id='block_1_104' title="bbox 2123 3672 3772 3746">
    <p class='ocr_par' dir='ltr' id='par_1_104' title="bbox 2123 3672 3772 3746">
     <span class='ocr_line' id='line_1_106' title="bbox 2123 3672 3772 3746; baseline -0.001 -13"><span class='ocrx_word' id='word_1_708' title='bbox 2123 3678 2323 3733; x_wconf 84' lang='lat' dir='ltr'>fucum</span> <span class='ocrx_word' id='word_1_709' title='bbox 2347 3676 2479 3731; x_wconf 86' lang='lat' dir='ltr'>fecit</span> <span class='ocrx_word' id='word_1_710' title='bbox 2507 3674 2803 3741; x_wconf 87' lang='lat' dir='ltr'>omnibus,</span> <span class='ocrx_word' id='word_1_711' title='bbox 2837 3672 2938 3746; x_wconf 92' lang='lat' dir='ltr'>qui</span> <span class='ocrx_word' id='word_1_712' title='bbox 2986 3673 3271 3746; x_wconf 87' lang='lat' dir='ltr'>putabant</span> <span class='ocrx_word' id='word_1_713' title='bbox 3314 3689 3460 3746; x_wconf 85' lang='lat' dir='ltr'>eum</span> <span class='ocrx_word' id='word_1_714' title='bbox 3513 3672 3772 3731; x_wconf 88' lang='lat' dir='ltr'>edidisse</span> 
     </span>
    </p>
   </div>
   <div class='ocr_carea' id='block_1_105' title="bbox 2123 3691 3770 3831">
    <p class='ocr_par' dir='ltr' id='par_1_105' title="bbox 2123 3691 3770 3831">
     <span class='ocr_line' id='line_1_107' title="bbox 2123 3691 3770 3799; baseline -0.001 -66"><span class='ocrx_word' id='word_1_715' title='bbox 2123 3691 2323 3733; x_wconf 70' lang='lat' dir='ltr'>t‘ucum</span> <span class='ocrx_word' id='word_1_716' title='bbox 2347 3691 2479 3731; x_wconf 76' lang='lat' dir='ltr'>leCIL</span> <span class='ocrx_word' id='word_1_717' title='bbox 2507 3691 2803 3741; x_wconf 77' lang='lat' dir='ltr'>omnibus,</span> <span class='ocrx_word' id='word_1_718' title='bbox 2837 3691 2938 3799; x_wconf 59' lang='lat' dir='ltr'>qui</span> <span class='ocrx_word' id='word_1_719' title='bbox 2986 3691 3271 3746; x_wconf 77' lang='lat' dir='ltr'>putabant</span> <span class='ocrx_word' id='word_1_720' title='bbox 3325 3691 3460 3729; x_wconf 92' lang='lat' dir='ltr'>eum</span> <span class='ocrx_word' id='word_1_721' title='bbox 3513 3691 3770 3731; x_wconf 78' lang='lat' dir='ltr'>edidisse</span> 
     </span>
     <span class='ocr_line' id='line_1_108' title="bbox 2123 3744 3770 3831; baseline -0.002 -28"><span class='ocrx_word' id='word_1_722' title='bbox 2123 3749 2310 3831; x_wconf 78' lang='lat' dir='ltr'>Qpera</span> <span class='ocrx_word' id='word_1_723' title='bbox 2331 3746 2776 3827; x_wconf 80' lang='lat' dir='ltr'>Hieronymiana</span> <span class='ocrx_word' id='word_1_724' title='bbox 2805 3763 2839 3799; x_wconf 90' lang='lat' dir='ltr'>a</span> <span class='ocrx_word' id='word_1_725' title='bbox 2872 3821 2881 3831; x_wconf 65' lang='lat'>7</span> <span class='ocrx_word' id='word_1_726' title='bbox 2910 3744 3648 3831; x_wconf 54' lang='lat' dir='ltr'>fidemvetustissimorum</span> <span class='ocrx_word' id='word_1_727' title='bbox 3679 3761 3770 3831; x_wconf 77' lang='lat' dir='ltr'>eo-</span> 
     </span>
    </p>
   </div>
   <div class='ocr_carea' id='block_1_106' title="bbox 2125 3816 3772 3888">
    <p class='ocr_par' dir='ltr' id='par_1_106' title="bbox 2125 3816 3772 3888">
     <span class='ocr_line' id='line_1_109' title="bbox 2125 3816 3772 3888; baseline -0.002 -13"><span class='ocrx_word' id='word_1_728' title='bbox 2125 3816 2320 3875; x_wconf 80' lang='lat' dir='ltr'>dicum</span> <span class='ocrx_word' id='word_1_729' title='bbox 2347 3837 2360 3885; x_wconf 90' lang='lat'>;</span> <span class='ocrx_word' id='word_1_730' title='bbox 2394 3836 2507 3873; x_wconf 91' lang='lat' dir='ltr'>non</span> <span class='ocrx_word' id='word_1_731' title='bbox 2542 3816 2609 3873; x_wconf 75' lang='lat' dir='ltr'>ex</span> <span class='ocrx_word' id='word_1_732' title='bbox 2633 3818 2809 3873; x_wconf 89' lang='lat' dir='ltr'>meris</span> <span class='ocrx_word' id='word_1_733' title='bbox 2833 3821 3004 3888; x_wconf 92' lang='lat' dir='ltr'>atque</span> <span class='ocrx_word' id='word_1_734' title='bbox 3029 3816 3293 3888; x_wconf 81' lang='lat' dir='ltr'>futilibus</span> <span class='ocrx_word' id='word_1_735' title='bbox 3324 3816 3447 3871; x_wconf 89' lang='lat' dir='ltr'>suis</span> <span class='ocrx_word' id='word_1_736' title='bbox 3478 3817 3772 3887; x_wconf 87' lang='lat' dir='ltr'>conjectu-</span> 
     </span>
    </p>
   </div>
   <div class='ocr_carea' id='block_1_107' title="bbox 2124 3887 3769 3959">
    <p class='ocr_par' dir='ltr' id='par_1_107' title="bbox 2124 3887 3769 3959">
     <span class='ocr_line' id='line_1_110' title="bbox 2124 3887 3769 3959; baseline -0.002 -13"><span class='ocrx_word' id='word_1_737' title='bbox 2124 3892 2226 3946; x_wconf 91' lang='lat' dir='ltr'>ris.</span> <span class='ocrx_word' id='word_1_738' title='bbox 2285 3893 2568 3947; x_wconf 70' lang='lat' dir='ltr'>Cazterum</span> <span class='ocrx_word' id='word_1_739' title='bbox 2636 3887 2927 3943; x_wconf 80' lang='lat' dir='ltr'>omittunt</span> <span class='ocrx_word' id='word_1_740' title='bbox 2990 3887 3343 3959; x_wconf 89' lang='lat' dir='ltr'>exemplaria</span> <span class='ocrx_word' id='word_1_741' title='bbox 3411 3904 3553 3943; x_wconf 89' lang='lat' dir='ltr'>mss.</span> <span class='ocrx_word' id='word_1_742' title='bbox 3600 3905 3769 3959; x_wconf 63' lang='lat' dir='ltr'>quae</span> 
     </span>
    </p>
   </div>
   <div class='ocr_carea' id='block_1_108' title="bbox 2126 3958 3773 4031">
    <p class='ocr_par' dir='ltr' id='par_1_108' title="bbox 2126 3958 3773 4031">
     <span class='ocr_line' id='line_1_111' title="bbox 2126 3958 3773 4031; baseline -0.001 -14"><span class='ocrx_word' id='word_1_743' title='bbox 2126 3963 2485 4017; x_wconf 90' lang='lat' dir='ltr'>clauduntur</span> <span class='ocrx_word' id='word_1_744' title='bbox 2504 3959 2984 4015; x_wconf 88' lang='lat' dir='ltr'>uncinatislineis</span> <span class='ocrx_word' id='word_1_745' title='bbox 3009 3977 3021 4020; x_wconf 85' lang='lat'>;</span> <span class='ocrx_word' id='word_1_746' title='bbox 3046 3958 3293 4031; x_wconf 62' lang='lat' dir='ltr'>qumque</span> <span class='ocrx_word' id='word_1_747' title='bbox 3316 3974 3422 4015; x_wconf 88' lang='lat' dir='ltr'>nos</span> <span class='ocrx_word' id='word_1_748' title='bbox 3443 3958 3773 4031; x_wconf 83' lang='lat' dir='ltr'>supplenda</span> 
     </span>
    </p>
   </div>
   <div class='ocr_carea' id='block_1_109' title="bbox 2127 4031 3382 4103">
    <p class='ocr_par' dir='ltr' id='par_1_109' title="bbox 2127 4031 3382 4103">
     <span class='ocr_line' id='line_1_112' title="bbox 2127 4031 3382 4103; baseline -0.005 -12"><span class='ocrx_word' id='word_1_749' title='bbox 2127 4035 2452 4092; x_wconf 89' lang='lat' dir='ltr'>docuerunt</span> <span class='ocrx_word' id='word_1_750' title='bbox 2476 4032 2681 4087; x_wconf 87' lang='lat' dir='ltr'>Latina</span> <span class='ocrx_word' id='word_1_751' title='bbox 2710 4031 3382 4103; x_wconf 52' lang='lat' dir='ltr'>Hieronymi.7MAaruN.</span> 
     </span>
    </p>
   </div>
   <div class='ocr_carea' id='block_1_110' title="bbox 2200 4100 3771 4173">
    <p class='ocr_par' dir='ltr' id='par_1_110' title="bbox 2200 4100 3771 4173">
     <span class='ocr_line' id='line_1_113' title="bbox 2200 4100 3771 4173; baseline -0.001 -14"><span class='ocrx_word' id='word_1_752' title='bbox 2200 4105 2621 4159; x_wconf 75' lang='lat' dir='ltr'>‘Martianams</span> <span class='ocrx_word' id='word_1_753' title='bbox 2680 4120 2746 4157; x_wconf 82' lang='lat' dir='ltr'>ex</span> <span class='ocrx_word' id='word_1_754' title='bbox 2804 4100 3008 4157; x_wconf 77' lang='lat' dir='ltr'>Latina</span> <span class='ocrx_word' id='word_1_755' title='bbox 3074 4101 3408 4173; x_wconf 87' lang='lat' dir='ltr'>Hieronymi</span> <span class='ocrx_word' id='word_1_756' title='bbox 3485 4100 3771 4173; x_wconf 85' lang='lat' dir='ltr'>versione,</span> 
     </span>
    </p>
   </div>
   <div class='ocr_carea' id='block_1_111' title="bbox 2127 4171 3775 4247">
    <p class='ocr_par' dir='ltr' id='par_1_111' title="bbox 2127 4171 3775 4247">
     <span class='ocr_line' id='line_1_114' title="bbox 2127 4171 3775 4247; baseline -0.001 -17"><span class='ocrx_word' id='word_1_757' title='bbox 2127 4193 2255 4247; x_wconf 74' lang='lat' dir='ltr'>quae</span> <span class='ocrx_word' id='word_1_758' title='bbox 2307 4176 2600 4232; x_wconf 88' lang='lat' dir='ltr'>subditur,</span> <span class='ocrx_word' id='word_1_759' title='bbox 2633 4176 2853 4247; x_wconf 40' lang='lat' dir='ltr'>Graeca</span> <span class='ocrx_word' id='word_1_760' title='bbox 2894 4173 3162 4247; x_wconf 65' lang='lat' dir='ltr'>quaedam</span> <span class='ocrx_word' id='word_1_761' title='bbox 3211 4171 3386 4247; x_wconf 73' lang='lat' dir='ltr'>verba</span> <span class='ocrx_word' id='word_1_762' title='bbox 3435 4171 3775 4247; x_wconf 73' lang='lat' dir='ltr'>_supplevit,</span> 
     </span>
    </p>
   </div>
   <div class='ocr_carea' id='block_1_112' title="bbox 2127 4243 3775 4317">
    <p class='ocr_par' dir='ltr' id='par_1_112' title="bbox 2127 4243 3775 4317">
     <span class='ocr_line' id='line_1_115' title="bbox 2127 4243 3775 4317; baseline -0.002 -15"><span class='ocrx_word' id='word_1_763' title='bbox 2127 4243 2254 4317; x_wconf 66' lang='lat' dir='ltr'>quae</span> <span class='ocrx_word' id='word_1_764' title='bbox 2286 4247 2343 4300; x_wconf 91' lang='lat' dir='ltr'>in</span> <span class='ocrx_word' id='word_1_765' title='bbox 2371 4245 3162 4317; x_wconf 86' lang='lat' dir='ltr'>mss.desiderabantur.Nos</span> <span class='ocrx_word' id='word_1_766' title='bbox 3194 4260 3260 4299; x_wconf 87' lang='lat' dir='ltr'>ex</span> <span class='ocrx_word' id='word_1_767' title='bbox 3280 4243 3415 4317; x_wconf 81' lang='lat' dir='ltr'>ipsa</span> <span class='ocrx_word' id='word_1_768' title='bbox 3434 4243 3775 4315; x_wconf 66' lang='lat' dir='ltr'>Pythagorae</span> 
     </span>
    </p>
   </div>
   <div class='ocr_carea' id='block_1_113' title="bbox 2126 4315 3776 4389">
    <p class='ocr_par' dir='ltr' id='par_1_113' title="bbox 2126 4315 3776 4389">
     <span class='ocr_line' id='line_1_116' title="bbox 2126 4315 3776 4389; baseline -0.002 -16"><span class='ocrx_word' id='word_1_769' title='bbox 2126 4315 2241 4373; x_wconf 76' lang='lat' dir='ltr'>vita</span> <span class='ocrx_word' id='word_1_770' title='bbox 2275 4335 2376 4389; x_wconf 89' lang='lat' dir='ltr'>per</span> <span class='ocrx_word' id='word_1_771' title='bbox 2393 4316 2817 4381; x_wconf 88' lang='lat' dir='ltr'>Jamblichum,</span> <span class='ocrx_word' id='word_1_772' title='bbox 2852 4315 2972 4371; x_wconf 89' lang='lat' dir='ltr'>sive</span> <span class='ocrx_word' id='word_1_773' title='bbox 3002 4332 3105 4389; x_wconf 82' lang='lat' dir='ltr'>per</span> <span class='ocrx_word' id='word_1_774' title='bbox 3125 4315 3534 4388; x_wconf 89' lang='lat' dir='ltr'>Porphyrium,</span> <span class='ocrx_word' id='word_1_775' title='bbox 3590 4331 3776 4389; x_wconf 88' lang='lat' dir='ltr'>quem</span> 
     </span>
    </p>
   </div>
   <div class='ocr_carea' id='block_1_114' title="bbox 2125 4387 3775 4459">
    <p class='ocr_par' dir='ltr' id='par_1_114' title="bbox 2125 4387 3775 4459">
     <span class='ocr_line' id='line_1_117' title="bbox 2125 4387 3775 4459; baseline -0.001 -15"><span class='ocrx_word' id='word_1_776' title='bbox 2125 4387 2497 4445; x_wconf 82' lang='lat' dir='ltr'>Jamblichus</span> <span class='ocrx_word' id='word_1_777' title='bbox 2547 4389 2767 4459; x_wconf 84' lang='lat' dir='ltr'>passim</span> <span class='ocrx_word' id='word_1_778' title='bbox 2828 4387 3121 4459; x_wconf 79' lang='lat' dir='ltr'>exscribit,</span> <span class='ocrx_word' id='word_1_779' title='bbox 3160 4387 3526 4459; x_wconf 44' lang='lat' dir='ltr'>7uno7&#39;atque</span> <span class='ocrx_word' id='word_1_780' title='bbox 3582 4387 3775 4459; x_wconf 75' lang='lat' dir='ltr'>altero</span> 
     </span>
    </p>
   </div>
   <div class='ocr_carea' id='block_1_115' title="bbox 2130 4453 3776 4528">
    <p class='ocr_par' dir='ltr' id='par_1_115' title="bbox 2130 4453 3776 4528">
     <span class='ocr_line' id='line_1_118' title="bbox 2130 4453 3776 4528; baseline -0.004 -13"><span class='ocrx_word' id='word_1_781' title='bbox 2130 4460 2253 4516; x_wconf 95' lang='lat' dir='ltr'>loco</span> <span class='ocrx_word' id='word_1_782' title='bbox 2285 4453 2673 4515; x_wconf 79' lang='lat' dir='ltr'>restituimus.</span> <span class='ocrx_word' id='word_1_783' title='bbox 2724 4460 2969 4528; x_wconf 81' lang='lat' dir='ltr'>Legerat</span> <span class='ocrx_word' id='word_1_784' title='bbox 3013 4453 3113 4513; x_wconf 88' lang='lat' dir='ltr'>hic</span> <span class='ocrx_word' id='word_1_785' title='bbox 3156 4453 3531 4513; x_wconf 65' lang='lat' dir='ltr'>Martianasus</span> <span class='ocrx_word' id='word_1_786' title='bbox 3572 4453 3776 4510; x_wconf 80' lang='grc' dir='ltr'>ἀκολα-</span> 
     </span>
    </p>
   </div>
   <div class='ocr_carea' id='block_1_116' title="bbox 2131 4526 3783 4602">
    <p class='ocr_par' dir='ltr' id='par_1_116' title="bbox 2131 4526 3783 4602">
     <span class='ocr_line' id='line_1_119' title="bbox 2131 4526 3783 4602; baseline 0 -19"><span class='ocrx_word' id='word_1_787' title='bbox 2131 4532 2269 4599; x_wconf 75' lang='grc' dir='ltr'>σίαν,</span> <span class='ocrx_word' id='word_1_788' title='bbox 2301 4548 2404 4602; x_wconf 91' lang='lat' dir='ltr'>pro</span> <span class='ocrx_word' id='word_1_789' title='bbox 2429 4548 2495 4586; x_wconf 93' lang='lat' dir='ltr'>eo</span> <span class='ocrx_word' id='word_1_790' title='bbox 2537 4530 2690 4601; x_wconf 89' lang='lat' dir='ltr'>quod</span> <span class='ocrx_word' id='word_1_791' title='bbox 2751 4526 3130 4602; x_wconf 57' lang='grc' dir='ltr'>πόλιν-δέλειαν,</span> <span class='ocrx_word' id='word_1_792' title='bbox 3173 4528 3231 4602; x_wconf 87' lang='lat' dir='ltr'>id</span> <span class='ocrx_word' id='word_1_793' title='bbox 3290 4533 3378 4585; x_wconf 89' lang='lat' dir='ltr'>est</span> <span class='ocrx_word' id='word_1_794' title='bbox 3433 4529 3625 4602; x_wconf 65' lang='lat' dir='ltr'>tuarum</span> <span class='ocrx_word' id='word_1_795' title='bbox 3679 4534 3783 4584; x_wconf 89' lang='lat' dir='ltr'>aut</span> 
     </span>
    </p>
   </div>
   <div class='ocr_carea' id='block_1_117' title="bbox 2126 4597 3778 4673">
    <p class='ocr_par' dir='ltr' id='par_1_117' title="bbox 2126 4597 3778 4673">
     <span class='ocr_line' id='line_1_120' title="bbox 2126 4597 3778 4673; baseline -0.001 -16"><span class='ocrx_word' id='word_1_796' title='bbox 2126 4597 2623 4673; x_wconf 65' lang='lat' dir='ltr'>sumptuositatein,</span> <span class='ocrx_word' id='word_1_797' title='bbox 2686 4601 2895 4671; x_wconf 88' lang='lat' dir='ltr'>legitur</span> <span class='ocrx_word' id='word_1_798' title='bbox 2939 4602 3001 4673; x_wconf 84' lang='lat' dir='ltr'>in</span> <span class='ocrx_word' id='word_1_799' title='bbox 3060 4617 3128 4657; x_wconf 90' lang='lat' dir='ltr'>ea</span> <span class='ocrx_word' id='word_1_800' title='bbox 3179 4601 3318 4665; x_wconf 90' lang='lat' dir='ltr'>vita,</span> <span class='ocrx_word' id='word_1_801' title='bbox 3372 4604 3429 4673; x_wconf 87' lang='lat' dir='ltr'>et</span> <span class='ocrx_word' id='word_1_802' title='bbox 3459 4597 3633 4659; x_wconf 79' lang='grc' dir='ltr'>οἰκίας</span> <span class='ocrx_word' id='word_1_803' title='bbox 3669 4616 3778 4673; x_wconf 81' lang='lat' dir='ltr'>pro</span> 
     </span>
    </p>
   </div>
   <div class='ocr_carea' id='block_1_118' title="bbox 2124 4671 3767 4744">
    <p class='ocr_par' dir='ltr' id='par_1_118' title="bbox 2124 4671 3767 4744">
     <span class='ocr_line' id='line_1_121' title="bbox 2124 4671 3767 4744; baseline 0.001 -18"><span class='ocrx_word' id='word_1_804' title='bbox 2124 4671 2298 4738; x_wconf 64' lang='lat' dir='ltr'>oi’xoo,</span> <span class='ocrx_word' id='word_1_805' title='bbox 2376 4674 2627 4744; x_wconf 88' lang='lat' dir='ltr'>denique</span> <span class='ocrx_word' id='word_1_806' title='bbox 2683 4671 3051 4744; x_wconf 68' lang='grc' dir='ltr'>πκναμετρίαν</span> <span class='ocrx_word' id='word_1_807' title='bbox 3119 4688 3222 4742; x_wconf 91' lang='lat' dir='ltr'>pro</span> <span class='ocrx_word' id='word_1_808' title='bbox 3280 4672 3510 4744; x_wconf 85' lang='lat' dir='ltr'>duobus</span> <span class='ocrx_word' id='word_1_809' title='bbox 3565 4671 3767 4727; x_wconf 82' lang='lat' dir='ltr'>verbis</span> 
     </span>
    </p>
   </div>
   <div class='ocr_carea' id='block_1_119' title="bbox 2123 4742 3778 4815">
    <p class='ocr_par' dir='ltr' id='par_1_119' title="bbox 2123 4742 3778 4815">
     <span class='ocr_line' id='line_1_122' title="bbox 2123 4742 3778 4815; baseline -0.001 -17"><span class='ocrx_word' id='word_1_810' title='bbox 2123 4746 2336 4799; x_wconf 69' lang='grc' dir='ltr'>πάντων</span> <span class='ocrx_word' id='word_1_811' title='bbox 2369 4742 2648 4815; x_wconf 16' lang='grc' dir='ltr'>ἀμετρήίαν.</span> <span class='ocrx_word' id='word_1_812' title='bbox 2726 4742 2852 4815; x_wconf 67' lang='lat' dir='ltr'>qua:</span> <span class='ocrx_word' id='word_1_813' title='bbox 2937 4742 3195 4815; x_wconf 74' lang='lat' dir='ltr'>Hieron.</span> <span class='ocrx_word' id='word_1_814' title='bbox 3275 4742 3778 4814; x_wconf 88' lang='lat' dir='ltr'>interpretatur,a</span> 
     </span>
    </p>
   </div>
   <div class='ocr_carea' id='block_1_120' title="bbox 2122 4814 3782 4887">
    <p class='ocr_par' dir='ltr' id='par_1_120' title="bbox 2122 4814 3782 4887">
     <span class='ocr_line' id='line_1_123' title="bbox 2122 4814 3782 4887; baseline -0.002 -15"><span class='ocrx_word' id='word_1_815' title='bbox 2122 4819 2330 4872; x_wconf 77' lang='lat' dir='ltr'>cunctis</span> <span class='ocrx_word' id='word_1_816' title='bbox 2396 4814 2553 4871; x_wconf 74' lang='lat' dir='ltr'>rebus</span> <span class='ocrx_word' id='word_1_817' title='bbox 2586 4886 2591 4887; x_wconf 79' lang='lat'>7</span> <span class='ocrx_word' id='word_1_818' title='bbox 2620 4817 3119 4887; x_wconf 75' lang='lat' dir='ltr'>intemperantiam.</span> <span class='ocrx_word' id='word_1_819' title='bbox 3173 4814 3389 4869; x_wconf 71' lang='lat' dir='ltr'>Caztera</span> <span class='ocrx_word' id='word_1_820' title='bbox 3468 4817 3665 4887; x_wconf 89' lang='lat' dir='ltr'>repete</span> <span class='ocrx_word' id='word_1_821' title='bbox 3745 4831 3782 4869; x_wconf 90' lang='lat' dir='ltr'>a</span> 
     </span>
    </p>
   </div>
   <div class='ocr_carea' id='block_1_121' title="bbox 2124 4886 2952 4959">
    <p class='ocr_par' dir='ltr' id='par_1_121' title="bbox 2124 4886 2952 4959">
     <span class='ocr_line' id='line_1_124' title="bbox 2124 4886 2952 4959; baseline -0.006 -15"><span class='ocrx_word' id='word_1_822' title='bbox 2124 4889 2377 4959; x_wconf 88' lang='lat' dir='ltr'>Diogene</span> <span class='ocrx_word' id='word_1_823' title='bbox 2410 4886 2655 4954; x_wconf 89' lang='lat' dir='ltr'>Laertio,</span> <span class='ocrx_word' id='word_1_824' title='bbox 2690 4886 2792 4941; x_wconf 92' lang='lat' dir='ltr'>lib.</span> <span class='ocrx_word' id='word_1_825' title='bbox 2827 4902 2952 4941; x_wconf 85' lang='lat' dir='ltr'>vm.</span> 
     </span>
    </p>
   </div>
   <div class='ocr_carea' id='block_1_122' title="bbox 2192 4954 3777 5028">
    <p class='ocr_par' dir='ltr' id='par_1_122' title="bbox 2192 4954 3777 5028">
     <span class='ocr_line' id='line_1_125' title="bbox 2192 4954 3777 5028; baseline -0.002 -15"><span class='ocrx_word' id='word_1_826' title='bbox 2192 4954 2570 5013; x_wconf 58' lang='lat' dir='ltr'>is&quot;Etamicum</span> <span class='ocrx_word' id='word_1_827' title='bbox 2627 4960 2888 5028; x_wconf 79' lang='lat' dir='ltr'>scipsum.</span> <span class='ocrx_word' id='word_1_828' title='bbox 2956 4954 3426 5028; x_wconf 30' lang='lat' dir='ltr'>Malchusuidem</span> <span class='ocrx_word' id='word_1_829' title='bbox 3457 4954 3654 5028; x_wconf 85' lang='lat' dir='ltr'>habet</span> <span class='ocrx_word' id='word_1_830' title='bbox 3714 4956 3777 5028; x_wconf 88' lang='lat' dir='ltr'>in</span> 
     </span>
    </p>
   </div>
   <div class='ocr_carea' id='block_1_123' title="bbox 2122 5023 3777 5103">
    <p class='ocr_par' dir='ltr' id='par_1_123' title="bbox 2122 5023 3777 5103">
     <span class='ocr_line' id='line_1_126' title="bbox 2122 5023 3777 5103; baseline -0.002 -19"><span class='ocrx_word' id='word_1_831' title='bbox 2122 5030 2255 5087; x_wconf 86' lang='lat' dir='ltr'>Vita</span> <span class='ocrx_word' id='word_1_832' title='bbox 2287 5023 2783 5103; x_wconf 53' lang='lat' dir='ltr'>Pythagortezﬁev</span> <span class='ocrx_word' id='word_1_833' title='bbox 2846 5024 2903 5081; x_wconf 71' lang='grc' dir='ltr'>δὲ</span> <span class='ocrx_word' id='word_1_834' title='bbox 2967 5024 3125 5103; x_wconf 74' lang='grc' dir='ltr'>φίλον</span> <span class='ocrx_word' id='word_1_835' title='bbox 3228 5023 3666 5103; x_wconf 45' lang='grc' dir='ltr'>ἄλλον-ἑαυτόν.</span> <span class='ocrx_word' id='word_1_836' title='bbox 3714 5027 3777 5103; x_wconf 78' lang='lat' dir='ltr'>71d</span> 
     </span>
    </p>
   </div>
   <div class='ocr_carea' id='block_1_124' title="bbox 2121 5097 3773 5171">
    <p class='ocr_par' dir='ltr' id='par_1_124' title="bbox 2121 5097 3773 5171">
     <span class='ocr_line' id='line_1_127' title="bbox 2121 5097 3773 5171; baseline -0.001 -16"><span class='ocrx_word' id='word_1_837' title='bbox 2121 5119 2255 5157; x_wconf 89' lang='lat' dir='ltr'>vero</span> <span class='ocrx_word' id='word_1_838' title='bbox 2288 5097 2565 5156; x_wconf 69' lang='lat' dir='ltr'>adnotare</span> <span class='ocrx_word' id='word_1_839' title='bbox 2597 5100 2771 5166; x_wconf 92' lang='lat' dir='ltr'>volui,</span> <span class='ocrx_word' id='word_1_840' title='bbox 2806 5097 3111 5171; x_wconf 81' lang='lat' dir='ltr'>propterea</span> <span class='ocrx_word' id='word_1_841' title='bbox 3148 5099 3308 5171; x_wconf 83' lang='lat' dir='ltr'>quod</span> <span class='ocrx_word' id='word_1_842' title='bbox 3368 5097 3656 5170; x_wconf 87' lang='lat' dir='ltr'>Diogenes</span> <span class='ocrx_word' id='word_1_843' title='bbox 3711 5098 3773 5171; x_wconf 91' lang='lat' dir='ltr'>in</span> 
     </span>
    </p>
   </div>
   <div class='ocr_carea' id='block_1_125' title="bbox 2124 5169 3775 5246">
    <p class='ocr_par' dir='ltr' id='par_1_125' title="bbox 2124 5169 3775 5246">
     <span class='ocr_line' id='line_1_128' title="bbox 2124 5169 3775 5246; baseline -0.002 -19"><span class='ocrx_word' id='word_1_844' title='bbox 2124 5174 2446 5246; x_wconf 86' lang='lat' dir='ltr'>Pythagora</span> <span class='ocrx_word' id='word_1_845' title='bbox 2474 5172 2640 5246; x_wconf 81' lang='lat' dir='ltr'>aliter</span> <span class='ocrx_word' id='word_1_846' title='bbox 2672 5169 3127 5246; x_wconf 56' lang='lat' dir='ltr'>posuit,7&#39;n_empe</span> <span class='ocrx_word' id='word_1_847' title='bbox 3172 5169 3519 5246; x_wconf 82' lang='lat' dir='ltr'>amicorum</span> <span class='ocrx_word' id='word_1_848' title='bbox 3569 5170 3775 5246; x_wconf 77' lang='lat' dir='ltr'>omnia</span> 
     </span>
    </p>
   </div>
   <div class='ocr_carea' id='block_1_126' title="bbox 2122 5241 3775 5313">
    <p class='ocr_par' dir='ltr' id='par_1_126' title="bbox 2122 5241 3775 5313">
     <span class='ocr_line' id='line_1_129' title="bbox 2122 5241 3775 5313; baseline -0.004 -14"><span class='ocrx_word' id='word_1_849' title='bbox 2122 5241 2251 5300; x_wconf 79' lang='lat' dir='ltr'>esse</span> <span class='ocrx_word' id='word_1_850' title='bbox 2302 5241 2688 5308; x_wconf 68' lang='lat' dir='ltr'>communia;</span> <span class='ocrx_word' id='word_1_851' title='bbox 2741 5241 3178 5312; x_wconf 89' lang='lat' dir='ltr'>amicitiamque</span> <span class='ocrx_word' id='word_1_852' title='bbox 3234 5242 3645 5313; x_wconf 65' lang='lat' dir='ltr'>aequalitatem,</span> <span class='ocrx_word' id='word_1_853' title='bbox 3682 5242 3775 5294; x_wconf 71' lang='grc' dir='ltr'>καὶ</span> 
     </span>
    </p>
   </div>
   <div class='ocr_carea' id='block_1_127' title="bbox 2122 5314 3781 5395">
    <p class='ocr_par' dir='ltr' id='par_1_127' title="bbox 2122 5314 3781 5395">
     <span class='ocr_line' id='line_1_130' title="bbox 2122 5314 3781 5395; baseline 0.001 -28"><span class='ocrx_word' id='word_1_854' title='bbox 2122 5314 2307 5395; x_wconf 49' lang='lat' dir='ltr'>emtam</span> <span class='ocrx_word' id='word_1_855' title='bbox 2333 5314 2589 5395; x_wconf 35' lang='lat' dir='ltr'>iceram.</span> <span class='ocrx_word' id='word_1_856' title='bbox 2626 5314 3101 5395; x_wconf 53' lang='lat' dir='ltr'>Consequentia“</span> <span class='ocrx_word' id='word_1_857' title='bbox 3113 5329 3285 5395; x_wconf 90' lang='lat' dir='ltr'>porro</span> <span class='ocrx_word' id='word_1_858' title='bbox 3332 5316 3672 5395; x_wconf 50' lang='lat' dir='ltr'>-prteeepta7</span> <span class='ocrx_word' id='word_1_859' title='bbox 3686 5385 3696 5394; x_wconf 83' lang='lat'>_</span> <span class='ocrx_word' id='word_1_860' title='bbox 3711 5319 3781 5395; x_wconf 72' lang='lat' dir='ltr'>et</span> 
     </span>
    </p>
   </div>
   <div class='ocr_carea' id='block_1_128' title="bbox 2120 5382 3778 5459">
    <p class='ocr_par' dir='ltr' id='par_1_128' title="bbox 2120 5382 3778 5459">
     <span class='ocr_line' id='line_1_131' title="bbox 2120 5382 3778 5459; baseline -0.002 -17"><span class='ocrx_word' id='word_1_861' title='bbox 2120 5382 2387 5459; x_wconf 81' lang='lat' dir='ltr'>symbola</span> <span class='ocrx_word' id='word_1_862' title='bbox 2414 5382 2545 5459; x_wconf 85' lang='lat' dir='ltr'>vide</span> <span class='ocrx_word' id='word_1_863' title='bbox 2580 5389 2734 5458; x_wconf 91' lang='lat' dir='ltr'>apud</span> <span class='ocrx_word' id='word_1_864' title='bbox 2766 5382 3042 5459; x_wconf 71' lang='lat' dir='ltr'>eumdem</span> <span class='ocrx_word' id='word_1_865' title='bbox 3061 5382 3298 5456; x_wconf 87' lang='lat' dir='ltr'>Diogen.</span> <span class='ocrx_word' id='word_1_866' title='bbox 3332 5382 3518 5440; x_wconf 75' lang='lat' dir='ltr'>Laert.</span> <span class='ocrx_word' id='word_1_867' title='bbox 3549 5382 3617 5439; x_wconf 73' lang='lat' dir='ltr'>de</span> <span class='ocrx_word' id='word_1_868' title='bbox 3635 5383 3778 5439; x_wconf 82' lang='lat' dir='ltr'>Vitis</span> 
     </span>
    </p>
   </div>
   <div class='ocr_carea' id='block_1_129' title="bbox 2117 5457 3060 5532">
    <p class='ocr_par' dir='ltr' id='par_1_129' title="bbox 2117 5457 3060 5532">
     <span class='ocr_line' id='line_1_132' title="bbox 2117 5457 3060 5532; baseline -0.002 -19"><span class='ocrx_word' id='word_1_869' title='bbox 2117 5457 2447 5532; x_wconf 71' lang='lat' dir='ltr'>philosoph..</span> <span class='ocrx_word' id='word_1_870' title='bbox 2481 5457 2729 5532; x_wconf 84' lang='lat' dir='ltr'>lib.7vm.</span> <span class='ocrx_word' id='word_1_871' title='bbox 2764 5457 3060 5532; x_wconf 52' lang='lat' dir='ltr'>Maurum</span> 
     </span>
    </p>
   </div>
   <div class='ocr_carea' id='block_1_130' title="bbox 2190 5520 3776 5599">
    <p class='ocr_par' dir='ltr' id='par_1_130' title="bbox 2190 5520 3776 5599">
     <span class='ocr_line' id='line_1_133' title="bbox 2190 5520 3776 5599; baseline -0.004 -17"><span class='ocrx_word' id='word_1_872' title='bbox 2190 5520 2508 5598; x_wconf 67' lang='grc' dir='ltr'>δΜπῧ-ήσεις</span> <span class='ocrx_word' id='word_1_873' title='bbox 2578 5528 2932 5599; x_wconf 74' lang='grc' dir='ltr'>ἀναμνήσεις.</span> <span class='ocrx_word' id='word_1_874' title='bbox 3035 5526 3329 5582; x_wconf 89' lang='lat' dir='ltr'>Omittunt</span> <span class='ocrx_word' id='word_1_875' title='bbox 3428 5524 3523 5599; x_wconf 80' lang='lat' dir='ltr'>hic</span> <span class='ocrx_word' id='word_1_876' title='bbox 3626 5520 3776 5578; x_wconf 89' lang='lat' dir='ltr'>editi</span> 
     </span>
    </p>
   </div>
   <div class='ocr_carea' id='block_1_131' title="bbox 2121 5597 3773 5673">
    <p class='ocr_par' dir='ltr' id='par_1_131' title="bbox 2121 5597 3773 5673">
     <span class='ocr_line' id='line_1_134' title="bbox 2121 5597 3773 5673; baseline -0.003 -19"><span class='ocrx_word' id='word_1_877' title='bbox 2121 5600 2253 5656; x_wconf 88' lang='lat' dir='ltr'>libri</span> <span class='ocrx_word' id='word_1_878' title='bbox 2294 5600 2557 5655; x_wconf 85' lang='lat' dir='ltr'>Latinam</span> <span class='ocrx_word' id='word_1_879' title='bbox 2590 5597 3035 5673; x_wconf 81' lang='lat' dir='ltr'>explicationem</span> <span class='ocrx_word' id='word_1_880' title='bbox 3063 5599 3375 5673; x_wconf 81' lang='lat' dir='ltr'>verborum</span> <span class='ocrx_word' id='word_1_881' title='bbox 3435 5597 3773 5673; x_wconf 67' lang='lat' dir='ltr'>Graecorum</span> 
     </span>
    </p>
   </div>
   <div class='ocr_carea' id='block_1_132' title="bbox 2120 5668 3779 5743">
    <p class='ocr_par' dir='ltr' id='par_1_132' title="bbox 2120 5668 3779 5743">
     <span class='ocr_line' id='line_1_135' title="bbox 2120 5668 3779 5743; baseline -0.004 -15"><span class='ocrx_word' id='word_1_882' title='bbox 2120 5689 2298 5743; x_wconf 90' lang='lat' dir='ltr'>quam</span> <span class='ocrx_word' id='word_1_883' title='bbox 2321 5678 2519 5730; x_wconf 88' lang='lat' dir='ltr'>tamen</span> <span class='ocrx_word' id='word_1_884' title='bbox 2551 5668 2804 5730; x_wconf 76' lang='lat' dir='ltr'>retinent</span> <span class='ocrx_word' id='word_1_885' title='bbox 2828 5687 3031 5729; x_wconf 90' lang='lat' dir='ltr'>omnes</span> <span class='ocrx_word' id='word_1_886' title='bbox 3061 5686 3206 5728; x_wconf 90' lang='lat' dir='ltr'>mss.</span> <span class='ocrx_word' id='word_1_887' title='bbox 3242 5670 3494 5739; x_wconf 87' lang='lat' dir='ltr'>codices,</span> <span class='ocrx_word' id='word_1_888' title='bbox 3553 5668 3779 5723; x_wconf 69' lang='lat' dir='ltr'>discen-</span> 
     </span>
    </p>
   </div>
  </div>
