3958 6392
204 346 361 424 ’⁷809

1418 352 1736 423 CONTRA
1780 353 2142 423 RUFINUM
2185 352 2335 422 LIB.
2379 350 2486 426 ῙῙῙ.

3628 150 3661 181 ς

3484 360 3500 369 ”
3531 351 3655 430 mo

245 452 404 551 Plato
433 490 495 550 in
523 486 694 551 libris
724 488 871 562 suis,
905 492 964 550 et
992 488 1244 550 maxime
1276 490 1332 549 in
1354 493 1645 564 Phaedone,
1672 495 1888 550 Timazo-
1919 497 1971 564 Α
2002 511 2068 549 ac
2100 491 2340 561 sodalis,
2377 498 2433 550 et
2462 494 2617 566 quod
2650 492 2744 552 his
2772 491 2966 568 majus
3022 489 3132 566 est,
3165 496 3365 554 omnia
3420 516 3546 573 quas
3576 494 3650 558 de’

244 600 355 657 que
384 584 783 657 prosequitur.
804 583 949 640 Nam
982 586 1114 655 post
1130 583 1501 639 Academiam
1539 587 1596 640 et
1615 584 1889 639 innume-

246 672 461 730 rabiles
512 671 857 745 discipulos,
918 672 1177 728 sentiens
1222 671 1475 728 multum
1535 690 1653 729 sua:
1686 674 1890 728 deesse

247 762 545 828 doctrinis,
596 762 753 818 venit
783 762 853 818 ad
909 778 1186 834 magnam
1221 761 1521 827 Graeciam,
1584 761 1786 834 ibique
1818 762 1890 817 ab

247 850 501 924 Archyta
526 849 835 906 Tarentino
866 854 922 905 et
949 850 1194 904 Timaeo‘
1247 850 1520 906 Locrensi
1551 850 1890 923 Pythagoran

247 940 513 997 doctrina
540 939 826 1005 eruditus,
855 937 1203 1011 elegantiam
1234 943 1292 994 et
1339 940 1594 1012 leporem
1636 939 1891 995 Socratis

246 1046 380 1085 cum
411 1029 591 1099 hujus
622 1027 860 1084 miscuit
890 1027 1239 1099 disciplinis,
1266 1045 1391 1100 quae
1413 1028 1631 1096 omnia,
1655 1028 1893 1084 nomine

247 1122 628 1183 commutato,
695 1117 973 1190 Origenes
1030 1117 1089 1172 in
1158 1134 1297 1173 suos
1354 1116 1532 1173 libros
1598 1116 1721 1190 περὶ
1769 1118 1890 1191 Ἀρ-

248 1211 364 1283 χῶν
393 1205 767 1263 transtulisse
796 1205 1178 1262 convincitur.
1214 1207 1276 1261 In
1323 1223 1441 1278 quo
1474 1205 1653 1278 igitur
1682 1206 1891 1273 erravi,

248 1297 298 1354 si
326 1296 665 1353 adolescens
696 1295 813 1350 dixi
845 1312 938 1351 me
966 1312 1035 1351 ea
1066 1300 1305 1367 putasse
1333 1294 1393 1350 in
1426 1294 1729 1368 apostolis,
1764 1312 1890 1366 quae

248 1388 306 1443 in
348 1385 679 1459 Pythagora
719 1390 778 1441 et
824 1384 1061 1440 Platone
1109 1388 1166 1440 et
1212 1383 1560 1456 Empedocle
1590 1382 1895 1456 legeram?

249 1476 373 1534 Non
404 1479 470 1530 ut
501 1480 561 1530 tu
590 1472 971 1529 oalumniaris
1021 1477 1077 1529 et
1124 1473 1320 1545 ﬁngis.
1366 1473 1425 1527 in
1470 1472 1805 1546 Pythagorae
1837 1476 1896 1528 et

248 1564 505 1621 Platonis
556 1567 615 1619 et
671 1560 1038 1636 Empedoclis
1092 1560 1260 1617 libris
1318 1562 1417 1618 sed
1477 1578 1605 1634 quae
1662 1561 1722 1617 in
1779 1560 1895 1617 illis

254 1655 432 1711 fuisse
463 1652 739 1726 legeram,
772 1656 829 1707 et
858 1649 1108 1707 aliorum
1142 1668 1233 1706 me
1264 1651 1485 1733 scripta
1502 1650 1895 1707 eoshabuisse

248 1745 594 1801 docuerunt.
632 1742 703 1797 Et
754 1740 861 1796 hoc
893 1756 1078 1813 genus
1110 1739 1457 1797 elocutionis
1487 1739 1897 1812 frequentissi-

248 1848 414 1888 mum
435 1835 558 1888 est:
584 1834 647 1885 ut
669 1829 717 1886 si
740 1828 954 1894 dicam,
979 1846 1106 1901 quae
1125 1828 1184 1883 in
1205 1832 1438 1936 Socnate
1460 1828 1574 1902 legi
1591 1830 1889 1936 dogmata,
1927 1870 1974 1936 B

244 1920 446 1995 putavi
475 1936 627 1976 vera.
658 1919 784 1975 Non
818 1918 973 1991 quod
1029 1919 1293 1974 Socrates
1335 1916 1518 1974 libros
1567 1917 1719 1974 ullos
1751 1918 1893 1974 scri-

246 2008 510 2083 pserit’;
544 2007 645 2063 sed
677 2022 802 2078 quae
833 2004 947 2078 legi
976 2006 1133 2077 apud
1164 2006 1468 2062 Platonem
1512 2011 1569 2062 et
1612 2006 1756 2063 alios
1789 2008 1893 2063 So-

244 2096 497 2154 craticos
521 2094 691 2150 illum
720 2094 1020 2150 habuisse.
1055 2098 1123 2148 Et
1164 2111 1425 2163 rursum,
1485 2095 1705 2151 imitari
1737 2095 1895 2151 volui

244 2191 413 2261 gesta
442 2203 571 2259 qua:
590 2184 652 2239 in
679 2183 1004 2239 Alexandro
1038 2187 1094 2238 et
1117 2182 1382 2255 Scipione
1447 2181 1700 2256 legeram
1731 2208 1745 2243 :
1778 2200 1894 2239 non

243 2276 405 2349 quod
436 2275 566 2348 ipsa
595 2290 705 2329 sua
728 2276 895 2345 gesta
923 2270 1361 2343 descripserint,
1396 2272 1498 2327 sed
1550 2273 1702 2343 quod
1739 2273 1894 2344 apud

243 2366 396 2422 alios
425 2362 692 2436 legerim,
750 2377 876 2433 quae
908 2359 1039 2416 illos
1098 2360 1351 2434 gessisse
1399 2360 1678 2428 mirabar,
1714 2360 1898 2434 Igitur

241 2455 429 2512 etiam
495 2452 546 2508 si
611 2451 818 2507 docere
885 2466 1002 2505 non
1063 2465 1297 2521 possem
1346 2448 1533 2520 ipsius
1566 2450 1896 2523 Pythagorae

242 2548 478 2601 exstare
507 2543 909 2610 monumenta,
942 2554 1048 2595 nec
1073 2556 1107 2595 a
1136 2538 1256 2594 filio
1286 2539 1416 2609 ejus
1446 2555 1511 2594 ac
1560 2539 1702 2607 filia,
1735 2538 1895 2595 aliis-

243 2649 362 2705 que
395 2628 702 2702 discipulis
732 2629 977 2701 probata
1005 2627 1432 2695 convincerem,
1465 2644 1558 2683 me
1589 2644 1705 2683 non
1735 2633 1897 2685 tene-

241 2738 336 2779 res
370 2718 684 2789 mendacii,
716 2717 856 2789 quia
883 2734 999 2773 non
1031 2716 1234 2785 libros,
1262 2718 1362 2773 sed
1393 2717 1899 2791 dogmalalegisse

243 2826 339 2866 me
371 2807 493 2864 dixi
521 2824 535 2862 :
576 2811 634 2863 et
662 2810 718 2862 te
748 2806 967 2862 frustra
995 2821 1208 2872 errare,
1244 2822 1336 2861 me
1390 2810 1562 2861 tuum
1596 2812 1897 2879 protegere

242 2895 624 2956 mendacium
665 2893 940 2959 voluisse,
1010 2898 1076 2950 ut
1116 2893 1231 2951 nisi
1293 2910 1399 2968 ego
1466 2912 1652 2950 unum
1678 2894 1897 2951 librum

241 2987 591 3061 Pythagorae
621 2982 940 3057 protulero,
969 2987 1031 3040 tu
1065 2999 1166 3041 sex
1194 2981 1380 3039 millia
1409 2983 1677 3057 Origenis
1717 2984 1898 3041 libros

243 3074 598 3149 perdideris.

310 3166 411 3221 41.
449 3162 774 3220 Minabatur
834 3163 1164 3235 Hieronymo
1228 3163 1518 3219 interitum
1546 3163 1797 3234 Ruﬁnus.
1827 3193 1897 3202 —

2000 584 2248 656 Origene
2277 583 2574 652 transtuli,
2628 584 2913 642 catholica
2934 586 3256 658 judicabis.
3318 588 3421 644 Sin
3453 594 3650 647 autem

2001 673 2250 728 mutiero
2281 676 2339 727 et
2396 689 2489 728 me
2517 690 2905 742 commovere,
2955 674 3112 731 illico
3171 677 3442 749 impurus
3467 694 3564 736 ero
3595 684 3654 737 et

2000 761 2331 829 haereticus,
2366 766 2422 817 et
2452 766 2553 817 tua
2582 763 2862 836 indignus
2885 766 3334 823 necessitudine.
3359 768 3488 825 Haec
3513 776 3655 827 sunt

2003 849 2291 923 praeconia
2332 867 2482 918 mea,
2534 850 2618 907 sic
2674 869 2766 907 me
2814 852 3067 908 hortaris
3127 855 3197 909 ad
3233 872 3430 927 pacem
3491 863 3548 914 et
3577 876 3651 915 ne

2000 938 2287 1011 gemitum
2317 939 2555 1010 quidem
2587 956 2653 995 ac
2705 940 2995 1013 lacrymas
3040 941 3227 998 dolori
3279 944 3494 1004 liberas
3522 964 3653 1006 esse
3722 940 3727 945 ’

2003 1027 2296 1083 concedis.

2074 1117 2161 1172 42.
2196 1117 2593 1173 Calumniandi
2621 1120 2903 1175 licentiam
2960 1122 3321 1192 reprehendit.
3383 1124 3573 1181 Fulvia
3602 1129 3654 1181 et

2004 1205 2280 1260 Herodias.
2317 1236 2383 1245 -—
2418 1206 2654 1262 Possem
2689 1211 2746 1262 et
2774 1224 2879 1280 ego
2929 1208 3048 1264 tuis
3081 1212 3134 1265 te
3192 1210 3486 1268 coloribus
3520 1214 3653 1285 pin-

2003 1310 2135 1365 gere
2202 1297 2260 1349 ct
2318 1293 2573 1349 insanire
2631 1300 2835 1351 contra
2888 1295 3313 1368 insanientem;
3348 1304 3405 1356 et
3461 1300 3653 1359 dicere

2006 1382 2291 1453 quidquid
2323 1381 2410 1437 vel
2453 1382 2593 1450 scio,
2653 1383 2739 1439 vel
2775 1384 3007 1453 nescio;
3039 1391 3098 1442 et
3154 1388 3357 1443 eadem
3392 1388 3647 1457 licentia,

2004 1470 2186 1526 immo
2219 1471 2413 1526 furore
2442 1477 2498 1527 et
2527 1474 2802 1544 amentia,
2836 1474 2920 1529 vel
2952 1474 3118 1541 falsa,
3148 1476 3234 1531 vel
3270 1493 3401 1532 vera
3440 1494 3651 1552 conge-

2004 1576 2151 1627 rere,
2221 1563 2286 1614 ut
2349 1566 2405 1616 et
2466 1577 2558 1617 me
2586 1561 2769 1634 loqui,
2830 1566 2887 1618 et
2916 1568 2970 1619 te
3014 1565 3256 1636 puderet
3311 1566 3547 1636 audire;
3594 1574 3652 1625 et

2004 1648 2254 1720 objicere
2282 1647 2411 1715 tibi,
2446 1666 2571 1721 quae
2599 1656 2700 1707 aut
2732 1658 3106 1708 accusantem
3139 1654 3510 1722 damnarent,
3553 1661 3656 1715 aut

2005 1743 2374 1804 accusatum,
2436 1744 2502 1793 ut
2557 1756 2624 1795 ex
2674 1740 2882 1795 frontis
2942 1737 3160 1797 duritia
3214 1742 3389 1799 tidem
3449 1744 3653 1803 lectori

2006 1826 2276 1893 facerem,
2347 1833 2413 1883 ut
2477 1829 2632 1900 quod
2699 1828 3070 1901 impudenter
3134 1832 3445 1890 scriberem
3524 1852 3656 1894 vere
3733 1853 3739 1869 ‘

2007 1916 2263 1972 scribere
2306 1918 2625 1988 judicarer.
2698 1918 2807 1973 Sed
2878 1920 3081 1990 procul
3151 1921 3230 1976 sit
3294 1940 3328 1977 a
3394 1924 3659 1983 moribus
3754 1987 3765 2000 κ

2006 2004 2382 2073 Christianis,
2418 2010 2484 2061 ut
2512 2006 2654 2062 dum
2708 2005 2958 2062 aliorum
2991 2013 3199 2079 petunt
3241 2013 3587 2084 sanguinem
3610 2016 3652 2085 ³,

2006 2111 2181 2150 suum
2213 2096 2497 2162 oﬂ‘erant;
2529 2100 2587 2151 et
2614 2096 2740 2151 sine
2773 2095 2988 2168 gladio,
3024 2096 3320 2156 voluntate
3346 2100 3653 2160 homicidae

2006 2184 2143 2239 sint.
2179 2185 2315 2239 TlltB
2371 2185 2480 2242 hoc
2505 2184 2777 2253 bonitati,
2840 2190 3075 2258 tuaeque
3124 2190 3570 2247 mansuetudini
3600 2197 3658 2249 et

2006 2272 2366 2345 simplicitati
2398 2273 2687 2340 convenit,
2717 2273 2817 2344 qui
2848 2274 2919 2329 de
2950 2291 3066 2330 uno
3118 2278 3368 2347 pectoris
3399 2282 3652 2352 sterqui-

2002 2360 2166 2428 linio,
2202 2366 2260 2417 et
2289 2363 2527 2417 ederem
2560 2378 2854 2427 rosarum,
2911 2367 2970 2417 et
3001 2363 3240 2419 fetorem
3288 2366 3511 2436 profers
3559 2385 3656 2425 ca-

2006 2451 2322 2527 daverum_:
2355 2454 2409 2505 et
2440 2454 2642 2505 contra
2671 2450 3027 2507 sententiam
3085 2451 3485 2524 prophetalem
3519 2457 3651 2527 (13a.

2005 2555 2059 2605 v,
2093 2540 2183 2609 50)
2215 2519 2483 2594 amarum
2514 2537 2693 2594 discis
2751 2555 2881 2594 esse
2911 2540 3066 2610 quod
3087 2519 3289 2611 _qu—asi
3326 2540 3495 2598 dulce
3525 2519 3659 2600 lau-

2007 2628 2270 2683 daveras.
2303 2628 2417 2683 Nec
2448 2643 2687 2684 necesse
2716 2631 2825 2695 est,
2882 2633 2947 2682 ut
3002 2628 3062 2683 in
3094 2627 3509 2687 ecclesiasticis
3538 2637 3653 2689 tra-

2008 2717 2261 2773 ctatibus
2295 2735 2416 2774 rem
2475 2716 2862 2772 tribunalium
2918 2717 3345 2787 ventilemus‘;
3393 2720 3657 2795 nihilque

2008 2823 2186 2879 super
2214 2806 2323 2863 hoc
2381 2807 2638 2879 amplius
2696 2806 2920 2875 audies,
2982 2806 3095 2863 nisi
3153 2807 3300 2864 illud
3358 2826 3389 2864 e
3446 2811 3653 2869 trivio:

2009 2919 2035 2945 ‹‹
2068 2895 2218 2951 Cum
2275 2896 2492 2952 dixeris
2551 2897 2704 2968 quod
2736 2896 2843 2964 vis,
2877 2895 3082 2952 audies
3139 2897 3295 2969 quod
3327 2914 3443 2954 non
3482 2900 3591 2957 vis.
3624 2922 3653 2951 ››

2006 2988 2126 3039 Aut
2158 2984 2207 3039 si
2266 2984 2373 3040 tibi
2420 2984 2532 3039 vile
2586 2984 2817 3040 videtur
2872 2983 3110 3056 vulgare
3167 2985 3562 3057 proverbium,
3595 2994 3655 3045 et

2006 3071 2183 3128 homo
2250 3072 2729 3145 sapientissimus
2793 3072 2983 3145 magis
3048 3071 3531 3145 philosophorum
3578 3094 3653 3133 ac

2007 3164 2309 3231 poetarum
2341 3162 2648 3217 sententiis
2697 3160 2990 3227 delectari,
3045 3160 3172 3233 lege
3201 3160 3348 3216 illud
3387 3162 3649 3220 Homeri-

243 3252 499 3311 Veniam
561 3252 633 3308 ad
686 3250 968 3324 epilogos,
1034 3251 1093 3307 id
1159 3256 1269 3320 est,
1310 3250 1621 3308 maledicta
1682 3257 1803 3321 tua,
1837 3251 1897 3308 in
1928 3242 1971 3310 Ο
2009 3249 2213 3305 cum“:

247 3342 476 3415 quibus
507 3356 600 3397 me
656 3341 727 3396 ad
796 3339 1201 3413 pcenitentiam
1270 3340 1631 3407 cohortaris;
1699 3345 1755 3395 et
1784 3339 1899 3395 nisi

246 3447 573 3489 conversus
601 3430 785 3498 fuero,
816 3429 875 3485 id
909 3433 1018 3496 est,
1051 3428 1164 3485 nisi
1214 3433 1271 3485 te
1323 3433 1634 3485 accusante
1661 3428 1900 3497 siluere,

245 3519 401 3577 mihi
433 3519 677 3575 minaris
695 3517 1021 3574 interitum.
1055 3518 1125 3573 Et
1156 3517 1261 3574 hoc
1292 3516 1637 3574 scandalum
1684 3518 1899 3575 redun-

242 3609 529 3664 daturum
559 3606 619 3662 in
650 3618 825 3680 caput
872 3623 1071 3663 meum
1101 3606 1437 3674 denuntias,
1500 3606 1600 3680 qui
1631 3608 1879 3679 tehomi

242 3715 383 3759 nem
416 3696 789 3753 lenissimum
855 3700 912 3752 et
946 3695 1213 3752 Mosaicae
1281 3697 1776 3765 mansuetudinis,
1808 3715 1898 3754 re-

237 3785 569 3861 sponsione
598 3802 729 3842 mea
758 3785 830 3842 ad
863 3784 1198 3859 scriptionis
1220 3785 1513 3841 insaniam
1562 3802 1900 3858 provocave—

237 3878 377 3933 rim.
453 3876 614 3932 Scire
680 3875 837 3931 enim
904 3880 961 3931 te
1022 3876 1215 3946 jactas
1258 3875 1528 3943 crimina,
1565 3876 1721 3932 568
1768 3892 1896 3948 quae

233 3967 346 4023 tibi
380 3965 496 4022 soli
562 3964 924 4022 amicissimo
990 3964 1102 4021 sim
1173 3965 1498 4031 confessus,
1550 3970 1608 4020 et
1673 3964 1797 4020 hinc
1835 3966 1893 4020 in

234 4056 508 4112 medium
539 4053 944 4128 prolaturum;
977 4052 1242 4125 meisque
1309 4070 1401 4109 me
1431 4052 1724 4108 coloribus
1767 4069 1897 4111 esse

232 4143 630 4219 pingendum,
665 4147 721 4199 et
751 4144 960 4199 debere
1027 4142 1371 4198 meminisse
1401 4142 1577 4213 quod,
1603 4142 1893 4211 jacuerim

233 4235 308 4291 ad
340 4233 527 4308 pedes
556 4237 710 4301 tuos,
744 4248 815 4289 ne
844 4232 1040 4305 gladio
1069 4232 1189 4288 oris
1219 4232 1303 4287 tui
1335 4234 1673 4302 amputares
1721 4235 1898 4304 caput

232 4339 467 4380 meum.
501 4323 571 4378 Et
627 4325 761 4395 post
790 4320 996 4388 multa,
1029 4319 1088 4376 in
1120 4320 1340 4392 quibus
1409 4320 1767 4376 furibundus
1797 4337 1893 4376 ex-

230 4411 455 4479 sultas,
488 4427 723 4467 revocas
752 4415 829 4479 te,
861 4415 918 4467 et
941 4408 1088 4466 dicis
1119 4414 1318 4481 optare
1348 4426 1549 4482 pacem
1608 4425 1741 4465 cum
1793 4409 1893 4465 de-

230 4500 612 4557 nuntiatione
642 4500 944 4568 duntaxat,
982 4503 1048 4555 ut
1107 4498 1383 4572 deinceps
1408 4504 1655 4566 taceam,
1691 4499 1747 4554 id
1780 4503 1888 4566 est,

230 4596 294 4647 ut
323 4607 448 4647 non
518 4590 771 4646 scribam
839 4593 1046 4646 contra
1111 4588 1429 4656 haereticos,
1498 4605 1605 4645 nec
1642 4589 1890 4644 audeam
1924 4615 1968 4680 Β

226 4680 593 4754 respondere
622 4678 983 4736 accusationi
1016 4682 1149 4733 tuae.
1207 4678 1267 4735 Si
1334 4676 1443 4734 hoc
1470 4679 1683 4744 fecero,
1714 4678 1891 4734 frater

223 4786 325 4827 ero
356 4773 422 4826 et
452 4767 694 4842 collega,
765 4772 824 4825 et
865 4767 954 4823 vir
1018 4766 1541 4839 eloquentissimus
1571 4773 1628 4824 et
1659 4768 1889 4824 amicus

223 4987 335 5042 tias
406 4987 847 5042 reminiscenlias
913 5000 1048 5040 esse.
1084 4983 1372 5039 Maurum.
1441 5013 1510 5024 --
1540 4984 1747 5040 Nescio
1814 5003 1887 5041 an

221 5058 451 5123 verius,
482 5057 779 5114 Victorius
847 5055 1010 5112 addit
1041 5053 1197 5125 εἶναι,
1265 5057 1322 5109 et
1346 5054 1886 5127 interpretationem

222 5129 532 5186 discentia:
585 5129 1194 5201 reminiscentiasesse,
1263 5142 1379 5181 non
1445 5127 1639 5195 habet,
1710 5145 1886 5201 quam

224 5201 615 5259 Martianaeus
645 5200 872 5257 addidit
899 5216 968 5256 ex
997 5197 1220 5270 aliquot
1239 5214 1386 5253 mss.

234 5316 253 5341 ε
294 5276 312 5309 ί
346 5272 488 5329 Vid.
555 5273 915 5339 Ciceronem,
983 5287 1016 5325 ν
1047 5270 1112 5326 de
1176 5270 1426 5335 Finibus,
1493 5274 1601 5326 eti
1644 5272 1884 5337 Tuscul.,

218 5344 316 5417 cui
344 5343 460 5417 alii
489 5343 901 5417 astipulantur.
934 5341 1214 5399 Timaeum
1231 5346 1567 5417 asserentes
1588 5359 1622 5398 a
1641 5341 1883 5417 Platone

221 5415 280 5472 in
316 5415 494 5473 Italia
522 5412 704 5473 fuisse
733 5414 1044 5482 auditum;
1077 5418 1134 5471 et
1163 5412 1365 5486 collige
1430 5430 1621 5470 errare
1662 5414 1884 5471 Macro-

220 5489 371 5545 bum
404 5487 511 5543 lib.
543 5505 561 5543 1
591 5488 899 5556 Saturnal.,
933 5503 983 5542 c.
1008 5489 1058 5555 l,
1081 5484 1182 5557 qui
1202 5484 1500 5541 Socratem
1525 5492 1581 5542 et
1597 5487 1882 5543 Timaeum

208 5560 437 5617 eodem
470 5558 681 5616 saeculo
713 5576 831 5616 non
861 5558 1044 5614 fuisse
1074 5557 1391 5613 contendit.

288 5629 486 5704 'Alii,
550 5648 701 5704 quos
764 5631 917 5704 inter
948 5630 1060 5686 Leo
1127 5627 1413 5704 Allatius,
1456 5627 1676 5704 scripta
1738 5629 1883 5704 varii

220 5702 464 5775 generis
520 5700 740 5761 Socrati
804 5703 1111 5769 tribuunt;
1166 5700 1267 5757 sed
1330 5700 1595 5758 veteres‘
1620 5701 1883 5774 plerique

2140 3382 2362 3437 Ὀποϊου
2392 3383 2440 3437 κ’
2474 3383 2704 3452 ε’ὶπησοα
2732 3380 2883 3453 ἔπος,
2916 3394 3068 3438 τοίὀυ
3098 3383 3146 3437 κ’
3178 3383 3520 3448 ἑπακοὺσαις.

2012 3518 2165 3575 569
2198 3517 2317 3575 Hoc
2374 3517 2566 3575 solum
2600 3519 2836 3590 requiro
2894 3520 2968 3574 ab
2997 3518 3210 3575 eximia
3265 3520 3574 3578 sanctitate
3600 3524 3659 3579 et

2010 3624 2259 3664 censura
2288 3613 2391 3663 tua
2413 3609 2610 3681 (cujus
2641 3613 2807 3664 tanta
2836 3612 2924 3664 est
2952 3609 3199 3680 puritas,
3232 3613 3297 3664 ut
3324 3611 3395 3668 ad
3418 3610 3658 3668 sudaria

2009 3701 2065 3754 et
2094 3697 2458 3754 semicinctia
2491 3702 2594 3754 tua
2622 3699 2902 3754 demones
2932 3698 3208 3771 rugiant),
3241 3699 3412 3769 cujus
3459 3715 3656 3756 exem-

2010 3785 2172 3857 plum
2204 3785 2264 3840 in
2295 3786 2606 3842 scribendo
2639 3786 2952 3858 sequaris?
2981 3786 3122 3849 Quis
3153 3801 3413 3856 unquam
3455 3786 3652 3843 catho-

2006 3872 2255 3929 licorum
2287 3874 2347 3930 in
2377 3875 2774 3946 disputatione
2796 3879 3108 3940 sectarum,
3130 3873 3556 3945 turpitudinem
3578 3874 3652 3943 ei,

2006 3964 2317 4018 adversum
2376 3979 2552 4035 quem
2583 3964 2863 4035 disputat,
2924 3961 3180 4033 objecit?
3209 3962 3303 4017 Sic
3354 3966 3412 4017 to
3442 3962 3654 4020 docue-

2004 4056 2144 4106 runt
2173 4051 2437 4123 magistri
2472 4050 2605 4106 tui?
2636 4050 2877 4106 Talibus
2906 4049 3215 4106 institutus
3241 4066 3304 4106 es
3326 4050 3655 4124 disciplinis

2005 4148 2071 4196 ut
2099 4140 2194 4196 cui
2231 4140 2584 4213 respondere
2616 4157 2731 4195 non
2766 4138 3052 4212 potueris,
3084 4144 3261 4212 caput
3298 4140 3528 4197 auferas
3555 4158 3568 4209 ;
3599 4143 3657 4196 et

2002 4229 2268 4303 linguam
2303 4246 2429 4302 quae
2464 4230 2651 4285 facere
2682 4246 2797 4284 non
2857 4233 3075 4301 potest,
3102 4246 3265 4286 seces
3288 4229 3316 4283 ?
3367 4229 3483 4286 Nec
3531 4245 3654 4286 ma-

2004 4334 2257 4392 gnOpere
2306 4318 2596 4391 glorieris,
2630 4319 2676 4375 si
2735 4319 2917 4375 facias
2947 4319 3102 4391 quod
3153 4319 3490 4391 scorponies
3520 4335 3654 4391 pos-

2004 4411 2146 4462 sunt
2176 4407 2363 4463 facere
2394 4411 2452 4462 et
2485 4407 2879 4463 cantharides.
2913 4407 3190 4463 Fecerunt
3220 4406 3341 4462 haec
3370 4411 3428 4463 et
3457 4406 3658 4463 Fulvia

2002 4496 2063 4551 in
2099 4496 2456 4561 Ciceronem,
2490 4502 2549 4551 et
2606 4495 2886 4552 Herodias
2915 4494 2975 4549 in
3004 4495 3289 4551 Joannem
3317 4510 3330 4549 :
3389 4492 3528 4566 quia
3555 4510 3654 4549 ve-

2004 4584 2240 4641 ritatem
2274 4601 2389 4641 non
2412 4584 2917 4657 poterantaudire,
2933 4582 3268 4655 etlinguam
3291 4580 3651 4653 veriloquam

2000 4673 2527 4731 discriminaliaeu
2586 4674 2990 4730 confoderunt.
3049 4675 3233 4728 Canes
3290 4669 3507 4727 latrant
3548 4687 3653 4743 pro

1999 4763 2257 4821 dominis
2289 4763 2434 4832 suis,
2450 4768 2507 4819 et
2536 4767 2598 4818 tu
2622 4780 2738 4819 non
2760 4763 2847 4818 vis
2880 4778 2972 4818 me
3000 4760 3212 4817 latrare
3242 4776 3347 4833 pro
3376 4758 3607 4816 Christo
3627 4761 3656 4815 Ἰ

2000 4994 2206 5062 omnes
2264 4982 2588 5051 pernegant
2654 4977 2725 5033 ab
2779 4976 2876 5031 illo
2937 4974 3262 5048 quidquam
3304 4974 3650 5029 mandatum

1999 5051 2306 5177 Ιιίὲθξνξίυε
2335 5121 2498 5178 edit..
2540 5123 2602 5178 Ut
2631 5122 2759 5176 dum
2812 5122 2917 5175 alii
2968 5125 3162 5191 petunt
3197 5132 3391 5173 eorum
3427 5117 3652 5186 sangui-

2000 5212 2147 5252 nem.
2182 5198 2293 5250 etc.

2069 5237 2391 5321 z'lilartian.
2423 5268 2556 5336 post
2586 5263 2975 5336 Erasm.Rem
3008 5260 3364 5336 tribunalem.

2065 5340 2084 5373 ⁵
2136 5337 2285 5394 Illud
2360 5332 2727 5392 Hémericum.
2790 5335 3076 5390 Homerus
3135 5332 3312 5388 lliade
3368 5336 3444 5399 1‘;
3505 5346 3651 5387 mss.

1996 5410 2224 5466 codices
2257 5409 2484 5479 addunt
2514 5406 2798 5479 nonnulla
2830 5411 2962 5479 post
2984 5401 3140 5469 ἓπος.
3175 5402 3651 5479 scilicetisthtac,

1991 5479 2123 5542 ἓπος
2156 5490 2306 5533 τοῖον
2339 5479 2433 5532 καὶ
2468 5474 2848 5538 ἐπακοῦσαις.’
2883 5479 3169 5534 ΜΑΒΤΙΑΝ.
3229 5506 3297 5517 -
3363 5474 3526 5531 Iliad.
3590 5478 3649 5540 Υ,

1992 5570 2145 5678 νιθτε.
2168 5553 2305 5678 [250,
2368 5552 2523 5623 quod
2554 5556 2662 5616 est,
2695 5551 2866 5619 Quale
2904 5554 2955 5606 el
2984 5549 3197 5606 dixeris
3252 5547 3496 5616 verbum,
3541 5547 3654 5605 tale

1992 5643 2018 5678 8
2080 5642 2168 5678 αιι(
2196 5639 2293 5678 188.

1990 5629 2041 5682 el
2080 5625 2293 5680 audies.
