3958 6388
310 144 347 177 ο

323 340 442 423 6n

1552 336 1620 410 S.
1667 338 1981 409 EUSEBli
2026 339 2498 411 HIERONYMI.

3606 337 3731 411 812

322 479 698 556 Scripserunt
727 478 896 539 multi
925 483 1128 539 contra
1157 479 1532 551 Marcionem,
1562 479 1961 543 Valentinum.
1993 476 2049 543 Α
2078 480 2427 537 faciendum.
2470 479 2577 547 Qui
2609 481 2817 539 nititur
2845 479 3172 552 mendacio,
3202 480 3390 556 pascit
3409 484 3637 552 ventos,
3665 485 3730 541 et

323 571 531 631 Arium
561 577 618 630 et
646 572 1019 630 Eunomium.
1051 572 1096 626 A
1126 587 1242 644 quo
1271 572 1354 628 eis
1385 572 1611 641 objecta
1654 575 1743 626 est
1781 571 1966 643 turpi-

322 664 515 721 tudo?
542 664 745 718 Nonne
775 662 879 716 toti
907 661 967 715 in
998 662 1395 717 convincenda
1451 660 1653 714 haeresi
1683 660 1967 715 incubue-

324 753 510 810 runt?
544 753 670 807 Istas
704 750 987 806 machinae
1020 750 1445 816 hereticorum,
1480 750 1533 804 id
1557 754 1642 804 est
1665 750 1969 821 magistro-

325 858 453 900 rum
484 847 719 898 tuorum
748 847 910 908 sunt,
940 844 1006 895 ut
1026 839 1269 896 convicti
1299 841 1369 893 de
1396 838 1657 910 perfidia,
1691 838 1761 893 ad
1794 839 1969 893 male-

323 933 483 990 dicta
532 947 595 988 se
653 931 972 987 conferant.
1026 930 1117 985 Sic
1168 929 1511 985 Eustathius
1564 927 1967 983 Antiochenus

323 1022 656 1094 episcopus,
690 1019 840 1074 filios
870 1020 1013 1073 dum
1046 1018 1249 1083 nescit,
1285 1016 1551 1072 invenit‘.
1590 1017 1683 1071 Sic
1715 1016 1967 1071 Athana-

322 1110 470 1176 sius,
519 1108 919 1165 Alexandrina:
952 1107 1114 1163 urbis
1145 1107 1418 1178 pontifex,
1452 1106 1682 1161 tertiam
1730 1104 1961 1160 Arseuii

323 1198 653 1271 amputavit
684 1214 944 1253 manum.
980 1196 1135 1251 Duas
1163 1196 1317 1250 enim
1351 1195 1451 1267 qui
1485 1199 1751 1250 mortuus
1799 1194 1965 1265 prius

324 1290 671 1360 fingebatur,
703 1286 899 1341 vivens
958 1289 1155 1356 postea
1186 1284 1398 1340 habere
1457 1288 1819 1339 monstratus
1854 1288 1961 1337 est.

320 1378 478 1437 Talia
506 1381 562 1433 et
590 1373 973 1447 condiscipuli
996 1373 1081 1428 tui
1108 1378 1166 1429 et
1197 1374 1458 1444 magistri
1493 1390 1649 1429 nunc
1709 1373 1779 1427 de
1809 1374 1964 1443 ejus-

320 1467 453 1522 dem
503 1463 765 1520 Ecclesize
825 1463 1125 1518 sacerdote
1155 1464 1537 1533 confingunt:
1598 1464 1655 1515 et
1705 1477 1868 1524 auro,
1903 1460 1960 1515 id

319 1558 427 1620 est,
450 1553 568 1611 tuis
597 1556 953 1623 tuorumque
978 1549 1200 1606 viribus
1232 1553 1573 1621 oppugnant
1603 1549 1736 1603 ﬁdei
1756 1548 1962 1604 verita-

317 1645 457 1700 tem.
490 1640 639 1705 Quid
668 1639 878 1711 loquar
906 1639 977 1695 de
1006 1636 1316 1702 haereticis,
1346 1637 1445 1709 qui
1477 1636 1613 1691 licet
1643 1636 1783 1691 foris
1823 1637 1961 1702 sint,

316 1735 515 1789 tamen
547 1746 608 1786 se
640 1728 946 1785 nominant
973 1726 1375 1782 Christianos?
1393 1727 1715 1781 Adversum
1744 1725 1963 1797 impiis-

319 1818 523 1883 simos,
553 1817 784 1873 Celsum
816 1820 995 1887 atque
1016 1815 1423 1887 Porphyrium,
1448 1814 1651 1887 quanti
1676 1816 1964 1886 scripsere
1995 1848 2042 1913 B

319 1906 703 1964 nostrorum?
733 1905 894 1971 Quis,
925 1905 1146 1960 omissa
1176 1920 1374 1969 causa,
1407 1904 1465 1959 in
1516 1904 1813 1975 superflua
1853 1904 1962 1957 uri-

320 1994 551 2051 minum
583 1994 909 2063 objectione
938 1996 1205 2048 versatus
1251 1992 1385 2048 est?
1414 2010 1543 2064 quae
1604 2009 1718 2047 non
1752 1992 1962 2047 chartae

320 2081 746 2147 ecclesiasticas,
777 2082 879 2137 sed
912 2080 1091 2136 libelli
1121 2079 1627 2152 debentjudicium
1644 2081 1961 2136 continere.

317 2180 432 2237 Aut
455 2179 595 2252 quid
629 2180 821 2247 refert,
854 2179 905 2234 si
935 2195 1113 2234 causa
1143 2179 1335 2245 cadas,
1378 2182 1438 2234 et.
1489 2178 1733 2234 crimine
1784 2195 1961 2249 supe-

318 2285 412 2325 res
433 2269 461 2323 ?
487 2269 612 2325 Non
644 2285 877 2325 necesse
907 2272 1015 2335 est,
1069 2272 1133 2323 ut
1161 2285 1295 2324 cum
1350 2266 1607 2340 periculo
1637 2267 1723 2322 tui
1755 2267 1962 2339 capitis

318 2373 577 2414 accuses.
640 2357 764 2413 Uno
821 2372 1163 2429 percussore
1220 2358 1526 2423 conducto,
1590 2356 1733 2411 satis
1802 2361 1963 2428 potes

317 2445 506 2505 facere
536 2445 826 2502 desiderio
857 2450 978 2500 tuo.
1009 2445 1079 2500 Et
1108 2444 1454 2500 scandalum
1476 2444 1762 2517 timere'te
1786 2445 1964 2499 simu-

317 2536 424 2603 las,
458 2536 557 2607 qui
588 2535 812 2591 dudum
844 2535 1105 2601 fratrem,
1130 2551 1285 2590 nunc
1315 2538 1683 2598 accusatum,
1730 2549 1963 2603 semper

317 2622 647 2691 inimicum,
704 2640 767 2679 es
823 2627 1065 2695 paratus
1120 2623 1402 2679 occidere.
1438 2623 1504 2677 Et
1559 2627 1757 2676 tamen
1808 2622 1962 2677 510

319 2711 522 2779 miror,
554 2712 846 2783 quomodo
869 2712 1043 2767 homo
1072 2713 1352 2783 prudens,
1385 2711 1577 2766 furore
1612 2714 1957 2780 prmventus,

317 2800 461 2858 velis
491 2800 636 2856 mihi
667 2799 1013 2856 beneficium
1044 2799 1299 2855 tribuere
1318 2804 1381 2854 ut
1399 2799 1614 2854 educas
1638 2799 1708 2853 de
1726 2814 1955 2853 carcere

320 2888 579 2945 animam
610 2904 823 2954 meam,
856 2891 913 2943 et
942 2903 1055 2945 non
1089 2887 1328 2960 patiaris
1374 2893 1568 2942 tecum
1612 2886 1672 2941 in
1707 2886 1960 2942 tenebris

321 2974 503 3047 hujus
531 2974 727 3031 saeculi
760 2975 1126 3032 commorari.

391 3066 479 3120 43.
510 3066 795 3122 Ηετνειίεἱε
823 3080 933 3120 non
960 3068 1172 3135 poterat
1200 3079 1437 3135 parcere.
1472 3094 1538 3104 —-
1570 3063 1670 3117 Vis
1700 3078 1836 3133 ergo
1868 3079 1961 3118 me

318 3154 555 3210 tacere?
583 3154 664 3209 Ne
690 3169 951 3211 accuses.
1009 3153 1241 3226 Depone
1267 3151 1550 3225 gladium,
1609 3157 1665 3206 et
1695 3168 1798 3222 ego
1825 3167 1957 3205 seu-

2078 570 2349 643 sequitur
2399 590 2532 629 aves
2588 573 2870 629 volantes.
2930 571 3251 645 Dereliquit
3306 573 3413 645 [Αι.
3468 573 3722 631 derelin-

2079 667 2225 738 quit]
2286 664 2443 720 enim
2467 662 2590 716 vias
2644 661 2823 716 vineae
2855 680 2995 727 suae,
3050 667 3107 717 et
3165 680 3299 718 axes
3329 662 3574 719 culturae
3603 681 3725 720 sua

2079 756 2215 810 tecit
2269 769 2481 809 errare.
2545 750 2919 805 Perambulat
2949 750 3179 806 aridum
3212 768 3278 807 ac
3307 753 3629 820 desertum,
3661 757 3720 809 et

2078 844 2300 916 colligit
2331 841 2605 895 manibus
2640 840 2763 895 suis
2797 840 3182 895 sterilitatem.
3216 840 3292 895 Os
3322 841 3585 913 procacis
3617 858 3722 914 ap-

2078 933 2305 1006 propiat
2373 929 2742 984 contritioni:
2817 933 2873 983 et
2938 929 3039 1000 qui
3098 929 3317 1000 profert
3393 929 3724 1001 maledicta,

2076 1020 2467 1077 stultissimus
2496 1022 2604 1073 est.
2638 1017 2848 1072 Anima
2904 1016 3210 1072 benedicta
3247 1018 3440 1073 omnis
3471 1018 3721 1091 simplex

2076 1110 2197 1165 vir:
2227 1108 2565 1164 animosus’
2621 1106 2969 1161 inhonestus
3003 1110 3111 1161 est.
3145 1106 3253 1161 Per
3282 1105 3491 1163 delicta
3535 1106 3722 1163 labio-

2076 1216 2206 1254 rum
2240 1198 2443 1251 incidit
2475 1196 2533 1250 in
2558 1195 2831 1267 laqueum
2855 1199 3139 1266 peccator.
3163 1195 3375 1251 Itinera
3402 1196 3718 1252 stultorum

2076 1292 2229 1343 recta
2258 1287 2314 1340 in
2345 1288 2659 1356 conspectu
2694 1300 2826 1340 suo.
2855 1282 3083 1339 Stultus
3113 1284 3316 1339 eadem
3347 1283 3441 1340 die
3469 1286 3726 1341 ostendit

2076 1377 2223 1431 iram
2258 1392 2448 1430 suam.
2484 1373 2851 1430 Abominatio
2882 1376 2972 1427 est
3001 1371 3247 1427 Domino
3296 1371 3452 1429 labia
3480 1375 3723 1429 menda-

2075 1468 2184 1522 cia.
2216 1465 2325 1531 Qui
2354 1464 2701 1520 custoditos
2747 1478 2943 1528 suum,
2998 1465 3190 1517 servat
3234 1461 3491 1518 animam
3526 1480 3715 1521 suam.

2076 1556 2142 1610 Et
2163 1555 2264 1626 qui
2290 1551 2634 1609 temerarius
2656 1555 2742 1607 est
2764 1550 2956 1617 labiis,
2984 1549 3219 1606 terrebit
3235 1550 3722 1623 seipsum.Malus

2075 1661 2209 1700 cum
2242 1641 2595 1699 contumelia
2652 1640 2771 1713 agit
2803 1640 2975 1707 mala,
3014 1644 3071 1695 et
3128 1639 3414 1713 insipiens
3443 1643 3724 1713 expandit

2075 1732 2364 1788 malitiam
2396 1747 2587 1786 suam.
2622 1729 2855 1792 Quzeres
2910 1728 3065 1799 apud
3114 1728 3301 1784 malos
3345 1729 3719 1801 sapientiam,

2074 1826 2130 1878 et
2161 1839 2277 1877 non
2311 1819 2589 1875 invenies.
2616 1818 2753 1874 Suis
2776 1817 3084 1873 itineribus
3106 1819 3724 1877 saturabiturtemera-

2074 1912 2219 1966 rius.
2280 1908 2525 1981 Sapiens
2584 1908 2845 1963 timendo
2880 1906 3135 1962 declinat
3196 1906 3441 1963 malum.
3490 1908 3719 1966 Stultus

2074 2000 2376 2057 confidens
2408 1997 2685 2051 miscetur
2712 1996 2785 2051 ei.
2821 1995 3220 2067 Longanimus
3249 1996 3335 2051 vir
3366 1996 3510 2053 511
3565 1998 3719 2054 mul-

2074 2092 2171 2145 tus
2203 2090 2260 2143 in
2286 2086 2595 2160 prudentia
2617 2089 2705 2139 est
2729 2102 2740 2139 ε
2767 2083 3719 2158 pusillanimusvaldeimprudens

2073 2183 2180 2235 est.
2217 2177 2325 2243 Qui
2358 2174 2753 2231 calumniatur
2783 2190 3116 2246 pauperem,
3170 2172 3405 2230 lacessit
3440 2174 3717 2235 factorem

2072 2270 2221 2338 ejus.
2253 2266 2479 2336 Lingua
2509 2264 2841 2335 sapientum
2900 2262 3053 2317 bona
3091 2262 3270 2328 novit,
3327 2267 3384 2318 et
3412 2280 3479 2319 os
3507 2264 3719 2321 stulto-

2073 2372 2201 2412 rum
2237 2353 2578 2426 pronuntiat
2605 2350 2849 2406 malum.
2882 2350 2987 2405 Vir
3016 2351 3322 2408 animosus
3352 2359 3519 2424 parat
3537 2353 3717 2422 rixas,

2072 2450 2129 2500 et
2156 2443 2502 2499 immundus
2528 2444 2618 2497 est
2646 2441 2801 2512 apud
2832 2440 3015 2496 Deum
3043 2441 3234 2495 omnis
3257 2441 3591 2513 quiexaltat
3618 2460 3721 2499 cor

2072 2549 2269 2588 suum.
2305 2531 2515 2586 Manus
2546 2528 2747 2584 manui
2777 2526 3033 2584 inferens
3064 2528 3281 2598 injuste
3311 2546 3428 2585 non
3458 2531 3569 2585 erit
3602 2530 3717 2588 im-

2071 2620 2334 2693 punitus.
2402 2618 2509 2682 Qui
2575 2616 2767 2687 diligit
2830 2617 3008 2671 vitam
3039 2617 3229 2687 parcit
3282 2618 3367 2673 ori
3415 2635 3543 2674 suo.
3567 2621 3718 2676 Ante

2069 2709 2477 2765 contritionem
2508 2706 2779 2778 praecedit
2814 2705 3192 2770 contumelia,
3221 2710 3279 2760 et
3314 2711 3450 2763 ante
3482 2707 3713 2764 ruinam

2072 2798 2227 2853 mala
2257 2795 2547 2868 cogitatio.
2609 2794 2717 2859 Qui
2747 2794 3019 2850 obfirmat
3074 2794 3273 2851 oculos
3305 2812 3443 2852 suos
3499 2798 3718 2870 cogitat

2071 2904 2361 2961 perversa,
2394 2889 2450 2940 et
2479 2887 2755 2957 provocat
2774 2882 2946 2939 labiis
2968 2883 3093 2939 suis
3118 2884 3317 2940 omnia
3338 2883 3512 2941 mala.
3538 2886 3718 2943 Labia

2070 2975 2237 3033 stulti
2270 2975 2496 3031 ducunt
2525 2989 2659 3028 eum
2710 2972 2766 3027 in
2811 2973 2986 3038 mala,
3038 2978 3096 3029 et
3139 2989 3205 3028 os
3247 2974 3437 3030 audax
3467 2978 3714 3030 mortem

2070 3068 2320 3121 invocat.
2354 3063 2647 3135 Malignus
2677 3062 2764 3117 vir
2789 3061 2975 3117 multa
3038 3061 3390 3119 detrimenta
3439 3065 3712 3135 patietur.

2068 3154 2270 3210 Melior
2299 3157 2387 3207 est
2444 3168 2666 3224 pauper
2713 3151 2916 3223 justus
2982 3166 3161 3222 quam
3220 3152 3471 3208 mendax
3529 3153 3710 3210 dives.

318 3246 447 3299 tum
479 3242 776 3313 abjiciam.
811 3243 872 3297 In
920 3259 1035 3297 uno
1066 3219 1171 3296 tibi
1229 3219 1557 3297 consentire
1590 3256 1701 3295 non
1732 3219 1953 3311 potero.
1990 3219 2032 3286 ί)
2068 3242 2265 3299 Gloria
2294 3246 2382 3295 est
2411 3219 2681 3311 viro,‘qui
2715 3219 2950 3295 vavertit
2999 3219 3067 3295 se
3120 3256 3156 3295 a
3212 3240 3581 3298 maledictis:
3611 3242 3713 3314 qui

316 3334 383 3385 ut
412 3346 648 3402 parcam
679 3330 983 3397 haereticis,
1017 3329 1546 3386 utmecatholicum
1562 3345 1676 3383 non
1692 3328 1953 3399 probem.

317 3417 379 3475 Si
415 3417 524 3474 ista
552 3422 641 3473 est
668 3434 845 3473 causa
900 3419 1225 3483 discordiae,
1258 3419 1407 3473 mori
1466 3433 1727 3489 possum,
1772 3417 1957 3471 facere

319 3522 435 3563 non
466 3522 728 3579 possum.
763 3507 1088 3563 Debueram
1117 3507 1353 3578 quidem
1383 3507 1456 3561 de
1483 3506 1643 3561 omni
1669 3504 1958 3576 scriptura

319 3598 433 3651 tua
461 3593 704 3651 insaniae
737 3596 1087 3667 respondere
1119 3638 1133 3662 ,
1168 3598 1226 3650 et
1254 3594 1468 3649 divinis
1496 3593 1735 3649 vocibus
1757 3592 1817 3647 in
1841 3608 1957 3647 mo-

320 3684 463 3741 dum
521 3684 697 3740 David
756 3684 1151 3740 citharizantis
1210 3685 1258 3755 (I
1314 3685 1439 3751 Reg.
1464 3699 1579 3737 xvx.
1638 3683 1727 3751 23)
1773 3681 1958 3736 lenire

319 3772 575 3829 furorem
606 3774 860 3845 pectoris
887 3774 971 3829 tui
999 3792 1011 3840 ;
1046 3773 1147 3829 sed
1177 3776 1484 3829 contentus
1513 3788 1610 3827 ero
1632 3768 1957 3826 uniuslibri

321 3860 527 3933 paucis
546 3862 1287 3935 testimoniis,etopponam
1310 3860 1657 3933 sapientiam
1676 3858 1957 3926 stultitiae;

319 3953 389 4004 ut
416 3949 467 4005 si
497 3948 758 4006 humana
784 3950 1131 4015 contemnis,
1163 3950 1371 4006 saltem
1401 3948 1598 4003 divina
1627 3965 1743 4003 non
1777 3947 1955 4019 negli-

319 4055 443 4111 gas.
475 4039 623 4095 Audi
654 4039 834 4111 igitur
862 4040 1001 4111 quid
1033 4040 1104 4095 de
1127 4045 1203 4104 te,
1236 4045 1293 4094 et
1323 4039 1393 4094 de
1424 4038 1703 4093 omnibus
1746 4037 1957 4092 invidis

319 4141 388 4181 ac
443 4124 744 4183 maledicis
798 4133 856 4183 et
912 4128 1351 4184 contumeliosis
1408 4126 1685 4199 loquatur
1722 4125 1957 4198 sapiens

320 4211 634 4270 Salomon:
668 4237 695 4265 «
730 4215 1075 4288 Insipientes
1106 4219 1248 4272 dum
1278 4216 1512 4288 injuriis
1560 4214 1752 4287 cupidi
1796 4220 1954 4282 sunt,

319 4300 487 4373 impii
515 4301 649 4357 facti
680 4304 930 4360 oderunt
960 4321 1221 4361 sensum.
1254 4305 1335 4360 Ne
1381 4304 1680 4360 tabriceris
1713 4303 1770 4357 in
1811 4304 1956 4359 ami-

320 4406 454 4446 cum
483 4394 652 4447 tuum
684 4392 859 4450 mala.
891 4394 961 4449 Et
989 4411 1061 4449 ne
1092 4394 1410 4449 inimiceris
1441 4394 1748 4449 adversum
1772 4392 1957 4448 homi-

319 4496 454 4536 nem
486 4480 613 4536 sine
642 4498 837 4539 causa.
874 4482 1043 4557 lmpii
1073 4482 1329 4540 exaltant
1357 4482 1793 4539 contumeliam.
1836 4482 1956 4536 Cir-

2067 3335 2262 3387 autem
2296 3327 2513 3385 stultus
2564 3334 2673 3393 est,
2704 3327 2923 3383 talibus
2956 3343 3018 3383 se
3046 3327 3288 3400 obligat.
3346 3328 3473 3386 Noli
3512 3347 3713 3388 amare

2066 3419 2389 3482 detrahere,
2423 3434 2495 3473 ne
2526 3416 2856 3472 eradiceris.
2885 3417 3092 3472 Suavis
3147 3422 3238 3473 est
3266 3417 3491 3474 homini
3541 3420 3712 3492 panis

2067 3507 2396 3573 mendacii;
2432 3509 2633 3577 postea
2662 3504 3001 3576 implebitur
3029 3521 3094 3561 os
3136 3506 3264 3577 ejus
3324 3506 3569 3565 calculo.
3601 3509 3711 3574 Qui

2066 3600 2342 3670 operatur
2398 3594 2702 3650 thesauros
2734 3594 2937 3665 lingua
2992 3595 3279 3650 mendacii
3312 3597 3422 3667 [Αἱ.
3468 3598 3711 3654 menda-

2066 3686 2192 3757 cis],
2224 3700 2375 3740 vana
2405 3686 2686 3750 sectatur,
2717 3685 2775 3737 et
2801 3682 2992 3737 veniet
3020 3682 3077 3738 in
3109 3681 3347 3756 laqueos
3386 3685 3613 3743 mortis.
3648 3686 3711 3742 In

2067 3791 2207 3831 aure
2237 3770 2400 3830 stulti
2434 3770 2553 3828 noli
2585 3771 2913 3843 quidquam
2936 3770 3150 3840 dicere,
3173 3789 3244 3828 ne
3265 3773 3410 3829 forte
3430 3772 3716 3833 irrideant

2067 3863 2359 3936 sapientes
2391 3877 2693 3917 sermones
2724 3864 2875 3915 tuos.
2929 3859 3102 3917 Clava
3122 3866 3180 3917 et
3228 3861 3463 3934 gladius
3516 3869 3574 3920 et
3628 3881 3719 3921 sa-

2066 3954 2215 4024 gitta
2245 3948 2572 4021 perniciosa
2598 3952 2770 4004 sunt:
2806 3948 2890 4003 sic
2920 3953 2977 4003 et
3025 3948 3133 4016 vir,
3183 3950 3283 4022 qui
3332 3956 3533 4008 contra
3561 3953 3715 4009 ami-

2067 4056 2201 4096 cum
2235 4055 2410 4095 suum
2444 4037 2660 4092 falsum
2694 4036 2836 4091 dicit
2893 4037 3317 4094 testimonium.
3378 4040 3541 4096 Sicut
3577 4058 3716 4097 aves

2067 4130 2298 4185 avolant
2334 4132 2391 4184 et
2424 4144 2712 4198 passeres,
2748 4126 2828 4181 ita
2891 4125 3271 4184 maledictum
3339 4146 3557 4186 vanum
3598 4148 3714 4189 non

2067 4214 2442 4290 superveniet
2470 4214 2575 4269 illi.
2609 4214 2736 4268 Noli
2769 4214 3494 4288 respondereimprudenti
3515 4219 3588 4274 ad
3612 4219 3717 4276 im-

2068 4305 2445 4379 prudentiam
2479 4305 2627 4374 ejus,
2662 4319 2734 4358 ne
2764 4302 2975 4359 similis
3002 4305 3053 4359 ei
3085 4305 3230 4361 ﬁas:
3290 4307 3392 4362 sed
3425 4309 3715 4380 responde

2067 4394 2245 4451 stulto
2277 4394 2350 4450 ad
2383 4391 2738 4449 stultititiam
2808 4394 2956 4463 ejus,
2993 4409 3065 4448 ne
3126 4393 3237 4451 sibi
3304 4395 3542 4469 sapiens
3584 4414 3714 4454 esse

2064 4484 2348 4539 videatur.
2416 4481 2524 4546 Qui
2570 4480 2883 4536 insidiatur
2948 4481 3153 4538 amicis
3182 4483 3329 4550 suis,
3380 4500 3517 4540 cum
3546 4484 3713 4542 visus

317 4569 585 4627 cumcide
612 4588 648 4626 ιι
714 4576 772 4628 te
800 4589 865 4629 os
924 4589 1187 4646 pravum,
1220 4578 1277 4628 et
1332 4572 1536 4645 iniqua
1580 4572 1735 4628 labia
1784 4570 1956 4643 longe
1985 4594 2032 4657 Β
2064 4573 2254 4629 fuerit.
2289 4571 2473 4641 dicit:
2520 4569 2753 4625 Ludens
2821 4569 2949 4626 feci.
3010 4570 3311 4628 Graticula
3336 4572 3710 4643 carbonibus,

317 4658 531 4732 repelle
554 4661 660 4717 abs
681 4667 736 4717 te
757 4680 769 4717 :
794 4660 995 4718 oculos
1017 4662 1445 4731 contumeliosi,
1460 4661 1722 4733 linguam
1744 4660 1953 4732 iniqui,

317 4761 530 4805 manus
558 4750 923 4807 elfundentes
948 4752 1295 4825 sanguinem
1321 4750 1493 4823 justi,
1526 4766 1626 4806 cor
1664 4748 1956 4805 fabricans

315 4836 695 4911 cogitationes
726 4840 931 4908 malas,
965 4845 1021 4897 et
1050 4842 1227 4914 pedes
1259 4840 1600 4896 festinantes
1648 4838 1719 4893 ad
1780 4837 1955 4893 male-

390 5038 655 5093 ‘Auctor
709 5042 797 5093 est
850 5037 1272 5093 Theodoretus.
1335 5034 1651 5090 Eusebium
1693 5033 1958 5090 Nicome-

318 5108 583 5165 diensem
615 5125 748 5164 cum
792 5110 925 5165 aliis
974 5110 1202 5164 Arianae
1260 5106 1577 5178 impietatis
1608 5106 1958 5162 satellitibus

318 5179 683 5236 Antiochiam
716 5182 1143 5251 venisse,atque
1173 5179 1251 5235 ibi
1285 5178 1571 5251 conducta
1591 5178 1953 5251 muliercula,

319 5266 448 5322 quae
508 5267 628 5323 rem
686 5267 819 5307 cum
873 5249 1176 5308 Eustatbio
1227 5250 1496 5323 episcolio
1553 5249 1851 5323 habuisse,
1892 5267 1958 5305 ex

318 5320 503 5396 eoque
545 5322 828 5396 infantem
886 5323 1236 5396 suscepisse,
1263 5320 1473 5396 'que‘m
1538 5320 1814 5396 uberib‘us
1857 5323 1957 5376 ud-

319 5392 608 5459 movebat,
668 5393 902 5453 diceret.
943 5392 1076 5451 eum
1137 5392 1343 5451 fecisse
1393 5392 1625 5463 deponi.
1668 5393 1956 5459 Socrates,

317 5464 551 5521 tametsi
601 5464 1024 5522 Sabellianismi
1075 5483 1255 5523 causa
1335 5464 1706 5520 Eustathium
1792 5466 1958 5520 abdi-

318 5540 516 5593 catum
558 5542 771 5602 narret,
842 5554 955 5592 non
987 5539 1233 5595 obscure
1301 5536 1656 5593 calumniam
1687 5535 1959 5592 adulterii

319 5607 535 5668 innuit.

387 5681 410 5719 ³
465 5679 779 5752 Fortassis,
844 5684 1068 5738 mutata
1124 5678 1592 5755 interpunctione
1645 5678 1957 5753 legendum

2065 4667 2121 4717 et
2149 4660 2308 4732 ligna
2340 4659 2459 4732 igni
2491 4663 2547 4714 et
2577 4659 2664 4713 vir
2696 4657 3021 4717 maledicus
3050 4660 3123 4716 ad
3180 4660 3508 4718 tumultum
3553 4663 3713 4720 rixae.

2066 4751 2126 4807 Si
2156 4754 2213 4806 te
2245 4747 2530 4821 rogaverit
2560 4747 2838 4803 inimicus
2869 4752 3027 4816 tuus,
3059 4765 3274 4820 pacens
3301 4766 3440 4807 voce
3478 4768 3714 4826 magna,

2064 4855 2136 4894 ne
2167 4837 2498 4894 consentias
2526 4835 2577 4893 ei
2606 4854 2618 4892 :
2654 4842 2882 4909 septem
2952 4838 3111 4894 enim
3138 4840 3416 4911 nequitias
3474 4846 3617 4897 sunt
3654 4841 3715 4897 in

2067 5040 2155 5091 est
2186 5054 2198 5093 :
2233 5037 2431 5091 Anima
2464 5033 2745 5108 benedicta
2766 5037 2955 5108 omnis
2981 5036 3217 5108 simplex
3236 5054 3257 5097 .·
3288 5037 3716 5108 viruanimosus,

2068 5112 2178 5163 etc.
2215 5108 2396 5181 Locus
2422 5111 2511 5181 est
2538 5106 2821 5181 _Pr_o_verb.
2855 5124 2935 5171 x1,
2991 5104 3279 5181 25.’Ψυχή
3338 5104 3714 5181 εὐλογουμὲγη

2068 5185 2210 5249 πᾶσα
2241 5176 2411 5246 ἁπλῆ.
2445 5178 2550 5233 Ubi
2611 5178 2667 5231 id
2701 5193 2933 5249 quoque
2984 5176 3308 5235 notandum
3347 5176 3591 5235 verbum
3622 5178 3713 5232 εὑ-

2068 5248 2341 5323 λογοῇμαι
2375 5251 2470 5305 hic
2500 5250 2572 5323 ab
2598 5248 2973 5323 Hieronymo,
2996 5256 3120 5306 uta
3149 5252 3247 5308 SS.
3281 5251 3722 5321 Chrysostomo,

2067 5321 2269 5377 homil.
2306 5324 2374 5377 16
2402 5322 2459 5376 in
2491 5322 2797 5388 Joannem,
2825 5321 2888 5377 'et
2914 5324 3221 5379 Ambrosio
3250 5324 3332 5379 lib
3361 5325 3434 5378 de
3465 5324 3626 5379 Isaac
3656 5328 3718 5377 et

2067 5399 2126 5469 et
2148 5395 2380 5469 Anima,
2412 5411 2461 5448 c.
2490 5396 2544 5455 2,
2580 5394 2639 5449 in
2670 5409 2851 5469 sensu
2876 5394 3319 5469 passivoaccipi
3351 5396 3550 5469 minus
3582 5398 3720 5466 apte

2069 5410 2126 5449 8t
2148 5410 2380 5457 anima,
2412 5411 2461 5448 c.
2491 5410 2544 5455 κ,
2580 5411 2639 5449 in
2670 5410 2847 5449 sensu
2876 5410 3108 5521 passivo
3136 5411 3319 5469 accipi
3351 5411 3550 5451 minus
3582 5410 3720 5466 aptae

2069 5465 2118 5520 si
2150 5483 2264 5521 non
2296 5466 2367 5520 ad
2401 5470 2659 5520 mentem
2688 5468 2796 5517 τῶν
2829 5466 2871 5521 L
2926 5467 2993 5528 X,
3044 5466 3251 5523 saltem
3311 5467 3384 5523 ad
3414 5466 3720 5523 veritatem

2068 5538 2433 5664 aspraicam.
2468 5537 2816 5593 Benedicere
2846 5537 3138 5596 idiotismo
3168 5538 3450 5595 Hebraico
3498 5543 3590 5595 est
3617 5539 3720 5595 be-

2070 5626 2142 5664 ne
2170 5626 2357 5664 acere.

2070 5626 2357 5666 DGIECGI‘C.
