3958 6402
250 392 370 468 619

1004 404 1395 472 DIALOGUS
1441 394 1755 471 CONTRA
1797 378 2321 472 nuncusos.
2357 370 2434 455 -μᾷ
2461 408 2930 476 ADMONITIO.

3554 374 3672 482 sn

254 539 456 596 anima
475 540 625 613 ejus.
649 541 853 598 Gravis
875 547 962 599 est
983 541 1155 615 lapis,
1183 545 1240 599 et
1263 542 1355 597 vix
1381 541 1684 615 portabilis
1706 559 1903 611 arena;
1936 544 1991 610 Α
2023 543 2235 610 surdae,
2266 546 2321 599 et
2352 545 2683 601 obturantis
2714 564 2885 603 aures
2930 565 3090 615 suas,
3136 565 3263 622 quin
3310 566 3425 608 non
3477 531 3683 609 audiat

254 629 356 685 sed
388 630 478 686 ira
510 631 663 689 δη
713 631 877 688 stulti
931 632 1164 706 gravior
1209 636 1477 705 utroque,
1532 631 1785 688 crudelis
1828 636 1915 687 est

253 718 607 792 indignatio,
641 725 697 777 et
724 725 895 778 acuta
923 721 1010 777 ira
1040 726 1096 777 et
1125 721 1285 777 zelus
1315 721 1631 794 impatiens
1661 726 1770 777 est.
1808 722 1917 776 lm-

255 808 393 881 pius
426 809 822 867 calumniatur
849 827 1170 884 pauperes:
1201 814 1259 867 et
1289 810 1389 883 qui
1425 809 1667 865 conﬁdit
1697 810 1754 865 in
1786 827 1913 866 cor—

257 898 352 956 dis
384 900 628 956 audacia
657 900 764 972 [Αι.
798 900 1086 975 avaritia,]
1126 898 1514 957 stultissimus
1553 904 1661 955 est.
1706 901 1914 955 Totam

258 988 412 1044 iram
464 1006 630 1045 suam
680 990 899 1062 profert
950 989 1273 1062 insipiens:
1331 989 1567 1060 sapiens
1613 988 1919 1061 dispensat

254 1077 316 1132 in
366 1082 582 1150 partes.
628 1078 813 1153 Filius
854 1079 1046 1135 malus
1104 1078 1330 1152 gladios
1390 1079 1592 1133 dentes
1630 1078 1827 1144 habet,
1862 1082 1919 1133 et

256 1166 479 1224 cultros
510 1167 719 1240 molas,
752 1173 819 1223 ut
873 1173 1183 1224 consumat
1229 1167 1495 1222 inﬁrmos
1551 1168 1623 1222 de
1651 1172 1827 1234 terra,
1860 1172 1920 1222 et

257 1274 546 1329 pauperes
594 1274 663 1313 ex
709 1258 1051 1314 hominibus
1095 1257 1279 1329 (Prov.
1334 1275 1392 1325 x,
1442 1261 1494 1313 et
1549 1259 1755 1328 passim
1809 1273 1915 1311 sec.

260 1347 422 1419 LXX).
459 1368 487 1398 n
518 1346 622 1404 His
652 1363 791 1421 ergo
827 1348 1033 1404 doctus
1082 1346 1385 1419 exemplis,
1437 1346 1597 1402 nolui
1652 1346 1917 1402 mordere

263 1436 655 1504 mordentem,
685 1454 791 1493 nec
820 1436 1004 1494 vicem
1037 1436 1273 1493 talionis
1304 1435 1663 1508 implodere:
1700 1434 1916 1491 malui—

264 1542 379 1599 que
409 1526 699 1582 insaniam
747 1530 1056 1583 excantare
1104 1525 1428 1594 furibundi,
1469 1529 1527 1580 et
1576 1525 1753 1581 unius
1784 1524 1918 1580 libri

266 1614 593 1671 antidotum
629 1619 908 1672 venenato
940 1615 1158 1689 pectori
1208 1615 1515 1670 infundere
1548 1614 1656 1685 [ΑΙ.
1699 1615 1917 1670 insere-

266 1704 370 1775 re].
406 1704 515 1761 Sed
546 1721 747 1761 vereor
794 1721 866 1760 ne
914 1704 1061 1761 nihil
1113 1703 1441 1777 proﬁciens,
1491 1702 1635 1759 illud
1688 1703 1918 1759 Davidi-

262 1810 398 1849 cum
451 1799 687 1850 cantare
739 1792 1076 1866 compellar,
1136 1798 1193 1849 et
1250 1794 1342 1849 his
1399 1810 1490 1849 me
1548 1792 1919 1849 sermonibus

262 1883 555 1940 consolari
583 1901 596 1940 :
632 1907 660 1934 «
693 1883 944 1940 Alienati
971 1887 1110 1940 sunt
1141 1887 1470 1956 peccatores
1496 1901 1526 1938 a
1548 1883 1737 1947 vulva,
1771 1900 1919 1939 erra-

263 1978 475 2030 verunt
505 1973 578 2029 ab
606 1976 792 2030 utero.
846 1973 1049 2030 Locuti
1098 1978 1238 2029 sunt
1287 1972 1452 2042 falsa,
1487 1973 1649 2029 furor
1679 1973 1796 2028 illis
1829 1989 1917 2028 se-

2026 649 2223 687 xocem
2259 632 2712 703 incantantium,
2738 639 2794 690 et
2813 638 3051 692 veneﬁci
3074 638 3431 696 incantantis
3456 642 3684 714 sapien-

2027 726 2136 777 ter.
2175 723 2324 777 Deus
2354 726 2610 779 conteret
2637 725 2841 781 dentes
2871 744 3071 782 eorum
3117 728 3173 783 in
3223 745 3320 785 ore
3372 729 3679 803 ipsorum:

2030 810 2218 865 molas
2250 810 2481 865 leonum
2514 812 2839 886 confringet
2886 815 3171 872 Dominus
3214 818 3320 888 [AL
3361 817 3559 891 Deus).
3595 821 3680 876 Ad

2030 899 2281 954 nihilum
2318 901 2643 971 devenient,
2689 906 2970 976 tanquam
3018 922 3166 976 aqua
3213 908 3551 965 decurrens.
3591 909 3682 965 ln-

2030 988 2217 1043 tendit
2247 1006 2447 1045 arcum
2480 1007 2678 1058 suum,
2713 991 2896 1048 donec
2920 994 3314 1051 inﬁrmentur.
3339 996 3500 1052 Sicut
3526 1014 3680 1066 cera,

2030 1094 2156 1149 qua:
2191 1078 2339 1144 ﬁuit,
2372 1079 2744 1137 auferentur:
2791 1083 3181 1155 supercecidit
3226 1085 3400 1157 ignis,
3461 1091 3518 1143 et
3562 1104 3682 1145 non

2027 1165 2300 1221 viderunt
2366 1166 2547 1222 solem
2604 1170 2777 1234 (Psal.
2830 1188 2963 1239 LVII,
3032 1173 3171 1244 4-9).
3227 1197 3253 1223 ››
3305 1176 3372 1229 Et
3430 1175 3679 1232 iterum:

2034 1278 2055 1303 α
2096 1255 2654 1325 Laetabiturjustus,
2687 1276 2821 1314 cum
2864 1260 3075 1316 viderit
3114 1263 3430 1320 vindictam
3473 1265 3685 1337 impio-

2027 1361 2190 1399 rum:
2218 1362 2431 1399 manus
2463 1363 2600 1402 suas
2630 1347 2918 1404 lavabitin
2944 1350 3228 1422 sanguine
3251 1353 3683 1425 peccatoris.Et

2030 1433 2183 1489 dicet
2213 1433 2388 1489 homo
2416 1452 2428 1489 :
2465 1436 2510 1490 si
2546 1436 2746 1509 utique
2777 1441 2864 1493 est
2901 1438 3122 1496 fructus
3145 1441 3334 1511 justo,
3360 1442 3562 1515 utique
3594 1446 3684 1499 est

2037 1528 2182 1578 Deus
2208 1524 2483 1595 judicans
2515 1543 2613 1581 eos
2644 1527 2700 1581 in
2733 1530 2886 1583 terra
2915 1528 3077 1599 (Ibid.
3114 1529 3223 1598 l2).
3265 1553 3285 1579 ι

2103 1614 2190 1667 44.
2224 1613 2286 1667 In
2320 1618 2577 1669 extrema
2599 1615 2854 1687 Epistola
2875 1618 3084 1674 scribis
3115 1637 3251 1675 mau
3302 1624 3443 1676 tua:
3469 1644 3495 1671 «
3521 1621 3672 1695 Opto

2034 1707 2086 1757 te
2118 1718 2317 1773 pacem
2351 1702 2612 1775 diligere.
2649 1728 2675 1754 »ι
2709 1705 2794 1760 Ad
2820 1707 2972 1777 quod
2996 1708 3249 1763 breviter
3272 1698 3674 1781 respondebo}

2030 1791 2088 1846 Si
2123 1806 2323 1862 pacem
2360 1792 2680 1859 desideras,
2713 1810 2875 1849 arma
2914 1796 3160 1867 depone.
3193 1796 3522 1853 Blandienti
3549 1816 3683 1872 pos-

2032 1898 2163 1937 sum
2189 1882 2701 1953 acquiescere,non
2724 1883 2896 1940 timeo
2920 1886 3397 1943 comminantem.
3422 1887 3509 1944 Sit
3529 1887 3685 1946 inter

2034 1989 2140 2027 nos
2174 1988 2289 2026 una
2320 1972 2485 2041 ﬁdes,
2518 1977 2575 2027 et
2601 1971 2755 2028 illico
2790 1991 2898 2045 pax
2929 1980 3225 2047 sequetur.

261 2062 526 2118 cundum
584 2061 1033 2119 similitudinem
1093 2062 1422 2134 serpentis:
1485 2061 1635 2117 sicut
1696 2061 1920 2133 aspidis

259 2212 482 2279 rtA‘Nola.
508 2213 642 2264 Huic
670 2214 976 2279 Hieronymi
1009 2218 1194 2264 contra
1224 2213 1497 2279 Ruﬁnum,
1528 2213 1705 2279 Ruﬁni
1727 2216 1925 2279 contra
1956 2213 2337 2279 Hieronymum
2368 2214 2676 2277 Apologiam
2702 2215 2936 2279 subjicit,
2955 2217 3008 2266 in
3032 2219 3346 2279 appendiee,
3374 2220 3683 2273 Vallarsiust

261 2232 296 2249 ἐ
329 2232 482 2263 nata.
508 2232 642 2264 nunc
670 2232 976 2277 uleronyml
1009 2232 1194 2264 contra
1224 2232 1497 2268 nmmum.
1528 2232 1705 2262 nullm
1736 2232 1925 2262 contra.
1957 2232 2337 2276 Hieronymum
2368 2232 2676 2277 Aponoglam
2702 2232 3008 2279 sunjlc1t,m
3032 2232 3061 2267 a
3101 2232 3346 2279 penates,
3380 2232 3683 2273 vauarnust

261 2276 427 2327 Nobis
459 2290 603 2336 vero,
634 2277 761 2339 quia
790 2277 1192 2341 Ruﬁnianorum
1224 2291 1452 2341 operum
1485 2276 1963 2341 locupletissimum
1997 2276 2286 2325 editionem
2319 2277 2374 2341 in
2406 2284 2547 2341 tomo
2574 2280 2900 2339 praecedenti
2930 2232 3253 2341 recugimus,
3284 2284 3414 2333 satis
3437 2285 3683 2338 eritillue

261 2341 514 2452 lectoretm
544 2338 814 2401 revocare,
852 2354 961 2391 non
986 2340 1097 2404 jam
1128 2340 1193 2390 de
1223 2338 1416 2389 lacuna
1447 2338 1725 2402 quam’bic
1757 2339 1894 2387 inter
1922 2351 2181 2388 numeros
2208 2339 2454 2388 crassiori
2484 2338 2787 2391 charactere
2834 2355 3112 2405 expressos
3148 2338 3573 2396 animadvertere
3605 2350 3685 2396 est

262 2416 450 2452 anorna
477 2415 653 2452 nrum.
3666 2420 3671 2423 -

298 2416 413 2466 ροτι
420 2416 631 2452 aturum
641 2440 653 2451 .

1000 2606 1070 2710 ΙΝ
1109 2654 1260 2717 SEO.
1304 2652 1662 2710 DIALOGOS
1702 2652 1991 2708 CONTRA
2028 2651 2478 2708 PELAGIANOS
2515 2652 2941 2711 ADMONlTlO.

340 2940 364 2994 1
426 2936 533 2992 Vix
563 2936 705 2991 dum
737 2931 1088 3007 Origeniana
1118 2932 1364 3005 perﬁdia
1391 2947 1631 3003 quaqua
1659 2928 1851 3002 patuit
1881 2928 2253 2986 Christianus
2283 2930 2443 2986 orbis
2476 2930 2772 2999 damnata,
2808 2932 3158 3007 Hieronymo
3190 2936 3445 2994 cervices
3475 2938 3681 2995 subdi-

266 3032 455 3094 derat,
488 3042 624 3083 cum
656 3024 850 3081 subito
882 3022 1258 3095 Pelagianum
1290 3020 1507 3077 bellum
1540 3021 1837 3090 exardere,
1870 3019 2160 3076 Ecclesias
2192 3020 2303 3074 late
2334 3021 2659 3092 pervagari,
2691 3026 3013 3095 natumque
3059 3024 3201 3080 adeo
3250 3028 3531 3084 monstris
3570 3028 3683 3084 eli-

261 3118 475 3176 dendis
505 3117 804 3172 doctorem
835 3113 1181 3178 maximum,
1210 3111 1445 3168 tametsi
1466 3112 1593 3183 jam
1627 3110 1791 3166 senio
1822 3111 2173 3178 confectum,
2209 3114 2271 3165 ut
2300 3109 2359 3165 in
2391 3110 2574 3165 aciem
2624 3111 3020 3181 descenderet,
3062 3114 3348 3170 excitare:
3402 3114 3468 3171 ut
3496 3115 3679 3185 nulla,

266 3208 497 3281 Opinor,
530 3204 660 3262 laus
690 3220 954 3276 unquam
987 3206 1142 3258 esset
1163 3199 1445 3273 jugulatee
1477 3200 1785 3267 haereseos,
1838 3215 1952 3270 qua
2001 3198 2097 3254 ille
2146 3204 2246 3253 aut
2284 3198 2443 3254 solus
2476 3215 2590 3254 non
2622 3199 2959 3268 donaretur,
2992 3205 3095 3257 aut
3122 3203 3369 3275 primus.
3403 3206 3680 3263 Exsecra-

264 3296 446 3355 bilem
476 3292 801 3351 doctrinam
832 3308 1009 3364 quam
1046 3292 1240 3347 Romae
1272 3289 1559 3344 didicerat
1588 3305 1621 3342 a
1649 3288 1861 3343 Ruﬁno
1912 3288 2164 3360 quodam
2208 3286 2351 3359 Syro
2401 3286 2687 3360 Pelagius,
2734 3288 3107 3345 Palaestinam
3162 3291 3498 3364 importavit
3527 3293 3683 3352 circa

264 3402 489 3443 annum
519 3382 735 3440 Christi
774 3384 900 3449 412,
933 3385 989 3437 et
1018 3380 1432 3451 Hierosolyma
1471 3378 1796 3441 docuit,ubi
1845 3380 2141 3432 annuente
2188 3376 2316 3447 ejus
2363 3376 2529 3432 urbis
2576 3377 2845 3450 episcopo
2874 3378 3120 3445 Joanne,
3153 3397 3340 3453 usque
3368 3383 3511 3439 adeo
3540 3400 3681 3456 pros

264 3476 423 3545 fecit,
464 3478 529 3529 ut
559 3478 757 3529 essent
788 3471 888 3544 qui
921 3488 1027 3527 suo
1059 3471 1129 3526 de
1181 3469 1418 3525 nomine
1472 3466 1926 3540 appellarentur.
1983 3472 2227 3521 Summa
2274 3466 2560 3522 haereseos
2617 3484 2719 3539 per
2748 3468 2804 3523 id
2836 3469 3118 3541 temporis
3146 3469 3269 3526 haec
3312 3476 3473 3528 erat:
3505 3473 3682 3530 Posse

266 3565 539 3621 homines
567 3564 693 3620 sine
724 3566 957 3635 peccato
987 3577 1115 3616 esse
1140 3560 1189 3616 si
1219 3558 1397 3615 velint
1425 3584 1439 3626 ;
1472 3558 1679 3613 divina:
1711 3556 1910 3629 gratia:
1958 3557 2366 3612 necessitatem
2420 3557 2645 3613 arbitrii
2691 3556 2945 3614 libertati
2985 3559 3236 3628 ofﬁcere,
3271 3567 3347 3630 et,
3382 3564 3535 3634 quod
3569 3560 3683 3619 mi¢

264 3653 395 3710 nori
430 3652 626 3709 studio
658 3651 890 3707 videtur
922 3655 1061 3706 tunc
1100 3648 1306 3705 saltem
1322 3649 1640 3719 jactatum,
1672 3664 1788 3703 non
1819 3663 1947 3702 esse
1978 3647 2279 3701 traducem
2310 3644 2554 3718 peccati.
2596 3646 2983 3721 Hieronymus
3013 3647 3073 3705 in
3107 3648 3296 3717 libris,
3327 3666 3477 3722 quos
3506 3651 3580 3707 ab
3611 3650 3681 3709 eo

258 3749 526 3816 tempore
555 3740 873 3798 elaboravit
899 3739 1154 3794 maxime
1186 3736 1633 3795 Commentariis
1664 3735 1724 3791 in
1755 3736 2069 3791 Jeremiam
2102 3736 2506 3791 detestandam
2539 3736 2878 3807 superbiam
2908 3736 3227 3809 suggillare
3258 3742 3489 3811 arrepta
3512 3754 3679 3798 occa.

257 3832 425 3890 sione
457 3848 570 3887 non
602 3829 867 3897 destitit;
901 3828 1002 3885 sed
1064 3826 1402 3883 nominibus
1460 3826 1738 3882 continuo
1795 3826 2073 3897 pepercit,
2136 3841 2284 3896 quos
2340 3840 2428 3879 eos
2482 3825 2674 3879 mallet
2712 3826 2919 3895 corripi
2947 3841 3114 3896 quam
3142 3828 3433 3895 infamari.
3460 3826 3680 3886 Verum

255 3926 394 3992 post
426 3921 601 3976 ferme
635 3918 960 3983 biennium,
994 3922 1049 3972 et
1078 3916 1169 3971 vix
1199 3915 1390 3988 primo
1423 3915 1571 3971 libro
1603 3915 1662 3970 in
1692 3914 1996 3969 laudatum
2029 3912 2374 3986 prophetam
2400 3911 2646 3983 expleto,
2676 3912 2894 3984 stylum
2917 3918 3117 3969 contra
3140 3914 3475 3972 haereticum
3499 3916 3680 3986 acuit,

255 4010 536 4083 deditque
564 4007 923 4081 Ctesiphonti
965 4004 1294 4077 epistolam,
1329 4020 1507 4076 quam
1539 4003 1599 4058 in
1632 4002 1811 4075 priori
1843 4006 2000 4057 tomo
2033 4001 2378 4056 excudimus
2409 4001 2520 4054 sub
2551 4017 2798 4055 numero
2828 4002 2950 4069 433,
2985 4002 3044 4057 in
3078 4020 3196 4075 qua
3233 4009 3431 4060 natam
3463 4021 3494 4061 e
3523 4010 3682 4063 vete-

258 4115 393 4154 rum
425 4098 756 4154 Stoicorum
789 4095 1047 4151 fontibus
1078 4092 1332 4146 ἀπάθειαν
1367 4092 1730 4164 itajugulat,
1767 4095 1829 4146 ut
1856 4095 2054 4146 tamen
2089 4090 2202 4145 nisi
2247 4089 2581 4145 velitatione
2627 4089 2728 4145 illa
2780 4089 3032 4147 haeretici
3076 4093 3507 4166 resipiscerent,
3542 4110 3681 4152 con-‘-

252 4189 517 4243 diturum
550 4203 612 4243 sc
644 4186 824 4242 libros
855 4185 1181 4249 minitetur,
1214 4182 1431 4255 quibus
1460 4180 1652 4253 impia:
1688 4180 1956 4236 factionis
1989 4177 2293 4235 cuniculos
2338 4194 2543 4234 omnes
2589 4179 2969 4236 subverteret.
3018 4180 3098 4237 Re
3128 4182 3257 4255 ipsa
3298 4183 3455 4240 haud
3492 4184 3679 4241 multo

255 4281 391 4351 post
423 4280 663 4349 rogatus
694 4292 727 4330 a
756 4273 1036 4330 fratribus
1066 4277 1186 4328 tres
1220 4272 1392 4327 hosce
1422 4270 1606 4326 libros
1638 4268 1956 4342 evulgavit,
2008 4268 2063 4323 in
2118 4268 2335 4340 quibus
2367 4267 2659 4323 Socratico
2713 4285 2874 4324 more
2923 4287 2991 4325 ex
3032 4276 3281 4342 utraque
3323 4278 3486 4345 parte
3540 4272 3680 4347 quid
3788 4338 3799 4353 .

255 4383 363 4441 pro
390 4365 599 4422 haeresi
631 4364 719 4421 vel
751 4369 954 4419 contra
983 4361 1097 4417 dici
1130 4366 1329 4435 posset
1358 4377 1673 4433 exponens,
1725 4358 1905 4414 Attici
1947 4363 2004 4414 et
2050 4358 2333 4414 Critobuli
2379 4374 2661 4431 personas
2708 4358 2937 4415 induxit
2975 4376 3175 4418 secum
3208 4362 3458 4419 invicem
3492 4363 3682 4420 disce-

255 4460 511 4530 ptantes,
546 4457 609 4510 ut
638 4460 696 4510 et
724 4454 1109 4510 orthodoxum
1164 4452 1377 4523 dogma
1426 4450 1641 4506 clarius
1692 4452 2028 4521 exponeret,
2075 4453 2133 4504 et
2160 4446 2498 4503 haereticum
2547 4448 2920 4521 impugnaret
2970 4450 3196 4508 fortius.
3248 4452 3366 4508 Hoc
3414 4452 3681 4512 versibus

253 4542 713 4618 elegantissimis
742 4543 801 4598 S.
836 4542 1082 4614 Prosper
1111 4540 1304 4596 Carm.
1336 4540 1402 4596 de
1431 4540 1671 4610 [ngratis
1702 4538 1981 4611 prmdicat
2005 4556 2017 4593 :

1284 4684 1431 4733 Tunc
1459 4684 1618 4733 etiam
1648 4682 1846 4745 Bethlei
1877 4681 2118 4745 prmclari
2164 4682 2398 4731 nominis
2427 4682 2641 4745 hospes,

1287 4747 1511 4796 Hebraeo
1543 4744 1701 4795 simul
1731 4749 1782 4794 et
1812 4744 1983 4801 Graio,
2002 4745 2274 4808 Latioque
2305 4744 2565 4808 venustus

1287 4810 1530 4873 Eloquio,
1561 4822 1771 4873 morum
1802 4806 2455 4873 exemplum.-mundiqu_e
2478 4809 2751 4871 magister,

1285 4869 1623 4927 Husioxmws,
1654 4870 1804 4921 libris
1826 4869 1977 4920 valde
2009 4869 2391 4920 excellentibus
2419 4869 2629 4920 hostem

1286 4934 1569 4994 Dissecuit,
1602 4934 1861 4996 noscique
1890 4932 2054 4991 dedit,
2085 4932 2229 4995 quod
2258 4932 2474 4996 turbine
2502 4947 2685 4983 veram

1285 4997 1489 5048 Vellent
1516 5000 1712 5047 exortis
1742 4995 1915 5047 lucem
1946 4996 2234 5045 obscurare
2262 4995 2501 5045 tenebrae

321 5139 376 5196 2.
408 5143 673 5206 Annum,
707 5152 823 5209 quo
851 5132 1054 5207 scripti
1085 5135 1245 5200 sunt,
1277 5147 1346 5187 ex
1373 5128 1562 5186 Orosii
1594 5128 1836 5202 Hispani
1866 5126 2209 5202 presbyteri,
2245 5127 2344 5199 qui
2375 5130 2521 5185 tunc
2568 5129 2644 5185 ad
2682 5130 3004 5203 Hieronymi
3042 5131 3201 5204 pede:
3248 5130 3409 5200 sedit,
3466 5131 3678 5207 Apolo-

249 5230 352 5304 gia
377 5227 516 5286 licet
544 5225 842 5294 ediscere;
870 5225 1041 5297 cujus
1072 5238 1307 5297 quoque
1337 5236 1574 5277 causam
1621 5218 1898 5276 brevibus
1947 5234 2255 5292 exponam,
2304 5221 2370 5273 ut
2415 5217 2595 5275 simul
2645 5218 2959 5294 intelligas,
3004 5238 3131 5295 qua:
3160 5238 3263 5296 per
3299 5222 3358 5279 id
3387 5223 3676 5298 tempuris

249 5322 408 5378 esset
462 5316 798 5376 orthodoxae
853 5312 1154 5372 sententia
1210 5310 1379 5379 ratio,
1442 5309 1574 5383 quis
1617 5325 1812 5366 rerum
1856 5312 2045 5365 status
2098 5311 2273 5381 atque
2317 5308 2479 5373 ordo,
2540 5313 2793 5380 quantas
2838 5309 3011 5380 vires,
3053 5326 3274 5385 quosve
3302 5311 3415 5370 sibi
3445 5312 3677 5391 animos

248 5406 612 5481 sumpsisset
640 5404 900 5462 haeresis.
937 5407 1079 5459 Cum
1112 5399 1367 5457 multum
1399 5399 1458 5455 in
1494 5402 1808 5472 utramque
1855 5402 2077 5473 partem
2106 5397 2327 5470 agitata
2356 5397 2600 5469 quaestio
2631 5399 2702 5454 de
2732 5398 2956 5473 origine
2987 5400 3197 5457 animae
3228 5401 3371 5460 viris
3401 5402 3676 5462 ecclesia-

248 5497 415 5554 sticis
446 5494 748 5567 negotium
790 5496 1122 5555 facesseret,
1157 5507 1227 5546 ne
1252 5490 1476 5545 diutius
1508 5490 1850 5545 ﬁuctuarest
1878 5488 2131 5561 ingenia,
2158 5487 2217 5542 S.
2244 5486 2614 5559 Augustinus
2643 5488 3071 5546 consulendum
3094 5492 3323 5548 censuit
3348 5493 3673 5551 maximum

247 5585 646 5645 Ecclesiarum
680 5584 1032 5656 magistrum
1066 5583 1481 5652 Hieronymum
1512 5597 1525 5647 ;
1561 5579 1791 5651 ipsique
1822 5581 1966 5635 adeo
2002 5584 2139 5634 tunc
2171 5578 2322 5649 apud
2351 5594 2412 5631 se
2442 5578 2634 5649 agenti
2666 5578 2867 5635 Orosio
2901 5588 3103 5636 auctor
3147 5582 3276 5650 fuit,
3319 5587 3385 5639 ut
3430 5583 3502 5638 ad
3535 5599 3674 5643 eum

245 5679 519 5752 pergeret
549 5673 1035 5746 Hierosolymam,
1069 5684 1327 5742 suasque
1354 5667 1437 5724 illi
1480 5668 1823 5725 deferendas
1856 5666 2079 5724 litteras
2109 5666 2270 5722 dedit
2312 5682 2377 5721 eo
2423 5681 2602 5739 super
2643 5674 3011 5743 argumento,
3046 5688 3173 5745 qua
3204 5671 3264 5728 in
3305 5671 3327 5728 Ι
3363 5675 3521 5728 tomo
3559 5687 3673 5729 nu-

249 5765 434 5829 meris
470 5762 566 5824 131
600 5766 660 5823 et
683 5762 788 5822 132
815 5761 1197 5823 exhibemus:
1239 5756 1422 5819 libros
1469 5773 1702 5839 quoque
1751 5757 1819 5817 de
1867 5759 2218 5820 Peccatorum
2275 5756 2491 5817 meritis
2518 5760 2574 5817 et
2627 5758 2967 5834 remissione,
3015 5765 3075 5824 et
3128 5759 3438 5840 epistolam
3464 5761 3539 5824 ad
3566 5758 3671 5859 ωτ,
