3958 6386
318 384 437 469 ius
1574 376 1637 438 s.
1685 372 1994 439 EUSEBII
2034 372 2506 440 ‘BIERONYMI.
3603 365 3724 429 δια

321 518 557 586 larium,
591 514 808 588 quibus
837 510 1072 586 scriptis
1104 529 1229 585 qua:
1262 510 1557 584 Pelagiani
1591 508 1867 582 discipuli
1918 513 2092 581 atque
2132 509 2191 564 in
2233 508 2441 581 primis
2488 507 2793 563 Caelestius
2837 504 3169 563 clanculum
3206 503 3540 560 etfutierant
3570 500 3724 558 male

320 609 597 682 dogmata
625 603 983 661 confutabat.
1018 602 1121 657 His
1149 601 1474 656 instructus
1509 597 1905 680 monumentis
1935 598 2349 671 Hieronymum
2382 596 2526 653 adiit
2554 596 2814 662 Orosius,
2848 597 2940 651 cui
2972 595 3146 652 etiam
3199 596 3270 650 de
3300 610 3398 649 ore
3427 610 3555 665 qua:
3586 608 3722 646 con-

320 703 412 753 tra
440 693 770 753 leestium
801 691 1149 763 Carthagine
1179 693 1410 763 peracta
1437 688 1667 744 fuerant
1691 686 1975 759 exposuit.
2009 686 2294 743 Continuo
2326 687 2397 741 ad
2430 686 2585 758 vulgi
2635 704 2806 742 aures
2853 686 2975 740 haec
3007 686 3305 752 devenere,
3337 682 3725 756 pluribusque

319 787 691 858 Hieronymo,
723 781 1026 838 nonnullis
1055 780 1232 836 etiam
1265 778 1497 850 Pelagio
1528 776 2010 848 astipulantibus,
2042 777 2311 832 obortum
2356 775 2665 831 dissidium
2716 780 2824 843 est,
2878 775 3033 847 quod
3083 774 3341 830 Joannes
3387 768 3723 841 Hierosoly-

320 875 604 940 mitanus,
638 871 737 944 qui
767 871 989 943 primas
1022 869 1288 925 hmretico
1323 867 1638 932 deferebat,
1671 864 1870 922 volens
1898 881 2289 937 compescere,
2316 864 2584 919 Orosium
2615 864 3076 937 Hierosolymam
3109 862 3337 930 accivit,
3366 860 3468 916 ubi
3505 858 3725 914 indicta

317 963 499 1019 totius
529 960 665 1017 cleri
698 956 942 1033 Synodo,
973 956 1202 1029 Pelagio
1234 956 1361 1027 ipso
1391 955 1682 1023 adstante,
1718 954 1856 1026 quid
1887 952 1985 1009 ille
2017 970 2085 1009 ex
2112 953 2305 1008 Africa
2333 957 2535 1008 contra
2578 953 2705 1024 ejus
2755 954 3079 1009 doctrinam
3129 951 3475 1015 advexisset,
3507 948 3722 1021 quibus

318 1052 431 1108 iste
458 1067 522 1107 se
550 1054 812 1106 tueretur
842 1046 1223 1120 argumentis,
1255 1061 1542 1116 exponere
1580 1042 1735 1114 jussi
1785 1046 1944 1097 sunt.
1996 1042 2069 1098 Ut
2116 1059 2239 1097 rem
2290 1041 2631 1098 brevissime
2676 1043 2999 1115 expediam,
3032 1041 3301 1114 Pelagius
3345 1037 3546 1111 judice
3575 1052 3721 1093 usus

318 1157 565 1197 suarum
597 1139 851 1212 partium
883 1136 1164 1202 studioso,
1199 1150 1435 1205 suaeque
1468 1132 1737 1189 factionis
1767 1131 2202 1203 interpretibus,
2234 1131 2335 1202 qui
2367 1131 2554 1188 Orosii
2588 1132 2787 1187 Latine
2818 1132 2973 1187 dicta
3004 1131 3198 1187 Graece
3246 1129 3553 1185 redderent
3588 1125 3724 1181 sub-

318 1228 453 1286 dola
481 1230 616 1296 ﬁde,
645 1228 725 1283 ita
753 1226 958 1299 synodi
979 1223 1272 1296 judicium
1307 1221 1509 1290 evasit,
1554 1226 1619 1277 ut
1675 1218 2061 1293 periculosam
2120 1220 2401 1275 invidiam
2457 1219 2518 1276 in
2575 1224 2949 1276 accusantem
3008 1218 3373 1287 converterit,
3429 1216 3528 1290 qui
3564 1214 3723 1272 edita

315 1317 600 1391 Apologia
627 1314 1022 1387 suspicionem
1053 1312 1345 1369 haereseos
1373 1329 1410 1366 a
1439 1326 1502 1366 se
1532 1326 1764 1366 omnem
1800 1314 2038 1365 coactus
2068 1313 2156 1364 est
2184 1325 2469 1365 amovere.
2505 1309 2569 1364 1n
2601 1308 2709 1365 hac
2738 1326 2869 1365 vero
2900 1308 3183 1382 Apologia
3220 1304 3719 1380 quemadmodum

316 1423 409 1463 res
440 1408 604 1477 gesta
632 1408 740 1469 est,
774 1419 875 1475 per
903 1400 1167 1474 singulas
1198 1406 1397 1472 partes
1428 1402 1665 1455 enarrat
1700 1398 1995 1470 Hispanus
2026 1398 2347 1470 presbyter,
2407 1403 2581 1470 atque
2639 1398 2695 1452 in
2754 1398 2959 1470 primis
3012 1403 3245 1470 tempus
3284 1395 3573 1468 designat,
3606 1410 3720 1466 quo

314 1495 438 1567 ipse
468 1508 791 1549 consensus
820 1489 1389 1562 Hierosoylmitanus
1423 1492 1514 1544 est
1544 1487 1821 1542 habitus:
1872 1490 2091 1557 septem
2131 1502 2342 1557 nempe
2389 1492 2443 1542 et
2474 1487 2864 1558 quadraginta
2906 1487 3031 1541 dies
3063 1491 3194 1541 ante
3224 1485 3474 1558 primam
3524 1484 3720 1539 Encas-

315 1585 548 1639 niorum
578 1584 707 1653 ejus
736 1579 937 1653 templi
970 1579 1145 1633 diem.
1182 1579 1419 1634 Festum
1475 1575 1620 1630 illud
1673 1581 1813 1631 testo
1845 1574 2166 1647 Nicephoro
2206 1574 2407 1630 Πέδιον.
2443 1573 2545 1629 lib.
2580 1593 2676 1630 vni
2708 1575 2767 1629 in
2801 1575 2956 1630 diem
3014 1575 3310 1631 incidebat
3358 1572 3722 1645 Septembris

313 1671 607 1729 decimum
639 1673 939 1742 quartum,
976 1667 1130 1722 unde
1162 1666 1455 1721 subducta
1489 1665 1711 1719 ratione
1760 1668 2126 1735 compertum
2179 1665 2269 1721 est
2318 1664 2606 1735 synodum
2664 1664 2926 1720 habitam
2970 1669 3215 1719 exeunte
3243 1662 3421 1719 Julio.
3455 1662 3535 1718 De
3564 1677 3720 1718 anno

313 1759 463 1817 nihil
494 1763 584 1815 est
614 1757 861 1813 dubium
894 1756 1089 1828 ipsum
1121 1753 1370 1826 intelligi
1405 1752 2049 1825 quadringentesimum
2084 1753 2379 1808 decimum
2409 1751 2715 1824 quintum;
2769 1770 2903 1808 nam
2950 1753 3051 1825 qui
3098 1754 3207 1808 hoc
3245 1769 3397 1808 anno
3428 1750 3720 1807 Bethleem

314 1850 626 1905 advenerat
654 1846 916 1911 Orosius,
950 1843 1059 1899 sub
1091 1842 1463 1915 insequentis
1495 1842 1656 1897 verni
1690 1845 1919 1913 tempus
1952 1841 2009 1895 in
2040 1840 2294 1896 Africam
2328 1842 2519 1898 denuo
2541 1842 2729 1897 solvit.
2759 1842 2890 1897 Jam
2912 1859 3044 1897 vero
3066 1842 3175 1897 hoc
3202 1858 3374 1909 anno,
3403 1858 3469 1897 eo
3495 1856 3720 1907 mense,

315 1939 505 2010 deque
534 1951 603 1992 ea
631 1935 851 2008 synodo
885 1934 1152 2005 loquens,
1187 1938 1393 1988 contra
1422 1931 1640 2004 Pelagii
1673 1928 1949 1998 erro'rcm,
1984 1931 2140 2003 quod
2194 1930 2367 1987 homo
2421 1932 2610 2003 possit
2658 1932 2935 1987 mandata
2986 1932 3084 1987 Dei
3143 1931 3270 1987 sine
3327 1930 3515 2003 gratia
3553 1929 3721 1986 facile

316 2025 629 2093 custodire,
663 2024 712 2079 si
745 2022 900 2089 velit,
935 2044 961 2070 ‹‹
994 2022 1133 2089 Hoc,
1167 2021 1384 2093 inquit,
1414 2021 1622 2077 beatus
1654 2019 2063 2091 Hieronymus,
2115 2019 2285 2089 cujus
2334 2019 2633 2091 eloquium
2685 2021 2993 2077 universus
3036 2020 3319 2076 Occidens
3350 2021 3503 2076 sicut
3533 2036 3627 2075 ros
3656 2018 3719 2075 in

314 2113 501 2170 vellus
531 2114 829 2183 exspectat
861 2109 1054 2181 (multi
1085 2108 1242 2164 enim
1276 2108 1403 2179 jam
1452 2107 1710 2165 haeretici
1759 2124 1893 2162 cum
1943 2108 2320 2179 dogmatibus
2369 2108 2493 2163 suis
2544 2108 2669 2179 ipso
2720 2113 3094 2181 oppugnante
3140 2108 3406 2182 supplosi
3445 2110 3627 2179 sunt),
3658 2107 3721 2163 in

315 2201 560 2276 epistola
591 2216 718 2265 sua,
749 2216 924 2271 quam
958 2214 1145 2270 nuper
1167 2197 1238 2252 ad
1270 2196 1709 2268 Ctesiphontem
1741 2196 1942 2262 edidit,
1974 2196 2418 2264 condemnavit;
2452 2196 2720 2252 similiter
2766 2202 2823 2253 et
2865 2198 2923 2252 in
2972 2196 3142 2267 libro,
3181 2214 3355 2271 quem
3387 2213 3542 2253 nunc
3570 2196 3722 2253 scri-

314 2291 401 2347 bit
429 2290 640 2347 collata
668 2288 728 2344 in
762 2289 1005 2343 modum
1039 2286 1255 2359 Dialogi
1319 2286 1698 2341 altercatione
1754 2286 2037 2342 confutat.
2076 2308 2103 2334 ››
2160 2286 2357 2357 Neque
2408 2303 2543 2342 vero
2600 2285 2847 2342 dilatum
2880 2304 3027 2359 opus
3068 2288 3126 2342 in
3159 2292 3499 2360 sequentem
3532 2303 3722 2359 usque

314 2396 534 2436 annum
568 2396 674 2452 par
711 2382 801 2434 est
827 2376 1076 2449 opinari,
1111 2375 1591 2448 quandoquidem
1660 2374 1982 2431 discedenti
2036 2374 2259 2443 Orosio,
2323 2379 2388 2430 ut
2443 2374 2716 2444 diximus,
2770 2394 2945 2431 verno
2995 2381 3275 2449 tempore,
3309 2375 3536 2435 litteras
3563 2377 3724 2433 dedit

316 2470 705 2541 Hieronymus
733 2466 792 2521 in
825 2471 1026 2522 nostra
1055 2465 1392 2521 recensione
1429 2466 1545 2531 13.5,
1580 2465 1648 2520 ad
1682 2463 2077 2537 Augustinum
2117 2464 2511 2536 perferendas,
2562 2464 2620 2519 in
2670 2465 2885 2537 quibus
2934 2466 3129 2538 ipsum
3161 2467 3466 2538 alloquens
3496 2467 3722 2542 Hippo-

317 2574 556 2615 nensem
588 2556 927 2628 episcopum
957 2572 1119 2610 num.
1156 2573 1171 2609 ι
1197 2571 1209 2609 :
1245 2578 1273 2603 ‹‹
1305 2556 1488 2619 Certe,
1522 2553 1735 2625 inquit,
1760 2558 1815 2610 et
1845 2553 1903 2607 in
1942 2552 2196 2625 Dialogo,
2220 2570 2393 2625 quem
2418 2570 2605 2624 nuper
2624 2552 2798 2619 edidi,
2824 2558 2937 2608 tum
2960 2553 3357 2620 beatitudinis,
3387 2562 3453 2611 ut
3474 2556 3723 2629 dignum

318 2648 525 2711 fuerat,
556 2662 689 2701 sum
721 2644 1076 2700 recordatus.
1111 2664 1137 2692 »ι
1174 2643 1292 2699 Hoc
1322 2647 1517 2698 autem
1553 2643 1662 2698 sub
1697 2642 1849 2698 tertii
1880 2641 2013 2696 libri
2046 2642 2243 2706 finem,
2276 2646 2449 2713 atque
2480 2643 2622 2697 adeo
2672 2660 2842 2714 opere
2878 2643 3004 2713 jam
3037 2642 3325 2712 absoluto,
3367 2644 3621 2717 scripsit,
3655 2651 3723 2702 ut

319 2735 465 2791 nulli
496 2734 740 2789 dubium
776 2733 852 2787 sit
883 2732 1112 2788 exeunti
1145 2748 1298 2786 anno
1330 2731 1911 2804 quadringentesimo
1940 2732 2164 2787 decimo
2196 2731 2398 2803 quinto
2431 2730 2573 2786 illud
2611 2748 2737 2787 esse
2768 2733 3203 2788 ascribendum.

389 2826 441 2879 3.
477 2825 688 2879 Contra
719 2821 905 2876 editos
935 2837 969 2874 a
998 2821 1057 2875 S.
1095 2824 1333 2874 Doctore
1364 2818 1545 2875 libros
1576 2820 1834 2891 primum
1865 2820 2169 2875 Annianus
2199 2819 2547 2887 Celedcnsis,
2573 2825 2638 2875 ut
2668 2820 2837 2893 vulgo
2870 2822 3166 2890 scribitur,
3190 2823 3491 2888 diaconus,
3514 2824 3721 2882 deinde

318 2911 594 2984 Pelagius
623 2910 747 2981 ipse
777 2909 933 2964 haud
967 2907 1150 2965 multo
1182 2912 1334 2980 post,
1365 2924 1499 2963 cum
1532 2907 1992 2979 Diospolitanam
2025 2908 2417 2965 miserabilem
2446 2910 2734 2982 synodum
2762 2911 3079 2977 fefellisset,
3103 2911 3352 2985 denique
3379 2912 3720 2970 Theodorus

323 3004 772 3074 Mopsuestenus
803 3004 1134 3071 episcopus,
1168 2998 1484 3053 traduntur
1513 2997 1730 3070 stylum
1763 2999 2009 3054 acuisse.
2043 3002 2259 3054 Verum
2302 2999 2552 3054 Αηηὶεηί
2603 3004 2659 3054 et
2704 2999 2941 3072 Pelagii,
2976 3018 3091 3056 non
3123 3002 3259 3067 duo,
3295 3005 3358 3057 ut
3388 2986 3721 3060 communis

320 3092 432 3148 fert
460 3088 676 3162 opinio,
709 3088 810 3143 sed
843 3105 1028 3142 unum
1059 3092 1235 3158 atque
1264 3086 1416 3142 idem
1443 3087 1750 3159 scriptum,
1782 3088 1934 3159 quod
1967 3086 2175 3143 collata
2204 3103 2379 3159 Opera
2407 3086 2849 3157 elaboraverint,
2881 3106 2949 3144 ex
2976 3093 3256 3157 veterum,
3290 3090 3391 3162 qui
3437 3092 3565 3163 ejus
3595 3109 3718 3149 me-

323 3180 645 3247 minerunt,
705 3175 1058 3233 testimoniis
1111 3175 1304 3249 colligi
1366 3192 1535 3248 posse
1591 3175 1859 3231 videatur
1936 3174 2267 3230 Annianum
2327 3175 2543 3248 Pelagii
2603 3178 2961 3250 armigerum
3009 3182 3174 3234 vocat
3202 3178 3482 3235 Orosius:
3515 3204 3541 3230 ‹‹
3574 3187 3719 3252 Stat,

320 3268 532 3341 inquit,
566 3266 841 3339 superbia
868 3265 1339 3321 immanissimus
1372 3264 1600 3321 Goliath
1636 3264 1938 3337 (Pelagius)
1971 3264 2192 3319 habens
2235 3268 2365 3336 post
2416 3282 2476 3321 se
2525 3268 2882 3338 armigerum
2927 3284 3124 3333 suum,
3160 3267 3258 3336 qui
3309 3268 3417 3324 etsi
3448 3268 3571 3341 ipse
3602 3288 3722 3328 non

315 3357 576 3423 dimicat,
610 3359 822 3410 cuncta
849 3359 1045 3410 tamen
1077 3354 1206 3411 aeris
1239 3359 1296 3409 et
1328 3352 1460 3409 ferri
1492 3353 1773 3424 suffragia
1798 3352 2227 3408 subministrat.
2262 3376 2289 3404 ››
2324 3354 2707 3427 Hieronymus
2738 3353 2927 3423 illum,
2959 3355 3127 3427 epist.
3160 3356 3281 3421 143,
3314 3356 3721 3428 adAuguslin.,

315 3445 458 3501 dicit
487 3466 513 3493 ‹‹
550 3441 953 3513 copiosissime
984 3442 1166 3512 pasci,
1201 3445 1266 3496 ut
1294 3440 1495 3496 aliena:
1528 3440 1906 3511 blasphemia:
1936 3442 2109 3496 verba
2140 3440 2343 3497 frivola
2372 3442 2818 3511 subministret;
2858 3466 2878 3491 ν
2913 3442 3252 3499 Gennadius
3302 3461 3405 3500 nec
3453 3447 3725 3505 nominat

315 3528 836 3605 quidem;Pelagii
868 3533 1063 3584 autem
1094 3531 1295 3601 scripta
1354 3530 1552 3584 hwresi
1606 3545 1720 3585 sum
1774 3532 2019 3600 faventia
2076 3546 2191 3585 non
2249 3534 2437 3585 tacet:
2493 3535 2695 3586 contra
2752 3532 3110 3603 Sigebertus,
3144 3532 3244 3605 qui
3275 3533 3421 3589 alios
3470 3536 3725 3611 Anniani

314 3623 497 3680 libros
527 3624 807 3686 recenset,
843 3632 990 3690 quos
1012 3624 1216 3675 contra
1248 3619 1663 3689 Hieronymum
1699 3618 2023 3689 scripserit,
2083 3636 2198 3673 non
2257 3619 2541 3691 agnoscit.
2601 3620 2711 3675 Sed
2770 3637 3004 3692 quoquo
3062 3639 3124 3677 se
3155 3622 3328 3679 modo
3359 3639 3453 3679 res
3484 3622 3722 3697 habeat,

316 3711 537 3783 scripta
568 3707 739 3765 malis
770 3706 1049 3780 auspiciis
1081 3712 1218 3763 nata
1250 3706 1400 3762 male
1428 3706 1679 3779 perdidit
1710 3707 1949 3778 sequior
1995 3712 2151 3763 satas.
2201 3711 2449 3762 Sanctus
2497 3708 2666 3763 Pater
2708 3707 2833 3780 ipse
2879 3709 3021 3764 dum
3069 3726 3137 3765 ea
3166 3711 3467 3767 conlatam
3496 3712 3723 3772 diutius

317 3801 530 3868 dill‘ert,
561 3799 797 3854 tandem
831 3796 1201 3868 contempsit,
1237 3796 1402 3868 quasi
1463 3811 1771 3868 personam
1803 3811 1969 3850 suam
2021 3796 2323 3851 dedeceret
2357 3818 2384 3846 «
2416 3796 2620 3852 neniis
2669 3796 3055 3869 ineptissimis
3100 3801 3467 3871 respondere.
3504 3824 3531 3850 ››
3563 3802 3724 3859 Tan-

318 3896 445 3946 tum
474 3886 804 3961 Augustino
835 3886 1101 3941 insinuat
1130 3885 1343 3941 melius
1375 3886 1514 3956 fore,
1549 3884 1597 3939 si
1628 3885 1735 3941 hoc
1767 3884 1863 3941 ille
1894 3886 2125 3953 faceret,
2190 3909 2216 3935 ‹‹
2275 3885 2376 3951 Ne,
2434 3886 2648 3957 inquit,
2702 3885 3124 3959 compellamur
3152 3892 3353 3944 contra
3382 3889 3721 3949 haereticum

320 3982 520 4034 nostra
561 3976 818 4033 laudare.
854 3999 881 4025 ››
914 3976 1088 4032 Porro
1118 3976 1485 4031 Theodorum
1545 3974 2023 4047 Mopsuestenum
2083 3975 2276 4047 prodit
2332 3974 2650 4048 Pelagianae
2709 3975 2962 4031 historiae
3012 3976 3277 4032 conditor
3304 3982 3723 4039 conterraneus

320 4084 489 4123 meus
520 4065 802 4121 Henricus
835 4066 990 4121 card.
1024 4065 1289 4122 Norisius
1320 4082 1387 4120 ex
1415 4064 1508 4120 his
1540 4064 1726 4119 l‘hotii
1759 4064 2021 4120 Bibliolh.
2054 4065 2179 4119 cod.
2222 4064 2354 4119 H7:
2390 4087 2417 4115 ‹‹
2453 4065 2693 4119 Lectum
2735 4070 2825 4119 est
2861 4082 3007 4136 opus
3039 4065 3326 4121 Theodori
3354 4067 3723 4141 Antiocheni,

322 4155 423 4227 qui
456 4154 904 4226 Mopsuestenus
934 4152 1030 4209 ille
1060 4155 1372 4226 episcopus
1396 4159 1504 4221 est,
1541 4158 1605 4209 ut
1634 4171 1699 4208 ex
1731 4155 1858 4225 ejus
1890 4154 2242 4226 quibusdam
2278 4152 2540 4225 epistolis
2589 4152 2939 4225 colligimus,
2992 4153 3099 4210 hoc
3128 4153 3319 4223 titulo,
3354 4154 3554 4213 Contra
3583 4175 3728 4216 asse-

320 4248 506 4300 rentes
531 4258 755 4314 peccare
784 4242 1031 4297 homines
1076 4250 1311 4309 ria/ara,
1359 4260 1471 4298 non
1522 4244 1819 4298 voluntate.
1884 4248 1960 4299 Ea
1998 4243 2314 4313 disputatio
2365 4241 2626 4313 quinque
2669 4241 2836 4298 libris
2885 4244 3223 4313 absolvitur,
3267 4261 3414 4316 quos
3444 4246 3727 4320 adversus

322 4331 721 4390 Occidentales
754 4330 861 4389 hac
892 4331 1021 4387 labe
1053 4331 1299 4387 infectos
1332 4332 1587 4403 scripsit.
1625 4333 1761 4388 lude
1792 4332 1949 4388 enim
1983 4331 2296 4388 oriundum
2344 4331 2583 4387 haeresis
2630 4331 2806 4402 hujus
2850 4339 3147 4389 auctorem
3179 4333 3239 4389 in
3272 4333 3523 4391 Orientis
3553 4337 3727 4393 modo

323 4419 663 4494 regionibus
692 4419 932 4485 versari,
966 4419 1260 4491 librosque
1289 4421 1357 4476 de
1389 4437 1591 4476 recens
1623 4438 1656 4476 a
1687 4438 1747 4477 se
1778 4422 2101 4494 excogitata
2132 4420 2335 4476 haeresi
2368 4420 2742 4492 compositos,
2776 4422 2846 4477 ad
2881 4421 3191 4493 populares
3221 4440 3360 4479 suos
3386 4424 3444 4479 in
3476 4426 3728 4498 patriam

322 4509 723 4568 transmittere
754 4515 971 4575 narrat,
1006 4513 1071 4563 ut
1093 4510 1219 4579 jam
1246 4508 1326 4563 ibi
1364 4511 1583 4565 multos
1618 4527 1719 4581 per
1774 4518 1924 4565 hanc
1980 4515 2165 4565 artem
2224 4509 2284 4564 in
2341 4526 2508 4565 suam
2568 4509 2911 4581 pertraxerit
2948 4510 3320 4578 sententiam,
3354 4512 3728 4586 integrasque

323 4600 466 4656 adeo
489 4597 775 4654 Ecclesias
799 4597 1070 4653 absurdis
1094 4597 1210 4652 illis
1233 4598 1513 4654 imbuerit
1534 4598 1933 4671 opinionibus.
1959 4600 2123 4654 Aram
2146 4615 2278 4654 vero
2301 4597 2398 4653 illo
2422 4597 2657 4654 illorum
2681 4597 2962 4655 librorum
2986 4604 3304 4666 auctorem,
3329 4600 3449 4657 sive
3471 4602 3731 4669 nomine,

323 4689 443 4744 sive
502 4686 849 4760 cognomine
908 4684 1219 4757 incertum,
1280 4685 1554 4759 appellat.
1615 4692 1775 4743 Hunc
1833 4688 2009 4743 etiam
2068 4687 2344 4759 quintum
2400 4686 2760 4759 evangelium
2822 4688 3198 4755 conﬁnxisse,
3256 4687 3521 4761 illudque
3579 4690 3730 4747 sein

326 4775 557 4833 Eusebii
613 4774 906 4831 Palaestini
964 4774 1334 4831 bibliothecis
1395 4777 1680 4848 reperisse
1733 4777 1851 4832 ait:
1886 4779 2100 4849 rejecta
2132 4781 2407 4847 praeterea
2460 4775 2638 4832 divini
2671 4792 2736 4832 ac
2766 4776 2976 4832 veteris
3030 4776 3389 4833 Testamenti
3439 4779 3729 4850 versione,

325 4882 502 4938 quam
554 4863 937 4938 Septuaginta
983 4864 1331 4936 interpretes
1379 4863 1556 4920 simul
1608 4865 2014 4921 convenientes
2064 4865 2393 4931 ediderunt,
2440 4867 2506 4919 ut
2553 4870 2608 4920 et
2656 4863 2990 4938 Symmachi
3020 4869 3077 4920 et
3106 4864 3325 4937 Aquila;
3365 4865 3733 4940 aliorumque

324 4953 826 5027 interpretatione,
859 4953 1157 5026 prepriam
1190 4954 1509 5025 quamdam
1543 4971 1712 5010 suam
1744 4971 2072 5026 novamque
2104 4955 2387 5010 coniicere
2417 4971 2652 5021 ausum,
2686 4971 2818 5009 cum
2851 4970 3038 5025 neque
3070 4954 3360 5010 Hebraica:
3398 4955 3633 5029 linguae,
3669 4961 3736 5013 ut

325 5042 431 5121 illi,
465 5059 708 5115 apuero
766 5042 1140 5108 assuevisset,
1200 5058 1388 5114 neque
1445 5048 1700 5098 mentem
1755 5043 1815 5098 S.
1877 5042 2186 5115 Scriptura:
2244 5043 2562 5098 didicisset.
2622 5042 2875 5099 Hebraeis
2914 5044 3322 5098 tantummodo
3372 5045 3733 5116 quibusdam

321 5132 566 5203 abjectae
592 5131 767 5187 sortis
797 5131 856 5186 in
888 5130 1260 5204 disciplinam
1295 5148 1355 5186 se
1386 5131 1719 5198 tradidisse,
1770 5136 1943 5203 atque
1992 5132 2127 5188 hinc
2178 5133 2471 5205 propriam
2518 5132 2631 5187 sibi
2662 5132 2973 5188 editionem
3009 5133 3259 5188 scribere
3299 5150 3664 5207 aggressum.
3704 5159 3733 5185 υ

328 5220 696 5277 Conviciator
749 5221 1058 5277 haereticus
1105 5220 1524 5293 Hieronymum
1584 5237 1899 5293 suppresso
1952 5220 2189 5276 nomine
2246 5222 2569 5278 describere
2624 5220 2839 5278 clarius
2868 5223 2961 5276 vix
2990 5222 3313 5294 potuisset;
3368 5224 3524 5294 quod
3573 5222 3734 5282 enim

328 5310 828 5377 Aramum-vocat,
860 5326 973 5365 non
1006 5308 1242 5365 aliunde
1271 5309 1498 5365 videtur
1526 5325 1655 5364 esse
1686 5326 1863 5380 quam
1922 5310 2078 5381 quod
2135 5309 2310 5367 homo
2366 5310 2705 5367 Pannonius
2763 5312 2994 5382 degeret
3051 5310 3111 5366 in
3165 5311 3480 5367 Orientem.
3512 5312 3733 5371 Verum

335 5412 528 5468 neque
558 5395 712 5451 hisce
741 5396 906 5452 libris
937 5398 1001 5452 S.
1042 5403 1249 5453 Doctor
1275 5399 1592 5470 respondit,
1628 5398 1743 5453 imo
1806 5415 1876 5453 ne
1931 5399 2147 5455 vidisse
2206 5401 2443 5472 quidem
2502 5400 2655 5468 illos,
2716 5406 2818 5455 aut
2873 5400 3108 5456 scivisse
3161 5406 3363 5456 contra
3391 5418 3451 5457 se
3482 5403 3737 5475 scriptos

334 5486 623 5542 videatur.
660 5487 913 5540 Rursum
945 5504 1058 5541 non
1088 5488 1200 5542 nisi
1233 5490 1497 5560 quaedam
1529 5507 1599 5544 ex
1632 5488 1747 5543 illis
1776 5493 2093 5560 supersunt
2133 5494 2422 5561 excerpta,
2456 5507 2583 5561 qua:
2633 5489 2852 5545 Marius
2887 5490 3181 5545 Mercator
3228 5495 3428 5545 contra
3456 5492 3734 5562 Augusti-

336 5591 480 5632 num
514 5574 733 5646 scripta
759 5575 1074 5630 arbitratus
1105 5582 1212 5643 est,
1248 5595 1313 5633 ac
1344 5579 1545 5634 Latine
1575 5596 1608 5633 a
1634 5595 1695 5633 se
1728 5578 1954 5633 reddita
1982 5578 2230 5634 inseruit
2257 5578 2734 5635 Commonitorio.

326 5680 339 5685 “
406 5665 460 5720 4.
495 5663 668 5718 Porro
698 5662 849 5718 inter
876 5668 1100 5729 caetera,
1135 5680 1260 5735 qua:
1292 5667 1365 5722 ad
1395 5666 1828 5740 Hieronymiani
1883 5667 2062 5738 hujus
2120 5667 2308 5740 operis
2365 5668 2695 5739 augendam
2754 5684 2858 5739 pro
2890 5668 3127 5724 modulo
3157 5669 3356 5725 nostro
3384 5666 3733 5739 dignitatem

327 5751 739 5869 praestitimus,
769 5750 901 5830 ipsa
927 5750 1030 5811 illa
1084 5750 1502 5833 ἀποσπασμάτια
1530 5771 1601 5815 ex
1628 5756 1809 5816 Mario
1840 5756 2158 5819 Mercatore
2188 5756 2515 5819 Baluzianaa
2543 5756 2819 5819 editionis
2842 5756 2958 5818 huc
3007 5756 3284 5818 duximus
3325 5756 3735 5835 transferenda
