3958 6394
190 388 369 449 ,5η

1267 385 1658 455 DIALOGUS
1702 391 2016 454 CONTRA
2057 386 2576 454 PELAGIANOS.

3503 390 3663 455 5f8'

214 525 347 594 post
380 522 712 597 DiaIOgum,
748 526 808 579 ut
840 522 1038 579 videas
1067 523 1207 596 quid
1232 526 1431 580 contra
1462 524 1782 597 Pelagianae
1814 529 1980 581 sectae
2012 524 2425 582 debellatorem
2459 525 2587 597 (cur
2616 523 2774 581 enim
2806 524 2914 581 hoc
2957 530 3165 581 ornare
3202 522 3621 600 Hieronymum

210 610 401 684 elogio
432 611 746 669 dubitem?
776 613 792 684 )
826 612 1000 668 homo
1023 613 1121 684 qui
1152 612 1262 668 sibi
1290 612 1453 669 solus
1484 614 1631 669 scire
1657 614 1965 670 videbatur
1992 615 2370 685 obstreperet.
2421 615 2634 670 Totum
2666 631 2799 671 vero
2829 632 2975 686 opus
3006 615 3306 688 exegimus
3338 617 3411 672 ad
3455 622 3613 674 vete-

210 717 349 757 rum
374 700 666 758 librorum
697 701 897 769 ﬁdem,
929 700 1182 758 maxime
1209 718 1342 757 vero
1370 702 1907 775 manuscriptorum
1937 702 2200 768 Vaticani
2226 704 2367 757 4985
2385 701 2854 774 etantiquissimi
2874 703 3104 776 Reginae
3133 707 3457 762 Succorum
3486 707 3616 775 286,

207 805 469 861 quorum
501 807 609 864 ope
639 790 852 847 vitiosis
884 795 1055 847 antea
1080 789 1360 847 lectiones
1393 791 1613 864 passim
1648 792 2055 847 emendantur-

942 1120 1062 1221 S.
1124 1121 1804 1222 EUSBBII
1870 1121 2902 1224 HIBRONYMI

1411 1326 1925 1383 STRIDONENSIS
1978 1327 2431 1383 PRESBYTERI

483 1490 1316 1625 DlALOGUS
1403 1494 2244 1627 ADVERSUS
2335 1493 3360 1628 PELAGIANOS
3474 1600 3478 1604 Α

847 1708 977 1764 SUB
1016 1709 1346 1765 PERSONA
1384 1709 1615 1766 ATTlCl
1658 1709 2042 1767 CATHOLICI
2082 1710 2171 1766 ET
2199 1708 2579 1766 CRITOBULI
2614 1709 2995 1766 HrERETICl.

1572 1972 2281 2069 PROLOGUS‘.

287 2283 443 2340 698
467 2284 520 2338 1.
552 2283 752 2338 Scribit
797 2287 976 2340 motus
1030 2286 1272 2355 fratrum
1325 2284 1873 2356 expostulationibus.
1906 2286 1959 2350 Α
1991 2289 2164 2355 atque
2198 2284 2505 2351 moderari,
2538 2288 2594 2340 et
2623 2284 2790 2356 quasi
2849 2284 3102 2341 intrenes
3152 2301 3336 2356 equos
3394 2286 3635 2358 quibus-

214 2373 536 2444 —-Scripta
584 2373 709 2443 jam
767 2372 837 2427 ad
891 2373 1325 2445 Ctesiphontem
1376 2372 1622 2445 epistola
1670 2374 1870 2445 (epist.

213 2462 367 2535 233),
400 2461 461 2516 in
494 2477 614 2533 qua
643 2460 711 2516 ad
748 2462 1103 2535 interrogata
1162 2462 1454 2535 respondi,
1499 2463 1696 2518 crebra
1759 2463 1873 2518 fra-

214 2556 377 2607 trum
408 2549 796 2623 expostulatio
823 2551 952 2618 fuit,
985 2567 1090 2607 cur
1111 2552 1470 2624 promissum
1518 2568 1666 2624 opus
1721 2550 1876 2606 ultra

213 2640 535 2707 differrem,
566 2638 761 2710 inquo
810 2640 1113 2712 pollicitus
1174 2657 1306 2696 sum
1367 2658 1459 2696 me
1511 2642 1582 2695 ad
1631 2647 1874 2696 cunctas

213 2745 420 2786 eorum
448 2728 549 2801 qui
580 2727 834 2782 ἀπάθειαν
891 2730 1226 2802 prcedicant,
1276 2729 1732 2802 quaestiunculas
1782 2746 1872 2785 re-

216 2817 938 2891 sponsurum.Nullienim
961 2823 1049 2875 est
1080 2819 1510 2891 dubium,quin
1543 2820 1871 2875 Stoicorum

214 2913 274 2965 et.
294 2906 832 2979 Peripateticorum,
864 2906 972 2963 hoc
995 2911 1102 2975 est,
1137 2907 1350 2964 veteris
1388 2908 1711 2963 Academiae
1759 2908 1873 2963 ista

216 2994 510 3054 contentio
541 2995 637 3064 sit,
671 2996 823 3067 quod
853 2996 949 3052 alii
981 3014 1182 3052 eorum
1215 3001 1481 3052 asserunt
1508 2996 1677 3064 πάθη,
1728 3013 1875 3069 quas

219 3102 332 3142 nos
354 3085 796 3158 perturbationes
817 3102 1137 3157 possumus
1168 3086 1394 3142 dicere:
1438 3086 1873 3157 aegritudinem,

220 3174 530 3248 gaudium,
562 3190 751 3246 spem,
804 3174 1076 3230 timorem
1110 3174 1393 3230 eradicari
1453 3179 1511 3229 et
1567 3174 1874 3246 exstirpari

224 3279 401 3336 posse
424 3262 495 3318 de
525 3262 821 3339 mentibus
849 3262 1194 3318 hominum:
1227 3262 1326 3317 alii
1359 3262 1549 3335 frangi
1580 3279 1699 3330 eas,
1754 3262 1877 3335 regi

302 3443 318 3475 ²
354 3441 414 3496 In
438 3442 716 3497 Vaticano
746 3442 872 3498 cod.
907 3442 1046 3497 olim
1098 3442 1328 3514 Reginae
1374 3442 1481 3497 286
1538 3442 1618 3497 ita
1667 3441 1875 3498 inscri-

225 3513 409 3568 bitur.
494 3514 755 3584 Prologus
802 3514 1019 3584 Diatogi
1072 3514 1127 3569 S.
1184 3513 1515 3585 Hieronymi
1559 3524 1722 3570 rectae
1750 3515 1880 3584 ﬁdei

216 3586 531 3657 presbyteri
557 3600 682 3640 cum
711 3587 932 3654 Pelagio
982 3586 1244 3641 monacho
1301 3584 1552 3657 haeretici
1604 3586 1877 3657 dogmatis

1986 2374 2118 2428 dam
2152 2372 2371 2444 lupatis
2393 2373 2932 2440 coerceri.Quorum
2966 2373 3287 2429 sententias
3310 2378 3369 2429 et
3400 2374 3632 2431 Tullius

1985 2462 2042 2517 in
2074 2461 2425 2517 Tusculanis
2456 2461 2958 2534 disputationibus
2988 2460 3320 2533 explicat,et
3349 2462 3631 2536 Origenes

1983 2549 2389 2607 ecclesiasticae
2420 2550 2647 2607 veritati
2684 2551 2743 2605 in
2792 2550 3153 2607 Stromatibus
3199 2551 3324 2607 suis
3382 2553 3632 2608 miscere

1984 2645 2247 2704 conatur,
2269 2643 2331 2693 ut
2354 2644 2688 2711 prazteream
2717 2639 3124 2707 Manichaeum,
3176 2639 3633 2710 Priscillianum,

1984 2728 2295 2802 Evagrium
2326 2728 2730 2800 Iberitam[Al.
2795 2729 3116 2784 lliboritam
3171 2733 3227 2785 et
3283 2729 3633 2802 Hyperbori-

1985 2823 2153 2886 tam],
2182 2816 2617 2884 Jovianianum,
2653 2822 2709 2873 et
2735 2818 2916 2874 totius
2948 2834 3091 2889 pene
3122 2818 3301 2891 Syria
3330 2819 3634 2877 haereticos

1985 2924 2136 2978 quos
2201 2923 2471 2962 sermone
2520 2908 2675 2963 694
2704 2906 2905 2979 gentili
2951 2903 3093 2960 διεστ
3117 2907 3414 2982 ραμμὲνως
3436 2910 3635 2965 Massa-

1986 2998 2164 3052 lianos
2192 2997 2213 3029 ²
2243 2995 2434 3051 Graece
2466 2994 2699 3070 Εὐχίτας
2758 3000 2963 3051 vocant
2993 3014 3007 3063 ;
3050 3013 3300 3067 quorum
3367 2999 3635 3055 omnium

1986 3085 2101 3139 ista
2129 3083 2418 3141 sententia
2446 3089 2554 3154 est,
2587 3101 2758 3156 posse
2788 3085 2861 3140 ad
2911 3084 3344 3156 perfectionem,
3403 3092 3463 3141 et
3519 3104 3636 3143 non

1988 3174 2179 3228 dicam
2212 3174 2283 3228 ad
2324 3172 2794 3240 similitudinem,
2826 3174 2927 3228 sed
2958 3172 3350 3245 aequalitatem
3396 3173 3498 3230 Dei
3523 3175 3638 3231 hu-

1990 3278 2226 3317 manam
2284 3262 2558 3318 virtutem
2616 3267 2672 3318 ct
2728 3262 3033 3318 scientiam
3054 3262 3381 3336 pervenire:
3433 3263 3518 3321 ita
3573 3269 3639 3321 ut

1990 3459 2141 3515 saepe
2172 3444 2503 3507 recitarent,
2549 3446 2607 3498 et
2645 3457 2881 3515 semper
2923 3447 3177 3499 orarent.
3254 3444 3534 3499 MARTIAN.
3568 3474 3627 3484 —-

1988 3515 2253 3570 Graecum
2282 3516 2547 3578 verbum,
2568 3515 2721 3586 quod
2755 3530 2825 3569 ex
2856 3514 3088 3587 Reginis
3122 3517 3632 3588 mss.accepimus,

1989 3592 2161 3658 atque
2192 3603 2259 3658 ex
2290 3592 2452 3658 parte
2481 3590 2889 3658 emendamus,
2922 3586 3144 3642 veteres
3182 3586 3434 3642 editores
3493 3586 3635 3658 quid

223 3655 523 3731 reportare,
547 3673 705 3727 quem
749 3659 852 3712 sub
881 3658 1050 3712 Attici
1105 3666 1157 3712 et
1228 3655 1508 3712 Critobuli
1561 3655 1881 3713 nominibus
1911 3665 1960 3731 B
1992 3655 2104 3713 sibi
2132 3655 2323 3723 vellet,
2358 3675 2470 3713 non
2505 3657 2781 3724 assecuti,
2814 3658 2873 3731 in
2924 3657 3145 3713 Latinis
3194 3659 3402 3713 litteris
3449 3655 3638 3713 detor-

223 3729 401 3804 υᾳζιιξι
430 3731 712 3784 armatura.
874 3799 918 3804 __
1054 3800 1089 3804 __
1252 3778 1255 3779 ν

293 3799 600 3856 ’Sermone
627 3801 824 3871 gentili
869 3799 1242 3855 Massalianos.
1298 3799 1483 3856 Multa
1547 3801 1722 3856 verba
1778 3801 1878 3855 ob-

224 3871 479 3927 trudunt
508 3871 574 3944 in
598 3876 932 3927 contextum
966 3872 1300 3944 Hieronymi
1330 3878 1553 3928 veteres
1594 3872 1881 3927 editiones

218 3944 394 3999 Joan.
454 3943 686 4007 Andrce,
750 3944 996 4008 Erasmi,
1057 3947 1112 3999 et
1170 3943 1428 4010 Mariani,
1500 3944 1600 4014 qui
1673 3960 1880 3998 omnes

221 4014 421 4086 legere
474 4013 802 4086 voluerunt,
862 4015 1003 4083 Quos
1059 4028 1310 4070 sermone
1364 4013 1566 4084 gentili
1614 4016 1775 4080 Abin,
1832 4019 1882 4070 et

224 4084 469 4156 Pdanin,
538 4084 594 4141 id
651 4094 727 4141 est
783 4101 1062 4156 perversos
1131 4090 1184 4142 et
1257 4087 1618 4153 Massilianos,
1696 4088 1883 4143 erce

225 4155 696 4233 Εὗχίταςυοςαηζ.
735 4155 882 4212 Sane
916 4173 1130 4233 nomen
1157 4158 1424 4233 omnium
1482 4173 1629 4228 pene
1653 4156 1879 4213 hazreti-

221 4229 426 4284 eorum
456 4229 514 4283 in
546 4229 711 4300 Syria
740 4233 883 4289 erat,
917 4230 1230 4284 Messaliani
1248 4246 1267 4289 .·
1299 4229 1418 4284 sive
1437 4245 1715 4300 sermone
1747 4245 1882 4300 gen-

222 4300 313 4355 tili
364 4299 540 4373 Syriae
580 4299 901 4373 haereticos
948 4300 1233 4373 vocabant
1259 4301 1653 4373 Messalianos,
1690 4299 1882 4355 Graece

223 4369 425 4447 autem
448 4369 707 4447 Εὐχίτας.
746 4372 951 4427 Praeter
982 4372 1121 4447 haec,
1154 4372 1353 4427 omnia
1400 4372 1513 4428 alia
1540 4370 1715 4426 verba
1769 4389 1881 4447 su-

225 4443 459 4516 perﬂua
512 4442 670 4510 sunt,
713 4448 887 4515 atque
942 4444 1197 4516 genuino
1254 4460 1432 4516 sensu
1491 4449 1708 4499 carent.
1769 4442 1876 4498 Ms.

222 4514 408 4572 codex
436 4514 605 4587 Corb.
640 4532 803 4587 num.
826 4516 928 4570 146
954 4514 1103 4570 nihil
1132 4515 1328 4587 posuit
1384 4521 1589 4587 prseter
1626 4518 1877 4587 contex-

225 4592 357 4671 tum
389 4603 422 4641 a
452 4586 620 4671 nobis
648 4586 867 4671 editum
896 4604 908 4655 ;
942 4586 1319 4671 conformiter
1347 4586 1674 4671 Epiphanio
1694 4586 1793 4671 lib.
1812 4600 1879 4670 nr

224 4659 491 4715 adversus
526 4660 781 4724 Hereses,
842 4657 1047 4713 haeres.
1107 4658 1196 4725 80,
1256 4657 1520 4714 dicenti:
1581 4658 1882 4713 Messiliani

223 4734 513 4803 vocantur,
562 4730 774 4803 idest,
810 4726 1117 4803 εὐχόμενοι.
1188 4735 1428 4787 orantes.
1490 4731 1648 4785 Idem
1707 4728 1882 4784 habet

224 4793 1276 4858 Theodorituslib.'1v.'Ecclesiasticze
1302 4804 1499 4857 Hister.
1588 4818 1648 4857 ca
1702 4843 1713 4854 .
1778 4803 1879 4855 11.-

228 4869 608 4926 Μεσαλιανῶν.
677 4873 1126 4926 Messalianorum
1207 4890 1267 4926 eo
1345 4882 1587 4926 tempore
1660 4818 1879 4926 genesis

228 4869 608 4941 Μεσαλιανῶν,
667 4873 1126 4945 ΑΜξεδαιίαηονωη
1207 4890 1267 4929 eo
1345 4882 1587 4945 tempore
1661 4869 1880 4927 heresis

226 4952 432 5019 exorta
472 4947 567 5001 est.
614 4942 850 5019 Εὐχίτας
881 4960 968 5000 eos
1010 4953 1241 5019 vocant,
1279 4947 1376 5015 qui
1404 4942 1613 5019 nomen
1654 4945 1881 5019 illorum

227 5022 293 5112 in
329 5016 598 5112 LGrmcam
676 5015 930 5112 tinguant
974 5017 1423 5112 ‘transtulerunt.
1471 5015 1647 5112 Addit
1676 5016 1872 5112 et‘i'am:
1908 5045 1950 5112 C

229 5088 450 5145 Habent
511 5091 685 5145 etiam
750 5084 1192 5159 appellationem,
1253 5084 1618 5140 ἐνθουσιασταί
1651 5087 1875 5143 enthea-

224 5162 425 5217 siasta:
476 5162 625 5216 enim
689 5169 970 5217 vocantur.
1031 5160 1367 5215 Editoribus
1423 5175 1557 5214 vero
1616 5159 1876 5229 antiquis

224 5232 449 5289 erroris
470 5248 648 5297 causa
678 5231 789 5287 luit
818 5230 1462 5303 lectioqquamplurium
1522 5247 1665 5285 mss.
1718 5230 1874 5303 codi-

226 5320 369 5361 cum
401 5304 758 5376 Hierouymi,
783 5301 1122 5376 abigisthéeci
1143 5301 1345 5376 posita
1381 5302 1657 5376 leguntur
1690 5319 1701 5356 :
1737 5302 1877 5369 Quos

224 5391 481 5432 sermone
500 5373 696 5445 gentili
751 5373 1313 5440 DEIHCTPAMHNI,
1373 5373 1461 5429 id"
1494 5377 1573 5427 est
1627 5389 1880 5443 perverse

226 5444 591 5515 Massilianos,
628 5446 810 5503 Graece
832 5445 1128 5500 El‘XlTAC
1162 5453 1367 5501 vocant.
1416 5446 1527 5499 Sed
1587 5444 1679 5499 hic
1739 5461 1875 5499 con-

226 5526 427 5576 textus
460 5520 771 5574 manifeste
817 5517 1103 5572 cooﬁctus
1150 5518 1395 5571 habetur
1452 5534 1517 5572 ex
1574 5516 1687 5580 his,
1748 5533 1878 5587 quae

217 5594 350 5664 jam
387 5590 596 5646 dixide
626 5588 949 5718 Epiphanio
978 5593 1034 5644 et
1075 5588 1442 5644 Theodorito.
1492 5588 1549 5643 S.
1600 5588 1877 5658 Augusti-

227 5679 347 5718 nus
378 5665 647 5718 corrunte
692 5660 899 5718 egebat
928 5660 1247 5718 Psallianos
1276 5659 1377 5717 lib.
1417 5660 1485 5716 de
1519 5661 1828 5717 liceresibus
1860 5676 1873 5715 :

227 5659 347 5736 'nus
378 5665 647 5736 corrupte
669 5659 899 5735 legebat
916 5660 1247 5736 ‘Psallianos
1276 5659 1377 5717 lib.
1417 5660 1485 5716 de
1519 5661 1828 5736 {lwresibus
1860 5676 1873 5715 :

227 5735 366 5800 licet
394 5750 467 5794 ex
493 5729 570 5798 re'
606 5733 690 5794 ita
728 5729 932 5795 'vooari
981 5732 1333 5817 potuissent,
1393 5731 1549 5813 quod
1609 5729 1877 5797 Psalmos

1992 3734 2249 3795 marunt,
2275 3730 2414 3784 Abin
2435 3738 2486 3785 et
2518 3731 2753 3795 Paanin,
2781 3729 2838 3784 id
2866 3732 2948 3784 est
2971 3745 3272 3800 perversos,
3329 3734 3439 3784 etc.
3500 3731 3636 3793 Quae

1992 3801 2364 3857 Martianaaus
2394 3801 2540 3856 falso
2573 3800 2806 3856 obtrudi
2837 3805 2894 3855 et
2951 3801 3198 3856 conficta
3264 3816 3392 3855 esse
3450 3806 3634 3866 ratus,

1991 3873 2257 3928 exsulare
2290 3873 2522 3943 penitus
2552 3889 2582 3927 e
2609 3876 2879 3926 contextu
2931 3871 3137 3943 jussit,
3194 3876 3397 3943 contra
3455 3887 3636 3943 quam

1990 3944 2123 4014 ipsi,
2156 3941 2373 4015 quib—us
2401 3945 2739 4008 utebantur,
2766 3941 3173 4015 mss._eodiccs
3219 3941 3633 4015 admonebant.

1992 4012 2305 4069 Eslautem
2356 4015 2702 4085 plerumque
2761 4014 2818 4067 in
2880 4012 3015 4078 illis,
3083 4018 3259 4069 ut'et
3315 4013 3393 4085 in,
3434 4013 3633 4085 Regio,

1992 4085 2543 4152 AEIUCTPAMHNI,
2578 4084 2654 4158 id
2683 4090 2759 4140 est
2786 4100 3074 4158 perverse:
3108 4101 3235 4156 quae
3276 4084 3401 4158 voci
3460 4084 3635 4158 sipo:

1992 4158 2145 4223 sitio,
2178 4174 2293 4229 quo
2326 4164 2491 4228 pacto
2524 4157 2595 4211 ad
2631 4162 2848 4229 rectam
2874 4156 3229 4229 scripturam
3286 4156 3390 4212 illa
3437 4156 3637 4229 reduci

1992 4228 2207 4301 possit,
2231 4232 2423 4284 Graece
2455 4228 2774 4301 scientibus
2806 4228 3008 4283 statim
3041 4228 3255 4301 innuit.
3289 4228 3523 4301 Namqsi
3555 4228 3635 4301 le-

1989 4299 2229 4356 vissime
2261 4300 2524 4362 mutatis.
2582 4300 2699 4355 imo
2756 4305 2983 4355 tantum
3045 4300 3374 4356 emendatis
3428 4299 3637 4356 litteris

1992 4372 2215 4445 scribas
2246 4371 2865 4445 AIAECTRAMMENQC,
2891 4388 3011 4445 rem
3046 4388 3152 4445 acu
3175 4371 3458 4445 tetigeris,
3503 4388 3638 4445 cum

1991 4440 2434 4516 διεστοαμμένως
2493 4443 2687 4516 Graece
2742 4443 2899 4499 idem
2942 4443 3234 4516 signiticet
3285 4440 3373 4497 'ac
3434 4443 3638 4498 Latine

1987 4509 2269 4590 perverse,
2316 4532 2348 4568 a
2400 4509 2704 4590 διαστρέφῃ)
2751 4518 2950 4590 verbo,
2996 4509 3181 4590 “quod
3232 4520 3321 4570 est
3359 4516 3639 4590 perverto

1989 4582 2240 4659 Hepravo,
2320 4590 2481 4660 etc“;
2517 4582 2670 4641 unde
2727 4592 2785 4641 et
2843 4582 3541 4660 diempdpuéva,_obliqua
3581 4589 3640 4640 et

1986 4655 2240 4732 perversa
2272 4656 2796 4732 appellantur,q_uaa
2828 4655 3028 4732 contra
3058 4655 3632 4732 quam_de_cet.ﬁunt.

1992 4726 2108 4785 Hoc
2138 4726 2326 4801 igitur
2345 4726 2519 4801 sensu
2550 4726 2761 4801 scribit
2782 4726 3190 4801 Hieronymus,
3224 4726 3403 4801 Syrias
3448 4727 3630 4782 haere-

1988 4797 2709 4871 ticosvgentilisermone,
2741 4797 3206 4872 Bisnpup'pévmq,
3262 4797 3319 4853 id
3374 4806 3465 4872 est_
3506 4814 3633 4872 per-

1991 4889 2139 4929 verse
2166 4867 2520 4929 Massalianos
2550 4872 2684 4937 dici,
2740 4873 2862 4927 sive
2891 4867 3131 4944 orantes,
3162 4874 3355 4944 Grece
3400 4867 3637 4944 Εὐχίτας

1990 4946 2135 5001 Nam
2167 4961 2299 4999 cum
2333 4963 2366 4999 a
2389 4944 2581 4999 radice
2608 4954 2759 5005 ’μηδ’
2788 4943 2983 5008 oravit,
3018 4940 3640 4999 Massalianorum'no-

1991 5034 2125 5072 men
2157 5017 2502 5081 deducatur,
2534 5020 2591 5070 et
2645 5014 2758 5081 ipsi
2787 5014 3039 5070 haeretici
3070 5014 3348 5069 continuo
3378 5017 3636 5080 orarent,

1984 5103 2247 5161 perverse,
2277 5096 2493 5161 orantes
2549 5087 2606 5141 S.
2668 5084 2877 5141 Doctor
2934 5086 3123 5161 vocari
3178 5084 3294 5161 ait.
3353 5084 3638 5161 Apppsite

1989 5156 2120 5233 post
2150 5159 2539 5233 Epiphaniam
2574 5164 2737 5233 notat
2764 5158 3127 5233 Augustinus
3178 5156 3303 5233 lib.
3332 5156 3417 5211 de
3454 5157 3637 5212 Haere-

1985 5229 2155 5296 sibus,
2200 5229 2368 5302 quod
2426 5248 2555 5285 cum
2582 5230 2844 5285 Dominus
2876 5229 3103 5284 dixerit.
3135 5232 3374 5302 onrtet
3404 5244 3639 5302 semper

1987 5320 2170 5369 orare,
2203 5300 2400 5357 etnon
2432 5302 2709 5367 deﬁcere;
2740 5312 2791 5356 et
2821 5302 3120 5371 Apostolus.
3156 5300 3291 5356 Sine
3337 5300 3637 5356 intermis-

1987 5374 2149 5430 sione
2180 5379 2373 5441 orate;
2406 5372 2547 5444 quod
2574 5374 2864 5428 sanissime
2894 5373 2975 5429 sic
3028 5374 3319 5444 accipitur,
3377 5376 3439 5427 ut
3465 5372 3636 5444 nullo

1986 5446 2074 5501 die
2106 5442 2551 5500 intermittantur
2577 5453 2724 5500 certa
2752 5452 2991 5515 tempora
3049 5442 3251 5499 orandi
3274 5461 3286 5499 :
3321 5444 3413 5499 isti
3454 5442 3634 5513 (Mas-

1989 5518 2217 5583 saliani)
2250 5520 2325 5571 ila
2365 5518 2533 5570 nimis
2590 5517 2687 5570 hoc
2732 5518 2942 5583 faciunt
2976 5516 3291 5587 (perverse
3350 5515 3634 5572 nimirum

1989 5588 2218 5644 Domini
2248 5594 2423 5659 atque
2451 5587 2712 5659 Apostoli
2736 5586 3384 5659 sententiaintellecta),
3415 5589 3475 5644 ut
3504 5588 3641 5652 hinc

1974 5658 2364 5735 judicarentur
2392 5658 2536 5719 inter
2564 5659 2840 5717 haereticos
2868 5658 3218 5722 nominandi.
