  <div class='ocr_page' id='page_1' title='image "/cluster/home/n/w/nwhite01/storage/ocr_20150623/23/umn.31951d034773078/270.png"; bbox 0 0 3958 6414; ppageno 0'>
   <div class='ocr_carea' id='block_1_1' title="bbox 176 337 288 431">
    <p class='ocr_par' dir='ltr' id='par_1_1' title="bbox 176 337 288 431">
     <span class='ocr_line' id='line_1_1' title="bbox 176 337 288 431; baseline -0.018 -31"><span class='ocrx_word' id='word_1_1' title='bbox 176 337 288 431; x_wconf 61' lang='lat'><strong>531</strong></span> 
     </span>
    </p>
   </div>
   <div class='ocr_carea' id='block_1_2' title="bbox 1037 326 2741 438">
    <p class='ocr_par' dir='ltr' id='par_1_2' title="bbox 1037 326 2741 438">
     <span class='ocr_line' id='line_1_2' title="bbox 1037 326 2741 438; baseline -0.001 -39"><span class='ocrx_word' id='word_1_2' title='bbox 1037 326 1428 400; x_wconf 84' lang='lat' dir='ltr'><strong>DIALOGUS</strong></span> <span class='ocrx_word' id='word_1_3' title='bbox 1468 335 1790 438; x_wconf 55' lang='lat' dir='ltr'><strong>comma</strong></span> <span class='ocrx_word' id='word_1_4' title='bbox 1832 333 2356 435; x_wconf 67' lang='lat' dir='ltr'><strong>rsLAGIANQs.</strong></span> <span class='ocrx_word' id='word_1_5' title='bbox 2390 337 2646 399; x_wconf 89' lang='lat' dir='ltr'><strong>—LIB.</strong></span> <span class='ocrx_word' id='word_1_6' title='bbox 2692 339 2741 399; x_wconf 82' lang='grc' dir='ltr'><strong>ι.</strong></span> 
     </span>
    </p>
   </div>
   <div class='ocr_carea' id='block_1_3' title="bbox 2910 267 2939 283">
    <p class='ocr_par' dir='ltr' id='par_1_3' title="bbox 2910 267 2939 283">
     <span class='ocr_line' id='line_1_3' title="bbox 2910 267 2939 283; baseline 0 0"><span class='ocrx_word' id='word_1_7' title='bbox 2910 267 2939 283; x_wconf 57' lang='grc' dir='ltr'><em>κ</em></span> 
     </span>
    </p>
   </div>
   <div class='ocr_carea' id='block_1_4' title="bbox 3474 342 3639 442">
    <p class='ocr_par' dir='ltr' id='par_1_4' title="bbox 3474 342 3639 442">
     <span class='ocr_line' id='line_1_4' title="bbox 3474 342 3639 442; baseline 0 -25"><span class='ocrx_word' id='word_1_8' title='bbox 3474 342 3639 442; x_wconf 57' lang='lat'><strong>532.</strong></span> 
     </span>
    </p>
   </div>
   <div class='ocr_carea' id='block_1_5' title="bbox 146 434 3587 539">
    <p class='ocr_par' dir='ltr' id='par_1_5' title="bbox 146 434 3587 539">
     <span class='ocr_line' id='line_1_5' title="bbox 146 434 3587 539; baseline 0 -13"><span class='ocrx_word' id='word_1_9' title='bbox 146 466 149 467; x_wconf 49' lang='grc'><strong><em>⁷</em></strong></span> <span class='ocrx_word' id='word_1_10' title='bbox 176 468 595 527; x_wconf 72' lang='grc' dir='ltr'><strong>ΟιητοΒυιυεί.</strong></span> <span class='ocrx_word' id='word_1_11' title='bbox 628 468 868 535; x_wconf 86' lang='lat' dir='ltr'><strong>Verum,</strong></span> <span class='ocrx_word' id='word_1_12' title='bbox 902 468 1086 524; x_wconf 79' lang='lat' dir='ltr'><strong>Attice</strong></span> <span class='ocrx_word' id='word_1_13' title='bbox 1128 469 1229 524; x_wconf 90' lang='lat' dir='ltr'><strong>sed</strong></span> <span class='ocrx_word' id='word_1_14' title='bbox 1261 485 1375 524; x_wconf 91' lang='lat' dir='ltr'><strong>non</strong></span> <span class='ocrx_word' id='word_1_15' title='bbox 1408 434 1609 523; x_wconf 85' lang='lat' dir='ltr'><strong>eodem</strong></span> <span class='ocrx_word' id='word_1_16' title='bbox 1641 484 1818 523; x_wconf 89' lang='lat' dir='ltr'><strong>sensu</strong></span> <span class='ocrx_word' id='word_1_17' title='bbox 1850 466 1903 532; x_wconf 79' lang='grc' dir='ltr'>Α</span> <span class='ocrx_word' id='word_1_18' title='bbox 1924 434 2027 521; x_wconf 86' lang='lat' dir='ltr'><strong>trii</strong></span> <span class='ocrx_word' id='word_1_19' title='bbox 2057 465 2392 537; x_wconf 74' lang='lat' dir='ltr'><strong>intelligant</strong></span> <span class='ocrx_word' id='word_1_20' title='bbox 2424 473 2790 539; x_wconf 88' lang='lat' dir='ltr'><strong>potestatem.</strong></span> <span class='ocrx_word' id='word_1_21' title='bbox 2849 472 2909 525; x_wconf 82' lang='grc' dir='ltr'><strong>Ο.</strong></span> <span class='ocrx_word' id='word_1_22' title='bbox 2954 469 3078 525; x_wconf 91' lang='lat' dir='ltr'><strong>Non</strong></span> <span class='ocrx_word' id='word_1_23' title='bbox 3137 474 3226 525; x_wconf 85' lang='lat' dir='ltr'><strong>est</strong></span> <span class='ocrx_word' id='word_1_24' title='bbox 3284 471 3364 526; x_wconf 90' lang='lat' dir='ltr'><strong>ita</strong></span> <span class='ocrx_word' id='word_1_25' title='bbox 3394 475 3461 526; x_wconf 93' lang='lat' dir='ltr'><strong>ut</strong></span> <span class='ocrx_word' id='word_1_26' title='bbox 3490 434 3587 527; x_wconf 54' lang='lat' dir='ltr'><strong>au:</strong></span> 
     </span>
    </p>
   </div>
   <div class='ocr_carea' id='block_1_6' title="bbox 156 546 1818 633">
    <p class='ocr_par' dir='ltr' id='par_1_6' title="bbox 156 546 1818 633">
     <span class='ocr_line' id='line_1_6' title="bbox 156 546 1818 633; baseline -0.003 -18"><span class='ocrx_word' id='word_1_27' title='bbox 278 546 509 619; x_wconf 62' lang='lat' dir='ltr'><strong>aemulis</strong></span> <span class='ocrx_word' id='word_1_28' title='bbox 539 558 842 630; x_wconf 78' lang='lat' dir='ltr'><strong>accipitur,</strong></span> <span class='ocrx_word' id='word_1_29' title='bbox 876 574 992 630; x_wconf 91' lang='lat' dir='ltr'><strong>quo</strong></span> <span class='ocrx_word' id='word_1_30' title='bbox 1014 574 1048 613; x_wconf 90' lang='lat' dir='ltr'><strong>a</strong></span> <span class='ocrx_word' id='word_1_31' title='bbox 1077 574 1169 614; x_wconf 90' lang='lat' dir='ltr'><strong>me</strong></span> <span class='ocrx_word' id='word_1_32' title='bbox 1201 558 1422 613; x_wconf 87' lang='lat' dir='ltr'><strong>dictum</strong></span> <span class='ocrx_word' id='word_1_33' title='bbox 1455 561 1564 613; x_wconf 91' lang='lat' dir='ltr'><strong>est.</strong></span> <span class='ocrx_word' id='word_1_34' title='bbox 1600 558 1636 612; x_wconf 84' lang='lat' dir='ltr'><strong>A</strong></span> <span class='ocrx_word' id='word_1_35' title='bbox 1673 555 1818 623; x_wconf 88' lang='lat' dir='ltr'>Quid</span> 
     </span>
    </p>
   </div>
   <div class='ocr_carea' id='block_1_7' title="bbox 148 644 1822 722">
    <p class='ocr_par' dir='ltr' id='par_1_7' title="bbox 148 644 1822 722">
     <span class='ocr_line' id='line_1_7' title="bbox 148 644 1822 722; baseline -0.004 -17"><span class='ocrx_word' id='word_1_36' title='bbox 148 648 330 705; x_wconf 83' lang='lat' dir='ltr'><strong>-enim</strong></span> <span class='ocrx_word' id='word_1_37' title='bbox 364 647 767 722; x_wconf 82' lang='lat' dir='ltr'><strong>ambiguitatis</strong></span> <span class='ocrx_word' id='word_1_38' title='bbox 816 648 875 703; x_wconf 89' lang='lat' dir='ltr'><strong>in</strong></span> <span class='ocrx_word' id='word_1_39' title='bbox 908 646 1060 702; x_wconf 90' lang='lat' dir='ltr'><strong>dicto</strong></span> <span class='ocrx_word' id='word_1_40' title='bbox 1090 651 1199 715; x_wconf 91' lang='lat' dir='ltr'><strong>est,</strong></span> <span class='ocrx_word' id='word_1_41' title='bbox 1233 651 1300 702; x_wconf 93' lang='lat' dir='ltr'><strong>ut</strong></span> <span class='ocrx_word' id='word_1_42' title='bbox 1340 646 1578 721; x_wconf 76' lang='lat' dir='ltr'><strong>diversae</strong></span> <span class='ocrx_word' id='word_1_43' title='bbox 1608 644 1822 701; x_wconf 92' lang='lat' dir='ltr'><strong>intelli-</strong></span> 
     </span>
    </p>
   </div>
   <div class='ocr_carea' id='block_1_8' title="bbox 173 730 1825 811">
    <p class='ocr_par' dir='ltr' id='par_1_8' title="bbox 173 730 1825 811">
     <span class='ocr_line' id='line_1_8' title="bbox 173 730 1825 811; baseline -0.004 -17"><span class='ocrx_word' id='word_1_44' title='bbox 173 738 386 811; x_wconf 74' lang='lat' dir='ltr'><strong>gentiae</strong></span> <span class='ocrx_word' id='word_1_45' title='bbox 416 730 712 794; x_wconf 81' lang='lat' dir='ltr'><strong>tribuatur</strong></span> <span class='ocrx_word' id='word_1_46' title='bbox 740 735 1133 793; x_wconf 82' lang='lat' dir='ltr'><strong>occasio&#39;lNec</strong></span> <span class='ocrx_word' id='word_1_47' title='bbox 1165 751 1358 808; x_wconf 77' lang='lat' dir='ltr'><strong>quaero</strong></span> <span class='ocrx_word' id='word_1_48' title='bbox 1377 739 1445 791; x_wconf 90' lang='lat' dir='ltr'><strong>ut</strong></span> <span class='ocrx_word' id='word_1_49' title='bbox 1473 735 1545 790; x_wconf 90' lang='lat' dir='ltr'><strong>de</strong></span> <span class='ocrx_word' id='word_1_50' title='bbox 1576 737 1825 806; x_wconf 87' lang='lat' dir='ltr'><strong>utroque</strong></span> 
     </span>
    </p>
   </div>
   <div class='ocr_carea' id='block_1_9' title="bbox 174 818 1822 900">
    <p class='ocr_par' dir='ltr' id='par_1_9' title="bbox 174 818 1822 900">
     <span class='ocr_line' id='line_1_9' title="bbox 174 818 1822 900; baseline -0.004 -18"><span class='ocrx_word' id='word_1_51' title='bbox 174 818 402 899; x_wconf 80' lang='lat' dir='ltr'><strong>pariter</strong></span> <span class='ocrx_word' id='word_1_52' title='bbox 425 824 800 900; x_wconf 82' lang='lat' dir='ltr'><strong>respondeas.</strong></span> <span class='ocrx_word' id='word_1_53' title='bbox 834 825 960 881; x_wconf 89' lang='lat' dir='ltr'><strong>Duo</strong></span> <span class='ocrx_word' id='word_1_54' title='bbox 990 824 1145 880; x_wconf 90' lang='lat' dir='ltr'><strong>enim</strong></span> <span class='ocrx_word' id='word_1_55' title='bbox 1179 841 1212 879; x_wconf 89' lang='lat' dir='ltr'><strong>a</strong></span> <span class='ocrx_word' id='word_1_56' title='bbox 1240 828 1298 879; x_wconf 89' lang='lat' dir='ltr'><strong>te</strong></span> <span class='ocrx_word' id='word_1_57' title='bbox 1327 823 1626 896; x_wconf 89' lang='lat' dir='ltr'><strong>proposita</strong></span> <span class='ocrx_word' id='word_1_58' title='bbox 1656 825 1822 876; x_wconf 92' lang='lat' dir='ltr'><strong>sunt:</strong></span> 
     </span>
    </p>
   </div>
   <div class='ocr_carea' id='block_1_10' title="bbox 178 910 1823 990">
    <p class='ocr_par' dir='ltr' id='par_1_10' title="bbox 178 910 1823 990">
     <span class='ocr_line' id='line_1_10' title="bbox 178 910 1823 990; baseline -0.005 -17"><span class='ocrx_word' id='word_1_59' title='bbox 178 910 394 985; x_wconf 86' lang='lat' dir='ltr'><strong>unum,</strong></span> <span class='ocrx_word' id='word_1_60' title='bbox 425 932 598 990; x_wconf 88' lang='lat' dir='ltr'><strong>posse</strong></span> <span class='ocrx_word' id='word_1_61' title='bbox 620 912 918 970; x_wconf 82' lang='lat' dir='ltr'><strong>hominem</strong></span> <span class='ocrx_word' id='word_1_62' title='bbox 951 912 1077 969; x_wconf 84' lang='lat' dir='ltr'><strong>sine</strong></span> <span class='ocrx_word' id='word_1_63' title='bbox 1105 915 1339 986; x_wconf 90' lang='lat' dir='ltr'><strong>peccato</strong></span> <span class='ocrx_word' id='word_1_64' title='bbox 1389 929 1536 978; x_wconf 90' lang='lat' dir='ltr'><strong>esse,</strong></span> <span class='ocrx_word' id='word_1_65' title='bbox 1571 912 1620 967; x_wconf 91' lang='lat' dir='ltr'><strong>si</strong></span> <span class='ocrx_word' id='word_1_66' title='bbox 1649 910 1823 977; x_wconf 82' lang='lat' dir='ltr'><strong>velit;</strong></span> 
     </span>
    </p>
   </div>
   <div class='ocr_carea' id='block_1_11' title="bbox 152 994 1826 1075">
    <p class='ocr_par' dir='ltr' id='par_1_11' title="bbox 152 994 1826 1075">
     <span class='ocr_line' id='line_1_11' title="bbox 152 994 1826 1075; baseline -0.005 -14"><span class='ocrx_word' id='word_1_67' title='bbox 152 1004 450 1071; x_wconf 82' lang='lat' dir='ltr'><strong>alterum,</strong></span> <span class='ocrx_word' id='word_1_68' title='bbox 504 994 697 1061; x_wconf 78' lang='lat' dir='ltr'><strong>facilia</strong></span> <span class='ocrx_word' id='word_1_69' title='bbox 725 1001 828 1058; x_wconf 89' lang='lat' dir='ltr'><strong>Dei</strong></span> <span class='ocrx_word' id='word_1_70' title='bbox 871 1019 997 1059; x_wconf 89' lang='lat' dir='ltr'><strong>esse</strong></span> <span class='ocrx_word' id='word_1_71' title='bbox 1039 1004 1344 1075; x_wconf 69' lang='lat' dir='ltr'><strong>praecepta.</strong></span> <span class='ocrx_word' id='word_1_72' title='bbox 1382 1000 1541 1056; x_wconf 84' lang='lat' dir='ltr'><strong>Licet</strong></span> <span class='ocrx_word' id='word_1_73' title='bbox 1578 1017 1713 1073; x_wconf 90' lang='lat' dir='ltr'><strong>ergo</strong></span> <span class='ocrx_word' id='word_1_74' title='bbox 1749 998 1826 1053; x_wconf 89' lang='lat' dir='ltr'><strong>si-</strong></span> 
     </span>
    </p>
   </div>
   <div class='ocr_carea' id='block_1_12' title="bbox 174 1087 1831 1163">
    <p class='ocr_par' dir='ltr' id='par_1_12' title="bbox 174 1087 1831 1163">
     <span class='ocr_line' id='line_1_12' title="bbox 174 1087 1831 1163; baseline -0.004 -15"><span class='ocrx_word' id='word_1_75' title='bbox 174 1091 299 1149; x_wconf 91' lang='lat' dir='ltr'><strong>mul</strong></span> <span class='ocrx_word' id='word_1_76' title='bbox 329 1088 640 1157; x_wconf 88' lang='lat' dir='ltr'><strong>dictasint,</strong></span> <span class='ocrx_word' id='word_1_77' title='bbox 656 1095 851 1147; x_wconf 88' lang='lat' dir='ltr'><strong>tamen</strong></span> <span class='ocrx_word' id='word_1_78' title='bbox 884 1107 987 1163; x_wconf 89' lang='lat' dir='ltr'><strong>per</strong></span> <span class='ocrx_word' id='word_1_79' title='bbox 1014 1094 1210 1163; x_wconf 88' lang='lat' dir='ltr'><strong>partes</strong></span> <span class='ocrx_word' id='word_1_80' title='bbox 1242 1087 1507 1161; x_wconf 89' lang='lat' dir='ltr'><strong>singulas</strong></span> <span class='ocrx_word' id='word_1_81' title='bbox 1540 1089 1831 1144; x_wconf 86' lang='lat' dir='ltr'><strong>disseran-</strong></span> 
     </span>
    </p>
   </div>
   <div class='ocr_carea' id='block_1_13' title="bbox 173 1175 1832 1253">
    <p class='ocr_par' dir='ltr' id='par_1_13' title="bbox 173 1175 1832 1253">
     <span class='ocr_line' id='line_1_13' title="bbox 173 1175 1832 1253; baseline -0.002 -18"><span class='ocrx_word' id='word_1_82' title='bbox 173 1183 287 1249; x_wconf 89' lang='lat' dir='ltr'><strong>tur,</strong></span> <span class='ocrx_word' id='word_1_83' title='bbox 309 1183 375 1237; x_wconf 89' lang='lat' dir='ltr'><strong>ut</strong></span> <span class='ocrx_word' id='word_1_84' title='bbox 392 1196 646 1253; x_wconf 91' lang='lat' dir='ltr'><strong>quorum</strong></span> <span class='ocrx_word' id='word_1_85' title='bbox 665 1195 784 1236; x_wconf 89' lang='lat' dir='ltr'><strong>una</strong></span> <span class='ocrx_word' id='word_1_86' title='bbox 799 1178 1030 1235; x_wconf 87' lang='lat' dir='ltr'><strong>videtur</strong></span> <span class='ocrx_word' id='word_1_87' title='bbox 1048 1179 1209 1243; x_wconf 78' lang='lat' dir='ltr'><strong>fides,</strong></span> <span class='ocrx_word' id='word_1_88' title='bbox 1235 1175 1398 1232; x_wconf 89' lang='lat' dir='ltr'><strong>nulla</strong></span> <span class='ocrx_word' id='word_1_89' title='bbox 1428 1177 1505 1233; x_wconf 89' lang='lat' dir='ltr'><strong>sit</strong></span> <span class='ocrx_word' id='word_1_90' title='bbox 1522 1176 1583 1231; x_wconf 89' lang='lat' dir='ltr'><strong>in</strong></span> <span class='ocrx_word' id='word_1_91' title='bbox 1602 1180 1832 1233; x_wconf 89' lang='lat' dir='ltr'><strong>senten-</strong></span> 
     </span>
    </p>
   </div>
   <div class='ocr_carea' id='block_1_14' title="bbox 175 1259 1833 1337">
    <p class='ocr_par' dir='ltr' id='par_1_14' title="bbox 175 1259 1833 1337">
     <span class='ocr_line' id='line_1_14' title="bbox 175 1259 1833 1337; baseline -0.004 -14"><span class='ocrx_word' id='word_1_92' title='bbox 175 1266 395 1325; x_wconf 88' lang='lat' dir='ltr'><strong>tiarum</strong></span> <span class='ocrx_word' id='word_1_93' title='bbox 426 1262 766 1322; x_wconf 86' lang='lat' dir='ltr'><strong>diversitate</strong></span> <span class='ocrx_word' id='word_1_94' title='bbox 795 1259 1107 1321; x_wconf 78' lang='lat' dir='ltr'><strong>contentio.</strong></span> <span class='ocrx_word' id='word_1_95' title='bbox 1159 1264 1214 1319; x_wconf 85' lang='lat' dir='ltr'><strong>C.</strong></span> <span class='ocrx_word' id='word_1_96' title='bbox 1251 1265 1387 1337; x_wconf 87' lang='lat' dir='ltr'><strong>Ego,</strong></span> <span class='ocrx_word' id='word_1_97' title='bbox 1442 1263 1650 1331; x_wconf 85' lang='lat' dir='ltr'><strong>Attice,</strong></span> <span class='ocrx_word' id='word_1_98' title='bbox 1711 1264 1833 1319; x_wconf 85' lang='lat' dir='ltr'>dixi</span> 
     </span>
    </p>
   </div>
   <div class='ocr_carea' id='block_1_15' title="bbox 177 1351 1834 1427">
    <p class='ocr_par' dir='ltr' id='par_1_15' title="bbox 177 1351 1834 1427">
     <span class='ocr_line' id='line_1_15' title="bbox 177 1351 1834 1427; baseline -0.003 -14"><span class='ocrx_word' id='word_1_99' title='bbox 177 1352 477 1413; x_wconf 84' lang='lat' dir='ltr'><strong>hominem</strong></span> <span class='ocrx_word' id='word_1_100' title='bbox 509 1356 734 1426; x_wconf 83' lang='lat' dir='ltr'><strong>absque</strong></span> <span class='ocrx_word' id='word_1_101' title='bbox 763 1358 999 1427; x_wconf 90' lang='lat' dir='ltr'><strong>peccato</strong></span> <span class='ocrx_word' id='word_1_102' title='bbox 1012 1369 1184 1426; x_wconf 88' lang='lat' dir='ltr'><strong>posse</strong></span> <span class='ocrx_word' id='word_1_103' title='bbox 1204 1352 1422 1419; x_wconf 91' lang='lat' dir='ltr'><strong>esse,si</strong></span> <span class='ocrx_word' id='word_1_104' title='bbox 1453 1351 1610 1419; x_wconf 88' lang='lat' dir='ltr'><strong>velit,</strong></span> <span class='ocrx_word' id='word_1_105' title='bbox 1633 1369 1747 1407; x_wconf 89' lang='lat' dir='ltr'><strong>non</strong></span> <span class='ocrx_word' id='word_1_106' title='bbox 1767 1357 1834 1408; x_wconf 90' lang='lat' dir='ltr'><strong>ut</strong></span> 
     </span>
    </p>
   </div>
   <div class='ocr_carea' id='block_1_16' title="bbox 177 1441 1836 1518">
    <p class='ocr_par' dir='ltr' id='par_1_16' title="bbox 177 1441 1836 1518">
     <span class='ocr_line' id='line_1_16' title="bbox 177 1441 1836 1518; baseline -0.003 -17"><span class='ocrx_word' id='word_1_107' title='bbox 177 1444 421 1518; x_wconf 91' lang='lat' dir='ltr'><strong>quidam</strong></span> <span class='ocrx_word' id='word_1_108' title='bbox 452 1441 724 1501; x_wconf 76' lang='lat' dir='ltr'><strong>maledici</strong></span> <span class='ocrx_word' id='word_1_109' title='bbox 755 1441 1211 1509; x_wconf 82' lang='lat' dir='ltr'><strong>calumniantur,</strong></span> <span class='ocrx_word' id='word_1_110' title='bbox 1245 1441 1471 1512; x_wconf 88' lang='lat' dir='ltr'><strong>absque</strong></span> <span class='ocrx_word' id='word_1_111' title='bbox 1512 1441 1613 1496; x_wconf 90' lang='lat' dir='ltr'><strong>Dei</strong></span> <span class='ocrx_word' id='word_1_112' title='bbox 1648 1441 1836 1515; x_wconf 88' lang='lat' dir='ltr'><strong>gratia</strong></span> 
     </span>
    </p>
   </div>
   <div class='ocr_carea' id='block_1_17' title="bbox 183 1526 1835 1607">
    <p class='ocr_par' dir='ltr' id='par_1_17' title="bbox 183 1526 1835 1607">
     <span class='ocr_line' id='line_1_17' title="bbox 183 1526 1835 1607; baseline -0.004 -16"><span class='ocrx_word' id='word_1_113' title='bbox 183 1526 366 1607; x_wconf 80' lang='lat' dir='ltr'><strong>(quod</strong></span> <span class='ocrx_word' id='word_1_114' title='bbox 395 1533 570 1590; x_wconf 89' lang='lat' dir='ltr'><strong>etiam</strong></span> <span class='ocrx_word' id='word_1_115' title='bbox 604 1532 857 1605; x_wconf 90' lang='lat' dir='ltr'><strong>cogitare</strong></span> <span class='ocrx_word' id='word_1_116' title='bbox 890 1531 1262 1604; x_wconf 85' lang='lat' dir='ltr'><strong>sacrilegium</strong></span> <span class='ocrx_word' id='word_1_117' title='bbox 1296 1530 1429 1603; x_wconf 91' lang='lat' dir='ltr'><strong>est),</strong></span> <span class='ocrx_word' id='word_1_118' title='bbox 1471 1531 1572 1585; x_wconf 88' lang='lat' dir='ltr'><strong>sed</strong></span> <span class='ocrx_word' id='word_1_119' title='bbox 1606 1529 1835 1601; x_wconf 88' lang='lat' dir='ltr'><strong>simpli-</strong></span> 
     </span>
    </p>
   </div>
   <div class='ocr_carea' id='block_1_18' title="bbox 176 1618 1834 1696">
    <p class='ocr_par' dir='ltr' id='par_1_18' title="bbox 176 1618 1834 1696">
     <span class='ocr_line' id='line_1_18' title="bbox 176 1618 1834 1696; baseline -0.003 -17"><span class='ocrx_word' id='word_1_120' title='bbox 176 1625 325 1681; x_wconf 87' lang='lat' dir='ltr'><strong>citer</strong></span> <span class='ocrx_word' id='word_1_121' title='bbox 352 1638 540 1696; x_wconf 90' lang='lat' dir='ltr'><strong>posse,</strong></span> <span class='ocrx_word' id='word_1_122' title='bbox 556 1620 606 1677; x_wconf 91' lang='lat' dir='ltr'><strong>si</strong></span> <span class='ocrx_word' id='word_1_123' title='bbox 650 1619 810 1689; x_wconf 91' lang='lat' dir='ltr'><strong>velit,</strong></span> <span class='ocrx_word' id='word_1_124' title='bbox 833 1623 899 1676; x_wconf 91' lang='lat' dir='ltr'><strong>ut</strong></span> <span class='ocrx_word' id='word_1_125' title='bbox 928 1619 1323 1676; x_wconf 90' lang='lat' dir='ltr'><strong>subaudiatur</strong></span> <span class='ocrx_word' id='word_1_126' title='bbox 1351 1634 1483 1674; x_wconf 92' lang='lat' dir='ltr'><strong>cum</strong></span> <span class='ocrx_word' id='word_1_127' title='bbox 1503 1618 1604 1674; x_wconf 90' lang='lat' dir='ltr'><strong>Dei</strong></span> <span class='ocrx_word' id='word_1_128' title='bbox 1626 1618 1834 1692; x_wconf 87' lang='lat' dir='ltr'><strong>gratia.</strong></span> 
     </span>
    </p>
   </div>
   <div class='ocr_carea' id='block_1_19' title="bbox 176 1707 1840 1785">
    <p class='ocr_par' dir='ltr' id='par_1_19' title="bbox 176 1707 1840 1785">
     <span class='ocr_line' id='line_1_19' title="bbox 176 1707 1840 1785; baseline -0.004 -17"><span class='ocrx_word' id='word_1_129' title='bbox 176 1713 245 1768; x_wconf 83' lang='grc' dir='ltr'><strong>Α.</strong></span> <span class='ocrx_word' id='word_1_130' title='bbox 278 1711 426 1785; x_wconf 86' lang='lat' dir='ltr'><strong>Ergo</strong></span> <span class='ocrx_word' id='word_1_131' title='bbox 449 1712 506 1778; x_wconf 87' lang='lat' dir='ltr'><strong>et</strong></span> <span class='ocrx_word' id='word_1_132' title='bbox 536 1709 826 1766; x_wconf 89' lang='lat' dir='ltr'><strong>malorum</strong></span> <span class='ocrx_word' id='word_1_133' title='bbox 861 1708 921 1765; x_wconf 91' lang='lat' dir='ltr'><strong>in</strong></span> <span class='ocrx_word' id='word_1_134' title='bbox 948 1712 1004 1764; x_wconf 91' lang='lat' dir='ltr'><strong>te</strong></span> <span class='ocrx_word' id='word_1_135' title='bbox 1035 1724 1275 1780; x_wconf 90' lang='lat' dir='ltr'><strong>operum</strong></span> <span class='ocrx_word' id='word_1_136' title='bbox 1303 1712 1506 1763; x_wconf 83' lang='lat' dir='ltr'><strong>auctor</strong></span> <span class='ocrx_word' id='word_1_137' title='bbox 1524 1712 1612 1763; x_wconf 90' lang='lat' dir='ltr'><strong>est</strong></span> <span class='ocrx_word' id='word_1_138' title='bbox 1641 1707 1840 1764; x_wconf 86' lang='lat' dir='ltr'><strong>Deus?</strong></span> 
     </span>
    </p>
   </div>
   <div class='ocr_carea' id='block_1_20' title="bbox 184 1796 1914 1903">
    <p class='ocr_par' dir='ltr' id='par_1_20' title="bbox 184 1796 1914 1903">
     <span class='ocr_line' id='line_1_20' title="bbox 184 1796 1914 1903; baseline -0.003 -47"><span class='ocrx_word' id='word_1_139' title='bbox 184 1796 245 1856; x_wconf 63' lang='grc' dir='ltr'><strong>ομ</strong></span> <span class='ocrx_word' id='word_1_140' title='bbox 287 1798 673 1903; x_wconf 60' lang='lat' dir='ltr'><strong>Nequaquam</strong></span> <span class='ocrx_word' id='word_1_141' title='bbox 705 1797 788 1854; x_wconf 90' lang='lat' dir='ltr'><strong>ita</strong></span> <span class='ocrx_word' id='word_1_142' title='bbox 837 1800 904 1853; x_wconf 90' lang='lat' dir='ltr'><strong>ut</strong></span> <span class='ocrx_word' id='word_1_143' title='bbox 931 1801 1238 1903; x_wconf 38' lang='lat' dir='ltr'><strong>autumas;</strong></span> <span class='ocrx_word' id='word_1_144' title='bbox 1259 1797 1374 1853; x_wconf 88' lang='lat' dir='ltr'><strong>Sed</strong></span> <span class='ocrx_word' id='word_1_145' title='bbox 1400 1796 1449 1851; x_wconf 92' lang='lat' dir='ltr'><strong>si</strong></span> <span class='ocrx_word' id='word_1_146' title='bbox 1475 1796 1615 1868; x_wconf 91' lang='lat' dir='ltr'><strong>quid</strong></span> <span class='ocrx_word' id='word_1_147' title='bbox 1650 1796 1707 1903; x_wconf 73' lang='lat' dir='ltr'><strong>in</strong></span> <span class='ocrx_word' id='word_1_148' title='bbox 1744 1811 1835 1852; x_wconf 91' lang='lat' dir='ltr'><strong>me</strong></span> <span class='ocrx_word' id='word_1_149' title='bbox 1865 1839 1914 1903; x_wconf 78' lang='grc' dir='ltr'>Β</span> 
     </span>
    </p>
   </div>
   <div class='ocr_carea' id='block_1_21' title="bbox 177 1884 1829 1960">
    <p class='ocr_par' dir='ltr' id='par_1_21' title="bbox 177 1884 1829 1960">
     <span class='ocr_line' id='line_1_21' title="bbox 177 1884 1829 1960; baseline -0.002 -15"><span class='ocrx_word' id='word_1_150' title='bbox 177 1887 317 1946; x_wconf 89' lang='lat' dir='ltr'><strong>boni</strong></span> <span class='ocrx_word' id='word_1_151' title='bbox 349 1886 667 1946; x_wconf 89' lang='lat' dir='ltr'><strong>habeo.illo</strong></span> <span class='ocrx_word' id='word_1_152' title='bbox 698 1890 1047 1960; x_wconf 81' lang='lat' dir='ltr'><strong>suggerente</strong></span> <span class='ocrx_word' id='word_1_153' title='bbox 1063 1889 1121 1942; x_wconf 90' lang='lat' dir='ltr'><strong>et</strong></span> <span class='ocrx_word' id='word_1_154' title='bbox 1144 1886 1458 1957; x_wconf 85' lang='lat' dir='ltr'><strong>adjuvante</strong></span> <span class='ocrx_word' id='word_1_155' title='bbox 1480 1884 1829 1958; x_wconf 84' lang='lat' dir='ltr'><strong>completur.</strong></span> 
     </span>
    </p>
   </div>
   <div class='ocr_carea' id='block_1_22' title="bbox 178 1973 1834 2047">
    <p class='ocr_par' dir='ltr' id='par_1_22' title="bbox 178 1973 1834 2047">
     <span class='ocr_line' id='line_1_22' title="bbox 178 1973 1834 2047; baseline -0.004 -13"><span class='ocrx_word' id='word_1_156' title='bbox 178 1976 243 2034; x_wconf 68' lang='lat' dir='ltr'><strong>AL</strong></span> <span class='ocrx_word' id='word_1_157' title='bbox 277 1975 404 2035; x_wconf 88' lang='lat' dir='ltr'><strong>Non</strong></span> <span class='ocrx_word' id='word_1_158' title='bbox 437 1976 509 2032; x_wconf 91' lang='lat' dir='ltr'><strong>de</strong></span> <span class='ocrx_word' id='word_1_159' title='bbox 536 1979 748 2031; x_wconf 89' lang='lat' dir='ltr'><strong>natura</strong></span> <span class='ocrx_word' id='word_1_160' title='bbox 777 1991 995 2047; x_wconf 67' lang='lat' dir='ltr'><strong>quaero,</strong></span> <span class='ocrx_word' id='word_1_161' title='bbox 1030 1974 1132 2030; x_wconf 91' lang='lat' dir='ltr'><strong>sed</strong></span> <span class='ocrx_word' id='word_1_162' title='bbox 1190 1975 1261 2030; x_wconf 92' lang='lat' dir='ltr'><strong>de</strong></span> <span class='ocrx_word' id='word_1_163' title='bbox 1302 1977 1457 2029; x_wconf 91' lang='lat' dir='ltr'><strong>actu.</strong></span> <span class='ocrx_word' id='word_1_164' title='bbox 1504 1973 1645 2037; x_wconf 87' lang='lat' dir='ltr'>Quis</span> <span class='ocrx_word' id='word_1_165' title='bbox 1677 1974 1834 2029; x_wconf 88' lang='lat' dir='ltr'><strong>enim</strong></span> 
     </span>
    </p>
   </div>
   <div class='ocr_carea' id='block_1_23' title="bbox 179 2060 1834 2122">
    <p class='ocr_par' dir='ltr' id='par_1_23' title="bbox 179 2060 1834 2122">
     <span class='ocr_line' id='line_1_23' title="bbox 179 2060 1834 2122; baseline -0.003 0"><span class='ocrx_word' id='word_1_166' title='bbox 179 2063 411 2122; x_wconf 87' lang='lat' dir='ltr'><strong>dubitat</strong></span> <span class='ocrx_word' id='word_1_167' title='bbox 440 2068 618 2121; x_wconf 89' lang='lat' dir='ltr'><strong>Deum</strong></span> <span class='ocrx_word' id='word_1_168' title='bbox 651 2062 917 2119; x_wconf 92' lang='lat' dir='ltr'><strong>omnium</strong></span> <span class='ocrx_word' id='word_1_169' title='bbox 965 2062 1340 2118; x_wconf 85' lang='lat' dir='ltr'><strong>Creatorem?</strong></span> <span class='ocrx_word' id='word_1_170' title='bbox 1384 2061 1504 2117; x_wconf 90' lang='lat' dir='ltr'><strong>Hoc</strong></span> <span class='ocrx_word' id='word_1_171' title='bbox 1537 2060 1685 2116; x_wconf 90' lang='lat' dir='ltr'><strong>mihi</strong></span> <span class='ocrx_word' id='word_1_172' title='bbox 1714 2078 1834 2117; x_wconf 89' lang='lat' dir='ltr'><strong>res-</strong></span> 
     </span>
    </p>
   </div>
   <div class='ocr_carea' id='block_1_24' title="bbox 179 2149 1834 2228">
    <p class='ocr_par' dir='ltr' id='par_1_24' title="bbox 179 2149 1834 2228">
     <span class='ocr_line' id='line_1_24' title="bbox 179 2149 1834 2228; baseline -0.004 -18"><span class='ocrx_word' id='word_1_173' title='bbox 179 2153 442 2228; x_wconf 89' lang='lat' dir='ltr'><strong>pondeas</strong></span> <span class='ocrx_word' id='word_1_174' title='bbox 482 2149 696 2207; x_wconf 89' lang='lat' dir='ltr'><strong>velim:</strong></span> <span class='ocrx_word' id='word_1_175' title='bbox 744 2151 902 2223; x_wconf 91' lang='lat' dir='ltr'><strong>quod</strong></span> <span class='ocrx_word' id='word_1_176' title='bbox 946 2149 1073 2223; x_wconf 85' lang='lat' dir='ltr'>agis</span> <span class='ocrx_word' id='word_1_177' title='bbox 1115 2150 1360 2220; x_wconf 91' lang='lat' dir='ltr'><strong>bonum,</strong></span> <span class='ocrx_word' id='word_1_178' title='bbox 1401 2154 1570 2205; x_wconf 91' lang='lat' dir='ltr'><strong>tuum</strong></span> <span class='ocrx_word' id='word_1_179' title='bbox 1622 2152 1728 2208; x_wconf 84' lang='lat' dir='ltr'><strong>est.</strong></span> <span class='ocrx_word' id='word_1_180' title='bbox 1760 2166 1834 2205; x_wconf 91' lang='lat' dir='ltr'><strong>an</strong></span> 
     </span>
    </p>
   </div>
   <div class='ocr_carea' id='block_1_25' title="bbox 177 2236 1833 2311">
    <p class='ocr_par' dir='ltr' id='par_1_25' title="bbox 177 2236 1833 2311">
     <span class='ocr_line' id='line_1_25' title="bbox 177 2236 1833 2311; baseline -0.004 -12"><span class='ocrx_word' id='word_1_181' title='bbox 177 2241 322 2299; x_wconf 91' lang='lat' dir='ltr'><strong>Dei?</strong></span> <span class='ocrx_word' id='word_1_182' title='bbox 362 2239 419 2297; x_wconf 79' lang='grc' dir='ltr'><strong>Ο.</strong></span> <span class='ocrx_word' id='word_1_183' title='bbox 452 2240 646 2297; x_wconf 86' lang='lat' dir='ltr'><strong>Meum</strong></span> <span class='ocrx_word' id='word_1_184' title='bbox 674 2242 783 2309; x_wconf 89' lang='lat' dir='ltr'><strong>est,</strong></span> <span class='ocrx_word' id='word_1_185' title='bbox 815 2241 873 2295; x_wconf 91' lang='lat' dir='ltr'><strong>et</strong></span> <span class='ocrx_word' id='word_1_186' title='bbox 901 2237 1037 2306; x_wconf 91' lang='lat' dir='ltr'><strong>Dei;</strong></span> <span class='ocrx_word' id='word_1_187' title='bbox 1069 2241 1135 2293; x_wconf 91' lang='lat' dir='ltr'><strong>ut</strong></span> <span class='ocrx_word' id='word_1_188' title='bbox 1161 2254 1266 2311; x_wconf 90' lang='lat' dir='ltr'><strong>ego</strong></span> <span class='ocrx_word' id='word_1_189' title='bbox 1298 2254 1501 2310; x_wconf 89' lang='lat' dir='ltr'><strong>operer</strong></span> <span class='ocrx_word' id='word_1_190' title='bbox 1530 2241 1587 2294; x_wconf 91' lang='lat' dir='ltr'><strong>et</strong></span> <span class='ocrx_word' id='word_1_191' title='bbox 1608 2236 1705 2293; x_wconf 90' lang='lat' dir='ltr'><strong>ille</strong></span> <span class='ocrx_word' id='word_1_192' title='bbox 1733 2238 1833 2293; x_wconf 88' lang='lat' dir='ltr'><strong>ad-</strong></span> 
     </span>
    </p>
   </div>
   <div class='ocr_carea' id='block_1_26' title="bbox 170 2318 1832 2406">
    <p class='ocr_par' dir='ltr' id='par_1_26' title="bbox 170 2318 1832 2406">
     <span class='ocr_line' id='line_1_26' title="bbox 170 2318 1832 2406; baseline -0.005 -18"><span class='ocrx_word' id='word_1_193' title='bbox 170 2318 361 2406; x_wconf 83' lang='lat' dir='ltr'><strong>juvet.</strong></span> <span class='ocrx_word' id='word_1_194' title='bbox 401 2331 466 2386; x_wconf 84' lang='grc' dir='ltr'><strong>Α.</strong></span> <span class='ocrx_word' id='word_1_195' title='bbox 514 2329 586 2385; x_wconf 88' lang='lat' dir='ltr'><strong>Et</strong></span> <span class='ocrx_word' id='word_1_196' title='bbox 637 2327 930 2402; x_wconf 90' lang='lat' dir='ltr'><strong>quomodo</strong></span> <span class='ocrx_word' id='word_1_197' title='bbox 972 2326 1095 2383; x_wconf 81' lang='lat' dir='ltr'><strong>haec</strong></span> <span class='ocrx_word' id='word_1_198' title='bbox 1144 2327 1411 2382; x_wconf 90' lang='lat' dir='ltr'><strong>omnium</strong></span> <span class='ocrx_word' id='word_1_199' title='bbox 1469 2326 1666 2399; x_wconf 91' lang='lat' dir='ltr'><strong>opinio</strong></span> <span class='ocrx_word' id='word_1_200' title='bbox 1724 2330 1832 2394; x_wconf 91' lang='lat' dir='ltr'><strong>est,</strong></span> 
     </span>
    </p>
   </div>
   <div class='ocr_carea' id='block_1_27' title="bbox 181 2414 1835 2495">
    <p class='ocr_par' dir='ltr' id='par_1_27' title="bbox 181 2414 1835 2495">
     <span class='ocr_line' id='line_1_27' title="bbox 181 2414 1835 2495; baseline -0.004 -18"><span class='ocrx_word' id='word_1_201' title='bbox 181 2421 341 2495; x_wconf 87' lang='lat' dir='ltr'><strong>quod</strong></span> <span class='ocrx_word' id='word_1_202' title='bbox 395 2418 498 2476; x_wconf 89' lang='lat' dir='ltr'><strong>Dei</strong></span> <span class='ocrx_word' id='word_1_203' title='bbox 559 2419 787 2474; x_wconf 85' lang='lat' dir='ltr'><strong>auferas</strong></span> <span class='ocrx_word' id='word_1_204' title='bbox 842 2415 1115 2489; x_wconf 83' lang='lat' dir='ltr'><strong>gratiam,</strong></span> <span class='ocrx_word' id='word_1_205' title='bbox 1161 2419 1216 2471; x_wconf 86' lang='lat' dir='ltr'><strong>et</strong></span> <span class='ocrx_word' id='word_1_206' title='bbox 1243 2414 1529 2488; x_wconf 89' lang='lat' dir='ltr'><strong>quidquid</strong></span> <span class='ocrx_word' id='word_1_207' title='bbox 1562 2414 1835 2471; x_wconf 85' lang='lat' dir='ltr'><strong>homines</strong></span> 
     </span>
    </p>
   </div>
   <div class='ocr_carea' id='block_1_28' title="bbox 180 2502 1835 2586">
    <p class='ocr_par' dir='ltr' id='par_1_28' title="bbox 180 2502 1835 2586">
     <span class='ocr_line' id='line_1_28' title="bbox 180 2502 1835 2586; baseline -0.007 -18"><span class='ocrx_word' id='word_1_208' title='bbox 180 2510 436 2586; x_wconf 86' lang='lat' dir='ltr'><strong>agimus,</strong></span> <span class='ocrx_word' id='word_1_209' title='bbox 483 2508 730 2581; x_wconf 66' lang='lat' dir='ltr'><strong>propriae</strong></span> <span class='ocrx_word' id='word_1_210' title='bbox 788 2508 1022 2561; x_wconf 90' lang='lat' dir='ltr'><strong>tantum</strong></span> <span class='ocrx_word' id='word_1_211' title='bbox 1084 2520 1314 2561; x_wconf 85' lang='lat' dir='ltr'><strong>asseras</strong></span> <span class='ocrx_word' id='word_1_212' title='bbox 1378 2502 1756 2559; x_wconf 83' lang='lat' dir='ltr'><strong>voluntatis?</strong></span> <span class='ocrx_word' id='word_1_213' title='bbox 1798 2502 1835 2558; x_wconf 77' lang='grc' dir='ltr'><strong><em>ϐ</em></strong></span> 
     </span>
    </p>
   </div>
   <div class='ocr_carea' id='block_1_29' title="bbox 182 2591 1834 2668">
    <p class='ocr_par' dir='ltr' id='par_1_29' title="bbox 182 2591 1834 2668">
     <span class='ocr_line' id='line_1_29' title="bbox 182 2591 1834 2668; baseline -0.005 -12"><span class='ocrx_word' id='word_1_214' title='bbox 182 2596 385 2668; x_wconf 86' lang='lat' dir='ltr'><strong>Miror,</strong></span> <span class='ocrx_word' id='word_1_215' title='bbox 414 2596 621 2665; x_wconf 87' lang='lat' dir='ltr'><strong>Attice,</strong></span> <span class='ocrx_word' id='word_1_216' title='bbox 654 2612 760 2652; x_wconf 91' lang='lat' dir='ltr'><strong>cur</strong></span> <span class='ocrx_word' id='word_1_217' title='bbox 782 2593 999 2650; x_wconf 88' lang='lat' dir='ltr'><strong>erroris</strong></span> <span class='ocrx_word' id='word_1_218' title='bbox 1017 2592 1192 2649; x_wconf 90' lang='lat' dir='ltr'><strong>alieni</strong></span> <span class='ocrx_word' id='word_1_219' title='bbox 1223 2610 1256 2649; x_wconf 93' lang='lat' dir='ltr'><strong>a</strong></span> <span class='ocrx_word' id='word_1_220' title='bbox 1278 2610 1371 2649; x_wconf 90' lang='lat' dir='ltr'><strong>me</strong></span> <span class='ocrx_word' id='word_1_221' title='bbox 1392 2609 1630 2648; x_wconf 88' lang='lat' dir='ltr'><strong>causam</strong></span> <span class='ocrx_word' id='word_1_222' title='bbox 1655 2591 1834 2648; x_wconf 89' lang='lat' dir='ltr'><strong>ratio-</strong></span> 
     </span>
    </p>
   </div>
   <div class='ocr_carea' id='block_1_30' title="bbox 180 2680 1834 2760">
    <p class='ocr_par' dir='ltr' id='par_1_30' title="bbox 180 2680 1834 2760">
     <span class='ocr_line' id='line_1_30' title="bbox 180 2680 1834 2760; baseline -0.005 -15"><span class='ocrx_word' id='word_1_223' title='bbox 180 2684 441 2760; x_wconf 82' lang='lat' dir='ltr'><strong>nemque</strong></span> <span class='ocrx_word' id='word_1_224' title='bbox 472 2684 722 2757; x_wconf 81' lang='lat' dir='ltr'><strong>ﬂagitas,</strong></span> <span class='ocrx_word' id='word_1_225' title='bbox 754 2687 811 2739; x_wconf 85' lang='lat' dir='ltr'><strong>et</strong></span> <span class='ocrx_word' id='word_1_226' title='bbox 836 2682 892 2737; x_wconf 91' lang='lat' dir='ltr'>id</span> <span class='ocrx_word' id='word_1_227' title='bbox 928 2698 1158 2754; x_wconf 70' lang='lat' dir='ltr'><strong>quaeras</strong></span> <span class='ocrx_word' id='word_1_228' title='bbox 1199 2681 1355 2754; x_wconf 92' lang='lat' dir='ltr'><strong>quod</strong></span> <span class='ocrx_word' id='word_1_229' title='bbox 1398 2680 1681 2753; x_wconf 89' lang='lat' dir='ltr'><strong>scriptum</strong></span> <span class='ocrx_word' id='word_1_230' title='bbox 1718 2698 1834 2737; x_wconf 90' lang='lat' dir='ltr'><strong>non</strong></span> 
     </span>
    </p>
   </div>
   <div class='ocr_carea' id='block_1_31' title="bbox 179 2770 1837 2849">
    <p class='ocr_par' dir='ltr' id='par_1_31' title="bbox 179 2770 1837 2849">
     <span class='ocr_line' id='line_1_31' title="bbox 179 2770 1837 2849; baseline -0.007 -13"><span class='ocrx_word' id='word_1_231' title='bbox 179 2781 294 2845; x_wconf 88' lang='lat' dir='ltr'><strong>est,</strong></span> <span class='ocrx_word' id='word_1_232' title='bbox 313 2792 446 2833; x_wconf 88' lang='lat' dir='ltr'><strong>cum</strong></span> <span class='ocrx_word' id='word_1_233' title='bbox 461 2773 836 2849; x_wconf 90' lang='lat' dir='ltr'><strong>perspicuum</strong></span> <span class='ocrx_word' id='word_1_234' title='bbox 857 2772 934 2828; x_wconf 89' lang='lat' dir='ltr'><strong>sit</strong></span> <span class='ocrx_word' id='word_1_235' title='bbox 948 2772 1107 2842; x_wconf 91' lang='lat' dir='ltr'><strong>quod</strong></span> <span class='ocrx_word' id='word_1_236' title='bbox 1131 2770 1486 2843; x_wconf 87' lang='lat' dir='ltr'><strong>scripserim.</strong></span> <span class='ocrx_word' id='word_1_237' title='bbox 1505 2770 1633 2826; x_wconf 81' lang='lat' dir='ltr'><strong>Dixi</strong></span> <span class='ocrx_word' id='word_1_238' title='bbox 1651 2770 1837 2826; x_wconf 90' lang='lat' dir='ltr'><strong>homi-</strong></span> 
     </span>
    </p>
   </div>
   <div class='ocr_carea' id='block_1_32' title="bbox 181 2858 1835 2937">
    <p class='ocr_par' dir='ltr' id='par_1_32' title="bbox 181 2858 1835 2937">
     <span class='ocr_line' id='line_1_32' title="bbox 181 2858 1835 2937; baseline -0.006 -14"><span class='ocrx_word' id='word_1_239' title='bbox 181 2858 318 2923; x_wconf 74' lang='lat' dir='ltr'><strong>nem</strong></span> <span class='ocrx_word' id='word_1_240' title='bbox 350 2864 477 2920; x_wconf 88' lang='lat' dir='ltr'><strong>sine</strong></span> <span class='ocrx_word' id='word_1_241' title='bbox 518 2866 754 2937; x_wconf 89' lang='lat' dir='ltr'><strong>peccato</strong></span> <span class='ocrx_word' id='word_1_242' title='bbox 805 2876 934 2916; x_wconf 88' lang='lat' dir='ltr'><strong>esse</strong></span> <span class='ocrx_word' id='word_1_243' title='bbox 991 2877 1186 2933; x_wconf 90' lang='lat' dir='ltr'><strong>posse,</strong></span> <span class='ocrx_word' id='word_1_244' title='bbox 1250 2860 1299 2916; x_wconf 90' lang='lat' dir='ltr'>si</span> <span class='ocrx_word' id='word_1_245' title='bbox 1356 2859 1514 2915; x_wconf 88' lang='lat' dir='ltr'><strong>velit.</strong></span> <span class='ocrx_word' id='word_1_246' title='bbox 1555 2858 1835 2931; x_wconf 86' lang='lat' dir='ltr'><strong>Nunquid</strong></span> 
     </span>
    </p>
   </div>
   <div class='ocr_carea' id='block_1_33' title="bbox 183 2948 1836 3024">
    <p class='ocr_par' dir='ltr' id='par_1_33' title="bbox 183 2948 1836 3024">
     <span class='ocr_line' id='line_1_33' title="bbox 183 2948 1836 3024; baseline -0.005 -13"><span class='ocrx_word' id='word_1_247' title='bbox 183 2952 405 3021; x_wconf 88' lang='lat' dir='ltr'><strong>addidi,</strong></span> <span class='ocrx_word' id='word_1_248' title='bbox 438 2950 659 3023; x_wconf 84' lang='lat' dir='ltr'><strong>absque</strong></span> <span class='ocrx_word' id='word_1_249' title='bbox 687 2949 790 3007; x_wconf 91' lang='lat' dir='ltr'><strong>Dei</strong></span> <span class='ocrx_word' id='word_1_250' title='bbox 821 2949 1010 3024; x_wconf 90' lang='lat' dir='ltr'><strong>gratia</strong></span> <span class='ocrx_word' id='word_1_251' title='bbox 1030 2949 1061 3003; x_wconf 88' lang='lat'><strong>?</strong></span> <span class='ocrx_word' id='word_1_252' title='bbox 1098 2950 1159 3004; x_wconf 81' lang='grc' dir='ltr'><strong>Α.</strong></span> <span class='ocrx_word' id='word_1_253' title='bbox 1190 2949 1301 3005; x_wconf 91' lang='lat' dir='ltr'><strong>Sed</strong></span> <span class='ocrx_word' id='word_1_254' title='bbox 1335 2964 1405 3005; x_wconf 82' lang='lat' dir='ltr'><strong>ex</strong></span> <span class='ocrx_word' id='word_1_255' title='bbox 1433 2964 1499 3004; x_wconf 92' lang='lat' dir='ltr'><strong>eo</strong></span> <span class='ocrx_word' id='word_1_256' title='bbox 1530 2948 1685 3020; x_wconf 91' lang='lat' dir='ltr'><strong>quod</strong></span> <span class='ocrx_word' id='word_1_257' title='bbox 1720 2964 1836 3004; x_wconf 93' lang='lat' dir='ltr'><strong>non</strong></span> 
     </span>
    </p>
   </div>
   <div class='ocr_carea' id='block_1_34' title="bbox 181 3036 1834 3113">
    <p class='ocr_par' dir='ltr' id='par_1_34' title="bbox 181 3036 1834 3113">
     <span class='ocr_line' id='line_1_34' title="bbox 181 3036 1834 3113; baseline -0.006 -12"><span class='ocrx_word' id='word_1_258' title='bbox 181 3042 486 3113; x_wconf 87' lang='lat' dir='ltr'><strong>addidisti,</strong></span> <span class='ocrx_word' id='word_1_259' title='bbox 517 3040 730 3096; x_wconf 90' lang='lat' dir='ltr'><strong>videris</strong></span> <span class='ocrx_word' id='word_1_260' title='bbox 775 3055 1005 3113; x_wconf 87' lang='lat' dir='ltr'><strong>negare.</strong></span> <span class='ocrx_word' id='word_1_261' title='bbox 1042 3038 1102 3094; x_wconf 73' lang='grc' dir='ltr'><strong>(Ι.</strong></span> <span class='ocrx_word' id='word_1_262' title='bbox 1154 3039 1274 3093; x_wconf 90' lang='lat' dir='ltr'><strong>Imo</strong></span> <span class='ocrx_word' id='word_1_263' title='bbox 1306 3054 1376 3092; x_wconf 85' lang='lat' dir='ltr'><strong>ex</strong></span> <span class='ocrx_word' id='word_1_264' title='bbox 1415 3055 1480 3093; x_wconf 91' lang='lat' dir='ltr'><strong>eo</strong></span> <span class='ocrx_word' id='word_1_265' title='bbox 1530 3036 1687 3109; x_wconf 91' lang='lat' dir='ltr'><strong>quod</strong></span> <span class='ocrx_word' id='word_1_266' title='bbox 1719 3053 1834 3091; x_wconf 90' lang='lat' dir='ltr'><strong>non</strong></span> 
     </span>
    </p>
   </div>
   <div class='ocr_carea' id='block_1_35' title="bbox 180 3123 1835 3207">
    <p class='ocr_par' dir='ltr' id='par_1_35' title="bbox 180 3123 1835 3207">
     <span class='ocr_line' id='line_1_35' title="bbox 180 3123 1835 3207; baseline -0.008 -16"><span class='ocrx_word' id='word_1_267' title='bbox 180 3130 411 3207; x_wconf 72' lang='lat' dir='ltr'><strong>negavi,</strong></span> <span class='ocrx_word' id='word_1_268' title='bbox 434 3130 650 3186; x_wconf 84' lang='lat' dir='ltr'><strong>dixisse</strong></span> <span class='ocrx_word' id='word_1_269' title='bbox 673 3127 1100 3186; x_wconf 80' lang='lat' dir='ltr'><strong>existimandus</strong></span> <span class='ocrx_word' id='word_1_270' title='bbox 1121 3143 1274 3183; x_wconf 91' lang='lat' dir='ltr'><strong>sum.</strong></span> <span class='ocrx_word' id='word_1_271' title='bbox 1291 3126 1445 3182; x_wconf 73' lang='lat'><strong>698</strong></span> <span class='ocrx_word' id='word_1_272' title='bbox 1467 3126 1665 3198; x_wconf 89' lang='lat' dir='ltr'><strong>Neque</strong></span> <span class='ocrx_word' id='word_1_273' title='bbox 1679 3123 1835 3180; x_wconf 90' lang='lat' dir='ltr'><strong>enim</strong></span> 
     </span>
    </p>
   </div>
   <div class='ocr_carea' id='block_1_36' title="bbox 1938 555 3588 632">
    <p class='ocr_par' dir='ltr' id='par_1_36' title="bbox 1938 555 3588 632">
     <span class='ocr_line' id='line_1_36' title="bbox 1938 555 3588 632; baseline 0.004 -24"><span class='ocrx_word' id='word_1_274' title='bbox 1938 555 2264 617; x_wconf 88' lang='lat' dir='ltr'><strong>tumas,sed</strong></span> <span class='ocrx_word' id='word_1_275' title='bbox 2298 574 2333 610; x_wconf 89' lang='lat' dir='ltr'><strong>a</strong></span> <span class='ocrx_word' id='word_1_276' title='bbox 2363 573 2456 612; x_wconf 90' lang='lat' dir='ltr'><strong>me</strong></span> <span class='ocrx_word' id='word_1_277' title='bbox 2472 562 2791 629; x_wconf 89' lang='lat' dir='ltr'><strong>utrumque</strong></span> <span class='ocrx_word' id='word_1_278' title='bbox 2825 558 3057 625; x_wconf 89' lang='lat' dir='ltr'><strong>dicitur,</strong></span> <span class='ocrx_word' id='word_1_279' title='bbox 3079 562 3145 613; x_wconf 84' lang='lat' dir='ltr'><strong>ut</strong></span> <span class='ocrx_word' id='word_1_280' title='bbox 3173 562 3230 614; x_wconf 91' lang='lat' dir='ltr'><strong>et</strong></span> <span class='ocrx_word' id='word_1_281' title='bbox 3257 558 3361 615; x_wconf 85' lang='lat' dir='ltr'><strong>Dei</strong></span> <span class='ocrx_word' id='word_1_282' title='bbox 3390 560 3588 632; x_wconf 68' lang='lat' dir='ltr'><strong>gratiae</strong></span> 
     </span>
    </p>
   </div>
   <div class='ocr_carea' id='block_1_37' title="bbox 1932 644 3591 721">
    <p class='ocr_par' dir='ltr' id='par_1_37' title="bbox 1932 644 3591 721">
     <span class='ocr_line' id='line_1_37' title="bbox 1932 644 3591 721; baseline 0.004 -24"><span class='ocrx_word' id='word_1_283' title='bbox 1932 644 2027 708; x_wconf 88' lang='lat' dir='ltr'><strong>sit,</strong></span> <span class='ocrx_word' id='word_1_284' title='bbox 2062 645 2217 715; x_wconf 91' lang='lat' dir='ltr'><strong>quod</strong></span> <span class='ocrx_word' id='word_1_285' title='bbox 2244 644 2390 700; x_wconf 88' lang='lat' dir='ltr'><strong>tales</strong></span> <span class='ocrx_word' id='word_1_286' title='bbox 2422 644 2641 701; x_wconf 89' lang='lat' dir='ltr'><strong>conditi</strong></span> <span class='ocrx_word' id='word_1_287' title='bbox 2673 663 2903 712; x_wconf 89' lang='lat' dir='ltr'><strong>sumus,</strong></span> <span class='ocrx_word' id='word_1_288' title='bbox 2928 652 2984 702; x_wconf 94' lang='lat' dir='ltr'><strong>et</strong></span> <span class='ocrx_word' id='word_1_289' title='bbox 3013 663 3115 718; x_wconf 90' lang='lat' dir='ltr'><strong>per</strong></span> <span class='ocrx_word' id='word_1_290' title='bbox 3144 647 3384 721; x_wconf 88' lang='lat' dir='ltr'><strong>singula</strong></span> <span class='ocrx_word' id='word_1_291' title='bbox 3411 664 3591 719; x_wconf 89' lang='lat' dir='ltr'><strong>opera</strong></span> 
     </span>
    </p>
   </div>
   <div class='ocr_carea' id='block_1_38' title="bbox 1931 728 3592 808">
    <p class='ocr_par' dir='ltr' id='par_1_38' title="bbox 1931 728 3592 808">
     <span class='ocr_line' id='line_1_38' title="bbox 1931 728 3592 808; baseline 0.004 -24"><span class='ocrx_word' id='word_1_292' title='bbox 1931 728 2090 786; x_wconf 89' lang='lat' dir='ltr'><strong>illius</strong></span> <span class='ocrx_word' id='word_1_293' title='bbox 2122 731 2476 788; x_wconf 89' lang='lat' dir='ltr'><strong>adminiculo</strong></span> <span class='ocrx_word' id='word_1_294' title='bbox 2526 732 2859 791; x_wconf 89' lang='lat' dir='ltr'><strong>fulciamur.</strong></span> <span class='ocrx_word' id='word_1_295' title='bbox 2892 736 2954 790; x_wconf 90' lang='lat' dir='ltr'><strong>A.</strong></span> <span class='ocrx_word' id='word_1_296' title='bbox 2979 734 3218 791; x_wconf 88' lang='lat' dir='ltr'><strong>Constat</strong></span> <span class='ocrx_word' id='word_1_297' title='bbox 3247 751 3383 808; x_wconf 88' lang='lat' dir='ltr'><strong>ergo</strong></span> <span class='ocrx_word' id='word_1_298' title='bbox 3436 736 3592 791; x_wconf 89' lang='lat' dir='ltr'><strong>inter</strong></span> 
     </span>
    </p>
   </div>
   <div class='ocr_carea' id='block_1_39' title="bbox 1934 820 3583 896">
    <p class='ocr_par' dir='ltr' id='par_1_39' title="bbox 1934 820 3583 896">
     <span class='ocr_line' id='line_1_39' title="bbox 1934 820 3583 896; baseline 0.002 -20"><span class='ocrx_word' id='word_1_299' title='bbox 1934 838 2061 889; x_wconf 92' lang='lat' dir='ltr'><strong>nos,</strong></span> <span class='ocrx_word' id='word_1_300' title='bbox 2096 820 2153 874; x_wconf 89' lang='lat' dir='ltr'><strong>in</strong></span> <span class='ocrx_word' id='word_1_301' title='bbox 2187 820 2357 877; x_wconf 91' lang='lat' dir='ltr'><strong>bonis</strong></span> <span class='ocrx_word' id='word_1_302' title='bbox 2389 821 2665 894; x_wconf 90' lang='lat' dir='ltr'><strong>operibus</strong></span> <span class='ocrx_word' id='word_1_303' title='bbox 2710 826 2842 894; x_wconf 82' lang='lat' dir='ltr'><strong>post</strong></span> <span class='ocrx_word' id='word_1_304' title='bbox 2872 824 3167 896; x_wconf 88' lang='lat' dir='ltr'><strong>propriam</strong></span> <span class='ocrx_word' id='word_1_305' title='bbox 3193 822 3583 894; x_wconf 88' lang='lat' dir='ltr'><strong>voluntatem,</strong></span> 
     </span>
    </p>
   </div>
   <div class='ocr_carea' id='block_1_40' title="bbox 1938 909 3594 980">
    <p class='ocr_par' dir='ltr' id='par_1_40' title="bbox 1938 909 3594 980">
     <span class='ocr_line' id='line_1_40' title="bbox 1938 909 3594 980; baseline 0.001 -14"><span class='ocrx_word' id='word_1_306' title='bbox 1938 911 2035 967; x_wconf 89' lang='lat' dir='ltr'><strong>Dei</strong></span> <span class='ocrx_word' id='word_1_307' title='bbox 2066 927 2173 965; x_wconf 90' lang='lat' dir='ltr'><strong>nos</strong></span> <span class='ocrx_word' id='word_1_308' title='bbox 2206 909 2313 965; x_wconf 88' lang='lat' dir='ltr'><strong>niti</strong></span> <span class='ocrx_word' id='word_1_309' title='bbox 2335 910 2569 979; x_wconf 88' lang='lat' dir='ltr'><strong>auxilio,</strong></span> <span class='ocrx_word' id='word_1_310' title='bbox 2592 910 2651 966; x_wconf 89' lang='lat' dir='ltr'><strong>in</strong></span> <span class='ocrx_word' id='word_1_311' title='bbox 2686 911 2856 968; x_wconf 91' lang='lat' dir='ltr'><strong>malis</strong></span> <span class='ocrx_word' id='word_1_312' title='bbox 2887 913 3124 968; x_wconf 88' lang='lat' dir='ltr'><strong>diaboli.</strong></span> <span class='ocrx_word' id='word_1_313' title='bbox 3160 912 3217 968; x_wconf 79' lang='grc' dir='ltr'><strong>Ο.</strong></span> <span class='ocrx_word' id='word_1_314' title='bbox 3251 913 3510 980; x_wconf 87' lang='lat' dir='ltr'><strong>Constat,</strong></span> <span class='ocrx_word' id='word_1_315' title='bbox 3535 916 3594 968; x_wconf 90' lang='lat' dir='ltr'><strong>et</strong></span> 
     </span>
    </p>
   </div>
   <div class='ocr_carea' id='block_1_41' title="bbox 1936 998 3590 1074">
    <p class='ocr_par' dir='ltr' id='par_1_41' title="bbox 1936 998 3590 1074">
     <span class='ocr_line' id='line_1_41' title="bbox 1936 998 3590 1074; baseline 0.001 -18"><span class='ocrx_word' id='word_1_316' title='bbox 1936 1016 2115 1072; x_wconf 90' lang='lat' dir='ltr'><strong>super</strong></span> <span class='ocrx_word' id='word_1_317' title='bbox 2134 998 2244 1055; x_wconf 90' lang='lat' dir='ltr'><strong>hoc</strong></span> <span class='ocrx_word' id='word_1_318' title='bbox 2268 998 2431 1055; x_wconf 90' lang='lat' dir='ltr'><strong>nulla</strong></span> <span class='ocrx_word' id='word_1_319' title='bbox 2452 999 2744 1056; x_wconf 84' lang='lat' dir='ltr'><strong>contentio</strong></span> <span class='ocrx_word' id='word_1_320' title='bbox 2775 1003 2950 1057; x_wconf 87' lang='lat' dir='ltr'><strong>cst.A.</strong></span> <span class='ocrx_word' id='word_1_321' title='bbox 2975 1000 3121 1057; x_wconf 88' lang='lat' dir='ltr'><strong>Male</strong></span> <span class='ocrx_word' id='word_1_322' title='bbox 3150 1017 3285 1074; x_wconf 88' lang='lat' dir='ltr'><strong>ergo</strong></span> <span class='ocrx_word' id='word_1_323' title='bbox 3308 1000 3590 1068; x_wconf 89' lang='lat' dir='ltr'><strong>sentiunt,</strong></span> 
     </span>
    </p>
   </div>
   <div class='ocr_carea' id='block_1_42' title="bbox 1938 1086 3590 1163">
    <p class='ocr_par' dir='ltr' id='par_1_42' title="bbox 1938 1086 3590 1163">
     <span class='ocr_line' id='line_1_42' title="bbox 1938 1086 3590 1163; baseline 0.003 -22"><span class='ocrx_word' id='word_1_324' title='bbox 1938 1088 2039 1160; x_wconf 91' lang='lat' dir='ltr'><strong>qui</strong></span> <span class='ocrx_word' id='word_1_325' title='bbox 2071 1104 2174 1159; x_wconf 90' lang='lat' dir='ltr'><strong>per</strong></span> <span class='ocrx_word' id='word_1_326' title='bbox 2197 1086 2461 1159; x_wconf 89' lang='lat' dir='ltr'><strong>singulas</strong></span> <span class='ocrx_word' id='word_1_327' title='bbox 2484 1104 2576 1143; x_wconf 90' lang='lat' dir='ltr'><strong>res</strong></span> <span class='ocrx_word' id='word_1_328' title='bbox 2598 1105 2744 1160; x_wconf 90' lang='lat' dir='ltr'><strong>quas</strong></span> <span class='ocrx_word' id='word_1_329' title='bbox 2771 1090 3025 1163; x_wconf 87' lang='lat' dir='ltr'><strong>agimus,</strong></span> <span class='ocrx_word' id='word_1_330' title='bbox 3057 1089 3156 1145; x_wconf 91' lang='lat' dir='ltr'><strong>Dei</strong></span> <span class='ocrx_word' id='word_1_331' title='bbox 3190 1089 3464 1145; x_wconf 88' lang='lat' dir='ltr'><strong>auferunt</strong></span> <span class='ocrx_word' id='word_1_332' title='bbox 3493 1090 3590 1146; x_wconf 83' lang='lat' dir='ltr'><strong>ad~</strong></span> 
     </span>
    </p>
   </div>
   <div class='ocr_carea' id='block_1_43' title="bbox 1931 1175 3589 1249">
    <p class='ocr_par' dir='ltr' id='par_1_43' title="bbox 1931 1175 3589 1249">
     <span class='ocr_line' id='line_1_43' title="bbox 1931 1175 3589 1249; baseline 0.001 -18"><span class='ocrx_word' id='word_1_333' title='bbox 1931 1176 2243 1247; x_wconf 90' lang='lat' dir='ltr'><strong>jutorium,</strong></span> <span class='ocrx_word' id='word_1_334' title='bbox 2304 1179 2361 1230; x_wconf 92' lang='lat' dir='ltr'><strong>et</strong></span> <span class='ocrx_word' id='word_1_335' title='bbox 2415 1175 2561 1231; x_wconf 92' lang='lat' dir='ltr'><strong>illud</strong></span> <span class='ocrx_word' id='word_1_336' title='bbox 2622 1179 2780 1249; x_wconf 88' lang='lat' dir='ltr'><strong>quod</strong></span> <span class='ocrx_word' id='word_1_337' title='bbox 2837 1177 3151 1234; x_wconf 88' lang='lat' dir='ltr'><strong>Psalmista</strong></span> <span class='ocrx_word' id='word_1_338' title='bbox 3180 1178 3373 1234; x_wconf 89' lang='lat' dir='ltr'><strong>canit:</strong></span> <span class='ocrx_word' id='word_1_339' title='bbox 3407 1178 3589 1234; x_wconf 84' lang='lat' dir='ltr'><strong>«Nisi</strong></span> 
     </span>
    </p>
   </div>
   <div class='ocr_carea' id='block_1_44' title="bbox 1941 1263 3593 1333">
    <p class='ocr_par' dir='ltr' id='par_1_44' title="bbox 1941 1263 3593 1333">
     <span class='ocr_line' id='line_1_44' title="bbox 1941 1263 3593 1333; baseline 0.001 -13"><span class='ocrx_word' id='word_1_340' title='bbox 1941 1263 2227 1320; x_wconf 91' lang='lat' dir='ltr'><strong>Dominus</strong></span> <span class='ocrx_word' id='word_1_341' title='bbox 2258 1264 2626 1320; x_wconf 61' lang='lat' dir='ltr'><strong>aediﬁcaverit</strong></span> <span class='ocrx_word' id='word_1_342' title='bbox 2682 1266 2947 1333; x_wconf 91' lang='lat' dir='ltr'><strong>domum,</strong></span> <span class='ocrx_word' id='word_1_343' title='bbox 2980 1267 3041 1321; x_wconf 92' lang='lat' dir='ltr'><strong>in</strong></span> <span class='ocrx_word' id='word_1_344' title='bbox 3073 1283 3289 1323; x_wconf 88' lang='lat' dir='ltr'><strong>vanum</strong></span> <span class='ocrx_word' id='word_1_345' title='bbox 3322 1266 3593 1323; x_wconf 87' lang='lat' dir='ltr'><strong>laborant</strong></span> 
     </span>
    </p>
   </div>
   <div class='ocr_carea' id='block_1_45' title="bbox 1942 1352 3594 1425">
    <p class='ocr_par' dir='ltr' id='par_1_45' title="bbox 1942 1352 3594 1425">
     <span class='ocr_line' id='line_1_45' title="bbox 1942 1352 3594 1425; baseline 0.001 -18"><span class='ocrx_word' id='word_1_346' title='bbox 1942 1353 2044 1425; x_wconf 90' lang='lat' dir='ltr'><strong>qui</strong></span> <span class='ocrx_word' id='word_1_347' title='bbox 2074 1352 2363 1407; x_wconf 71' lang='lat' dir='ltr'><strong>aedificant</strong></span> <span class='ocrx_word' id='word_1_348' title='bbox 2383 1369 2532 1408; x_wconf 92' lang='lat' dir='ltr'><strong>eam.</strong></span> <span class='ocrx_word' id='word_1_349' title='bbox 2567 1354 2719 1409; x_wconf 73' lang='lat'><strong>699</strong></span> <span class='ocrx_word' id='word_1_350' title='bbox 2750 1353 2875 1409; x_wconf 89' lang='lat' dir='ltr'><strong>Nisi</strong></span> <span class='ocrx_word' id='word_1_351' title='bbox 2934 1354 3221 1411; x_wconf 89' lang='lat' dir='ltr'><strong>Dominus</strong></span> <span class='ocrx_word' id='word_1_352' title='bbox 3251 1354 3594 1411; x_wconf 86' lang='lat' dir='ltr'><strong>custodierit</strong></span> 
     </span>
    </p>
   </div>
   <div class='ocr_carea' id='block_1_46' title="bbox 1943 1441 3590 1515">
    <p class='ocr_par' dir='ltr' id='par_1_46' title="bbox 1943 1441 3590 1515">
     <span class='ocr_line' id='line_1_46' title="bbox 1943 1441 3590 1515; baseline 0.001 -18"><span class='ocrx_word' id='word_1_353' title='bbox 1943 1441 2256 1510; x_wconf 88' lang='lat' dir='ltr'><strong>civitatem,</strong></span> <span class='ocrx_word' id='word_1_354' title='bbox 2315 1442 2532 1497; x_wconf 81' lang='lat' dir='ltr'><strong>frustra</strong></span> <span class='ocrx_word' id='word_1_355' title='bbox 2592 1441 2795 1515; x_wconf 88' lang='lat' dir='ltr'><strong>vigilat</strong></span> <span class='ocrx_word' id='word_1_356' title='bbox 2844 1442 2944 1515; x_wconf 92' lang='lat' dir='ltr'><strong>qui</strong></span> <span class='ocrx_word' id='word_1_357' title='bbox 2975 1442 3230 1498; x_wconf 88' lang='lat' dir='ltr'><strong>custodit</strong></span> <span class='ocrx_word' id='word_1_358' title='bbox 3254 1459 3383 1499; x_wconf 87' lang='lat' dir='ltr'><strong>eam</strong></span> <span class='ocrx_word' id='word_1_359' title='bbox 3414 1443 3590 1515; x_wconf 80' lang='lat' dir='ltr'><strong>(Psal,</strong></span> 
     </span>
    </p>
   </div>
   <div class='ocr_carea' id='block_1_47' title="bbox 1945 1530 3593 1603">
    <p class='ocr_par' dir='ltr' id='par_1_47' title="bbox 1945 1530 3593 1603">
     <span class='ocr_line' id='line_1_47' title="bbox 1945 1530 3593 1603; baseline 0.002 -19"><span class='ocrx_word' id='word_1_360' title='bbox 1945 1547 2131 1597; x_wconf 78' lang='lat' dir='ltr'><strong>CXXVI,</strong></span> <span class='ocrx_word' id='word_1_361' title='bbox 2168 1532 2220 1599; x_wconf 86' lang='grc'><strong>1)</strong></span> <span class='ocrx_word' id='word_1_362' title='bbox 2248 1548 2260 1598; x_wconf 89' lang='grc'>;</span> <span class='ocrx_word' id='word_1_363' title='bbox 2291 1551 2318 1579; x_wconf 86' lang='grc'><strong>››</strong></span> <span class='ocrx_word' id='word_1_364' title='bbox 2363 1534 2421 1585; x_wconf 90' lang='lat' dir='ltr'><strong>et</strong></span> <span class='ocrx_word' id='word_1_365' title='bbox 2479 1535 2686 1586; x_wconf 65' lang='lat' dir='ltr'><strong>caetera</strong></span> <span class='ocrx_word' id='word_1_366' title='bbox 2736 1530 3166 1602; x_wconf 90' lang='lat' dir='ltr'><strong>hujuscemodi,</strong></span> <span class='ocrx_word' id='word_1_367' title='bbox 3200 1532 3487 1603; x_wconf 89' lang='lat' dir='ltr'><strong>perversis</strong></span> <span class='ocrx_word' id='word_1_368' title='bbox 3507 1532 3593 1587; x_wconf 90' lang='lat' dir='ltr'><strong>in-</strong></span> 
     </span>
    </p>
   </div>
   <div class='ocr_carea' id='block_1_48' title="bbox 1945 1619 3590 1691">
    <p class='ocr_par' dir='ltr' id='par_1_48' title="bbox 1945 1619 3590 1691">
     <span class='ocr_line' id='line_1_48' title="bbox 1945 1619 3590 1691; baseline 0.002 -17"><span class='ocrx_word' id='word_1_369' title='bbox 1945 1619 2480 1691; x_wconf 88' lang='lat' dir='ltr'><strong>terpretationibus,</strong></span> <span class='ocrx_word' id='word_1_370' title='bbox 2515 1619 2634 1675; x_wconf 89' lang='lat' dir='ltr'><strong>imo</strong></span> <span class='ocrx_word' id='word_1_371' title='bbox 2665 1620 2787 1675; x_wconf 90' lang='lat' dir='ltr'><strong>risu</strong></span> <span class='ocrx_word' id='word_1_372' title='bbox 2819 1619 3036 1689; x_wconf 78' lang='lat' dir='ltr'><strong>dignis,</strong></span> <span class='ocrx_word' id='word_1_373' title='bbox 3089 1621 3161 1676; x_wconf 91' lang='lat' dir='ltr'><strong>ad</strong></span> <span class='ocrx_word' id='word_1_374' title='bbox 3212 1619 3356 1677; x_wconf 91' lang='lat' dir='ltr'><strong>alios</strong></span> <span class='ocrx_word' id='word_1_375' title='bbox 3378 1637 3590 1677; x_wconf 89' lang='lat' dir='ltr'><strong>sensus</strong></span> 
     </span>
    </p>
   </div>
   <div class='ocr_carea' id='block_1_49' title="bbox 1949 1708 3467 1780">
    <p class='ocr_par' dir='ltr' id='par_1_49' title="bbox 1949 1708 3467 1780">
     <span class='ocr_line' id='line_1_49' title="bbox 1949 1708 3467 1780; baseline -0.002 -16"><span class='ocrx_word' id='word_1_376' title='bbox 1949 1709 2292 1780; x_wconf 89' lang='lat' dir='ltr'><strong>detorquere</strong></span> <span class='ocrx_word' id='word_1_377' title='bbox 2324 1708 2614 1764; x_wconf 90' lang='lat' dir='ltr'><strong>nituntur.</strong></span> <span class='ocrx_word' id='word_1_378' title='bbox 3461 1755 3467 1761; x_wconf 95' lang='lat'><strong>.</strong></span> 
     </span>
    </p>
   </div>
   <div class='ocr_carea' id='block_1_50' title="bbox 2020 1798 3590 1871">
    <p class='ocr_par' dir='ltr' id='par_1_50' title="bbox 2020 1798 3590 1871">
     <span class='ocr_line' id='line_1_50' title="bbox 2020 1798 3590 1871; baseline 0.002 -19"><span class='ocrx_word' id='word_1_379' title='bbox 2020 1798 2073 1853; x_wconf 88' lang='lat'><strong>3.</strong></span> <span class='ocrx_word' id='word_1_380' title='bbox 2107 1798 2171 1852; x_wconf 88' lang='lat' dir='ltr'><strong>In</strong></span> <span class='ocrx_word' id='word_1_381' title='bbox 2186 1798 2428 1870; x_wconf 75' lang='lat' dir='ltr'><strong>singulis</strong></span> <span class='ocrx_word' id='word_1_382' title='bbox 2486 1800 2646 1853; x_wconf 78' lang='lat' dir='ltr'><strong>rebus</strong></span> <span class='ocrx_word' id='word_1_383' title='bbox 2676 1800 2777 1853; x_wconf 87' lang='lat' dir='ltr'><strong>Dei</strong></span> <span class='ocrx_word' id='word_1_384' title='bbox 2804 1814 2935 1870; x_wconf 77' lang='lat' dir='ltr'><strong>opus</strong></span> <span class='ocrx_word' id='word_1_385' title='bbox 2966 1814 3076 1855; x_wconf 78' lang='lat' dir='ltr'><strong>esse</strong></span> <span class='ocrx_word' id='word_1_386' title='bbox 3111 1798 3400 1871; x_wconf 74' lang='lat' dir='ltr'><strong>adiutorio.</strong></span> <span class='ocrx_word' id='word_1_387' title='bbox 3433 1830 3501 1839; x_wconf 89' lang='lat'><strong>—</strong></span> <span class='ocrx_word' id='word_1_388' title='bbox 3532 1799 3590 1857; x_wconf 82' lang='grc' dir='ltr'><strong>ϐ.</strong></span> 
     </span>
    </p>
   </div>
   <div class='ocr_carea' id='block_1_51' title="bbox 1945 1885 3592 1956">
    <p class='ocr_par' dir='ltr' id='par_1_51' title="bbox 1945 1885 3592 1956">
     <span class='ocr_line' id='line_1_51' title="bbox 1945 1885 3592 1956; baseline 0.002 -15"><span class='ocrx_word' id='word_1_389' title='bbox 1945 1885 2093 1952; x_wconf 87' lang='lat' dir='ltr'><strong>Quid</strong></span> <span class='ocrx_word' id='word_1_390' title='bbox 2146 1886 2294 1940; x_wconf 90' lang='lat' dir='ltr'><strong>mihi</strong></span> <span class='ocrx_word' id='word_1_391' title='bbox 2351 1902 2587 1943; x_wconf 90' lang='lat' dir='ltr'><strong>necesse</strong></span> <span class='ocrx_word' id='word_1_392' title='bbox 2646 1891 2735 1942; x_wconf 91' lang='lat' dir='ltr'><strong>est</strong></span> <span class='ocrx_word' id='word_1_393' title='bbox 2790 1891 2993 1942; x_wconf 89' lang='lat' dir='ltr'><strong>contra</strong></span> <span class='ocrx_word' id='word_1_394' title='bbox 3048 1887 3191 1943; x_wconf 91' lang='lat' dir='ltr'><strong>alios</strong></span> <span class='ocrx_word' id='word_1_395' title='bbox 3224 1887 3592 1956; x_wconf 91' lang='lat' dir='ltr'><strong>dicere,cum</strong></span> 
     </span>
    </p>
   </div>
   <div class='ocr_carea' id='block_1_52' title="bbox 1946 1975 3592 2049">
    <p class='ocr_par' dir='ltr' id='par_1_52' title="bbox 1946 1975 3592 2049">
     <span class='ocr_line' id='line_1_52' title="bbox 1946 1975 3592 2049; baseline 0.001 -18"><span class='ocrx_word' id='word_1_396' title='bbox 1946 1991 2144 2031; x_wconf 92' lang='lat' dir='ltr'><strong>meum</strong></span> <span class='ocrx_word' id='word_1_397' title='bbox 2201 1991 2550 2047; x_wconf 89' lang='lat' dir='ltr'><strong>responsum</strong></span> <span class='ocrx_word' id='word_1_398' title='bbox 2594 1975 2851 2031; x_wconf 87' lang='lat' dir='ltr'><strong>habeas?</strong></span> <span class='ocrx_word' id='word_1_399' title='bbox 2896 1977 2959 2031; x_wconf 82' lang='grc' dir='ltr'><strong>Α.</strong></span> <span class='ocrx_word' id='word_1_400' title='bbox 2993 1976 3188 2032; x_wconf 89' lang='lat' dir='ltr'><strong>Tuum</strong></span> <span class='ocrx_word' id='word_1_401' title='bbox 3243 1993 3592 2049; x_wconf 88' lang='lat' dir='ltr'><strong>responsum</strong></span> 
     </span>
    </p>
   </div>
   <div class='ocr_carea' id='block_1_53' title="bbox 1945 2063 3592 2138">
    <p class='ocr_par' dir='ltr' id='par_1_53' title="bbox 1945 2063 3592 2138">
     <span class='ocr_line' id='line_1_53' title="bbox 1945 2063 3592 2138; baseline 0.001 -18"><span class='ocrx_word' id='word_1_402' title='bbox 1945 2063 2275 2134; x_wconf 88' lang='lat' dir='ltr'><strong>cujusmodi</strong></span> <span class='ocrx_word' id='word_1_403' title='bbox 2297 2064 2325 2117; x_wconf 78' lang='lat' dir='ltr'><strong>‘l</strong></span> <span class='ocrx_word' id='word_1_404' title='bbox 2354 2063 2464 2117; x_wconf 88' lang='lat' dir='ltr'><strong>Eos</strong></span> <span class='ocrx_word' id='word_1_405' title='bbox 2490 2064 2635 2119; x_wconf 91' lang='lat' dir='ltr'><strong>bene</strong></span> <span class='ocrx_word' id='word_1_406' title='bbox 2669 2063 2904 2131; x_wconf 88' lang='lat' dir='ltr'><strong>sentire,</strong></span> <span class='ocrx_word' id='word_1_407' title='bbox 2934 2080 3008 2119; x_wconf 92' lang='lat' dir='ltr'><strong>an</strong></span> <span class='ocrx_word' id='word_1_408' title='bbox 3046 2063 3197 2119; x_wconf 89' lang='lat' dir='ltr'><strong>male</strong></span> <span class='ocrx_word' id='word_1_409' title='bbox 3217 2064 3246 2119; x_wconf 85' lang='lat'><strong>?</strong></span> <span class='ocrx_word' id='word_1_410' title='bbox 3284 2064 3342 2119; x_wconf 82' lang='lat' dir='ltr'><strong>C.</strong></span> <span class='ocrx_word' id='word_1_411' title='bbox 3374 2066 3445 2121; x_wconf 90' lang='lat' dir='ltr'><strong>Et</strong></span> <span class='ocrx_word' id='word_1_412' title='bbox 3465 2083 3592 2138; x_wconf 76' lang='lat' dir='ltr'><strong>quis</strong></span> 
     </span>
    </p>
   </div>
   <div class='ocr_carea' id='block_1_54' title="bbox 1946 2152 3594 2225">
    <p class='ocr_par' dir='ltr' id='par_1_54' title="bbox 1946 2152 3594 2225">
     <span class='ocr_line' id='line_1_54' title="bbox 1946 2152 3594 2225; baseline 0.002 -17"><span class='ocrx_word' id='word_1_413' title='bbox 1946 2169 2039 2208; x_wconf 92' lang='lat' dir='ltr'><strong>me</strong></span> <span class='ocrx_word' id='word_1_414' title='bbox 2071 2153 2226 2225; x_wconf 90' lang='lat' dir='ltr'><strong>cogit</strong></span> <span class='ocrx_word' id='word_1_415' title='bbox 2282 2152 2618 2220; x_wconf 88' lang='lat' dir='ltr'><strong>necessitas,</strong></span> <span class='ocrx_word' id='word_1_416' title='bbox 2660 2157 2726 2207; x_wconf 93' lang='lat' dir='ltr'><strong>ut</strong></span> <span class='ocrx_word' id='word_1_417' title='bbox 2755 2157 2958 2207; x_wconf 90' lang='lat' dir='ltr'><strong>contra</strong></span> <span class='ocrx_word' id='word_1_418' title='bbox 2988 2152 3132 2210; x_wconf 91' lang='lat' dir='ltr'><strong>alios</strong></span> <span class='ocrx_word' id='word_1_419' title='bbox 3162 2170 3428 2225; x_wconf 88' lang='lat' dir='ltr'><strong>promam</strong></span> <span class='ocrx_word' id='word_1_420' title='bbox 3462 2171 3594 2211; x_wconf 92' lang='lat' dir='ltr'><strong>sen-</strong></span> 
     </span>
    </p>
   </div>
   <div class='ocr_carea' id='block_1_55' title="bbox 1945 2240 3591 2312">
    <p class='ocr_par' dir='ltr' id='par_1_55' title="bbox 1945 2240 3591 2312">
     <span class='ocr_line' id='line_1_55' title="bbox 1945 2240 3591 2312; baseline 0.002 -16"><span class='ocrx_word' id='word_1_421' title='bbox 1945 2241 2187 2297; x_wconf 90' lang='lat' dir='ltr'><strong>tentiam</strong></span> <span class='ocrx_word' id='word_1_422' title='bbox 2210 2240 2239 2294; x_wconf 85' lang='lat'><strong>?</strong></span> <span class='ocrx_word' id='word_1_423' title='bbox 2261 2242 2324 2295; x_wconf 84' lang='lat' dir='ltr'><strong>A.</strong></span> <span class='ocrx_word' id='word_1_424' title='bbox 2358 2240 2784 2312; x_wconf 88' lang='lat' dir='ltr'><strong>Disputationis</strong></span> <span class='ocrx_word' id='word_1_425' title='bbox 2832 2241 2972 2296; x_wconf 91' lang='lat' dir='ltr'><strong>ordo</strong></span> <span class='ocrx_word' id='word_1_426' title='bbox 3023 2248 3078 2297; x_wconf 88' lang='lat' dir='ltr'><strong>et</strong></span> <span class='ocrx_word' id='word_1_427' title='bbox 3132 2243 3278 2297; x_wconf 87' lang='lat' dir='ltr'><strong>ratio</strong></span> <span class='ocrx_word' id='word_1_428' title='bbox 3310 2243 3591 2306; x_wconf 84' lang='lat' dir='ltr'><strong>veritatis.</strong></span> 
     </span>
    </p>
   </div>
   <div class='ocr_carea' id='block_1_56' title="bbox 1944 2327 3594 2403">
    <p class='ocr_par' dir='ltr' id='par_1_56' title="bbox 1944 2327 3594 2403">
     <span class='ocr_line' id='line_1_56' title="bbox 1944 2327 3594 2403; baseline 0.001 -18"><span class='ocrx_word' id='word_1_429' title='bbox 1944 2333 2029 2386; x_wconf 90' lang='lat' dir='ltr'><strong>An</strong></span> <span class='ocrx_word' id='word_1_430' title='bbox 2062 2330 2297 2403; x_wconf 86' lang='lat' dir='ltr'><strong>ignoras</strong></span> <span class='ocrx_word' id='word_1_431' title='bbox 2327 2344 2500 2384; x_wconf 90' lang='lat' dir='ltr'><strong>omne</strong></span> <span class='ocrx_word' id='word_1_432' title='bbox 2548 2329 2702 2400; x_wconf 93' lang='lat' dir='ltr'><strong>quod</strong></span> <span class='ocrx_word' id='word_1_433' title='bbox 2752 2327 2985 2393; x_wconf 90' lang='lat' dir='ltr'><strong>dicitur,</strong></span> <span class='ocrx_word' id='word_1_434' title='bbox 3044 2333 3145 2385; x_wconf 91' lang='lat' dir='ltr'><strong>aut</strong></span> <span class='ocrx_word' id='word_1_435' title='bbox 3166 2346 3316 2398; x_wconf 91' lang='lat' dir='ltr'><strong>esse,</strong></span> <span class='ocrx_word' id='word_1_436' title='bbox 3347 2336 3450 2387; x_wconf 89' lang='lat' dir='ltr'><strong>aut</strong></span> <span class='ocrx_word' id='word_1_437' title='bbox 3478 2349 3594 2387; x_wconf 90' lang='lat' dir='ltr'><strong>non</strong></span> 
     </span>
    </p>
   </div>
   <div class='ocr_carea' id='block_1_57' title="bbox 1946 2416 3597 2486">
    <p class='ocr_par' dir='ltr' id='par_1_57' title="bbox 1946 2416 3597 2486">
     <span class='ocr_line' id='line_1_57' title="bbox 1946 2416 3597 2486; baseline 0 -11"><span class='ocrx_word' id='word_1_438' title='bbox 1946 2435 2111 2486; x_wconf 89' lang='lat' dir='ltr'><strong>esse;</strong></span> <span class='ocrx_word' id='word_1_439' title='bbox 2146 2422 2202 2473; x_wconf 88' lang='lat' dir='ltr'><strong>et</strong></span> <span class='ocrx_word' id='word_1_440' title='bbox 2232 2421 2334 2473; x_wconf 90' lang='lat' dir='ltr'><strong>aut</strong></span> <span class='ocrx_word' id='word_1_441' title='bbox 2390 2417 2542 2472; x_wconf 88' lang='lat' dir='ltr'><strong>inter</strong></span> <span class='ocrx_word' id='word_1_442' title='bbox 2593 2417 2746 2472; x_wconf 91' lang='lat' dir='ltr'><strong>bona</strong></span> <span class='ocrx_word' id='word_1_443' title='bbox 2802 2421 2905 2471; x_wconf 90' lang='lat' dir='ltr'><strong>aut</strong></span> <span class='ocrx_word' id='word_1_444' title='bbox 2935 2416 3092 2472; x_wconf 91' lang='lat' dir='ltr'><strong>mala</strong></span> <span class='ocrx_word' id='word_1_445' title='bbox 3148 2417 3358 2474; x_wconf 92' lang='lat' dir='ltr'><strong>debere</strong></span> <span class='ocrx_word' id='word_1_446' title='bbox 3388 2436 3597 2475; x_wconf 90' lang='lat' dir='ltr'><strong>nume-</strong></span> 
     </span>
    </p>
   </div>
   <div class='ocr_carea' id='block_1_58' title="bbox 1946 2505 3592 2577">
    <p class='ocr_par' dir='ltr' id='par_1_58' title="bbox 1946 2505 3592 2577">
     <span class='ocr_line' id='line_1_58' title="bbox 1946 2505 3592 2577; baseline 0 -14"><span class='ocrx_word' id='word_1_447' title='bbox 1946 2506 2109 2564; x_wconf 86' lang='lat' dir='ltr'><strong>rari?</strong></span> <span class='ocrx_word' id='word_1_448' title='bbox 2140 2506 2259 2561; x_wconf 85' lang='lat' dir='ltr'><strong>Hoc</strong></span> <span class='ocrx_word' id='word_1_449' title='bbox 2320 2521 2457 2577; x_wconf 88' lang='lat' dir='ltr'><strong>ergo</strong></span> <span class='ocrx_word' id='word_1_450' title='bbox 2489 2505 2559 2561; x_wconf 86' lang='lat' dir='ltr'><strong>de</strong></span> <span class='ocrx_word' id='word_1_451' title='bbox 2582 2521 2696 2577; x_wconf 93' lang='lat' dir='ltr'><strong>quo</strong></span> <span class='ocrx_word' id='word_1_452' title='bbox 2754 2505 3070 2577; x_wconf 80' lang='lat' dir='ltr'><strong>interrogo,</strong></span> <span class='ocrx_word' id='word_1_453' title='bbox 3123 2509 3225 2561; x_wconf 88' lang='lat' dir='ltr'><strong>ant</strong></span> <span class='ocrx_word' id='word_1_454' title='bbox 3274 2506 3423 2562; x_wconf 90' lang='lat' dir='ltr'><strong>bene</strong></span> <span class='ocrx_word' id='word_1_455' title='bbox 3457 2506 3592 2576; x_wconf 90' lang='lat' dir='ltr'><strong>dici,</strong></span> 
     </span>
    </p>
   </div>
   <div class='ocr_carea' id='block_1_59' title="bbox 1947 2594 3595 2667">
    <p class='ocr_par' dir='ltr' id='par_1_59' title="bbox 1947 2594 3595 2667">
     <span class='ocr_line' id='line_1_59' title="bbox 1947 2594 3595 2667; baseline -0.001 -14"><span class='ocrx_word' id='word_1_456' title='bbox 1947 2601 2049 2653; x_wconf 90' lang='lat' dir='ltr'><strong>aut</strong></span> <span class='ocrx_word' id='word_1_457' title='bbox 2080 2595 2254 2660; x_wconf 91' lang='lat' dir='ltr'><strong>male,</strong></span> <span class='ocrx_word' id='word_1_458' title='bbox 2280 2594 2528 2667; x_wconf 87' lang='lat' dir='ltr'><strong>ingratis</strong></span> <span class='ocrx_word' id='word_1_459' title='bbox 2559 2594 2664 2648; x_wconf 91' lang='lat' dir='ltr'><strong>tibi</strong></span> <span class='ocrx_word' id='word_1_460' title='bbox 2710 2594 3009 2650; x_wconf 88' lang='lat' dir='ltr'><strong>fatendum</strong></span> <span class='ocrx_word' id='word_1_461' title='bbox 3043 2599 3150 2649; x_wconf 90' lang='lat' dir='ltr'><strong>est.</strong></span> <span class='ocrx_word' id='word_1_462' title='bbox 3187 2595 3244 2650; x_wconf 78' lang='grc' dir='ltr'><strong>ϐ.</strong></span> <span class='ocrx_word' id='word_1_463' title='bbox 3277 2594 3335 2650; x_wconf 89' lang='lat' dir='ltr'><strong>Si</strong></span> <span class='ocrx_word' id='word_1_464' title='bbox 3369 2595 3428 2650; x_wconf 91' lang='lat' dir='ltr'><strong>in</strong></span> <span class='ocrx_word' id='word_1_465' title='bbox 3464 2596 3595 2652; x_wconf 91' lang='lat' dir='ltr'><strong>sin-</strong></span> 
     </span>
    </p>
   </div>
   <div class='ocr_carea' id='block_1_60' title="bbox 1946 2682 3596 2759">
    <p class='ocr_par' dir='ltr' id='par_1_60' title="bbox 1946 2682 3596 2759">
     <span class='ocr_line' id='line_1_60' title="bbox 1946 2682 3596 2759; baseline 0 -19"><span class='ocrx_word' id='word_1_466' title='bbox 1946 2685 2101 2759; x_wconf 91' lang='lat' dir='ltr'><strong>gulis</strong></span> <span class='ocrx_word' id='word_1_467' title='bbox 2133 2684 2310 2740; x_wconf 90' lang='lat' dir='ltr'><strong>rebus</strong></span> <span class='ocrx_word' id='word_1_468' title='bbox 2344 2700 2498 2754; x_wconf 90' lang='lat' dir='ltr'><strong>quas</strong></span> <span class='ocrx_word' id='word_1_469' title='bbox 2558 2683 2840 2755; x_wconf 89' lang='lat' dir='ltr'><strong>gerimus,</strong></span> <span class='ocrx_word' id='word_1_470' title='bbox 2871 2682 2969 2739; x_wconf 90' lang='lat' dir='ltr'><strong>Dei</strong></span> <span class='ocrx_word' id='word_1_471' title='bbox 3002 2684 3287 2739; x_wconf 90' lang='lat' dir='ltr'><strong>utendum</strong></span> <span class='ocrx_word' id='word_1_472' title='bbox 3314 2690 3404 2739; x_wconf 90' lang='lat' dir='ltr'><strong>est</strong></span> <span class='ocrx_word' id='word_1_473' title='bbox 3432 2685 3596 2757; x_wconf 89' lang='lat' dir='ltr'><strong>adju-</strong></span> 
     </span>
    </p>
   </div>
   <div class='ocr_carea' id='block_1_61' title="bbox 1945 2770 3591 2845">
    <p class='ocr_par' dir='ltr' id='par_1_61' title="bbox 1945 2770 3591 2845">
     <span class='ocr_line' id='line_1_61' title="bbox 1945 2770 3591 2845; baseline -0.001 -14"><span class='ocrx_word' id='word_1_474' title='bbox 1945 2773 2093 2831; x_wconf 86' lang='lat' dir='ltr'><strong>torio</strong></span> <span class='ocrx_word' id='word_1_475' title='bbox 2153 2788 2288 2845; x_wconf 88' lang='lat' dir='ltr'><strong>ergo</strong></span> <span class='ocrx_word' id='word_1_476' title='bbox 2319 2775 2375 2826; x_wconf 90' lang='lat' dir='ltr'><strong>et</strong></span> <span class='ocrx_word' id='word_1_477' title='bbox 2402 2770 2694 2827; x_wconf 89' lang='lat' dir='ltr'><strong>calamum</strong></span> <span class='ocrx_word' id='word_1_478' title='bbox 2741 2775 3065 2843; x_wconf 89' lang='lat' dir='ltr'><strong>temperare</strong></span> <span class='ocrx_word' id='word_1_479' title='bbox 3094 2771 3165 2826; x_wconf 90' lang='lat' dir='ltr'><strong>ad</strong></span> <span class='ocrx_word' id='word_1_480' title='bbox 3196 2771 3591 2830; x_wconf 89' lang='lat' dir='ltr'><strong>scribendum.</strong></span> 
     </span>
    </p>
   </div>
   <div class='ocr_carea' id='block_1_62' title="bbox 1946 2858 3597 2934">
    <p class='ocr_par' dir='ltr' id='par_1_62' title="bbox 1946 2858 3597 2934">
     <span class='ocr_line' id='line_1_62' title="bbox 1946 2858 3597 2934; baseline -0.002 -14"><span class='ocrx_word' id='word_1_481' title='bbox 1946 2863 2409 2934; x_wconf 86' lang='lat' dir='ltr'><strong>ettemperatum</strong></span> <span class='ocrx_word' id='word_1_482' title='bbox 2466 2858 2699 2930; x_wconf 90' lang='lat' dir='ltr'><strong>pumice</strong></span> <span class='ocrx_word' id='word_1_483' title='bbox 2755 2863 2958 2925; x_wconf 89' lang='lat' dir='ltr'><strong>terere,</strong></span> <span class='ocrx_word' id='word_1_484' title='bbox 3007 2875 3366 2932; x_wconf 89' lang='lat' dir='ltr'><strong>manumque</strong></span> <span class='ocrx_word' id='word_1_485' title='bbox 3397 2867 3597 2933; x_wconf 84' lang='lat' dir='ltr'><strong>aptare</strong></span> 
     </span>
    </p>
   </div>
   <div class='ocr_carea' id='block_1_63' title="bbox 1946 2947 3594 3020">
    <p class='ocr_par' dir='ltr' id='par_1_63' title="bbox 1946 2947 3594 3020">
     <span class='ocr_line' id='line_1_63' title="bbox 1946 2947 3594 3020; baseline -0.001 -13"><span class='ocrx_word' id='word_1_486' title='bbox 1946 2951 2178 3019; x_wconf 89' lang='lat' dir='ltr'><strong>litteris,</strong></span> <span class='ocrx_word' id='word_1_487' title='bbox 2212 2948 2422 3016; x_wconf 85' lang='lat' dir='ltr'><strong>tacere,</strong></span> <span class='ocrx_word' id='word_1_488' title='bbox 2454 2947 2639 3020; x_wconf 91' lang='lat' dir='ltr'><strong>loqui,</strong></span> <span class='ocrx_word' id='word_1_489' title='bbox 2670 2949 2891 3013; x_wconf 90' lang='lat' dir='ltr'><strong>sedere,</strong></span> <span class='ocrx_word' id='word_1_490' title='bbox 2925 2952 3100 3016; x_wconf 88' lang='lat' dir='ltr'><strong>stare,</strong></span> <span class='ocrx_word' id='word_1_491' title='bbox 3125 2949 3594 3017; x_wconf 89' lang='lat' dir='ltr'><strong>ambulare,cur-</strong></span> 
     </span>
    </p>
   </div>
   <div class='ocr_carea' id='block_1_64' title="bbox 1946 3037 3596 3108">
    <p class='ocr_par' dir='ltr' id='par_1_64' title="bbox 1946 3037 3596 3108">
     <span class='ocr_line' id='line_1_64' title="bbox 1946 3037 3596 3108; baseline -0.001 -11"><span class='ocrx_word' id='word_1_492' title='bbox 1946 3057 2091 3108; x_wconf 89' lang='lat' dir='ltr'><strong>rere,</strong></span> <span class='ocrx_word' id='word_1_493' title='bbox 2154 3038 2476 3103; x_wconf 88' lang='lat' dir='ltr'><strong>comedere,</strong></span> <span class='ocrx_word' id='word_1_494' title='bbox 2523 3037 2812 3108; x_wconf 87' lang='lat' dir='ltr'><strong>jejunare,</strong></span> <span class='ocrx_word' id='word_1_495' title='bbox 2876 3037 3031 3103; x_wconf 85' lang='lat' dir='ltr'><strong>ﬂere,</strong></span> <span class='ocrx_word' id='word_1_496' title='bbox 3065 3038 3273 3106; x_wconf 88' lang='lat' dir='ltr'><strong>ridere,</strong></span> <span class='ocrx_word' id='word_1_497' title='bbox 3305 3042 3360 3093; x_wconf 89' lang='lat' dir='ltr'><strong>et</strong></span> <span class='ocrx_word' id='word_1_498' title='bbox 3389 3044 3596 3096; x_wconf 72' lang='lat' dir='ltr'><strong>caztera</strong></span> 
     </span>
    </p>
   </div>
   <div class='ocr_carea' id='block_1_65' title="bbox 1946 3124 3594 3201">
    <p class='ocr_par' dir='ltr' id='par_1_65' title="bbox 1946 3124 3594 3201">
     <span class='ocr_line' id='line_1_65' title="bbox 1946 3124 3594 3201; baseline -0.001 -16"><span class='ocrx_word' id='word_1_499' title='bbox 1946 3126 2379 3201; x_wconf 87' lang='lat' dir='ltr'><strong>hujuscemodi,</strong></span> <span class='ocrx_word' id='word_1_500' title='bbox 2432 3125 2547 3180; x_wconf 86' lang='lat' dir='ltr'><strong>nisi</strong></span> <span class='ocrx_word' id='word_1_501' title='bbox 2605 3124 2759 3179; x_wconf 90' lang='lat' dir='ltr'><strong>Deus</strong></span> <span class='ocrx_word' id='word_1_502' title='bbox 2801 3125 3037 3195; x_wconf 88' lang='lat' dir='ltr'><strong>juverit,</strong></span> <span class='ocrx_word' id='word_1_503' title='bbox 3073 3142 3188 3181; x_wconf 90' lang='lat' dir='ltr'><strong>non</strong></span> <span class='ocrx_word' id='word_1_504' title='bbox 3221 3127 3594 3198; x_wconf 86' lang='lat' dir='ltr'><strong>poterimus?</strong></span> 
     </span>
    </p>
   </div>
   <div class='ocr_carea' id='block_1_66' title="bbox 182 3206 3583 3295">
    <p class='ocr_par' dir='ltr' id='par_1_66' title="bbox 182 3206 3583 3295">
     <span class='ocr_line' id='line_1_66' title="bbox 182 3206 3583 3295; baseline -0.001 -19"><span class='ocrx_word' id='word_1_505' title='bbox 182 3206 468 3295; x_wconf 82' lang='lat' dir='ltr'><strong>quidquid</strong></span> <span class='ocrx_word' id='word_1_506' title='bbox 502 3234 617 3273; x_wconf 91' lang='lat' dir='ltr'><strong>non</strong></span> <span class='ocrx_word' id='word_1_507' title='bbox 667 3216 944 3282; x_wconf 88' lang='lat' dir='ltr'><strong>dicimus,</strong></span> <span class='ocrx_word' id='word_1_508' title='bbox 977 3231 1188 3288; x_wconf 89' lang='lat' dir='ltr'><strong>negare</strong></span> <span class='ocrx_word' id='word_1_509' title='bbox 1231 3213 1551 3270; x_wconf 86' lang='lat' dir='ltr'><strong>arbitrandi</strong></span> <span class='ocrx_word' id='word_1_510' title='bbox 1596 3228 1825 3270; x_wconf 84' lang='lat' dir='ltr'><strong>sumus.</strong></span> <span class='ocrx_word' id='word_1_511' title='bbox 1860 3206 1905 3273; x_wconf 88' lang='lat' dir='ltr'>C</span> <span class='ocrx_word' id='word_1_512' title='bbox 1940 3218 2001 3273; x_wconf 81' lang='grc' dir='ltr'><strong>Α.</strong></span> <span class='ocrx_word' id='word_1_513' title='bbox 2033 3218 2207 3273; x_wconf 86' lang='lat' dir='ltr'><strong>Juxta</strong></span> <span class='ocrx_word' id='word_1_514' title='bbox 2234 3231 2432 3270; x_wconf 90' lang='lat' dir='ltr'><strong>meum</strong></span> <span class='ocrx_word' id='word_1_515' title='bbox 2464 3229 2700 3267; x_wconf 89' lang='lat' dir='ltr'><strong>sensum</strong></span> <span class='ocrx_word' id='word_1_516' title='bbox 2735 3229 2850 3267; x_wconf 89' lang='lat' dir='ltr'><strong>non</strong></span> <span class='ocrx_word' id='word_1_517' title='bbox 2873 3229 3043 3284; x_wconf 91' lang='lat' dir='ltr'><strong>posse</strong></span> <span class='ocrx_word' id='word_1_518' title='bbox 3062 3214 3437 3285; x_wconf 89' lang='lat' dir='ltr'><strong>perspicuum</strong></span> <span class='ocrx_word' id='word_1_519' title='bbox 3470 3220 3583 3271; x_wconf 90' lang='lat' dir='ltr'><strong>est.</strong></span> 
     </span>
    </p>
   </div>
   <div class='ocr_carea' id='block_1_67' title="bbox 180 3303 1828 3383">
    <p class='ocr_par' dir='ltr' id='par_1_67' title="bbox 180 3303 1828 3383">
     <span class='ocr_line' id='line_1_67' title="bbox 180 3303 1828 3383; baseline -0.005 -16"><span class='ocrx_word' id='word_1_520' title='bbox 180 3308 246 3366; x_wconf 77' lang='grc' dir='ltr'><strong>Α.</strong></span> <span class='ocrx_word' id='word_1_521' title='bbox 278 3306 583 3383; x_wconf 82' lang='lat' dir='ltr'><strong>Conﬁteris</strong></span> <span class='ocrx_word' id='word_1_522' title='bbox 599 3322 758 3378; x_wconf 85' lang='lat' dir='ltr'><strong>ergo,</strong></span> <span class='ocrx_word' id='word_1_523' title='bbox 773 3321 945 3379; x_wconf 90' lang='lat' dir='ltr'><strong>posse</strong></span> <span class='ocrx_word' id='word_1_524' title='bbox 962 3303 1264 3360; x_wconf 88' lang='lat' dir='ltr'><strong>hominem</strong></span> <span class='ocrx_word' id='word_1_525' title='bbox 1282 3304 1408 3358; x_wconf 90' lang='lat' dir='ltr'><strong>sine</strong></span> <span class='ocrx_word' id='word_1_526' title='bbox 1424 3306 1658 3375; x_wconf 88' lang='lat' dir='ltr'><strong>peccato</strong></span> <span class='ocrx_word' id='word_1_527' title='bbox 1680 3317 1828 3368; x_wconf 87' lang='lat' dir='ltr'><strong>esse,</strong></span> 
     </span>
    </p>
   </div>
   <div class='ocr_carea' id='block_1_68' title="bbox 181 3389 1831 3467">
    <p class='ocr_par' dir='ltr' id='par_1_68' title="bbox 181 3389 1831 3467">
     <span class='ocr_line' id='line_1_68' title="bbox 181 3389 1831 3467; baseline -0.007 -11"><span class='ocrx_word' id='word_1_528' title='bbox 181 3402 233 3456; x_wconf 89' lang='lat' dir='ltr'>si</span> <span class='ocrx_word' id='word_1_529' title='bbox 262 3398 419 3463; x_wconf 88' lang='lat' dir='ltr'><strong>velit,</strong></span> <span class='ocrx_word' id='word_1_530' title='bbox 453 3413 586 3452; x_wconf 90' lang='lat' dir='ltr'><strong>cum</strong></span> <span class='ocrx_word' id='word_1_531' title='bbox 613 3394 711 3451; x_wconf 90' lang='lat' dir='ltr'><strong>Dei</strong></span> <span class='ocrx_word' id='word_1_532' title='bbox 744 3394 931 3467; x_wconf 90' lang='lat' dir='ltr'><strong>gratia</strong></span> <span class='ocrx_word' id='word_1_533' title='bbox 948 3393 995 3448; x_wconf 80' lang='lat' dir='ltr'><strong>‘l.</strong></span> <span class='ocrx_word' id='word_1_534' title='bbox 1028 3393 1085 3449; x_wconf 87' lang='lat' dir='ltr'><strong>C.</strong></span> <span class='ocrx_word' id='word_1_535' title='bbox 1119 3393 1243 3448; x_wconf 91' lang='lat' dir='ltr'><strong>Non</strong></span> <span class='ocrx_word' id='word_1_536' title='bbox 1283 3390 1478 3448; x_wconf 89' lang='lat' dir='ltr'><strong>solum</strong></span> <span class='ocrx_word' id='word_1_537' title='bbox 1502 3392 1704 3457; x_wconf 89' lang='lat' dir='ltr'><strong>fateor,</strong></span> <span class='ocrx_word' id='word_1_538' title='bbox 1730 3389 1831 3446; x_wconf 89' lang='lat' dir='ltr'><strong>sed</strong></span> 
     </span>
    </p>
   </div>
   <div class='ocr_carea' id='block_1_69' title="bbox 181 3480 1832 3557">
    <p class='ocr_par' dir='ltr' id='par_1_69' title="bbox 181 3480 1832 3557">
     <span class='ocr_line' id='line_1_69' title="bbox 181 3480 1832 3557; baseline -0.005 -13"><span class='ocrx_word' id='word_1_539' title='bbox 181 3489 242 3545; x_wconf 87' lang='lat' dir='ltr'><strong>et</strong></span> <span class='ocrx_word' id='word_1_540' title='bbox 268 3486 449 3542; x_wconf 90' lang='lat' dir='ltr'><strong>libere</strong></span> <span class='ocrx_word' id='word_1_541' title='bbox 481 3483 794 3557; x_wconf 89' lang='lat' dir='ltr'><strong>proclamo.</strong></span> <span class='ocrx_word' id='word_1_542' title='bbox 836 3483 898 3538; x_wconf 83' lang='lat' dir='ltr'><strong>A.</strong></span> <span class='ocrx_word' id='word_1_543' title='bbox 952 3482 1121 3538; x_wconf 90' lang='lat' dir='ltr'><strong>Errat</strong></span> <span class='ocrx_word' id='word_1_544' title='bbox 1151 3498 1285 3553; x_wconf 81' lang='lat' dir='ltr'><strong>ergo</strong></span> <span class='ocrx_word' id='word_1_545' title='bbox 1316 3482 1416 3553; x_wconf 91' lang='lat' dir='ltr'><strong>qui</strong></span> <span class='ocrx_word' id='word_1_546' title='bbox 1447 3480 1545 3537; x_wconf 91' lang='lat' dir='ltr'><strong>Dei</strong></span> <span class='ocrx_word' id='word_1_547' title='bbox 1579 3481 1832 3553; x_wconf 85' lang='lat' dir='ltr'><strong>gratiam</strong></span> 
     </span>
    </p>
   </div>
   <div class='ocr_carea' id='block_1_70' title="bbox 178 3570 1831 3644">
    <p class='ocr_par' dir='ltr' id='par_1_70' title="bbox 178 3570 1831 3644">
     <span class='ocr_line' id='line_1_70' title="bbox 178 3570 1831 3644; baseline -0.005 -11"><span class='ocrx_word' id='word_1_548' title='bbox 178 3575 363 3634; x_wconf 78' lang='lat' dir='ltr'><strong>tollit!</strong></span> <span class='ocrx_word' id='word_1_549' title='bbox 386 3573 444 3629; x_wconf 77' lang='grc' dir='ltr'><strong>ϐ.</strong></span> <span class='ocrx_word' id='word_1_550' title='bbox 471 3574 657 3629; x_wconf 87' lang='lat' dir='ltr'><strong>Errat.</strong></span> <span class='ocrx_word' id='word_1_551' title='bbox 685 3571 839 3639; x_wconf 87' lang='lat' dir='ltr'><strong>Quin</strong></span> <span class='ocrx_word' id='word_1_552' title='bbox 872 3572 1066 3644; x_wconf 90' lang='lat' dir='ltr'><strong>potius</strong></span> <span class='ocrx_word' id='word_1_553' title='bbox 1080 3570 1458 3627; x_wconf 89' lang='lat' dir='ltr'><strong>arbitrandus</strong></span> <span class='ocrx_word' id='word_1_554' title='bbox 1481 3575 1573 3626; x_wconf 91' lang='lat' dir='ltr'><strong>est</strong></span> <span class='ocrx_word' id='word_1_555' title='bbox 1593 3570 1831 3642; x_wconf 90' lang='lat' dir='ltr'><strong>impius,</strong></span> 
     </span>
    </p>
   </div>
   <div class='ocr_carea' id='block_1_71' title="bbox 183 3658 1838 3734">
    <p class='ocr_par' dir='ltr' id='par_1_71' title="bbox 183 3658 1838 3734">
     <span class='ocr_line' id='line_1_71' title="bbox 183 3658 1838 3734; baseline -0.006 -12"><span class='ocrx_word' id='word_1_556' title='bbox 183 3680 323 3723; x_wconf 84' lang='lat' dir='ltr'><strong>eum</strong></span> <span class='ocrx_word' id='word_1_557' title='bbox 357 3662 453 3720; x_wconf 89' lang='lat' dir='ltr'><strong>Dei</strong></span> <span class='ocrx_word' id='word_1_558' title='bbox 484 3666 629 3717; x_wconf 88' lang='lat' dir='ltr'><strong>nutu</strong></span> <span class='ocrx_word' id='word_1_559' title='bbox 664 3660 862 3717; x_wconf 89' lang='lat' dir='ltr'><strong>omnia</strong></span> <span class='ocrx_word' id='word_1_560' title='bbox 892 3660 1313 3734; x_wconf 90' lang='lat' dir='ltr'><strong>gubernentur,</strong></span> <span class='ocrx_word' id='word_1_561' title='bbox 1346 3663 1403 3716; x_wconf 90' lang='lat' dir='ltr'><strong>et</strong></span> <span class='ocrx_word' id='word_1_562' title='bbox 1423 3659 1532 3715; x_wconf 91' lang='lat' dir='ltr'><strong>hoc</strong></span> <span class='ocrx_word' id='word_1_563' title='bbox 1562 3658 1715 3731; x_wconf 90' lang='lat' dir='ltr'><strong>quod</strong></span> <span class='ocrx_word' id='word_1_564' title='bbox 1743 3674 1838 3713; x_wconf 92' lang='lat' dir='ltr'><strong>su-</strong></span> 
     </span>
    </p>
   </div>
   <div class='ocr_carea' id='block_1_72' title="bbox 185 3742 1837 3822">
    <p class='ocr_par' dir='ltr' id='par_1_72' title="bbox 185 3742 1837 3822">
     <span class='ocr_line' id='line_1_72' title="bbox 185 3742 1837 3822; baseline -0.005 -11"><span class='ocrx_word' id='word_1_565' title='bbox 185 3742 326 3811; x_wconf 89' lang='lat' dir='ltr'><strong>mus</strong></span> <span class='ocrx_word' id='word_1_566' title='bbox 357 3756 416 3808; x_wconf 90' lang='lat' dir='ltr'><strong>et</strong></span> <span class='ocrx_word' id='word_1_567' title='bbox 436 3751 721 3807; x_wconf 88' lang='lat' dir='ltr'><strong>habemus</strong></span> <span class='ocrx_word' id='word_1_568' title='bbox 747 3749 1070 3822; x_wconf 91' lang='lat' dir='ltr'><strong>appetitum</strong></span> <span class='ocrx_word' id='word_1_569' title='bbox 1094 3749 1340 3821; x_wconf 70' lang='lat' dir='ltr'><strong>propria:</strong></span> <span class='ocrx_word' id='word_1_570' title='bbox 1362 3748 1700 3817; x_wconf 87' lang='lat' dir='ltr'><strong>voluntatis,</strong></span> <span class='ocrx_word' id='word_1_571' title='bbox 1734 3748 1837 3804; x_wconf 91' lang='lat' dir='ltr'><strong>Dei</strong></span> 
     </span>
    </p>
   </div>
   <div class='ocr_carea' id='block_1_73' title="bbox 183 3836 1835 3909">
    <p class='ocr_par' dir='ltr' id='par_1_73' title="bbox 183 3836 1835 3909">
     <span class='ocr_line' id='line_1_73' title="bbox 183 3836 1835 3909; baseline -0.005 -10"><span class='ocrx_word' id='word_1_572' title='bbox 183 3840 510 3900; x_wconf 88' lang='lat' dir='ltr'><strong>conditoris</strong></span> <span class='ocrx_word' id='word_1_573' title='bbox 541 3838 618 3895; x_wconf 90' lang='lat' dir='ltr'><strong>sit</strong></span> <span class='ocrx_word' id='word_1_574' title='bbox 648 3837 1018 3894; x_wconf 79' lang='lat' dir='ltr'><strong>beneficium.</strong></span> <span class='ocrx_word' id='word_1_575' title='bbox 1069 3837 1142 3894; x_wconf 93' lang='lat' dir='ltr'><strong>Ut</strong></span> <span class='ocrx_word' id='word_1_576' title='bbox 1171 3837 1326 3893; x_wconf 89' lang='lat' dir='ltr'><strong>enim</strong></span> <span class='ocrx_word' id='word_1_577' title='bbox 1360 3836 1608 3893; x_wconf 88' lang='lat' dir='ltr'><strong>liberum</strong></span> <span class='ocrx_word' id='word_1_578' title='bbox 1641 3836 1835 3909; x_wconf 90' lang='lat' dir='ltr'><strong>possi-</strong></span> 
     </span>
    </p>
   </div>
   <div class='ocr_carea' id='block_1_74' title="bbox 183 3925 1837 3994">
    <p class='ocr_par' dir='ltr' id='par_1_74' title="bbox 183 3925 1837 3994">
     <span class='ocr_line' id='line_1_74' title="bbox 183 3925 1837 3994; baseline -0.004 -7"><span class='ocrx_word' id='word_1_579' title='bbox 183 3933 436 3989; x_wconf 88' lang='lat' dir='ltr'><strong>deamus</strong></span> <span class='ocrx_word' id='word_1_580' title='bbox 467 3926 830 3994; x_wconf 71' lang='lat' dir='ltr'><strong>arbitrium’,</strong></span> <span class='ocrx_word' id='word_1_581' title='bbox 854 3930 911 3982; x_wconf 92' lang='lat' dir='ltr'><strong>et</strong></span> <span class='ocrx_word' id='word_1_582' title='bbox 938 3926 1027 3982; x_wconf 90' lang='lat' dir='ltr'><strong>vel</strong></span> <span class='ocrx_word' id='word_1_583' title='bbox 1061 3929 1130 3982; x_wconf 92' lang='lat' dir='ltr'><strong>ad</strong></span> <span class='ocrx_word' id='word_1_584' title='bbox 1165 3926 1503 3992; x_wconf 90' lang='lat' dir='ltr'><strong>bonam,vel</strong></span> <span class='ocrx_word' id='word_1_585' title='bbox 1528 3927 1597 3981; x_wconf 89' lang='lat' dir='ltr'><strong>ad</strong></span> <span class='ocrx_word' id='word_1_586' title='bbox 1620 3925 1837 3981; x_wconf 89' lang='lat' dir='ltr'><strong>malam</strong></span> 
     </span>
    </p>
   </div>
   <div class='ocr_carea' id='block_1_75' title="bbox 190 4013 1841 4095">
    <p class='ocr_par' dir='ltr' id='par_1_75' title="bbox 190 4013 1841 4095">
     <span class='ocr_line' id='line_1_75' title="bbox 190 4013 1841 4095; baseline -0.004 -20"><span class='ocrx_word' id='word_1_587' title='bbox 190 4022 423 4095; x_wconf 79' lang='lat' dir='ltr'><strong>partem</strong></span> <span class='ocrx_word' id='word_1_588' title='bbox 456 4014 820 4072; x_wconf 88' lang='lat' dir='ltr'><strong>declinemus</strong></span> <span class='ocrx_word' id='word_1_589' title='bbox 846 4015 1083 4088; x_wconf 91' lang='lat' dir='ltr'><strong>propria</strong></span> <span class='ocrx_word' id='word_1_590' title='bbox 1101 4013 1429 4083; x_wconf 90' lang='lat' dir='ltr'><strong>voluntate;</strong></span> <span class='ocrx_word' id='word_1_591' title='bbox 1450 4015 1579 4086; x_wconf 89' lang='lat' dir='ltr'><strong>ejus</strong></span> <span class='ocrx_word' id='word_1_592' title='bbox 1612 4020 1700 4070; x_wconf 91' lang='lat' dir='ltr'><strong>est</strong></span> <span class='ocrx_word' id='word_1_593' title='bbox 1716 4030 1841 4085; x_wconf 89' lang='lat' dir='ltr'><strong>gra-</strong></span> 
     </span>
    </p>
   </div>
   <div class='ocr_carea' id='block_1_76' title="bbox 184 4101 1839 4180">
    <p class='ocr_par' dir='ltr' id='par_1_76' title="bbox 184 4101 1839 4180">
     <span class='ocr_line' id='line_1_76' title="bbox 184 4101 1839 4180; baseline -0.005 -16"><span class='ocrx_word' id='word_1_594' title='bbox 184 4109 305 4179; x_wconf 75' lang='lat' dir='ltr'><strong>tiaz,</strong></span> <span class='ocrx_word' id='word_1_595' title='bbox 339 4106 440 4180; x_wconf 91' lang='lat' dir='ltr'><strong>qui</strong></span> <span class='ocrx_word' id='word_1_596' title='bbox 471 4121 580 4161; x_wconf 91' lang='lat' dir='ltr'><strong>nos</strong></span> <span class='ocrx_word' id='word_1_597' title='bbox 610 4104 683 4160; x_wconf 90' lang='lat' dir='ltr'><strong>ad</strong></span> <span class='ocrx_word' id='word_1_598' title='bbox 714 4104 1057 4177; x_wconf 89' lang='lat' dir='ltr'><strong>imaginem,</strong></span> <span class='ocrx_word' id='word_1_599' title='bbox 1077 4107 1135 4159; x_wconf 90' lang='lat' dir='ltr'><strong>et</strong></span> <span class='ocrx_word' id='word_1_600' title='bbox 1164 4103 1235 4158; x_wconf 92' lang='lat' dir='ltr'><strong>ad</strong></span> <span class='ocrx_word' id='word_1_601' title='bbox 1269 4102 1720 4158; x_wconf 89' lang='lat' dir='ltr'><strong>similitudinem</strong></span> <span class='ocrx_word' id='word_1_602' title='bbox 1746 4101 1839 4158; x_wconf 91' lang='lat' dir='ltr'><strong>sui</strong></span> 
     </span>
    </p>
   </div>
   <div class='ocr_carea' id='block_1_77' title="bbox 185 4193 653 4255">
    <p class='ocr_par' dir='ltr' id='par_1_77' title="bbox 185 4193 653 4255">
     <span class='ocr_line' id='line_1_77' title="bbox 185 4193 653 4255; baseline -0.015 -1"><span class='ocrx_word' id='word_1_603' title='bbox 185 4196 339 4255; x_wconf 85' lang='lat' dir='ltr'><strong>tales</strong></span> <span class='ocrx_word' id='word_1_604' title='bbox 369 4193 653 4251; x_wconf 90' lang='lat' dir='ltr'><strong>condidit.</strong></span> 
     </span>
    </p>
   </div>
   <div class='ocr_carea' id='block_1_78' title="bbox 256 4277 1840 4354">
    <p class='ocr_par' dir='ltr' id='par_1_78' title="bbox 256 4277 1840 4354">
     <span class='ocr_line' id='line_1_78' title="bbox 256 4277 1840 4354; baseline -0.006 -12"><span class='ocrx_word' id='word_1_605' title='bbox 256 4285 295 4342; x_wconf 86' lang='lat'><strong>2</strong></span> <span class='ocrx_word' id='word_1_606' title='bbox 323 4285 464 4340; x_wconf 84' lang='lat' dir='ltr'><strong>Num</strong></span> <span class='ocrx_word' id='word_1_607' title='bbox 490 4283 691 4354; x_wconf 63' lang='lat' dir='ltr'><strong>gratiis</strong></span> <span class='ocrx_word' id='word_1_608' title='bbox 719 4280 816 4338; x_wconf 84' lang='lat' dir='ltr'><strong>Dei</strong></span> <span class='ocrx_word' id='word_1_609' title='bbox 844 4281 1232 4337; x_wconf 79' lang='lat' dir='ltr'><strong>tribuendum?</strong></span> <span class='ocrx_word' id='word_1_610' title='bbox 1271 4283 1331 4336; x_wconf 79' lang='grc' dir='ltr'><strong>Α.</strong></span> <span class='ocrx_word' id='word_1_611' title='bbox 1357 4312 1425 4321; x_wconf 80' lang='lat'><strong>——</strong></span> <span class='ocrx_word' id='word_1_612' title='bbox 1455 4278 1634 4347; x_wconf 90' lang='lat' dir='ltr'><strong>Nulli,</strong></span> <span class='ocrx_word' id='word_1_613' title='bbox 1667 4296 1699 4334; x_wconf 93' lang='grc' dir='ltr'>ο</span> <span class='ocrx_word' id='word_1_614' title='bbox 1721 4277 1840 4334; x_wconf 90' lang='lat' dir='ltr'><strong>Cri-</strong></span> 
     </span>
    </p>
   </div>
   <div class='ocr_carea' id='block_1_79' title="bbox 186 4368 1844 4443">
    <p class='ocr_par' dir='ltr' id='par_1_79' title="bbox 186 4368 1844 4443">
     <span class='ocr_line' id='line_1_79' title="bbox 186 4368 1844 4443; baseline -0.004 -12"><span class='ocrx_word' id='word_1_615' title='bbox 186 4373 419 4443; x_wconf 88' lang='lat' dir='ltr'><strong>tobule,</strong></span> <span class='ocrx_word' id='word_1_616' title='bbox 453 4370 698 4426; x_wconf 92' lang='lat' dir='ltr'><strong>dubium</strong></span> <span class='ocrx_word' id='word_1_617' title='bbox 733 4375 840 4438; x_wconf 89' lang='lat' dir='ltr'><strong>est,</strong></span> <span class='ocrx_word' id='word_1_618' title='bbox 876 4385 944 4425; x_wconf 90' lang='lat' dir='ltr'><strong>ex</strong></span> <span class='ocrx_word' id='word_1_619' title='bbox 973 4370 1100 4441; x_wconf 86' lang='lat' dir='ltr'><strong>ejus</strong></span> <span class='ocrx_word' id='word_1_620' title='bbox 1127 4374 1339 4427; x_wconf 90' lang='lat' dir='ltr'><strong>cuncta</strong></span> <span class='ocrx_word' id='word_1_621' title='bbox 1359 4368 1844 4442; x_wconf 86' lang='lat' dir='ltr'><strong>penderejudicio</strong></span> 
     </span>
    </p>
   </div>
   <div class='ocr_carea' id='block_1_80' title="bbox 190 4457 1847 4537">
    <p class='ocr_par' dir='ltr' id='par_1_80' title="bbox 190 4457 1847 4537">
     <span class='ocr_line' id='line_1_80' title="bbox 190 4457 1847 4537; baseline -0.004 -18"><span class='ocrx_word' id='word_1_622' title='bbox 190 4462 292 4537; x_wconf 87' lang='lat' dir='ltr'><strong>qui</strong></span> <span class='ocrx_word' id='word_1_623' title='bbox 313 4463 541 4518; x_wconf 89' lang='lat' dir='ltr'><strong>creator</strong></span> <span class='ocrx_word' id='word_1_624' title='bbox 562 4464 651 4516; x_wconf 89' lang='lat' dir='ltr'><strong>est</strong></span> <span class='ocrx_word' id='word_1_625' title='bbox 670 4459 958 4526; x_wconf 90' lang='lat' dir='ltr'><strong>omnium,</strong></span> <span class='ocrx_word' id='word_1_626' title='bbox 975 4459 1327 4531; x_wconf 88' lang='lat' dir='ltr'><strong>etquidquid</strong></span> <span class='ocrx_word' id='word_1_627' title='bbox 1351 4458 1661 4529; x_wconf 89' lang='lat' dir='ltr'><strong>habemus,</strong></span> <span class='ocrx_word' id='word_1_628' title='bbox 1687 4457 1847 4513; x_wconf 91' lang='lat' dir='ltr'><strong>illius</strong></span> 
     </span>
    </p>
   </div>
   <div class='ocr_carea' id='block_1_81' title="bbox 190 4546 1846 4620">
    <p class='ocr_par' dir='ltr' id='par_1_81' title="bbox 190 4546 1846 4620">
     <span class='ocr_line' id='line_1_81' title="bbox 190 4546 1846 4620; baseline -0.004 -13"><span class='ocrx_word' id='word_1_629' title='bbox 190 4548 474 4607; x_wconf 82' lang='lat' dir='ltr'><strong>beneficio</strong></span> <span class='ocrx_word' id='word_1_630' title='bbox 507 4547 929 4620; x_wconf 89' lang='lat' dir='ltr'><strong>deputandum.</strong></span> <span class='ocrx_word' id='word_1_631' title='bbox 955 4547 1066 4604; x_wconf 90' lang='lat' dir='ltr'><strong>Sed</strong></span> <span class='ocrx_word' id='word_1_632' title='bbox 1092 4564 1309 4619; x_wconf 80' lang='lat' dir='ltr'><strong>quzero,</strong></span> <span class='ocrx_word' id='word_1_633' title='bbox 1342 4546 1452 4603; x_wconf 88' lang='lat' dir='ltr'><strong>hoc</strong></span> <span class='ocrx_word' id='word_1_634' title='bbox 1472 4547 1667 4620; x_wconf 89' lang='lat' dir='ltr'><strong>ipsum</strong></span> <span class='ocrx_word' id='word_1_635' title='bbox 1692 4546 1846 4619; x_wconf 90' lang='lat' dir='ltr'><strong>quod</strong></span> 
     </span>
    </p>
   </div>
   <div class='ocr_carea' id='block_1_82' title="bbox 189 4636 1849 4710">
    <p class='ocr_par' dir='ltr' id='par_1_82' title="bbox 189 4636 1849 4710">
     <span class='ocr_line' id='line_1_82' title="bbox 189 4636 1849 4710; baseline -0.003 -14"><span class='ocrx_word' id='word_1_636' title='bbox 189 4637 292 4696; x_wconf 85' lang='lat' dir='ltr'><strong>Dei</strong></span> <span class='ocrx_word' id='word_1_637' title='bbox 325 4636 542 4694; x_wconf 89' lang='lat' dir='ltr'><strong>asseris</strong></span> <span class='ocrx_word' id='word_1_638' title='bbox 560 4637 781 4710; x_wconf 68' lang='lat' dir='ltr'><strong>gratiae,</strong></span> <span class='ocrx_word' id='word_1_639' title='bbox 809 4641 1028 4705; x_wconf 88' lang='lat' dir='ltr'><strong>utrum,</strong></span> <span class='ocrx_word' id='word_1_640' title='bbox 1050 4638 1121 4692; x_wconf 89' lang='lat' dir='ltr'><strong>ad</strong></span> <span class='ocrx_word' id='word_1_641' title='bbox 1144 4636 1499 4692; x_wconf 89' lang='lat' dir='ltr'><strong>conditionis</strong></span> <span class='ocrx_word' id='word_1_642' title='bbox 1522 4637 1741 4692; x_wconf 78' lang='lat' dir='ltr'><strong>referas</strong></span> <span class='ocrx_word' id='word_1_643' title='bbox 1755 4637 1849 4691; x_wconf 86' lang='lat' dir='ltr'><strong>be-</strong></span> 
     </span>
    </p>
   </div>
   <div class='ocr_carea' id='block_1_83' title="bbox 192 4723 1849 4797">
    <p class='ocr_par' dir='ltr' id='par_1_83' title="bbox 192 4723 1849 4797">
     <span class='ocr_line' id='line_1_83' title="bbox 192 4723 1849 4797; baseline -0.004 -12"><span class='ocrx_word' id='word_1_644' title='bbox 192 4724 494 4793; x_wconf 83' lang='lat' dir='ltr'><strong>neficium,</strong></span> <span class='ocrx_word' id='word_1_645' title='bbox 528 4741 601 4781; x_wconf 91' lang='lat' dir='ltr'><strong>an</strong></span> <span class='ocrx_word' id='word_1_646' title='bbox 629 4724 691 4780; x_wconf 92' lang='lat' dir='ltr'><strong>in</strong></span> <span class='ocrx_word' id='word_1_647' title='bbox 723 4723 975 4797; x_wconf 88' lang='lat' dir='ltr'><strong>singulis</strong></span> <span class='ocrx_word' id='word_1_648' title='bbox 992 4725 1169 4781; x_wconf 91' lang='lat' dir='ltr'><strong>rebus</strong></span> <span class='ocrx_word' id='word_1_649' title='bbox 1201 4730 1369 4797; x_wconf 90' lang='lat' dir='ltr'><strong>putes</strong></span> <span class='ocrx_word' id='word_1_650' title='bbox 1386 4741 1514 4781; x_wconf 91' lang='lat' dir='ltr'><strong>esse</strong></span> <span class='ocrx_word' id='word_1_651' title='bbox 1533 4741 1682 4797; x_wconf 90' lang='lat' dir='ltr'><strong>quas</strong></span> <span class='ocrx_word' id='word_1_652' title='bbox 1700 4726 1849 4797; x_wconf 86' lang='lat' dir='ltr'><strong>geri-</strong></span> 
     </span>
    </p>
   </div>
   <div class='ocr_carea' id='block_1_84' title="bbox 196 4811 1848 4882">
    <p class='ocr_par' dir='ltr' id='par_1_84' title="bbox 196 4811 1848 4882">
     <span class='ocr_line' id='line_1_84' title="bbox 196 4811 1848 4882; baseline -0.004 -8"><span class='ocrx_word' id='word_1_653' title='bbox 196 4822 350 4882; x_wconf 82' lang='lat' dir='ltr'><strong>mus,</strong></span> <span class='ocrx_word' id='word_1_654' title='bbox 380 4818 448 4870; x_wconf 86' lang='lat' dir='ltr'><strong>ut</strong></span> <span class='ocrx_word' id='word_1_655' title='bbox 476 4811 699 4870; x_wconf 89' lang='lat' dir='ltr'><strong>scilicet</strong></span> <span class='ocrx_word' id='word_1_656' title='bbox 728 4812 886 4869; x_wconf 90' lang='lat' dir='ltr'><strong>illius</strong></span> <span class='ocrx_word' id='word_1_657' title='bbox 917 4813 977 4869; x_wconf 90' lang='lat' dir='ltr'><strong>in</strong></span> <span class='ocrx_word' id='word_1_658' title='bbox 1010 4814 1287 4870; x_wconf 91' lang='lat' dir='ltr'><strong>omnibus</strong></span> <span class='ocrx_word' id='word_1_659' title='bbox 1321 4820 1565 4871; x_wconf 89' lang='lat' dir='ltr'><strong>utamur</strong></span> <span class='ocrx_word' id='word_1_660' title='bbox 1595 4814 1810 4871; x_wconf 84' lang='lat' dir='ltr'><strong>auxilio</strong></span> <span class='ocrx_word' id='word_1_661' title='bbox 1835 4832 1848 4882; x_wconf 92' lang='lat'><strong>;</strong></span> 
     </span>
    </p>
   </div>
   <div class='ocr_carea' id='block_1_85' title="bbox 194 4902 1851 4971">
    <p class='ocr_par' dir='ltr' id='par_1_85' title="bbox 194 4902 1851 4971">
     <span class='ocr_line' id='line_1_85' title="bbox 194 4902 1851 4971; baseline -0.002 -7"><span class='ocrx_word' id='word_1_662' title='bbox 194 4925 267 4964; x_wconf 88' lang='lat' dir='ltr'><strong>an</strong></span> <span class='ocrx_word' id='word_1_663' title='bbox 301 4903 484 4964; x_wconf 87' lang='lat' dir='ltr'><strong>semel</strong></span> <span class='ocrx_word' id='word_1_664' title='bbox 517 4904 588 4959; x_wconf 90' lang='lat' dir='ltr'><strong>ab</strong></span> <span class='ocrx_word' id='word_1_665' title='bbox 619 4920 685 4960; x_wconf 90' lang='lat' dir='ltr'><strong>eo</strong></span> <span class='ocrx_word' id='word_1_666' title='bbox 714 4902 882 4959; x_wconf 88' lang='lat' dir='ltr'><strong>liberi</strong></span> <span class='ocrx_word' id='word_1_667' title='bbox 907 4904 1133 4959; x_wconf 92' lang='lat' dir='ltr'><strong>arbitrii</strong></span> <span class='ocrx_word' id='word_1_668' title='bbox 1154 4904 1393 4971; x_wconf 88' lang='lat' dir='ltr'><strong>conditi,</strong></span> <span class='ocrx_word' id='word_1_669' title='bbox 1430 4909 1630 4960; x_wconf 85' lang='lat' dir='ltr'><strong>nostra</strong></span> <span class='ocrx_word' id='word_1_670' title='bbox 1648 4902 1851 4960; x_wconf 89' lang='lat' dir='ltr'><strong>volun-</strong></span> 
     </span>
    </p>
   </div>
   <div class='ocr_carea' id='block_1_86' title="bbox 195 4982 1852 5065">
    <p class='ocr_par' dir='ltr' id='par_1_86' title="bbox 195 4982 1852 5065">
     <span class='ocr_line' id='line_1_86' title="bbox 195 4982 1852 5065; baseline -0.002 -13"><span class='ocrx_word' id='word_1_671' title='bbox 195 4990 314 5052; x_wconf 76' lang='lat' dir='ltr'><strong>tate</strong></span> <span class='ocrx_word' id='word_1_672' title='bbox 372 4991 462 5049; x_wconf 76' lang='lat' dir='ltr'><strong>vel</strong></span> <span class='ocrx_word' id='word_1_673' title='bbox 508 4982 739 5048; x_wconf 79' lang='lat' dir='ltr'><strong>viribus</strong></span> <span class='ocrx_word' id='word_1_674' title='bbox 797 5008 1044 5065; x_wconf 88' lang='lat' dir='ltr'><strong>agamus</strong></span> <span class='ocrx_word' id='word_1_675' title='bbox 1116 4994 1271 5065; x_wconf 91' lang='lat' dir='ltr'><strong>quod</strong></span> <span class='ocrx_word' id='word_1_676' title='bbox 1321 4992 1653 5048; x_wconf 87' lang='lat' dir='ltr'><strong>volumus?</strong></span> <span class='ocrx_word' id='word_1_677' title='bbox 1711 4994 1852 5049; x_wconf 90' lang='lat' dir='ltr'><strong>Novi</strong></span> 
     </span>
    </p>
   </div>
   <div class='ocr_carea' id='block_1_87' title="bbox 197 5079 1857 5154">
    <p class='ocr_par' dir='ltr' id='par_1_87' title="bbox 197 5079 1857 5154">
     <span class='ocr_line' id='line_1_87' title="bbox 197 5079 1857 5154; baseline -0.001 -13"><span class='ocrx_word' id='word_1_678' title='bbox 197 5084 382 5150; x_wconf 90' lang='lat' dir='ltr'><strong>enim,</strong></span> <span class='ocrx_word' id='word_1_679' title='bbox 415 5079 729 5154; x_wconf 89' lang='lat' dir='ltr'><strong>plerosque</strong></span> <span class='ocrx_word' id='word_1_680' title='bbox 757 5084 1018 5137; x_wconf 85' lang='lat' dir='ltr'><strong>vestrum</strong></span> <span class='ocrx_word' id='word_1_681' title='bbox 1050 5080 1133 5136; x_wconf 90' lang='lat' dir='ltr'><strong>ita</strong></span> <span class='ocrx_word' id='word_1_682' title='bbox 1162 5083 1234 5137; x_wconf 88' lang='lat' dir='ltr'><strong>ad</strong></span> <span class='ocrx_word' id='word_1_683' title='bbox 1265 5080 1366 5138; x_wconf 91' lang='lat' dir='ltr'><strong>Dei</strong></span> <span class='ocrx_word' id='word_1_684' title='bbox 1405 5085 1612 5138; x_wconf 91' lang='lat' dir='ltr'><strong>cuncta</strong></span> <span class='ocrx_word' id='word_1_685' title='bbox 1641 5081 1857 5140; x_wconf 88' lang='lat' dir='ltr'><strong>referre</strong></span> 
     </span>
    </p>
   </div>
   <div class='ocr_carea' id='block_1_88' title="bbox 198 5169 1855 5249">
    <p class='ocr_par' dir='ltr' id='par_1_88' title="bbox 198 5169 1855 5249">
     <span class='ocr_line' id='line_1_88' title="bbox 198 5169 1855 5249; baseline -0.002 -19"><span class='ocrx_word' id='word_1_686' title='bbox 198 5171 479 5249; x_wconf 86' lang='lat' dir='ltr'><strong>gratiam,</strong></span> <span class='ocrx_word' id='word_1_687' title='bbox 511 5173 576 5225; x_wconf 92' lang='lat' dir='ltr'><strong>ut</strong></span> <span class='ocrx_word' id='word_1_688' title='bbox 606 5186 720 5225; x_wconf 90' lang='lat' dir='ltr'><strong>non</strong></span> <span class='ocrx_word' id='word_1_689' title='bbox 751 5169 811 5225; x_wconf 91' lang='lat' dir='ltr'>in</span> <span class='ocrx_word' id='word_1_690' title='bbox 843 5170 1129 5242; x_wconf 88' lang='lat' dir='ltr'><strong>partibus,</strong></span> <span class='ocrx_word' id='word_1_691' title='bbox 1164 5170 1264 5226; x_wconf 90' lang='lat' dir='ltr'><strong>sed</strong></span> <span class='ocrx_word' id='word_1_692' title='bbox 1284 5170 1342 5225; x_wconf 94' lang='lat' dir='ltr'><strong>in</strong></span> <span class='ocrx_word' id='word_1_693' title='bbox 1367 5186 1596 5243; x_wconf 87' lang='lat' dir='ltr'><strong>genere,</strong></span> <span class='ocrx_word' id='word_1_694' title='bbox 1620 5169 1728 5226; x_wconf 91' lang='lat' dir='ltr'><strong>hoc</strong></span> <span class='ocrx_word' id='word_1_695' title='bbox 1747 5176 1855 5239; x_wconf 88' lang='lat' dir='ltr'><strong>est,</strong></span> 
     </span>
    </p>
   </div>
   <div class='ocr_carea' id='block_1_89' title="bbox 199 5258 1859 5337">
    <p class='ocr_par' dir='ltr' id='par_1_89' title="bbox 199 5258 1859 5337">
     <span class='ocr_line' id='line_1_89' title="bbox 199 5258 1859 5337; baseline -0.003 -16"><span class='ocrx_word' id='word_1_696' title='bbox 199 5276 578 5337; x_wconf 83' lang='lat' dir='ltr'><strong>nequaquam</strong></span> <span class='ocrx_word' id='word_1_697' title='bbox 597 5258 659 5315; x_wconf 89' lang='lat' dir='ltr'><strong>in</strong></span> <span class='ocrx_word' id='word_1_698' title='bbox 687 5258 938 5333; x_wconf 86' lang='lat' dir='ltr'><strong>singulis</strong></span> <span class='ocrx_word' id='word_1_699' title='bbox 952 5260 1151 5329; x_wconf 89' lang='lat' dir='ltr'><strong>rebus,</strong></span> <span class='ocrx_word' id='word_1_700' title='bbox 1165 5260 1263 5316; x_wconf 92' lang='lat' dir='ltr'><strong>sed</strong></span> <span class='ocrx_word' id='word_1_701' title='bbox 1286 5258 1343 5315; x_wconf 91' lang='lat' dir='ltr'><strong>in</strong></span> <span class='ocrx_word' id='word_1_702' title='bbox 1361 5258 1691 5317; x_wconf 89' lang='lat' dir='ltr'><strong>conditione</strong></span> <span class='ocrx_word' id='word_1_703' title='bbox 1710 5260 1859 5316; x_wconf 87' lang='lat' dir='ltr'><strong>arbi-</strong></span> 
     </span>
    </p>
   </div>
   <div class='ocr_carea' id='block_1_90' title="bbox 272 5454 1860 5531">
    <p class='ocr_par' dir='ltr' id='par_1_90' title="bbox 272 5454 1860 5531">
     <span class='ocr_line' id='line_1_90' title="bbox 272 5454 1860 5531; baseline -0.002 -14"><span class='ocrx_word' id='word_1_704' title='bbox 272 5460 290 5498; x_wconf 74' lang='grc'>³</span> <span class='ocrx_word' id='word_1_705' title='bbox 322 5454 692 5531; x_wconf 84' lang='lat' dir='ltr'><strong>Benedictini</strong></span> <span class='ocrx_word' id='word_1_706' title='bbox 714 5455 985 5531; x_wconf 83' lang='lat' dir='ltr'><strong>monachi</strong></span> <span class='ocrx_word' id='word_1_707' title='bbox 1011 5457 1069 5512; x_wconf 83' lang='lat' dir='ltr'><strong>S.</strong></span> <span class='ocrx_word' id='word_1_708' title='bbox 1092 5456 1403 5531; x_wconf 83' lang='lat' dir='ltr'><strong>Augustini</strong></span> <span class='ocrx_word' id='word_1_709' title='bbox 1422 5456 1674 5514; x_wconf 87' lang='lat' dir='ltr'><strong>editores</strong></span> <span class='ocrx_word' id='word_1_710' title='bbox 1694 5473 1860 5515; x_wconf 90' lang='lat' dir='ltr'><strong>cons-</strong></span> 
     </span>
    </p>
   </div>
   <div class='ocr_carea' id='block_1_91' title="bbox 203 5528 1088 5591">
    <p class='ocr_par' dir='ltr' id='par_1_91' title="bbox 203 5528 1088 5591">
     <span class='ocr_line' id='line_1_91' title="bbox 203 5528 1088 5591; baseline -0.007 0"><span class='ocrx_word' id='word_1_711' title='bbox 203 5538 399 5591; x_wconf 67' lang='lat' dir='ltr'><strong>tenter</strong></span> <span class='ocrx_word' id='word_1_712' title='bbox 428 5528 777 5589; x_wconf 82' lang='lat' dir='ltr'><strong>Cretobulum</strong></span> <span class='ocrx_word' id='word_1_713' title='bbox 807 5528 1088 5586; x_wconf 86' lang='lat' dir='ltr'><strong>scribunt.</strong></span> 
     </span>
    </p>
   </div>
   <div class='ocr_carea' id='block_1_92' title="bbox 273 5600 1859 5674">
    <p class='ocr_par' dir='ltr' id='par_1_92' title="bbox 273 5600 1859 5674">
     <span class='ocr_line' id='line_1_92' title="bbox 273 5600 1859 5674; baseline -0.001 -13"><span class='ocrx_word' id='word_1_714' title='bbox 273 5609 294 5642; x_wconf 78' lang='grc'>³</span> <span class='ocrx_word' id='word_1_715' title='bbox 324 5603 461 5661; x_wconf 79' lang='lat' dir='ltr'><strong>Vid.</strong></span> <span class='ocrx_word' id='word_1_716' title='bbox 494 5614 702 5656; x_wconf 86' lang='lat' dir='ltr'><strong>rursus</strong></span> <span class='ocrx_word' id='word_1_717' title='bbox 729 5601 1041 5674; x_wconf 83' lang='lat' dir='ltr'><strong>Augustini</strong></span> <span class='ocrx_word' id='word_1_718' title='bbox 1074 5601 1290 5658; x_wconf 89' lang='lat' dir='ltr'><strong>librum</strong></span> <span class='ocrx_word' id='word_1_719' title='bbox 1321 5600 1386 5659; x_wconf 83' lang='lat' dir='ltr'><strong>de</strong></span> <span class='ocrx_word' id='word_1_720' title='bbox 1416 5600 1589 5659; x_wconf 72' lang='lat' dir='ltr'><strong>Gestis</strong></span> <span class='ocrx_word' id='word_1_721' title='bbox 1620 5603 1859 5674; x_wconf 82' lang='lat' dir='ltr'><strong>Pelagii,</strong></span> 
     </span>
    </p>
   </div>
   <div class='ocr_carea' id='block_1_93' title="bbox 212 5672 1089 5747">
    <p class='ocr_par' dir='ltr' id='par_1_93' title="bbox 212 5672 1089 5747">
     <span class='ocr_line' id='line_1_93' title="bbox 212 5672 1089 5747; baseline -0.009 -10"><span class='ocrx_word' id='word_1_722' title='bbox 212 5690 263 5737; x_wconf 79' lang='grc' dir='ltr'><strong>σ.</strong></span> <span class='ocrx_word' id='word_1_723' title='bbox 299 5679 391 5747; x_wconf 77' lang='lat' dir='ltr'><strong>Io,</strong></span> <span class='ocrx_word' id='word_1_724' title='bbox 423 5690 484 5734; x_wconf 77' lang='grc' dir='ltr'><strong>ιι.</strong></span> <span class='ocrx_word' id='word_1_725' title='bbox 514 5675 608 5742; x_wconf 88' lang='lat'><strong>22,</strong></span> <span class='ocrx_word' id='word_1_726' title='bbox 638 5675 696 5729; x_wconf 90' lang='lat' dir='ltr'><strong>et</strong></span> <span class='ocrx_word' id='word_1_727' title='bbox 724 5672 903 5739; x_wconf 54' lang='lat'><strong>14,11.</strong></span> <span class='ocrx_word' id='word_1_728' title='bbox 936 5674 1025 5731; x_wconf 87' lang='lat'><strong>30.</strong></span> <span class='ocrx_word' id='word_1_729' title='bbox 1082 5696 1089 5699; x_wconf 63' lang='grc' dir='ltr'><strong>τ</strong></span> 
     </span>
    </p>
   </div>
   <div class='ocr_carea' id='block_1_94' title="bbox 533 5798 1059 5868">
    <p class='ocr_par' dir='ltr' id='par_1_94' title="bbox 533 5798 1059 5868">
     <span class='ocr_line' id='line_1_94' title="bbox 533 5798 1059 5868; baseline 0 -1"><span class='ocrx_word' id='word_1_730' title='bbox 533 5801 798 5867; x_wconf 56' lang='lat' dir='ltr'><strong>Parant.</strong></span> <span class='ocrx_word' id='word_1_731' title='bbox 843 5798 1059 5868; x_wconf 80' lang='lat' dir='ltr'><strong>XXIII.</strong></span> 
     </span>
    </p>
   </div>
   <div class='ocr_carea' id='block_1_95' title="bbox 1943 3300 3589 3375">
    <p class='ocr_par' dir='ltr' id='par_1_95' title="bbox 1943 3300 3589 3375">
     <span class='ocr_line' id='line_1_95' title="bbox 1943 3300 3589 3375; baseline -0.002 -13"><span class='ocrx_word' id='word_1_732' title='bbox 1943 3307 2000 3362; x_wconf 79' lang='grc' dir='ltr'><strong>ϐ.</strong></span> <span class='ocrx_word' id='word_1_733' title='bbox 2036 3308 2094 3361; x_wconf 91' lang='lat' dir='ltr'><strong>In</strong></span> <span class='ocrx_word' id='word_1_734' title='bbox 2120 3321 2233 3375; x_wconf 90' lang='lat' dir='ltr'><strong>quo</strong></span> <span class='ocrx_word' id='word_1_735' title='bbox 2263 3302 2440 3375; x_wconf 88' lang='lat' dir='ltr'><strong>igitur</strong></span> <span class='ocrx_word' id='word_1_736' title='bbox 2460 3301 2710 3357; x_wconf 89' lang='lat' dir='ltr'><strong>liberum</strong></span> <span class='ocrx_word' id='word_1_737' title='bbox 2742 3300 3030 3357; x_wconf 85' lang='lat' dir='ltr'><strong>habemus</strong></span> <span class='ocrx_word' id='word_1_738' title='bbox 3058 3301 3456 3371; x_wconf 89' lang='lat' dir='ltr'><strong>arbitrium,et</strong></span> <span class='ocrx_word' id='word_1_739' title='bbox 3486 3302 3589 3359; x_wconf 89' lang='lat' dir='ltr'><strong>Dei</strong></span> 
     </span>
    </p>
   </div>
   <div class='ocr_carea' id='block_1_96' title="bbox 1942 3390 3589 3465">
    <p class='ocr_par' dir='ltr' id='par_1_96' title="bbox 1942 3390 3589 3465">
     <span class='ocr_line' id='line_1_96' title="bbox 1942 3390 3589 3465; baseline -0.001 -15"><span class='ocrx_word' id='word_1_740' title='bbox 1942 3398 2002 3450; x_wconf 93' lang='lat' dir='ltr'>in</span> <span class='ocrx_word' id='word_1_741' title='bbox 2033 3411 2138 3450; x_wconf 90' lang='lat' dir='ltr'><strong>nos</strong></span> <span class='ocrx_word' id='word_1_742' title='bbox 2169 3391 2357 3465; x_wconf 85' lang='lat' dir='ltr'><strong>gratia</strong></span> <span class='ocrx_word' id='word_1_743' title='bbox 2401 3390 2749 3459; x_wconf 90' lang='lat' dir='ltr'><strong>custoditur,</strong></span> <span class='ocrx_word' id='word_1_744' title='bbox 2776 3390 2823 3445; x_wconf 91' lang='lat' dir='ltr'><strong>si</strong></span> <span class='ocrx_word' id='word_1_745' title='bbox 2857 3406 2930 3445; x_wconf 92' lang='lat' dir='ltr'><strong>ne</strong></span> <span class='ocrx_word' id='word_1_746' title='bbox 2958 3390 3066 3446; x_wconf 89' lang='lat' dir='ltr'><strong>hoc</strong></span> <span class='ocrx_word' id='word_1_747' title='bbox 3093 3391 3329 3464; x_wconf 90' lang='lat' dir='ltr'><strong>quidem</strong></span> <span class='ocrx_word' id='word_1_748' title='bbox 3364 3393 3589 3465; x_wconf 90' lang='lat' dir='ltr'><strong>absque</strong></span> 
     </span>
    </p>
   </div>
   <div class='ocr_carea' id='block_1_97' title="bbox 1941 3478 2665 3555">
    <p class='ocr_par' dir='ltr' id='par_1_97' title="bbox 1941 3478 2665 3555">
     <span class='ocr_line' id='line_1_97' title="bbox 1941 3478 2665 3555; baseline -0.01 -15"><span class='ocrx_word' id='word_1_749' title='bbox 1941 3485 2059 3540; x_wconf 93' lang='lat' dir='ltr'><strong>Deo</strong></span> <span class='ocrx_word' id='word_1_750' title='bbox 2091 3497 2406 3555; x_wconf 87' lang='lat' dir='ltr'><strong>possumus</strong></span> <span class='ocrx_word' id='word_1_751' title='bbox 2439 3478 2665 3534; x_wconf 82' lang='lat' dir='ltr'><strong>facere?</strong></span> 
     </span>
    </p>
   </div>
   <div class='ocr_carea' id='block_1_98' title="bbox 2015 3568 3598 3643">
    <p class='ocr_par' dir='ltr' id='par_1_98' title="bbox 2015 3568 3598 3643">
     <span class='ocr_line' id='line_1_98' title="bbox 2015 3568 3598 3643; baseline -0.001 -15"><span class='ocrx_word' id='word_1_752' title='bbox 2015 3578 2066 3628; x_wconf 71' lang='lat'><strong>4.</strong></span> <span class='ocrx_word' id='word_1_753' title='bbox 2102 3569 2379 3643; x_wconf 82' lang='lat' dir='ltr'><strong>Quomodo</strong></span> <span class='ocrx_word' id='word_1_754' title='bbox 2409 3570 2609 3626; x_wconf 82' lang='lat' dir='ltr'><strong>datum</strong></span> <span class='ocrx_word' id='word_1_755' title='bbox 2668 3568 2904 3623; x_wconf 86' lang='lat' dir='ltr'><strong>liberum</strong></span> <span class='ocrx_word' id='word_1_756' title='bbox 2968 3569 3284 3625; x_wconf 74' lang='lat' dir='ltr'><strong>arbitrium.</strong></span> <span class='ocrx_word' id='word_1_757' title='bbox 3327 3571 3598 3627; x_wconf 79' lang='lat' dir='ltr'><strong>Libertati</strong></span> 
     </span>
    </p>
   </div>
   <div class='ocr_carea' id='block_1_99' title="bbox 1943 3657 3597 3732">
    <p class='ocr_par' dir='ltr' id='par_1_99' title="bbox 1943 3657 3597 3732">
     <span class='ocr_line' id='line_1_99' title="bbox 1943 3657 3597 3732; baseline -0.004 -13"><span class='ocrx_word' id='word_1_758' title='bbox 1943 3679 2052 3718; x_wconf 80' lang='lat' dir='ltr'><strong>non</strong></span> <span class='ocrx_word' id='word_1_759' title='bbox 2086 3660 2259 3732; x_wconf 68' lang='lat' dir='ltr'><strong>ofﬁcit</strong></span> <span class='ocrx_word' id='word_1_760' title='bbox 2316 3659 2411 3713; x_wconf 86' lang='lat' dir='ltr'><strong>Dei</strong></span> <span class='ocrx_word' id='word_1_761' title='bbox 2457 3658 2658 3729; x_wconf 81' lang='lat' dir='ltr'><strong>gratia.</strong></span> <span class='ocrx_word' id='word_1_762' title='bbox 2693 3689 2760 3697; x_wconf 90' lang='lat'><strong>—-</strong></span> <span class='ocrx_word' id='word_1_763' title='bbox 2784 3659 2847 3712; x_wconf 88' lang='lat' dir='ltr'><strong>A.</strong></span> <span class='ocrx_word' id='word_1_764' title='bbox 2889 3657 3013 3711; x_wconf 87' lang='lat' dir='ltr'><strong>Non</strong></span> <span class='ocrx_word' id='word_1_765' title='bbox 3048 3658 3133 3713; x_wconf 93' lang='lat' dir='ltr'><strong>sic</strong></span> <span class='ocrx_word' id='word_1_766' title='bbox 3164 3658 3379 3714; x_wconf 90' lang='lat' dir='ltr'><strong>donata</strong></span> <span class='ocrx_word' id='word_1_767' title='bbox 3403 3664 3493 3715; x_wconf 89' lang='lat' dir='ltr'><strong>est</strong></span> <span class='ocrx_word' id='word_1_768' title='bbox 3522 3660 3597 3714; x_wconf 85' lang='lat' dir='ltr'><strong>li-</strong></span> 
     </span>
    </p>
   </div>
   <div class='ocr_carea' id='block_1_100' title="bbox 1946 3745 3599 3821">
    <p class='ocr_par' dir='ltr' id='par_1_100' title="bbox 1946 3745 3599 3821">
     <span class='ocr_line' id='line_1_100' title="bbox 1946 3745 3599 3821; baseline -0.004 -14"><span class='ocrx_word' id='word_1_769' title='bbox 1946 3752 2067 3809; x_wconf 90' lang='lat' dir='ltr'><strong>beri</strong></span> <span class='ocrx_word' id='word_1_770' title='bbox 2098 3746 2322 3805; x_wconf 91' lang='lat' dir='ltr'><strong>arbitrii</strong></span> <span class='ocrx_word' id='word_1_771' title='bbox 2354 3746 2748 3821; x_wconf 88' lang='lat' dir='ltr'><strong>gratia,utDei</strong></span> <span class='ocrx_word' id='word_1_772' title='bbox 2771 3762 2873 3816; x_wconf 88' lang='lat' dir='ltr'><strong>per</strong></span> <span class='ocrx_word' id='word_1_773' title='bbox 2893 3745 3125 3818; x_wconf 89' lang='lat' dir='ltr'><strong>singula</strong></span> <span class='ocrx_word' id='word_1_774' title='bbox 3154 3745 3392 3802; x_wconf 88' lang='lat' dir='ltr'><strong>tollatur</strong></span> <span class='ocrx_word' id='word_1_775' title='bbox 3417 3747 3599 3803; x_wconf 90' lang='lat' dir='ltr'><strong>admi-</strong></span> 
     </span>
    </p>
   </div>
   <div class='ocr_carea' id='block_1_101' title="bbox 1948 3833 3597 3903">
    <p class='ocr_par' dir='ltr' id='par_1_101' title="bbox 1948 3833 3597 3903">
     <span class='ocr_line' id='line_1_101' title="bbox 1948 3833 3597 3903; baseline -0.003 -8"><span class='ocrx_word' id='word_1_776' title='bbox 1948 3838 2234 3896; x_wconf 91' lang='lat' dir='ltr'><strong>niculum.</strong></span> <span class='ocrx_word' id='word_1_777' title='bbox 2293 3836 2350 3891; x_wconf 85' lang='lat' dir='ltr'><strong>C.</strong></span> <span class='ocrx_word' id='word_1_778' title='bbox 2406 3836 2531 3891; x_wconf 88' lang='lat' dir='ltr'><strong>Non</strong></span> <span class='ocrx_word' id='word_1_779' title='bbox 2590 3833 2818 3890; x_wconf 87' lang='lat' dir='ltr'><strong>tollitur</strong></span> <span class='ocrx_word' id='word_1_780' title='bbox 2871 3834 2969 3889; x_wconf 92' lang='lat' dir='ltr'><strong>Dei</strong></span> <span class='ocrx_word' id='word_1_781' title='bbox 3027 3834 3409 3903; x_wconf 80' lang='lat' dir='ltr'><strong>adiutorium,</strong></span> <span class='ocrx_word' id='word_1_782' title='bbox 3463 3852 3597 3890; x_wconf 92' lang='lat' dir='ltr'><strong>cum</strong></span> 
     </span>
    </p>
   </div>
   <div class='ocr_carea' id='block_1_102' title="bbox 1952 3920 3604 3993">
    <p class='ocr_par' dir='ltr' id='par_1_102' title="bbox 1952 3920 3604 3993">
     <span class='ocr_line' id='line_1_102' title="bbox 1952 3920 3604 3993; baseline -0.003 -9"><span class='ocrx_word' id='word_1_783' title='bbox 1952 3932 2229 3984; x_wconf 60' lang='lat' dir='ltr'><strong>creaturae</strong></span> <span class='ocrx_word' id='word_1_784' title='bbox 2261 3941 2327 3978; x_wconf 87' lang='lat' dir='ltr'><strong>ex</strong></span> <span class='ocrx_word' id='word_1_785' title='bbox 2354 3921 2534 3978; x_wconf 91' lang='lat' dir='ltr'><strong>semel</strong></span> <span class='ocrx_word' id='word_1_786' title='bbox 2565 3921 2682 3975; x_wconf 88' lang='lat' dir='ltr'><strong>dati</strong></span> <span class='ocrx_word' id='word_1_787' title='bbox 2715 3920 2881 3976; x_wconf 91' lang='lat' dir='ltr'><strong>liberi</strong></span> <span class='ocrx_word' id='word_1_788' title='bbox 2915 3921 3136 3976; x_wconf 89' lang='lat' dir='ltr'><strong>arbitrii</strong></span> <span class='ocrx_word' id='word_1_789' title='bbox 3164 3922 3354 3993; x_wconf 89' lang='lat' dir='ltr'><strong>gratia</strong></span> <span class='ocrx_word' id='word_1_790' title='bbox 3374 3938 3604 3979; x_wconf 89' lang='lat' dir='ltr'><strong>conser-</strong></span> 
     </span>
    </p>
   </div>
   <div class='ocr_carea' id='block_1_103' title="bbox 1949 4009 3601 4085">
    <p class='ocr_par' dir='ltr' id='par_1_103' title="bbox 1949 4009 3601 4085">
     <span class='ocr_line' id='line_1_103' title="bbox 1949 4009 3601 4085; baseline -0.003 -12"><span class='ocrx_word' id='word_1_791' title='bbox 1949 4022 2160 4073; x_wconf 89' lang='lat' dir='ltr'><strong>ventur</strong></span> <span class='ocrx_word' id='word_1_792' title='bbox 2178 4015 2220 4068; x_wconf 81' lang='grc'><strong>³.</strong></span> <span class='ocrx_word' id='word_1_793' title='bbox 2244 4012 2304 4067; x_wconf 92' lang='lat' dir='ltr'><strong>Si</strong></span> <span class='ocrx_word' id='word_1_794' title='bbox 2359 4013 2515 4066; x_wconf 91' lang='lat' dir='ltr'><strong>enim</strong></span> <span class='ocrx_word' id='word_1_795' title='bbox 2566 4011 2788 4081; x_wconf 85' lang='lat' dir='ltr'><strong>absque</strong></span> <span class='ocrx_word' id='word_1_796' title='bbox 2819 4009 2957 4074; x_wconf 84' lang='lat' dir='ltr'><strong>Deo,</strong></span> <span class='ocrx_word' id='word_1_797' title='bbox 3007 4014 3063 4064; x_wconf 93' lang='lat' dir='ltr'><strong>et</strong></span> <span class='ocrx_word' id='word_1_798' title='bbox 3091 4009 3204 4065; x_wconf 88' lang='lat' dir='ltr'><strong>nisi</strong></span> <span class='ocrx_word' id='word_1_799' title='bbox 3237 4026 3339 4082; x_wconf 91' lang='lat' dir='ltr'><strong>per</strong></span> <span class='ocrx_word' id='word_1_800' title='bbox 3368 4011 3601 4085; x_wconf 87' lang='lat' dir='ltr'><strong>singula</strong></span> 
     </span>
    </p>
   </div>
   <div class='ocr_carea' id='block_1_104' title="bbox 1949 4098 3602 4173">
    <p class='ocr_par' dir='ltr' id='par_1_104' title="bbox 1949 4098 3602 4173">
     <span class='ocr_line' id='line_1_104' title="bbox 1949 4098 3602 4173; baseline -0.003 -13"><span class='ocrx_word' id='word_1_801' title='bbox 1949 4104 2047 4168; x_wconf 84' lang='lat' dir='ltr'><strong>ille</strong></span> <span class='ocrx_word' id='word_1_802' title='bbox 2080 4118 2171 4158; x_wconf 91' lang='lat' dir='ltr'><strong>me</strong></span> <span class='ocrx_word' id='word_1_803' title='bbox 2193 4099 2434 4173; x_wconf 87' lang='lat' dir='ltr'><strong>juverit,</strong></span> <span class='ocrx_word' id='word_1_804' title='bbox 2468 4098 2613 4153; x_wconf 91' lang='lat' dir='ltr'><strong>nihil</strong></span> <span class='ocrx_word' id='word_1_805' title='bbox 2647 4114 2887 4169; x_wconf 89' lang='lat' dir='ltr'><strong>possum</strong></span> <span class='ocrx_word' id='word_1_806' title='bbox 2922 4115 3127 4169; x_wconf 86' lang='lat' dir='ltr'><strong>agere:</strong></span> <span class='ocrx_word' id='word_1_807' title='bbox 3162 4116 3268 4156; x_wconf 90' lang='lat' dir='ltr'><strong>nec</strong></span> <span class='ocrx_word' id='word_1_808' title='bbox 3298 4117 3402 4172; x_wconf 90' lang='lat' dir='ltr'><strong>pro</strong></span> <span class='ocrx_word' id='word_1_809' title='bbox 3432 4099 3602 4165; x_wconf 70' lang='lat' dir='ltr'><strong>bonis</strong></span> 
     </span>
    </p>
   </div>
   <div class='ocr_carea' id='block_1_105' title="bbox 1952 4186 3600 4265">
    <p class='ocr_par' dir='ltr' id='par_1_105' title="bbox 1952 4186 3600 4265">
     <span class='ocr_line' id='line_1_105' title="bbox 1952 4186 3600 4265; baseline -0.002 -15"><span class='ocrx_word' id='word_1_810' title='bbox 1952 4210 2045 4249; x_wconf 91' lang='lat' dir='ltr'><strong>me</strong></span> <span class='ocrx_word' id='word_1_811' title='bbox 2068 4195 2229 4265; x_wconf 89' lang='lat' dir='ltr'><strong>juste</strong></span> <span class='ocrx_word' id='word_1_812' title='bbox 2251 4188 2525 4261; x_wconf 89' lang='lat' dir='ltr'><strong>operibus</strong></span> <span class='ocrx_word' id='word_1_813' title='bbox 2555 4186 2989 4255; x_wconf 77' lang='lat' dir='ltr'><strong>coronabit,ne3</strong></span> <span class='ocrx_word' id='word_1_814' title='bbox 3021 4188 3241 4261; x_wconf 80' lang='lat' dir='ltr'><strong>affliget</strong></span> <span class='ocrx_word' id='word_1_815' title='bbox 3270 4207 3378 4262; x_wconf 91' lang='lat' dir='ltr'><strong>pro</strong></span> <span class='ocrx_word' id='word_1_816' title='bbox 3406 4190 3600 4259; x_wconf 89' lang='lat' dir='ltr'><strong>malis;</strong></span> 
     </span>
    </p>
   </div>
   <div class='ocr_carea' id='block_1_106' title="bbox 1953 4276 3711 4350">
    <p class='ocr_par' dir='ltr' id='par_1_106' title="bbox 1953 4276 3711 4350">
     <span class='ocr_line' id='line_1_106' title="bbox 1953 4276 3711 4350; baseline -0.006 -11"><span class='ocrx_word' id='word_1_817' title='bbox 1953 4282 2054 4339; x_wconf 90' lang='lat' dir='ltr'><strong>sed</strong></span> <span class='ocrx_word' id='word_1_818' title='bbox 2086 4280 2145 4336; x_wconf 89' lang='lat' dir='ltr'><strong>in</strong></span> <span class='ocrx_word' id='word_1_819' title='bbox 2178 4284 2428 4350; x_wconf 87' lang='lat' dir='ltr'><strong>utroque</strong></span> <span class='ocrx_word' id='word_1_820' title='bbox 2481 4293 2654 4333; x_wconf 91' lang='lat' dir='ltr'><strong>suum</strong></span> <span class='ocrx_word' id='word_1_821' title='bbox 2700 4276 2788 4331; x_wconf 90' lang='lat' dir='ltr'><strong>vel</strong></span> <span class='ocrx_word' id='word_1_822' title='bbox 2856 4276 3114 4349; x_wconf 90' lang='lat' dir='ltr'><strong>recipiet,</strong></span> <span class='ocrx_word' id='word_1_823' title='bbox 3169 4278 3257 4334; x_wconf 90' lang='lat' dir='ltr'><strong>vel</strong></span> <span class='ocrx_word' id='word_1_824' title='bbox 3299 4280 3606 4343; x_wconf 75' lang='lat' dir='ltr'><strong>damnabit</strong></span> <span class='ocrx_word' id='word_1_825' title='bbox 3702 4286 3711 4293; x_wconf 87' lang='grc'><strong>·</strong></span> 
     </span>
    </p>
   </div>
   <div class='ocr_carea' id='block_1_107' title="bbox 1955 4366 3608 4439">
    <p class='ocr_par' dir='ltr' id='par_1_107' title="bbox 1955 4366 3608 4439">
     <span class='ocr_line' id='line_1_107' title="bbox 1955 4366 3608 4439; baseline -0.001 -12"><span class='ocrx_word' id='word_1_826' title='bbox 1955 4369 2258 4428; x_wconf 79' lang='lat' dir='ltr'><strong>auxilium.</strong></span> <span class='ocrx_word' id='word_1_827' title='bbox 2291 4369 2353 4424; x_wconf 87' lang='lat' dir='ltr'><strong>A.</strong></span> <span class='ocrx_word' id='word_1_828' title='bbox 2387 4366 2490 4421; x_wconf 89' lang='lat' dir='ltr'><strong>Dic</strong></span> <span class='ocrx_word' id='word_1_829' title='bbox 2520 4382 2656 4439; x_wconf 88' lang='lat' dir='ltr'><strong>ergo</strong></span> <span class='ocrx_word' id='word_1_830' title='bbox 2685 4366 3049 4439; x_wconf 86' lang='lat' dir='ltr'><strong>simpliciter,</strong></span> <span class='ocrx_word' id='word_1_831' title='bbox 3080 4385 3185 4423; x_wconf 90' lang='lat' dir='ltr'><strong>cur</strong></span> <span class='ocrx_word' id='word_1_832' title='bbox 3218 4369 3312 4424; x_wconf 90' lang='lat' dir='ltr'><strong>Dei</strong></span> <span class='ocrx_word' id='word_1_833' title='bbox 3348 4370 3608 4426; x_wconf 78' lang='lat' dir='ltr'><strong>auferas‘</strong></span> 
     </span>
    </p>
   </div>
   <div class='ocr_carea' id='block_1_108' title="bbox 1955 4455 3606 4534">
    <p class='ocr_par' dir='ltr' id='par_1_108' title="bbox 1955 4455 3606 4534">
     <span class='ocr_line' id='line_1_108' title="bbox 1955 4455 3606 4534; baseline 0 -19"><span class='ocrx_word' id='word_1_834' title='bbox 1955 4460 2227 4534; x_wconf 88' lang='lat' dir='ltr'><strong>gratiam.</strong></span> <span class='ocrx_word' id='word_1_835' title='bbox 2262 4455 2558 4528; x_wconf 87' lang='lat' dir='ltr'><strong>Quidquid</strong></span> <span class='ocrx_word' id='word_1_836' title='bbox 2592 4456 2746 4511; x_wconf 90' lang='lat' dir='ltr'><strong>enim</strong></span> <span class='ocrx_word' id='word_1_837' title='bbox 2780 4456 2937 4512; x_wconf 90' lang='lat' dir='ltr'><strong>tollis</strong></span> <span class='ocrx_word' id='word_1_838' title='bbox 2963 4456 3023 4511; x_wconf 90' lang='lat' dir='ltr'><strong>in</strong></span> <span class='ocrx_word' id='word_1_839' title='bbox 3054 4456 3337 4529; x_wconf 91' lang='lat' dir='ltr'><strong>partibus,</strong></span> <span class='ocrx_word' id='word_1_840' title='bbox 3373 4475 3606 4515; x_wconf 72' lang='lat' dir='ltr'><strong>necesse</strong></span> 
     </span>
    </p>
   </div>
   <div class='ocr_carea' id='block_1_109' title="bbox 1956 4545 3607 4619">
    <p class='ocr_par' dir='ltr' id='par_1_109' title="bbox 1956 4545 3607 4619">
     <span class='ocr_line' id='line_1_109' title="bbox 1956 4545 3607 4619; baseline -0.002 -13"><span class='ocrx_word' id='word_1_841' title='bbox 1956 4555 2046 4606; x_wconf 89' lang='lat' dir='ltr'><strong>est</strong></span> <span class='ocrx_word' id='word_1_842' title='bbox 2069 4554 2131 4604; x_wconf 89' lang='lat' dir='ltr'><strong>ut</strong></span> <span class='ocrx_word' id='word_1_843' title='bbox 2162 4552 2216 4603; x_wconf 85' lang='lat' dir='ltr'><strong>et</strong></span> <span class='ocrx_word' id='word_1_844' title='bbox 2240 4548 2294 4601; x_wconf 93' lang='lat' dir='ltr'><strong>in</strong></span> <span class='ocrx_word' id='word_1_845' title='bbox 2321 4562 2531 4617; x_wconf 82' lang='lat' dir='ltr'><strong>genere</strong></span> <span class='ocrx_word' id='word_1_846' title='bbox 2564 4561 2760 4617; x_wconf 87' lang='lat' dir='ltr'><strong>neges.</strong></span> <span class='ocrx_word' id='word_1_847' title='bbox 2798 4545 2987 4601; x_wconf 84' lang='lat' dir='ltr'><strong>C.Non</strong></span> <span class='ocrx_word' id='word_1_848' title='bbox 3015 4563 3161 4617; x_wconf 89' lang='lat' dir='ltr'><strong>nego</strong></span> <span class='ocrx_word' id='word_1_849' title='bbox 3196 4547 3607 4619; x_wconf 77' lang='lat' dir='ltr'><strong>gratiam,cum</strong></span> 
     </span>
    </p>
   </div>
   <div class='ocr_carea' id='block_1_110' title="bbox 1963 4634 3605 4708">
    <p class='ocr_par' dir='ltr' id='par_1_110' title="bbox 1963 4634 3605 4708">
     <span class='ocr_line' id='line_1_110' title="bbox 1963 4634 3605 4708; baseline -0.002 -14"><span class='ocrx_word' id='word_1_850' title='bbox 1963 4641 2041 4694; x_wconf 91' lang='lat' dir='ltr'><strong>ita</strong></span> <span class='ocrx_word' id='word_1_851' title='bbox 2057 4654 2151 4694; x_wconf 92' lang='lat' dir='ltr'><strong>me</strong></span> <span class='ocrx_word' id='word_1_852' title='bbox 2182 4654 2215 4693; x_wconf 90' lang='lat' dir='ltr'><strong>a</strong></span> <span class='ocrx_word' id='word_1_853' title='bbox 2245 4636 2345 4691; x_wconf 90' lang='lat' dir='ltr'><strong>Dei</strong></span> <span class='ocrx_word' id='word_1_854' title='bbox 2379 4651 2635 4689; x_wconf 89' lang='lat' dir='ltr'><strong>asseram</strong></span> <span class='ocrx_word' id='word_1_855' title='bbox 2672 4634 3067 4701; x_wconf 90' lang='lat' dir='ltr'><strong>conditum,ut</strong></span> <span class='ocrx_word' id='word_1_856' title='bbox 3097 4652 3197 4707; x_wconf 91' lang='lat' dir='ltr'><strong>per</strong></span> <span class='ocrx_word' id='word_1_857' title='bbox 3229 4635 3327 4690; x_wconf 92' lang='lat' dir='ltr'><strong>Dei</strong></span> <span class='ocrx_word' id='word_1_858' title='bbox 3358 4637 3605 4708; x_wconf 81' lang='lat' dir='ltr'><strong>gratiam</strong></span> 
     </span>
    </p>
   </div>
   <div class='ocr_carea' id='block_1_111' title="bbox 1961 4723 3608 4795">
    <p class='ocr_par' dir='ltr' id='par_1_111' title="bbox 1961 4723 3608 4795">
     <span class='ocr_line' id='line_1_111' title="bbox 1961 4723 3608 4795; baseline -0.002 -12"><span class='ocrx_word' id='word_1_859' title='bbox 1961 4744 2101 4783; x_wconf 59' lang='lat' dir='ltr'><strong>mea:</strong></span> <span class='ocrx_word' id='word_1_860' title='bbox 2137 4726 2338 4781; x_wconf 90' lang='lat' dir='ltr'><strong>datum</strong></span> <span class='ocrx_word' id='word_1_861' title='bbox 2373 4724 2450 4779; x_wconf 89' lang='lat' dir='ltr'><strong>sit</strong></span> <span class='ocrx_word' id='word_1_862' title='bbox 2487 4724 2799 4788; x_wconf 86' lang='lat' dir='ltr'><strong>voluntati,</strong></span> <span class='ocrx_word' id='word_1_863' title='bbox 2829 4724 2916 4779; x_wconf 86' lang='lat' dir='ltr'><strong>vel</strong></span> <span class='ocrx_word' id='word_1_864' title='bbox 2963 4725 3149 4779; x_wconf 87' lang='lat' dir='ltr'><strong>facere</strong></span> <span class='ocrx_word' id='word_1_865' title='bbox 3179 4724 3341 4795; x_wconf 83' lang='lat' dir='ltr'><strong>quid,</strong></span> <span class='ocrx_word' id='word_1_866' title='bbox 3372 4723 3459 4779; x_wconf 89' lang='lat' dir='ltr'><strong>vel</strong></span> <span class='ocrx_word' id='word_1_867' title='bbox 3494 4740 3608 4780; x_wconf 90' lang='lat' dir='ltr'><strong>non</strong></span> 
     </span>
    </p>
   </div>
   <div class='ocr_carea' id='block_1_112' title="bbox 1962 4811 3607 4884">
    <p class='ocr_par' dir='ltr' id='par_1_112' title="bbox 1962 4811 3607 4884">
     <span class='ocr_line' id='line_1_112' title="bbox 1962 4811 3607 4884; baseline -0.002 -12"><span class='ocrx_word' id='word_1_868' title='bbox 1962 4817 2170 4873; x_wconf 88' lang='lat' dir='ltr'><strong>facere.</strong></span> <span class='ocrx_word' id='word_1_869' title='bbox 2206 4816 2265 4869; x_wconf 84' lang='grc' dir='ltr'><strong>Α.</strong></span> <span class='ocrx_word' id='word_1_870' title='bbox 2302 4812 2589 4868; x_wconf 80' lang='lat' dir='ltr'><strong>Dormitat</strong></span> <span class='ocrx_word' id='word_1_871' title='bbox 2617 4829 2753 4883; x_wconf 80' lang='lat' dir='ltr'><strong>ergo</strong></span> <span class='ocrx_word' id='word_1_872' title='bbox 2784 4812 2937 4868; x_wconf 90' lang='lat' dir='ltr'><strong>Deus</strong></span> <span class='ocrx_word' id='word_1_873' title='bbox 2978 4811 3035 4866; x_wconf 91' lang='lat' dir='ltr'><strong>in</strong></span> <span class='ocrx_word' id='word_1_874' title='bbox 3068 4812 3342 4884; x_wconf 91' lang='lat' dir='ltr'><strong>operibus</strong></span> <span class='ocrx_word' id='word_1_875' title='bbox 3366 4813 3607 4881; x_wconf 79' lang='lat' dir='ltr'><strong>nostris,</strong></span> 
     </span>
    </p>
   </div>
   <div class='ocr_carea' id='block_1_113' title="bbox 1963 4899 3613 4981">
    <p class='ocr_par' dir='ltr' id='par_1_113' title="bbox 1963 4899 3613 4981">
     <span class='ocr_line' id='line_1_113' title="bbox 1963 4899 3613 4981; baseline -0.002 -19"><span class='ocrx_word' id='word_1_876' title='bbox 1963 4903 2142 4981; x_wconf 86' lang='lat' dir='ltr'><strong>semel</strong></span> <span class='ocrx_word' id='word_1_877' title='bbox 2164 4901 2479 4958; x_wconf 84' lang='lat' dir='ltr'><strong>datalibcri</strong></span> <span class='ocrx_word' id='word_1_878' title='bbox 2501 4899 2723 4955; x_wconf 90' lang='lat' dir='ltr'><strong>arbitrii</strong></span> <span class='ocrx_word' id='word_1_879' title='bbox 2755 4905 3072 4973; x_wconf 87' lang='lat' dir='ltr'><strong>potestate:</strong></span> <span class='ocrx_word' id='word_1_880' title='bbox 3109 4917 3211 4956; x_wconf 90' lang='lat' dir='ltr'><strong>nec</strong></span> <span class='ocrx_word' id='word_1_881' title='bbox 3242 4902 3499 4958; x_wconf 88' lang='lat' dir='ltr'><strong>orandus</strong></span> <span class='ocrx_word' id='word_1_882' title='bbox 3523 4907 3613 4958; x_wconf 88' lang='lat' dir='ltr'><strong>est</strong></span> 
     </span>
    </p>
   </div>
   <div class='ocr_carea' id='block_1_114' title="bbox 1963 4989 3612 5063">
    <p class='ocr_par' dir='ltr' id='par_1_114' title="bbox 1963 4989 3612 5063">
     <span class='ocr_line' id='line_1_114' title="bbox 1963 4989 3612 5063; baseline -0.001 -14"><span class='ocrx_word' id='word_1_883' title='bbox 1963 4999 2028 5049; x_wconf 90' lang='lat' dir='ltr'><strong>ut</strong></span> <span class='ocrx_word' id='word_1_884' title='bbox 2058 4994 2117 5048; x_wconf 90' lang='lat' dir='ltr'><strong>in</strong></span> <span class='ocrx_word' id='word_1_885' title='bbox 2151 4990 2400 5063; x_wconf 90' lang='lat' dir='ltr'><strong>singulis</strong></span> <span class='ocrx_word' id='word_1_886' title='bbox 2454 4989 2730 5060; x_wconf 89' lang='lat' dir='ltr'><strong>operibus</strong></span> <span class='ocrx_word' id='word_1_887' title='bbox 2788 5007 2893 5046; x_wconf 90' lang='lat' dir='ltr'><strong>nos</strong></span> <span class='ocrx_word' id='word_1_888' title='bbox 2916 4991 3101 5061; x_wconf 87' lang='lat' dir='ltr'><strong>juvet,</strong></span> <span class='ocrx_word' id='word_1_889' title='bbox 3130 5006 3264 5045; x_wconf 92' lang='lat' dir='ltr'><strong>cum</strong></span> <span class='ocrx_word' id='word_1_890' title='bbox 3294 4990 3612 5048; x_wconf 78' lang='lat' dir='ltr'><strong>voluntatis</strong></span> 
     </span>
    </p>
   </div>
   <div class='ocr_carea' id='block_1_115' title="bbox 1962 5077 3609 5151">
    <p class='ocr_par' dir='ltr' id='par_1_115' title="bbox 1962 5077 3609 5151">
     <span class='ocr_line' id='line_1_115' title="bbox 1962 5077 3609 5151; baseline -0.001 -14"><span class='ocrx_word' id='word_1_891' title='bbox 1962 5087 2173 5139; x_wconf 67' lang='lat' dir='ltr'><strong>nostra:</strong></span> <span class='ocrx_word' id='word_1_892' title='bbox 2203 5081 2280 5136; x_wconf 89' lang='lat' dir='ltr'><strong>sit</strong></span> <span class='ocrx_word' id='word_1_893' title='bbox 2305 5083 2360 5134; x_wconf 92' lang='lat' dir='ltr'><strong>et</strong></span> <span class='ocrx_word' id='word_1_894' title='bbox 2380 5077 2597 5151; x_wconf 90' lang='lat' dir='ltr'><strong>proprii</strong></span> <span class='ocrx_word' id='word_1_895' title='bbox 2629 5078 2877 5145; x_wconf 89' lang='lat' dir='ltr'><strong>arbitrii,</strong></span> <span class='ocrx_word' id='word_1_896' title='bbox 2908 5079 2996 5135; x_wconf 89' lang='lat' dir='ltr'><strong>vel</strong></span> <span class='ocrx_word' id='word_1_897' title='bbox 3028 5079 3214 5135; x_wconf 89' lang='lat' dir='ltr'><strong>facere</strong></span> <span class='ocrx_word' id='word_1_898' title='bbox 3237 5080 3283 5135; x_wconf 92' lang='lat' dir='ltr'><strong>si</strong></span> <span class='ocrx_word' id='word_1_899' title='bbox 3315 5080 3609 5150; x_wconf 90' lang='lat' dir='ltr'><strong>volumus,</strong></span> 
     </span>
    </p>
   </div>
   <div class='ocr_carea' id='block_1_116' title="bbox 1965 5167 2824 5228">
    <p class='ocr_par' dir='ltr' id='par_1_116' title="bbox 1965 5167 2824 5228">
     <span class='ocr_line' id='line_1_116' title="bbox 1965 5167 2824 5228; baseline -0.003 -1"><span class='ocrx_word' id='word_1_900' title='bbox 1965 5170 2052 5228; x_wconf 90' lang='lat' dir='ltr'><strong>vel</strong></span> <span class='ocrx_word' id='word_1_901' title='bbox 2086 5188 2202 5226; x_wconf 89' lang='lat' dir='ltr'><strong>non</strong></span> <span class='ocrx_word' id='word_1_902' title='bbox 2229 5169 2417 5225; x_wconf 85' lang='lat' dir='ltr'><strong>facere</strong></span> <span class='ocrx_word' id='word_1_903' title='bbox 2448 5167 2494 5223; x_wconf 90' lang='lat' dir='ltr'><strong>si</strong></span> <span class='ocrx_word' id='word_1_904' title='bbox 2529 5167 2824 5224; x_wconf 88' lang='lat' dir='ltr'><strong>nolumus.</strong></span> 
     </span>
    </p>
   </div>
   <div class='ocr_carea' id='block_1_117' title="bbox 2043 5256 3614 5323">
    <p class='ocr_par' dir='ltr' id='par_1_117' title="bbox 2043 5256 3614 5323">
     <span class='ocr_line' id='line_1_117' title="bbox 2043 5256 3614 5323; baseline 0 -5"><span class='ocrx_word' id='word_1_905' title='bbox 2043 5260 2196 5317; x_wconf 76' lang='lat'><strong>700</strong></span> <span class='ocrx_word' id='word_1_906' title='bbox 2224 5260 2279 5313; x_wconf 86' lang='lat'><strong>5.</strong></span> <span class='ocrx_word' id='word_1_907' title='bbox 2314 5258 2370 5314; x_wconf 85' lang='lat' dir='ltr'><strong>C.</strong></span> <span class='ocrx_word' id='word_1_908' title='bbox 2422 5257 2720 5323; x_wconf 86' lang='lat' dir='ltr'><strong>Quomodo</strong></span> <span class='ocrx_word' id='word_1_909' title='bbox 2763 5256 2822 5312; x_wconf 91' lang='lat' dir='ltr'><strong>in</strong></span> <span class='ocrx_word' id='word_1_910' title='bbox 2856 5257 3075 5313; x_wconf 66' lang='lat' dir='ltr'><strong>caeteris</strong></span> <span class='ocrx_word' id='word_1_911' title='bbox 3105 5259 3387 5318; x_wconf 88' lang='lat' dir='ltr'><strong>creaturis</strong></span> <span class='ocrx_word' id='word_1_912' title='bbox 3413 5261 3614 5318; x_wconf 85' lang='lat' dir='ltr'><strong>condi-</strong></span> 
     </span>
    </p>
   </div>
   <div class='ocr_carea' id='block_1_118' title="bbox 2038 5457 3619 5523">
    <p class='ocr_par' dir='ltr' id='par_1_118' title="bbox 2038 5457 3619 5523">
     <span class='ocr_line' id='line_1_118' title="bbox 2038 5457 3619 5523; baseline 0.003 -9"><span class='ocrx_word' id='word_1_913' title='bbox 2038 5459 2060 5494; x_wconf 79' lang='grc'>³</span> <span class='ocrx_word' id='word_1_914' title='bbox 2084 5457 2197 5523; x_wconf 92' lang='lat' dir='ltr'><strong>Al.,</strong></span> <span class='ocrx_word' id='word_1_915' title='bbox 2232 5458 2364 5513; x_wconf 84' lang='lat' dir='ltr'><strong>Cum</strong></span> <span class='ocrx_word' id='word_1_916' title='bbox 2394 5464 2663 5514; x_wconf 68' lang='lat' dir='ltr'><strong>creatura:</strong></span> <span class='ocrx_word' id='word_1_917' title='bbox 2726 5457 2823 5515; x_wconf 80' lang='lat' dir='ltr'><strong>hoc</strong></span> <span class='ocrx_word' id='word_1_918' title='bbox 2863 5460 3025 5515; x_wconf 81' lang='lat' dir='ltr'><strong>semel</strong></span> <span class='ocrx_word' id='word_1_919' title='bbox 3055 5458 3172 5515; x_wconf 82' lang='lat' dir='ltr'><strong>dali</strong></span> <span class='ocrx_word' id='word_1_920' title='bbox 3202 5460 3365 5517; x_wconf 79' lang='lat' dir='ltr'><strong>liberi</strong></span> <span class='ocrx_word' id='word_1_921' title='bbox 3392 5461 3619 5517; x_wconf 73' lang='lat' dir='ltr'><strong>arbitrii</strong></span> 
     </span>
    </p>
   </div>
   <div class='ocr_carea' id='block_1_119' title="bbox 1969 5534 2558 5601">
    <p class='ocr_par' dir='ltr' id='par_1_119' title="bbox 1969 5534 2558 5601">
     <span class='ocr_line' id='line_1_119' title="bbox 1969 5534 2558 5601; baseline -0.003 -14"><span class='ocrx_word' id='word_1_922' title='bbox 1969 5534 2150 5601; x_wconf 79' lang='lat' dir='ltr'><strong>gratia</strong></span> <span class='ocrx_word' id='word_1_923' title='bbox 2188 5534 2558 5585; x_wconf 63' lang='lat' dir='ltr'><strong>conservetur.</strong></span> 
     </span>
    </p>
   </div>
   <div class='ocr_carea' id='block_1_120' title="bbox 2040 5601 3618 5675">
    <p class='ocr_par' dir='ltr' id='par_1_120' title="bbox 2040 5601 3618 5675">
     <span class='ocr_line' id='line_1_120' title="bbox 2040 5601 3618 5675; baseline 0.004 -19"><span class='ocrx_word' id='word_1_924' title='bbox 2040 5605 2061 5640; x_wconf 62' lang='lat' dir='ltr'><strong>t</strong></span> <span class='ocrx_word' id='word_1_925' title='bbox 2084 5602 2375 5675; x_wconf 85' lang='lat' dir='ltr'><strong>Victorius</strong></span> <span class='ocrx_word' id='word_1_926' title='bbox 2405 5618 2433 5657; x_wconf 92' lang='lat' dir='ltr'><strong>e</strong></span> <span class='ocrx_word' id='word_1_927' title='bbox 2450 5601 2695 5675; x_wconf 74' lang='lat' dir='ltr'><strong>vetustis</strong></span> <span class='ocrx_word' id='word_1_928' title='bbox 2718 5602 3150 5675; x_wconf 83' lang='lat' dir='ltr'><strong>exemplaribus</strong></span> <span class='ocrx_word' id='word_1_929' title='bbox 3182 5606 3618 5663; x_wconf 89' lang='lat' dir='ltr'><strong>emendandum</strong></span> 
     </span>
    </p>
   </div>
   <div class='ocr_carea' id='block_1_121' title="bbox 1972 5672 3437 5750">
    <p class='ocr_par' dir='ltr' id='par_1_121' title="bbox 1972 5672 3437 5750">
     <span class='ocr_line' id='line_1_121' title="bbox 1972 5672 3437 5750; baseline 0.001 -17"><span class='ocrx_word' id='word_1_930' title='bbox 1972 5674 2288 5741; x_wconf 87' lang='lat' dir='ltr'><strong>contendit,</strong></span> <span class='ocrx_word' id='word_1_931' title='bbox 2322 5672 2461 5747; x_wconf 78' lang='lat' dir='ltr'><strong>quod</strong></span> <span class='ocrx_word' id='word_1_932' title='bbox 2489 5672 2590 5732; x_wconf 84' lang='lat' dir='ltr'><strong>Dei</strong></span> <span class='ocrx_word' id='word_1_933' title='bbox 2618 5674 2861 5745; x_wconf 68' lang='lat' dir='ltr'><strong>auferas,</strong></span> <span class='ocrx_word' id='word_1_934' title='bbox 2887 5672 3029 5749; x_wconf 56' lang='lat' dir='ltr'><strong>&#39;eto.,</strong></span> <span class='ocrx_word' id='word_1_935' title='bbox 3056 5694 3159 5750; x_wconf 91' lang='lat' dir='ltr'><strong>pro</strong></span> <span class='ocrx_word' id='word_1_936' title='bbox 3190 5695 3308 5747; x_wconf 79' lang='lat' dir='ltr'><strong>cur,</strong></span> <span class='ocrx_word' id='word_1_937' title='bbox 3332 5684 3437 5736; x_wconf 84' lang='lat' dir='ltr'><strong>etc.</strong></span> 
     </span>
    </p>
   </div>
   <div class='ocr_carea' id='block_1_122' title="bbox 3225 5780 3297 5869">
    <p class='ocr_par' dir='ltr' id='par_1_122' title="bbox 3225 5780 3297 5869">
     <span class='ocr_line' id='line_1_122' title="bbox 3225 5780 3297 5869; baseline -0.028 0"><span class='ocrx_word' id='word_1_938' title='bbox 3225 5780 3297 5869; x_wconf 36' lang='lat'><strong>1‘7</strong></span> 
     </span>
    </p>
   </div>
  </div>
