3958 6420
333 372 463 447 613

1576 377 1642 440 S.
1687 374 1998 441 EUSEBII
2040 372 2509 440 HIERONYMI.

3616 367 3730 438 524

339 509 517 567 tionis
574 504 714 566 ordo
765 511 1070 567 servatur:
1105 509 1191 565 sic
1249 525 1525 566 concessa
1581 509 1762 565 semel
1815 507 1983 563 liberi
2013 507 2069 574 Α
2098 509 2391 565 abstinere
2421 526 2454 563 a
2483 512 2737 581 peccato,
2770 525 2939 581 posse
2990 512 3046 564 et
3074 507 3293 565 altero:
3327 502 3429 581 qui
3477 506 3735 572 duobus,

340 597 565 654 arbitrii
597 601 902 671 potestate,
935 602 1147 654 nostrae
1168 594 1453 653 voluntati
1484 597 1682 653 omnia
1710 596 1988 653 derelicta

340 691 497 744 sunt.
519 696 584 743 Δ.
616 688 786 760 Ergo,
819 692 885 742 ut
903 687 1043 755 dixi,
1077 704 1193 743 non
1216 688 1396 743 debeo
1426 704 1461 743 a
1493 689 1602 743 Deo
1624 704 1725 759 per
1756 685 1987 758 singula

340 774 622 834 auxilium
653 776 973 848 deprecari,
1006 776 1162 847 quod
1195 775 1373 831 semel
1407 792 1534 831 meo
1563 776 1766 830 datum
1793 778 1882 829 est
1894 775 1990 845 ju-

338 864 539 921 dicio?
568 864 630 921 C.
674 864 733 919 Si
777 864 838 919 in
885 863 1159 920 omnibus
1216 864 1311 919 ille
1356 868 1717 936 cooperatur,
1760 880 1875 919 non
1897 865 1987 918 est

340 969 559 1023 meum,
618 953 719 1010 sed
774 953 901 1023 ejus
960 952 1059 1025 qui
1110 954 1367 1025 adjuvat,
1409 954 1527 1009 imo
1550 955 1649 1025 qui
1684 953 1743 1008 in
1776 970 1867 1008 me
1889 969 1983 1007 co-

339 1046 647 1115 operatur:
708 1041 1030 1114 praesertim
1087 1058 1221 1098 eum
1272 1043 1493 1114 absque
1524 1058 1589 1098 eo
1621 1042 1806 1097 facere
1838 1039 1984 1095 nihil

339 1130 775 1204 possim.A.Oro
796 1133 871 1198 te,
906 1147 1020 1186 non
1039 1130 1260 1203 legisti‘
1291 1148 1303 1187 :
1340 1153 1367 1180 ‹‹
1399 1131 1523 1187 Non
1550 1131 1705 1187 enim
1736 1129 1985 1185 volentis

340 1236 530 1291 neque
566 1218 876 1283 currentis,
908 1219 1009 1274 sed
1068 1218 1399 1275 miserentis
1448 1223 1537 1275 est
1564 1218 1665 1275 Dei
1697 1220 1869 1290 (Rom.
1906 1235 1981 1283 rx,

343 1309 431 1376 16)
451 1307 509 1363 ‘fn
544 1307 626 1363 Ex
655 1307 870 1380 quibus
899 1307 1283 1381 intelligimus
1309 1312 1578 1364 nostrum
1600 1307 1837 1379 quidem
1859 1322 1987 1361 esse

339 1394 486 1453 velle
511 1398 567 1452 et
597 1411 827 1451 currere
851 1413 865 1463 ;
889 1395 989 1451 sed
1012 1400 1078 1450 ut
1105 1395 1376 1451 voluntas
1396 1400 1595 1451 nostra
1625 1395 1987 1467 compleatur

343 1487 400 1539 et
426 1499 659 1550 cursus,
692 1483 765 1538 ad
794 1483 895 1538 Dei
925 1483 1394 1540 misericordiam
1463 1484 1775 1556 pertinere,
1808 1487 1986 1553 atque

342 1572 426 1628 ita
456 1570 602 1643 fieri,
634 1574 700 1627 ut
717 1575 776 1627 et
826 1571 886 1626 in
930 1571 1234 1629 voluntate
1266 1577 1487 1639 nostra,
1521 1578 1577 1627 et
1608 1572 1666 1625 in
1699 1588 1897 1636 cursu,
1923 1569 1987 1624 li-

344 1661 550 1717 berum
573 1664 833 1717 servetur
852 1660 1249 1729 arbitrium,et
1275 1661 1334 1716 in
1366 1658 1875 1716 consummatione
1897 1674 1987 1712 vo-

344 1747 589 1805 luntatis
608 1752 666 1805 et
683 1748 1020 1820 cursus,Dei
1041 1754 1254 1805 cuneta
1268 1749 1534 1821 potentiae
1561 1748 1985 1820 relinquantur.

345 1835 578 1893 Scilicet
601 1853 757 1893 nunc
786 1836 931 1891 mihi
987 1836 1421 1909 Scripturarum
1449 1835 1783 1892 testimonia
1814 1833 1985 1907 repli-

344 1925 529 1981 cando
561 1929 718 1995 sunt,
779 1924 1070 1997 quomodo
1126 1942 1228 1997 per
1284 1924 1515 1998 singula
1564 1924 1663 1982 Dei
1697 1942 1731 1980 a
1770 1922 1987 1979 sanctis

346 2012 642 2085 ﬂagitetur
665 2012 948 2069 auxilium
980 2016 1037 2068 et
1069 2013 1128 2068 in
1156 2013 1406 2086 singulis
1437 2014 1710 2085 operibus
1740 2011 1988 2079 suis,illo

347 2102 613 2173 adjutore
641 2105 700 2157 et
755 2107 1077 2173 protectore
1125 2102 1211 2157 uti
1243 2102 1592 2157 desiderent.
1630 2108 1773 2173 Lege
1804 2105 1989 2155 totum

349 2189 721 2257 Psalterium,
750 2206 954 2247 omnes
977 2194 1312 2246 sanctorum
1343 2206 1533 2257 voces,
1563 2188 1707 2244 nihil
1740 2187 1990 2252 erit,nisi

347 2279 420 2336 ad
456 2280 635 2334 Deum
664 2278 724 2333 in
781 2278 1007 2334 cunctis
1066 2278 1339 2350 operibus
1369 2277 1717 2350 deprecatio.
1766 2276 1846 2330 Ex
1875 2291 1991 2347 quo

349 2365 654 2441 perspicue
682 2366 1031 2434 ostenditur,
1100 2370 1158 2421 te
1211 2370 1314 2421 aut
1342 2365 1443 2421 Dei
1476 2380 1689 2437 negare
1718 2362 1989 2435 gratiam,

349 2472 528 2528 quam
558 2454 717 2511 tollis
745 2454 806 2511 in
827 2454 1130 2527 partibus;
1164 2458 1267 2510 aut
1296 2453 1345 2509 si
1377 2454 1436 2508 in
1470 2453 1733 2525 partibus
1764 2450 1994 2506 dederis

350 2543 506 2615 quod
537 2560 910 2615 nequaquam
967 2548 1024 2599 te
1054 2542 1198 2599 velle
1257 2542 1633 2598 manifestum
1659 2544 1767 2608 est,
1798 2540 1858 2594 in
1891 2556 1995 2595 no-

353 2636 536 2688 stram
566 2631 915 2688 sententiam
966 2630 1342 2704 transire,qui
1384 2631 1468 2686 sie
1498 2630 1747 2685 liberum
1770 2628 1994 2686 homini

353 2735 655 2777 servamus
685 2719 1087 2785 arhitrium,ut
1115 2719 1215 2774 Dei
1242 2736 1345 2791 per
1373 2718 1607 2790 singula
1637 2716 1995 2789 adjutorium

356 2824 473 2865 non
503 2823 807 2880 negemus.

425 2898 480 2953 6.
525 2894 845 2967 Sfrangulat
901 2895 1330 2965 Pelagianorum
1376 2894 1595 2965 dogma.
1654 2925 1721 2933 —
1778 2893 1836 2948 Ε.
1894 2893 1995 2949 Ca-

358 2984 551 3060 ptiosa
580 2984 694 3040 ista
713 2985 803 3040 est
856 2981 1179 3051 conclusio,
1222 2986 1280 3038 et
1308 2982 1378 3038 de
1409 2980 1846 3037 dialecticorum
1878 2985 1999 3037 arte

357 3074 735 3133 descendens.
796 3071 939 3129 Mihi
998 3076 1195 3128 autem
1253 3069 1451 3127 nullus
1508 3070 1737 3127 auferre
1792 3071 2001 3143 poterit

354 3164 521 3221 liberi
552 3161 781 3220 arbitrii
836 3164 1203 3234 potestatem,
1260 3177 1351 3228 ne,
1383 3160 1431 3215 si
1458 3160 1519 3215 in
1549 3160 1825 3231 operibus
1854 3161 2001 3216 meis

2098 614 2267 667 posse
2298 602 2355 653 et
2386 598 2610 664 tribus;
2646 598 2745 670 qui
2795 596 2982 653 tribus
3011 612 3183 669 posse
3235 601 3292 652 et
3318 594 3601 668 triginta;
3652 598 3733 650 at-

2096 703 2208 757 que
2246 686 2353 741 hoc
2385 688 2586 742 ordine
2616 702 2785 758 posse
2836 691 2892 741 et
2920 685 3214 751 trecentis,
3247 688 3304 742 et
3330 684 3523 740 tribus
3554 683 3735 739 milli-

2096 775 2226 841 bus,
2281 780 2338 830 et
2388 775 2882 847 quandiucunque
2938 773 3186 830 voluerit
3239 773 3534 829 abstinere
3578 774 3619 827 ³.
3668 773 3731 828 Α.

2095 862 2197 917 Dic
2220 879 2355 934 ergo
2388 863 2735 935 simpliciter
2766 880 2937 935 posse
2968 862 3266 919 hominem
3298 862 3356 917 in
3387 864 3731 935 perpetuum

2094 966 2223 1005 esse
2254 950 2380 1005 sine
2410 956 2643 1022 peccato
2672 951 2719 1006 si
2751 950 2905 1006 velit.
2940 951 3337 1007 Possumusne
3379 965 3553 1007 omne
3581 949 3733 1023 quod

2096 1038 2407 1093 volumus?
2457 1040 2512 1094 ϐ.
2576 1040 2979 1111 Nequaquam.
3032 1040 3231 1112 Neque
3283 1039 3441 1095 enim
3494 1053 3733 1112 possum

2096 1126 2381 1198 quidquid
2415 1128 2685 1197 voluero;
2730 1130 2829 1185 sed
2872 1129 2979 1184 hoc
3011 1128 3203 1185 solum
3253 1127 3402 1195 dico,
3436 1127 3731 1183 hominem

2095 1216 2222 1270 sine
2253 1221 2483 1285 peccato
2514 1234 2684 1289 posse
2709 1232 2858 1284 esse,
2892 1218 2941 1273 si
2966 1217 3126 1273 velit.
3158 1218 3220 1272 A.
3252 1218 3455 1281 Quaeso
3485 1220 3551 1272 ut
3592 1215 3735 1270 mihi

2096 1305 2472 1375 respondeas.
2507 1305 2814 1362 Hominem
2846 1323 2938 1362 me
2958 1310 3153 1378 putas,
3185 1322 3257 1361 an
3274 1304 3532 1361 belluam
3549 1305 3578 1360 ?
3599 1304 3656 1361 C.
3676 1303 3735 1359 Si

2096 1393 2165 1447 de
2194 1397 2249 1446 te
2278 1393 2532 1464 ambigo,
2568 1400 2765 1449 utrum
2797 1395 2992 1461 homo,
3024 1412 3097 1449 an
3130 1393 3326 1449 bellua
3355 1393 3459 1461 sis,
3492 1393 3616 1466 ipse
3644 1407 3735 1448 me

2100 1480 2355 1537 belluam
2412 1483 2746 1538 conﬁtebor.
2806 1486 2869 1538 A.
2930 1484 2986 1538 Si
3029 1499 3188 1554 ergo,
3245 1486 3311 1537 ut
3360 1481 3531 1550 dicis,
3564 1481 3735 1537 homo

2098 1586 2253 1636 sum,
2288 1571 2580 1641 quomodo
2633 1587 2768 1626 eum
2827 1570 3026 1638 velim,
3066 1578 3122 1626 et
3173 1570 3317 1626 satis
3348 1569 3579 1642 cupiam
3623 1586 3737 1626 non

2099 1674 2354 1729 peccare,
2387 1658 2713 1731 delinquo‘?
2770 1662 2826 1714 C.
2886 1659 3032 1724 Quia
3089 1657 3357 1714 voluntas
3406 1658 3740 1731 imperfecta

2098 1751 2204 1808 est.
2237 1747 2294 1802 Si
2319 1746 2475 1803 enim
2492 1765 2622 1803 vere
2641 1748 2835 1816 velles,
2852 1766 2981 1804 vere
3000 1747 3201 1820 utique
3225 1764 3338 1803 non
3368 1764 3659 1819 peccares.
3677 1748 3738 1803 Α.

2099 1834 2244 1907 Ergo
2275 1840 2335 1890 tu
2366 1836 2465 1907 qui
2500 1853 2592 1891 me
2624 1835 2812 1909 aiguis
2835 1854 2949 1893 non
2980 1853 3114 1893 vere
3136 1853 3368 1909 cupere,
3391 1836 3515 1892 sine
3542 1853 3740 1909 pecca-

2096 1928 2154 1979 to
2186 1940 2268 1987 es,
2304 1925 2441 1996 quia
2468 1941 2599 1981 vere
2630 1926 2838 1999 cupis?
2862 1929 2921 1983 A.
2981 1928 3160 1992 Quasi
3190 1942 3294 1998 ego
3324 1926 3395 1981 de
3424 1924 3739 1994 medicam,

2098 2028 2272 2084 quem
2308 2019 2665 2085 peccatorem
2698 2030 2826 2070 esse
2875 2014 3175 2081 conﬁteor,
3208 2019 3264 2070 et
3295 2030 3408 2069 non
3438 2014 3510 2069 de
3540 2013 3741 2085 paucis

2098 2108 2155 2157 et
2186 2102 2353 2170 raris,
2387 2102 2436 2158 si
2469 2104 2565 2173 qui
2596 2103 2884 2158 voluerint
2913 2119 3028 2159 non
3059 2119 3316 2174 peccare.

2168 2191 2221 2245 8.
2246 2191 2374 2262 Ejus
2395 2194 2477 2247 rei
2492 2193 2713 2247 nullum
2733 2191 3076 2263 exemplum.
3099 2192 3238 2246 —A.
3264 2191 3501 2247 Interim
3523 2208 3590 2247 ex
3614 2206 3740 2248 meo

2100 2283 2316 2351 tuoque
2330 2280 2573 2351 judicio,
2590 2284 2646 2335 et
2659 2297 2763 2351 ego
2786 2279 2884 2352 qui
2905 2280 3219 2351 interrogo,
3234 2284 3289 2335 et
3310 2283 3371 2335 tu
3387 2278 3489 2351 qui
3510 2295 3747 2353 respon-

2102 2368 2569 2439 des,peccatorcs
2601 2386 2829 2424 sumus.
2849 2369 2902 2423 C.
2929 2370 3037 2423 Sed
3070 2385 3390 2441 possumus
3416 2385 3532 2424 non
3554 2369 3745 2426 essesi

2100 2456 2370 2512 velimus.
2390 2458 2450 2512 A.
2469 2457 2594 2512 Dixi
2618 2473 2710 2513 me
2724 2456 2867 2513 velle
2892 2475 3007 2513 non
3031 2474 3289 2530 peccare,
3308 2460 3365 2513 te
3386 2474 3620 2530 quoque
3636 2457 3747 2515 hoc

2103 2545 2319 2601 sentire
2343 2562 2455 2601 non
2475 2545 2720 2601 dubium
2734 2550 2839 2603 est.
2861 2546 3159 2613 Quomodo
3178 2562 3314 2619 ergo
3337 2545 3492 2618 quod
3508 2549 3751 2619 uterque

2104 2632 2403 2699 volumus,
2458 2637 2703 2706 uterque
2746 2651 2861 2689 non
2894 2634 3258 2706 possumus?
3291 2633 3348 2688 C.
3401 2633 3547 2701 Quia
3588 2633 3755 2706 plene

2106 2740 2220 2777 non
2252 2721 2542 2777 volumus.
2575 2724 2637 2777 A.
2674 2722 2757 2777 Da
2785 2737 2921 2795 ergo
2952 2722 3052 2794 qui
3084 2724 3376 2794 majorum
3416 2727 3753 2778 nostrorum

2106 2811 2272 2884 plene
2301 2810 2589 2867 voluerint
2626 2814 2683 2865 et
2713 2810 3027 2883 potuerint.
3080 2810 3135 2865 C.
3197 2810 3313 2865 Hoc
3364 2810 3600 2882 quidem
3633 2826 3750 2868 non

2108 2899 2276 2955 facile
2312 2904 2400 2955 est
2436 2900 2761 2955 ostendere.
2795 2900 2993 2971 Neque
3026 2900 3183 2955 enim
3216 2899 3451 2972 quando
3482 2899 3611 2956 dico
3643 2898 3747 2955 ho-

2107 2988 2326 3043 minem
2358 3004 2527 3060 posse
2575 3005 2703 3043 esse
2764 2988 2890 3043 sine
2948 2993 3181 3061 peccato
3230 2988 3279 3042 si
3318 2986 3475 3055 velit,
3519 2986 3751 3060 aliquos

2109 3078 2312 3144 fuisse,
2328 3077 2643 3142 contendo;
2665 3078 2764 3132 sed
2780 3077 3125 3148 simpliciter
3147 3094 3317 3149 posse
3333 3093 3460 3133 esse
3477 3077 3526 3133 si
3547 3077 3746 3133 velint.

2109 3167 2279 3223 Aliud
2311 3183 2563 3239 namque
2585 3169 2806 3221 estesse
2829 3181 3002 3237 posse,
3036 3166 3190 3237 quod
3217 3168 3407 3221 Graece
3437 3166 3651 3221 dicitur
3676 3166 3746 3235 τή

356 3254 511 3310 Deus
539 3251 774 3323 adjutor
799 3249 1104 3317 exstiterit,
1128 3265 1244 3305 non
1274 3247 1417 3303 mihi
1445 3249 1724 3304 debeatur
1754 3265 1996 3317 merces,
2030 3242 2073 3308 C
2113 3254 2334 3310 δυνάοιει
2364 3257 2385 3289 ³
2428 3255 2853 3326 (possibilitate);
2917 3253 3076 3310 aliud
3122 3258 3210 3310 est
3252 3269 3384 3320 esse,
3432 3255 3586 3326 quod
3636 3254 3752 3326 ipsi

354 3343 457 3399 sed
517 3341 570 3397 ei
627 3339 728 3412 qui
776 3339 835 3395 in
858 3355 950 3394 me
995 3342 1268 3411 operatus
1308 3343 1417 3393 est.
1475 3338 1536 3393 A.
1588 3338 1798 3394 Fruere
1828 3338 1996 3394 liberi

356 3428 580 3489 arbitrii
612 3432 915 3502 potestate,
946 3432 1012 3482 ut
1064 3432 1267 3483 contra
1322 3427 1476 3483 Deus
1506 3443 1700 3483 armes
1730 3426 1993 3500 linguam

355 3526 542 3590 tuam,
568 3524 626 3575 et
668 3520 731 3575 in
787 3534 854 3574 eo
901 3515 1153 3573 liberum
1186 3517 1415 3588 probes,
1453 3517 1503 3572 si
1532 3516 1638 3571 tibi
1671 3515 1842 3571 liceat
1872 3516 1991 3572 bla-

352 3606 906 3684 sphemare.Verum
932 3622 1108 3679 super
1136 3604 1243 3661 hoc
1274 3605 1414 3677 quid
1438 3605 1675 3672 sentias,
1710 3604 1855 3660 nulli
1886 3606 1990 3661 du-

350 3700 515 3757 bium
543 3699 718 3767 est,et
746 3693 1037 3769 prastigia
1066 3692 1452 3750 confessionis
1479 3696 1590 3747 tuae
1622 3692 1995 3764 apertissima

346 3788 475 3847 luce
532 3787 883 3844 claruerunt.
951 3784 1117 3841 Nunc
1173 3785 1532 3840 revertamur
1578 3782 1649 3837 ad
1696 3781 1777 3849 id,
1836 3783 1991 3838 unde

346 3879 635 3936 disserere
691 3875 997 3948 coepimus.
1065 3874 1161 3929 Dic
1184 3871 1350 3943 mihi,
1376 3871 1425 3926 si
1456 3869 1563 3925 tibi
1601 3869 1851 3935 videtur,
1884 3871 1991 3927 hoc

346 3968 501 4040 quod
525 3981 657 4022 eum
686 3964 790 4020 Dei
845 3962 1138 4034 adjutorio
1171 3959 1343 4034 paulo
1374 3964 1506 4015 ante
1533 3958 1789 4025 dicebas,
1820 3976 1989 4031 posse

344 4053 643 4111 hominem
675 4069 791 4108 non
822 4067 1059 4124 peccare
1088 4049 1137 4106 si
1166 4047 1325 4114 velit,
1356 4049 1417 4103 in
1447 4053 1795 4120 perpetuum
1827 4048 1987 4105 dicas

344 4161 419 4201 an
451 4142 525 4198 ad
573 4145 803 4214 tempus
846 4145 904 4196 et
930 4139 1145 4196 breve?
1181 4140 1323 4197 τοι
1362 4138 1419 4194 C.
1483 4137 1984 4209 Superfluainter-

342 4230 566 4305 rogatio
594 4235 704 4286 est.
750 4229 809 4285 Si
867 4228 1022 4285 enim
1064 4230 1138 4284 ad
1188 4233 1422 4300 tempus
1478 4232 1536 4282 et
1568 4227 1735 4283 breve
1765 4227 1983 4295 dixero,

343 4318 729 4377 nihilominus
785 4319 1067 4374 referetur
1140 4318 1210 4373 ad
1269 4321 1633 4390 perpetuum.
1691 4315 1981 4389 Quidquid

342 4409 501 4467 enim
528 4409 600 4465 ad
632 4409 803 4463 breve
849 4406 1101 4477 dederis,
1153 4406 1261 4463 hoc
1291 4407 1572 4462 concedes
1602 4410 1658 4461 et
1688 4405 1747 4461 in
1781 4422 1980 4477 perpe-

341 4504 533 4556 tuum.
556 4497 618 4553 Α.
666 4496 814 4563 Quid
847 4495 1030 4562 dicas,
1090 4513 1204 4551 non
1237 4496 1382 4552 satis
1413 4494 1695 4567 intelligo.
1732 4495 1788 4549 C.
1824 4495 1981 4550 Itane

339 4590 517 4646 dures
549 4604 632 4654 es,
668 4590 734 4642 ut
765 4585 1075 4641 manifesta
1103 4602 1217 4641 non
1250 4585 1507 4642 sentias?

359 4674 460 4732 '7.
515 4679 662 4733 Num
715 4674 787 4730 ad
841 4683 1051 4748 tempus
1080 4692 1151 4729 an
1214 4676 1273 4730 in
1327 4682 1648 4746 perpetuum
1702 4673 1980 4729 abstinere

333 4769 491 4825 homo
519 4782 561 4823 α
581 4768 798 4838 peccato
820 4766 1011 4836 possit.
1045 4795 1113 4804 -
1144 4764 1205 4819 Α.
1239 4763 1365 4818 Νοιι
1420 4779 1514 4817 me
1546 4762 1725 4835 pudet
1755 4764 1979 4818 nescire

331 4857 488 4931 quod
521 4855 736 4912 nescio.
770 4855 839 4910 Et
896 4854 967 4910 de
996 4870 1111 4925 quo
1155 4854 1355 4908 futura
1385 4856 1475 4908 est
1504 4851 1843 4924 disputatio,
1878 4852 1973 4906 de-

331 4949 429 5004 bet
456 4946 610 5003 inter
669 4950 986 5015 utrumque
1037 4942 1342 4998 convenire
1400 4959 1573 5013 quem
1606 4958 1846 4998 sensum
1877 4941 1977 4996 ha-

328 5036 481 5093 beat.
533 5035 590 5090 C.
624 5034 741 5108 Ego
799 5034 906 5089 hoc
938 5048 1155 5100 assero,
1218 5030 1319 5103 qui
1378 5036 1568 5103 potest
1624 5048 1739 5087 uno
1798 5031 1889 5086 die
1912 5048 1974 5087 se

400 5196 419 5230 ¹
448 5194 635 5250 Vatic.
667 5195 855 5250 Nonne
885 5195 1086 5263 legisti,
1119 5209 1234 5265 quo
1266 5191 1389 5247 loco
1422 5191 1564 5247 satis
1595 5191 1967 5264 antiquama-

328 5266 557 5334 nu,haac
586 5266 822 5322 additur
850 5267 920 5322 ad
934 5265 1258 5337 marginem
1282 5269 1418 5319 nota
1441 5266 1887 5337 :AuAugustinus
1901 5266 1971 5321 de

328 5338 546 5411 Spiritu
598 5342 656 5394 et
709 5337 937 5411 littera:
994 5335 1136 5411 Ecce
1185 5335 1512 5411 Deus__agit
1541 5339 1605 5411 ut
1639 5335 1884 5411 velimus
1916 5342 1972 5411 et

327 5407 637 5493 credamus
658 5426 691 5493 ,χ
710 5409 810 5493 sed
828 5408 1156 5493 consentire
1213 5407 1300 5463 vel
1331 5407 1642 5462 dissentire
1658 5408 1967 5475 vocationi,

326 5481 573 5555 propria
603 5479 922 5562 voluntatis
952 5485 1061 5535 est.
1085 5502 1126 5561 3)

397 5555 418 5588 ³
446 5555 507 5608 [ιι
539 5551 670 5608 aliis
700 5551 866 5607 libris
886 5551 1429 5608 voluentobservare.

394 5623 628 5681 °Graece
681 5624 893 5679 dicitur
945 5621 1015 5693 τῆ
1064 5620 1319 5695 ίόυνάμει.
1418 5622 1737 5695 Depravate
1794 5625 1968 5684 verba

324 5696 521 5766 Greca
576 5710 810 5773 semper
856 5695 1012 5754 edita
1056 5694 1315 5753 invenies
1369 5694 1522 5770 apud
1573 5697 1880 5757 Erasmum
1911 5705 1968 5758 et

2107 3344 2405 3417 appellant
2432 3348 2498 3410 τῆ
2545 3340 2761 3416 ἐνεργίᾷ
2792 3342 2937 3413 (actu
2977 3343 3136 3413 ipso).
3170 3341 3413 3398 Possum
3443 3357 3571 3399 esse
3623 3359 3751 3399 me-

2105 3434 2307 3501 dicus;
2342 3432 2443 3488 sed
2475 3431 2708 3486 interim
2741 3448 2856 3486 non
2898 3448 3051 3486 sum.
3095 3435 3343 3487 Possum
3376 3446 3502 3488 esse
3548 3432 3744 3503 faber;

2105 3524 2206 3579 sed
2238 3523 2486 3578 necdum
2517 3521 2715 3576 didici.
2766 3519 3059 3591 Quidquid
3106 3519 3283 3592 igitur
3312 3537 3576 3592 possum.
3608 3520 3747 3578 licet

2108 3613 2257 3669 702
2291 3611 2539 3667 necdum
2568 3611 2701 3675 sim,
2733 3614 2930 3665 tamen
2959 3625 3056 3665 ero
3088 3609 3137 3665 si
3167 3607 3423 3665 voluero.

2171 3702 2225 3755 9.
2261 3699 2409 3769 Quod
2438 3702 2691 3771 futurum
2712 3715 2997 3769 nunquam
3026 3707 3124 3764 est,
3157 3715 3229 3752 an
3265 3697 3525 3769 possibile
3551 3699 3642 3754 sit.
3675 3728 3749 3739 —

2102 3796 2169 3846 A.
2204 3789 2376 3845 Aliud
2406 3791 2545 3844 sunt
2573 3791 2751 3855 artes,
2782 3785 2939 3842 aliud
2970 3786 3027 3841 id
3072 3784 3228 3857 quod
3254 3802 3356 3858 per
3397 3791 3550 3842 artes
3580 3791 3671 3843 est
3700 3788 3744 3843 ‘.

2101 3878 2388 3935 Medicina
2444 3882 2503 3932 et
2550 3876 2789 3941 fabrica,
2830 3879 2885 3930 et
2915 3879 3069 3930 artes
3113 3878 3331 3930 eceterae
3360 3873 3749 3931 inveniuntur

2099 3970 2160 4023 in
2218 3965 2521 4039 plurimis:
2577 3964 2702 4021 sine
2733 3969 2967 4036 peccato
3018 3966 3213 4019 autem
3269 3980 3397 4020 esse
3437 3969 3743 4036 perpetuo,

2097 4058 2304 4113 divinae
2348 4056 2533 4112 solius
2562 4059 2651 4110 est
2698 4052 3022 4125 potestatis.
3058 4051 3259 4125 Itaque
3288 4057 3390 4109 aut
3445 4053 3521 4108 da
3547 4069 3744 4111 exem-

2097 4146 2257 4220 plum
2292 4145 2392 4217 qui
2436 4144 2655 4216 absque
2711 4146 2946 4213 peccato
3004 4141 3222 4197 fuerint
3251 4141 3312 4197 in
3341 4146 3691 4214 perpetuum
3725 4158 3741 4197 :

2095 4240 2198 4293 aut
2253 4234 2301 4289 si
2363 4234 2499 4288 dare
2560 4249 2673 4287 non
2706 4236 2889 4304 potes,
2948 4232 3222 4287 conﬁtere
3273 4229 3741 4287 imbecillitatem

2094 4330 2278 4392 tuam,
2324 4327 2380 4378 et
2410 4320 2548 4377 nolli
2581 4337 2793 4393 ponere
2843 4319 2902 4375 in
2931 4320 3141 4375 coelum
3188 4336 3253 4375 os
3286 4324 3478 4387 tuum,
3533 4323 3601 4374 ut
3632 4334 3740 4392 per

2092 4431 2241 4479 esse,
2301 4417 2358 4468 et
2405 4427 2531 4467 esse
2584 4426 2775 4483 posse,
2836 4408 3151 4465 stultorum
3201 4407 3417 4464 illudas
3472 4408 3740 4465 auribus.

2090 4503 2229 4568 Quis
2260 4501 2414 4558 enim
2448 4499 2554 4556 tibi
2610 4500 2905 4566 concedet,
2968 4515 3139 4571 posse
3187 4496 3486 4553 hominem
3547 4496 3743 4554 facere

2008 4615 2054 4680 D
2088 4593 2240 4666 quod
2274 4590 2505 4680 nullus;
2532 4605 2809 4680 unquam
2836 4587 3150 4680 hominum
3211 4584 3507 4680 potuerit?
3535 4585 3636 4680 Ne
3675 4588 3744 4680 tu

2087 4680 2353 4738 dialectis
2409 4678 2672 4733 imbutus
2714 4675 2951 4748 quidem
3008 4676 3152 4732 es“?
3210 4676 3269 4731 Si
3327 4674 3484 4731 enim
3543 4677 3744 4747 potest

2088 4772 2281 4839 homo,
2317 4784 2431 4822 non
2482 4782 2653 4838 posse
2701 4764 2944 4820 tollitur.
3006 4764 3063 4819 Si
3121 4769 3318 4819 autem
3366 4780 3482 4819 non
3514 4766 3738 4835 potest,

2085 4876 2257 4932 posse
2287 4854 2661 4913 subvertitur.
2714 4857 2827 4909 Aut
2873 4854 3121 4909 concede
3153 4852 3297 4908 mihi
3340 4851 3596 4925 aliquem
3628 4868 3740 4923 po-

2082 4948 2288 5013 tuisse,
2322 4945 2478 5018 quod
2529 4945 2648 4999 ﬁeri
2681 4960 2851 5015 posse
2910 4942 3249 4998 contendis:
3283 4946 3387 4997 aut
3444 4940 3495 4998 si
3527 4940 3738 5008 nullus

2085 5037 2193 5093 hoc
2233 5035 2442 5109 potuit,
2494 5032 2711 5089 invitus
2743 5032 3052 5100 teneberis,
3086 5030 3318 5087 nullum
3350 5047 3541 5104 posse,
3575 5030 3739 5102 quod

2077 5196 2447 5281 ξιῐειιςίιιιιιιιιι,⁸
2483 5193 2583 5281 qui
2633 5193 2835 5265 legunt
2872 5192 2998 5281 ~ho‘e
3055 5191 3181 5281 loc?
3241 5187 3472 5281 de‘apii
3520 5207 3626 5264 pro
3656 5190 3734 5263 τῇ

2080 5266 2303 5339 δυνάμει
2343 5275 2402 5323 et
2431 5264 2671 5341 ἐνέργεια
2703 5264 2804 5341 pro
2834 5267 2900 5341 τῇ
2960 5264 3200 5338 ἐνεργείᾳ
3231 5282 3246 5341 ;
3295 5268 3352 5341 et
3379 5264 3533 5341 infra
3560 5278 3739 5341 _con-
3820 5328 3833 5339 .

2076 5333 2256 5396 trario
2293 5357 2467 5395 sensu
2518 5333 2649 5412 ’πἐρὶ
2707 5333 2970 5389 samem
3002 5333 3104 5407 pro
3124 5333 3247 5411 περὶ
3299 5333 3527 5388 δυνατοῦ
3560 5333 3741 5403 MAR-g

2074 5431 2221 5469 TIAN.
3162 5445 3166 5449 -
3678 5449 3684 5453 -

2148 5486 2169 5518 ‘
2195 5484 2393 5539 Victor
2423 5499 2556 5538 cum
2606 5480 2847 5551 antiqua
2893 5478 3054 5551 edit.,
3086 5480 3226 5551 quod
3253 5496 3415 5551 super
3446 5482 3593 5534 artes
3620 5481 3735 5539 est.

2147 5558 2168 5591 ⁶
2197 5558 2406 5612 Confer
2435 5556 2492 5611 S.
2515 5550 2951 5626 Augustinum,
3010 5550 3112 5626 lib}
3147 5568 3212 5609 ιιι
3267 5550 3332 5626 de
3369 5553 3738 5626 Peccatorum

2076 5628 2290 5685 meritis
2321 5627 2452 5684 Mox
2478 5622 2791 5691 Victorius,
2842 5623 2921 5680 An
2952 5631 3012 5680 tu
3056 5624 3352 5683 dialecticis
3381 5640 3451 5684 ne
3480 5622 3739 5683 imbutus

2073 5701 2291 5778 quidem
2321 5714 2377 5758 es
2411 5703 2436 5759 .9
