3958 6440
239 387 357 456 525

1095 392 1487 460 DIOLOGUS
1531 390 1846 459 CONTRA
1884 392 2409 462 PELAGIANOS.
2442 432 2520 449 —
2548 400 2699 465 LIB.
2746 398 2795 464 Ι.

3504 391 3649 472 'Sse

240 525 520 599 possibile
572 522 832 600 jactitas.
910 529 1065 585 Inter
1129 529 1444 584 Diodorum
1503 534 1559 583 et
1615 529 1885 602 Chrysip-
1919 531 1968 597 Α
2003 532 2152 586 Dum
2185 534 2396 598 nescis,
2430 536 2664 607 proprio
2695 538 2904 608 captus
2934 551 2996 591 es
3024 535 3255 608 laqueo.
3288 538 3350 593 A.
3384 541 3647 603 Quonam

240 633 381 689 pum
462 615 897 674 valentissimos
1008 618 1343 674 dialecticos
1448 616 1572 691 περί
1660 614 1890 671 δυνατοῦ

242 706 358 762 ista
403 706 696 763 contentio
746 714 852 762 est.
899 706 1185 763 Diodorus
1232 707 1290 761 id
1340 706 1531 762 solum
1568 724 1735 779 posse
1766 708 1891 762 fieri

231 794 397 863 dicit,
458 795 614 867 quod
673 799 774 850 aut
827 798 905 850 sit
933 812 1155 862 verum,
1189 799 1289 851 aut
1353 812 1560 851 verum
1623 796 1887 851 futurum

234 883 332 939 sit.
367 885 438 939 Et
466 883 748 956 quidquid
784 884 1046 939 futurum
1089 883 1184 951 sit,
1220 883 1277 940 id
1309 884 1433 940 fieri
1469 901 1706 940 necesse
1737 900 1885 940 esse.

236 971 536 1045 Quidquid
586 977 777 1028 autem
837 989 953 1028 non
1012 974 1089 1029 sit
1145 974 1433 1041 futurum,
1494 972 1553 1028 id
1614 974 1737 1029 fieri
1771 990 1886 1028 non

236 1077 433 1134 posse.
467 1061 828 1134 Chrysippus
857 1078 992 1117 vero
1032 1066 1089 1117 et
1137 1078 1264 1134 quae
1314 1079 1426 1117 non
1479 1066 1620 1117 sunt
1668 1062 1884 1117 futura.

234 1166 413 1223 posse
445 1151 571 1206 fieri
601 1151 779 1207 dicit:
814 1156 881 1207 ut
912 1151 1099 1224 frangi
1130 1151 1239 1207 hoc
1264 1152 1675 1224 margaritum,
1709 1152 1885 1207 etiam

238 1240 289 1296 si
317 1238 378 1295 id
410 1256 719 1312 nunquam
751 1240 1017 1297 futurum
1058 1242 1153 1297 sit.
1190 1240 1297 1305 Qui
1330 1256 1466 1312 ergo
1497 1240 1663 1295 aiunt
1692 1240 1886 1297 homi-

240 1344 373 1384 nem
406 1345 579 1401 posse
608 1344 737 1384 esse
766 1330 989 1401 absque
1018 1334 1253 1401 peccato
1280 1329 1331 1384 si
1360 1328 1517 1399 velit,
1569 1344 1685 1384 non
1725 1333 1885 1400 pote-

235 1421 374 1474 runt
400 1416 515 1474 hoc
544 1435 748 1473 verum
781 1416 1049 1490 probare,
1084 1417 1203 1473 nisi
1245 1419 1511 1474 futurum
1557 1418 1882 1474 docuerint.

236 1507 382 1563 Cum
415 1508 609 1562 autem
637 1506 836 1562 futura
866 1506 1088 1562 incerta
1115 1507 1238 1563 sint
1266 1508 1484 1573 omnia,
1527 1511 1587 1561 et
1631 1506 1886 1562 maxime

238 1612 309 1652 ea
354 1612 480 1668 quae
527 1612 830 1668 nunquam
879 1595 1030 1651 facta
1072 1599 1231 1663 sunt,
1279 1594 1617 1667 perspicum
1667 1600 1758 1651 est
1787 1588 1886 1652 eos

239 1684 300 1741 id
332 1684 594 1741 futurum
625 1684 837 1750 dicere,
871 1685 1025 1756 quod
1066 1701 1182 1739 non
1232 1683 1311 1739 sit
1358 1684 1658 1751 futurum;
1692 1678 1884 1741 Eccle-

228 1775 414 1831 siaste
443 1773 593 1830 hanc
622 1773 1006 1829 confirmante
1035 1774 1385 1829 sententiam
1409 1789 1421 1828 :
1458 1796 1486 1823 «
1520 1773 1705 1828 Omne
1726 1774 1881 1845 quod

231 1864 497 1919 futurum
530 1866 639 1929 est,
663 1864 790 1934 jam
833 1863 1052 1917 factum
1107 1866 1196 1918 est
1245 1861 1304 1916 in
1356 1862 1536 1933 priori
1588 1861 1818 1917 saeculo.
1850 1883 1879 1913 ››
1915 1903 1961 1968 Β

290 1948 372 1968 -.,,
468 1957 502 1968 ,,
821 1953 914 1968 η.
1122 1950 1135 1968 ,
1181 1960 1193 1968 ,
1399 1950 1432 1968 η
1513 1949 1611 1968 ηί
1685 1955 1727 1968 ,ί

230 2006 235 2007 ,
290 1948 396 2009 ¹10.
455 1951 755 2008 Possibilia
812 1953 914 2007 Dei
966 1950 1352 2007 mandata.—-
1394 1950 1451 2005 C.
1511 1949 1623 2006 Oro
1682 1955 1757 2014 te,
1816 1954 1884 2006 ut

233 2043 343 2100 hoc
374 2040 520 2097 mihi
551 2040 906 2113 respondeas
930 2056 945 2097 :
978 2040 1286 2113 possibilia
1311 2040 1468 2096 Deus
1490 2040 1770 2095 mandata
1791 2040 1885 2095 de-

231 2132 341 2200 dit,
374 2148 449 2188 an
490 2129 926 2203 impossibilia?
983 2130 1047 2185 Α.
1106 2129 1290 2185 Cerno
1348 2146 1465 2201 quo
1519 2133 1620 2184 tua
1680 2128 1884 2184 tendat

231 2220 501 2279 assertio.
536 2220 648 2277 Sed
679 2219 751 2275 de
780 2218 890 2275 hoc
918 2217 977 2274 in
1009 2217 1428 2291 posterioribus
1468 2217 1881 2273 disserendum

229 2315 341 2379 est,
375 2325 447 2366 ne
479 2310 619 2366 dum
669 2308 989 2364 miscemus
1036 2306 1458 2379 quaestionibus
1506 2305 1882 2378 quaestiones,

230 2401 547 2457 obscuram
570 2397 946 2455 audientibus
970 2395 1422 2469 intelligentiam
1449 2394 1879 2468 relinquamus.

230 2490 546 2547 Reservato
567 2488 748 2560 igitur
769 2486 879 2543 hoc
904 2486 1058 2559 quod
1087 2486 1340 2543 fatemur
1358 2484 1665 2559 possibilia
1696 2485 1878 2541 Deum

228 2579 467 2636 dedisse
496 2578 793 2642 mandata,
827 2592 900 2631 ne
931 2577 1057 2648 ipse
1077 2580 1281 2631 auctor
1300 2574 1603 2646 injustitiaa
1629 2575 1725 2641 sit,
1750 2574 1799 2629 si
1820 2574 1879 2629 id

228 2668 426 2742 exigat
454 2667 601 2735 fieri,
652 2666 808 2739 quod
865 2664 992 2720 ﬁeri
1051 2681 1168 2719 non
1235 2668 1462 2737 potest:
1520 2680 1676 2719 nunc
1735 2662 1880 2719 illud

229 2757 415 2832 imple
470 2756 626 2830 quod
684 2771 1094 2828 proposueras,
1156 2770 1326 2825 posse
1396 2752 1694 2807 hominem
1756 2752 1883 2808 sine

234 2851 476 2923 peccato
505 2862 634 2903 esse
665 2845 713 2901 si
741 2843 899 2901 velit.
931 2846 1048 2899 Aut
1076 2842 1233 2898 enim
1281 2842 1450 2898 dabis
1499 2858 1597 2898 eos
1645 2840 1747 2914 qui
1779 2858 1880 2914 po-

231 2941 513 3005 tuerunt;
547 2939 647 2991 aut
679 2934 725 2991 si
757 2933 957 2990 nullus
997 2932 1209 3006 potuit,
1253 2930 1478 3003 liquido
1508 2931 1881 2987 confiteberis

228 3027 534 3085 hominem
565 3025 623 3080 in
656 3027 1006 3098 perpetuum
1036 3023 1219 3078 vitare
1258 3026 1492 3093 peccata
1539 3038 1653 3076 non
1688 3037 1879 3093 posse.

234 3119 295 3176 ϐ.
330 3117 612 3185 Quoniam
652 3115 801 3171 πω
841 3128 1015 3186 urges
1069 3127 1182 3177 me,
1245 3114 1311 3165 ut
1358 3111 1499 3166 dem
1557 3110 1713 3182 quod
1743 3110 1882 3164 dare

232 3225 353 3266 non
384 3206 586 3271 debeo,
617 3202 784 3271 illud,
820 3218 1038 3274 quasso,
1071 3199 1396 3266 considera,
1417 3200 1573 3271 quod
1596 3198 1882 3255 Dominus

2006 621 2222 675 modo?
2254 621 2308 675 (2.
2344 623 2425 677 Ex
2455 624 2744 679 sententia
2773 625 3001 680 Domini
3034 625 3251 683 asseris
3273 643 3444 698 posse
3464 629 3652 685 homi-

2002 726 2135 764 nem
2171 728 2299 766 esse
2332 712 2674 782 perfectum.
2708 715 2951 778 Quando
2983 715 3138 770 enim
3180 716 3357 771 dicit:
3413 740 3441 767 «
3472 719 3532 773 Si
3562 719 3651 776 vis

2001 800 2325 869 perfectum
2358 816 2511 868 esse,
2537 804 2723 857 vende
2744 803 2943 859 omnia
2964 822 3090 875 qua:
3118 804 3319 874 habes,
3341 809 3398 861 et
3416 808 3491 862 da
3512 824 3650 878 pau-

1999 886 2262 958 peribus,
2297 895 2355 943 et
2382 890 2533 955 veni,
2568 908 2811 962 sequere
2842 909 2956 961 me,
2992 916 3019 943 »
3050 894 3303 949 ostendit
3323 894 3645 963 hominem,

2000 976 2048 1030 si
2080 975 2346 1044 voluerit,
2400 982 2456 1032 et
2505 979 2705 1034 fecerit
2751 998 2878 1052 quae
2930 986 3216 1054 praecepta
3266 989 3426 1050 sunt,
3474 1001 3645 1055 posse

1997 1081 2125 1120 esse
2156 1067 2503 1137 perfectum.
2538 1070 2604 1123 A.
2644 1068 3022 1126 Validissimo
3052 1071 3290 1143 quidem
3322 1088 3518 1144 pugno
3551 1090 3646 1130 me

1996 1154 2363 1226 percussisti,
2390 1155 2471 1209 ita
2493 1160 2559 1210 ut
2580 1156 2767 1229 caligo
2792 1157 2936 1213 mihi
2962 1164 3096 1215 ante
3128 1160 3331 1216 oculos
3347 1162 3644 1217 obversari

1996 1243 2273 1314 cmperit:
2304 1244 2405 1298 sed
2454 1248 2650 1299 tamen
2701 1246 2809 1300 hoc
2856 1247 3052 1318 ipsum
3110 1250 3263 1319 quod
3306 1250 3480 1305 dicit:
3520 1250 3642 1307 «Si

1994 1331 2080 1386 vis
2113 1332 2406 1404 perfectus
2456 1350 2668 1402 esse,»
2717 1334 2769 1390 ei
2819 1335 3056 1402 dicitur,
3108 1338 3210 1407 qui
3266 1354 3382 1394 non
3431 1340 3641 1411 potuit,

1996 1420 2114 1475 imo
2172 1419 2424 1477 noluit:
2494 1428 2551 1478 et
2625 1423 2842 1479 idcirco
2916 1441 3031 1480 non
3111 1426 3321 1497 potuit.
3397 1428 3480 1481 Tu
3532 1445 3643 1483 au-

1994 1514 2111 1565 tem
2146 1510 2386 1565 ostende
2439 1512 2607 1582 mihi,
2676 1512 2776 1584 qui
2831 1518 2888 1568 et
2959 1513 3206 1569 voluerit
3270 1519 3327 1570 et
3365 1516 3639 1587 potuerit,

1995 1599 2149 1669 quod
2182 1616 2338 1654 nunc
2380 1598 2676 1671 pollicitus
2719 1618 2800 1657 es.
2866 1602 2923 1657 C.
2985 1604 3120 1669 Qua:
3165 1603 3323 1659 enim
3367 1621 3459 1660 me
3489 1605 3645 1677 cogit

1994 1686 2312 1742 necessitas
2372 1688 2700 1755 ostendere,
2760 1690 2858 1761 qui
2916 1691 3151 1762 perfecti
3218 1692 3454 1755 fuerint,
3504 1710 3641 1749 cum

1993 1776 2373 1847 perspicuum
2408 1777 2487 1832 sit
2517 1794 2689 1848 posse
2736 1795 2865 1834 esse
2916 1780 3224 1850 perfectos,
3273 1798 3343 1836 ex
3387 1798 3453 1836 eo
3484 1784 3640 1854 quod

1993 1864 2094 1918 uni
2125 1881 2159 1918 a
2197 1864 2495 1921 Salvatore
2527 1866 2605 1921 sit
2632 1867 2876 1933 dictum,
2910 1871 2968 1922 et
2996 1883 3099 1939 per
3127 1884 3311 1923 unum
3343 1868 3641 1940 omnibus,

1992 1975 2019 2002 ι(
2054 1952 2103 2007 si
2133 1952 2220 2008 vis
2251 1970 2381 2009 esse
2428 1956 2739 2025 perfectus.
2775 1978 2804 2006 »
2858 1957 2920 2011 A.
2972 1957 3424 2030 Tergiversaris:
3453 1958 3512 2013 in
3544 1970 3655 2015 eo-‘

1990 2042 2121 2097 dem
2154 2040 2277 2096 luto
2308 2042 2565 2099 haesitas.
2599 2046 2713 2099 Aut
2741 2045 2897 2101 enim
2929 2046 3081 2116 quod
3118 2051 3309 2117 potest
3352 2046 3498 2116 fieri,
3532 2046 3639 2103 ali-

1991 2130 2226 2203 quando
2260 2131 2478 2186 factum
2511 2136 2641 2188 est:
2678 2138 2781 2189 aut
2818 2134 2867 2189 si
2922 2150 3228 2206 nunquam
3276 2135 3494 2190 factum
3527 2140 3640 2205 est,

1992 2218 2111 2273 fieri
2144 2235 2258 2275 non
2291 2235 2463 2292 posse
2492 2222 2762 2277 concede.

2064 2310 2147 2362 12.
2185 2307 2242 2362 C.
2284 2309 2432 2373 Quid
2483 2308 2638 2364 ultra
2685 2310 2938 2365 differo?
2996 2312 3147 2366 704
3204 2312 3637 2383 Scripturarum

1991 2397 2335 2453 auctoritate
2364 2398 2689 2454 Vincendus
2719 2416 2801 2454 cs.
2854 2398 2928 2454 Ut
2973 2404 3180 2455 caetera
3218 2400 3628 2470 intermittam,

1992 2485 2279 2542 nonnehis
2314 2487 2549 2541 duobus
2578 2486 2930 2543 testimoniis
2959 2487 3061 2543 tibi
3094 2487 3431 2561 imponetur
3459 2490 3637 2546 silen-

1989 2576 2163 2641 tium,
2194 2574 2253 2629 in
2286 2575 2504 2647 quibus
2556 2576 2688 2642 Job,
2741 2580 2798 2631 et
2842 2576 3171 2643 Zacharias,
3224 2577 3639 2650 Elisabethque

1991 2662 2308 2720 laudantur
2327 2665 2355 2719 ‘I
2375 2663 2499 2719 Nisi
2519 2665 2675 2720 enim
2703 2664 2870 2720 fallor
2892 2664 2950 2719 in
2970 2664 3082 2720 Job
3103 2665 3185 2721 ita
3207 2664 3491 2737 scriptum
3514 2672 3635 2722 est:

1995 2776 2021 2804 ι(
2056 2755 2239 2810 Homo
2279 2754 2521 2826 quidam
2580 2760 2704 2810 erat
2762 2755 2823 2809 in
2884 2755 3118 2827 regione
3176 2755 3446 2811 Ausitide
3478 2756 3493 2789 ¹
3529 2754 3636 2828 [AL

1991 2843 2157 2915 Hus],
2199 2843 2435 2899 nomine
2461 2842 2592 2910 Job,
2622 2849 2679 2898 et
2708 2849 2833 2899 erat
2868 2844 3045 2899 homo
3100 2843 3197 2900 ille
3226 2860 3397 2900 verax
3426 2850 3481 2900 et
3513 2844 3639 2900 sine

1991 2932 2257 2996 crimine,
2290 2948 2461 2988 verus
2491 2931 2593 2988 Dei
2623 2932 2831 3001 cultor,
2868 2934 3171 2989 abstinens
3203 2949 3265 2989 se
3295 2934 3367 2989 ab
3395 2933 3555 2988 omni
3578 2950 3639 2989 re

1990 3019 2148 3076 mala
2177 3022 2291 3093 (Job
2329 3039 2365 3087 ι,
2402 3024 2454 3090 1,
2487 3039 2590 3078 sec.
2634 3025 2791 3079 LXX.
2828 3046 2854 3072 ››
2895 3024 2965 3077 Et
3012 3023 3263 3078 iterum:
3319 3046 3347 3073 «
3380 3024 3521 3088 Quis
3551 3027 3640 3079 est

1991 3111 2090 3183 qui
2122 3110 2318 3183 arguit
2340 3110 2572 3181 justum
2602 3111 2728 3168 sine
2761 3112 3049 3183 peccato’,
3082 3117 3137 3167 et
3163 3110 3424 3181 loquitur
3443 3111 3637 3165 verbis

1992 3200 2116 3256 suis
2147 3215 2251 3272 per
2280 3198 2672 3271 ignorantiam
2706 3200 2820 3273 (Job
2850 3210 2927 3265 vi,
2960 3200 3049 3269 25)
3074 3199 3101 3253 ‘l
3134 3222 3161 3248 η
3212 3199 3274 3254 In
3325 3198 3636 3270 Evangelio

231 3296 447 3355 dixerit
475 3293 702 3351 facilius
733 3273 1019 3348 camelum
1053 3307 1156 3362 per
1185 3290 1443 3345 foramen
1484 3305 1628 3344 acus
1658 3289 1878 3344 intrare
1909 3273 1952 3339 C
1993 3304 2227 3360 quoque
2257 3288 2578 3343 secundum
2605 3288 2817 3342 Lucam
2846 3306 2859 3343 :
2888 3311 2913 3337 ‹‹
2939 3287 3069 3343 Fuit
3088 3286 3145 3341 in
3166 3286 3372 3342 diebus
3386 3287 3631 3342 Herodis

232 3402 429 3462 posse,
465 3399 640 3457 quam
672 3381 912 3438 divitem
944 3380 1003 3436 in
1037 3395 1283 3462 regnum
1323 3377 1600 3433 cmlorum
1633 3377 1649 3448 (
1682 3377 1876 3434 Matth.

229 3460 347 3545 ἓως,
377 3477 486 3544 24ς
519 3478 570 3529 et
598 3474 760 3528 Marc.
789 3488 843 3540 x,
875 3472 991 3539 25).
1027 3470 1097 3524 Et
1113 3460 1322 3524 tamen
1355 3466 1500 3523 dixit
1532 3466 1654 3522 fieri
1686 3482 1879 3539 posse,

235 3566 395 3641 quod
429 3578 731 3635 nunquam
762 3562 981 3615 factum
1016 3562 1125 3614 est.
1158 3557 1358 3629 Neque
1405 3555 1561 3611 enim
1621 3554 1883 3611 camelus

231 3640 501 3729 unquam
533 3669 636 3725 per
665 3652 925 3708 foramen
959 3665 1100 3705 acus
1127 3647 1430 3719 ingressus
1456 3650 1565 3701 est.
1611 3646 1673 3700 A.
1708 3645 1887 3701 Miror

231 3747 533 3805 hominem
548 3743 893 3817 prudentem
910 3737 1284 3813 proposuisse
1297 3736 1592 3793 testimoni
1605 3735 1887 3809 um,quod

242 3840 452 3894 contra
481 3851 542 3891 se
576 3832 771 3890 faciat.
805 3832 867 3886 In
899 3829 1009 3885 hoc
1038 3828 1191 3885 enim
1223 3843 1338 3883 non
1363 3827 1517 3899 quod
1538 3826 1658 3882 fieri
1678 3824 1889 3898 possit,

234 3927 464 3984 dictum
477 3922 696 3989 est,sed
711 3921 788 3976 im
798 3917 1080 3993 possibile
1094 3916 1336 3989 impossi
1346 3914 1447 3971 bili
1461 3918 1885 3987 comparatum.

233 4014 541 4084 Quomodo
573 4011 730 4068 enim
788 4007 1049 4065 camelus
1111 4023 1223 4062 non
1285 4008 1474 4077 potest
1528 4003 1747 4060 intrare
1788 4019 1891 4076 per

235 4106 506 4163 foramen
537 4118 699 4170 acus,
732 4099 813 4156 ita
840 4101 895 4155 et
927 4097 1086 4153 dives
1107 4112 1221 4152 non
1250 4094 1612 4167 ingredietur
1634 4092 1693 4147 in
1710 4107 1891 4165 regna

236 4193 542 4251 ccelorum.
576 4193 692 4246 Aut
742 4187 792 4244 si
839 4186 1101 4259 potueris
1152 4184 1477 4249 ostendere,
1528 4181 1681 4254 quod
1728 4181 1889 4237 dives

234 4282 613 4357 ingrediatur
644 4295 825 4351 regna
855 4275 1158 4341 cmlorum,
1183 4273 1449 4345 sequitur
1470 4276 1534 4327 ut
1553 4276 1609 4326 et
1631 4269 1890 4326 camelus

232 4375 420 4430 intret
450 4388 553 4445 per
581 4371 842 4426 foramen
873 4382 1032 4422 acus.
1064 4364 1181 4419 Nec
1211 4362 1353 4417 mihi
1383 4359 1679 4418 Abraham
1713 4363 1769 4414 et
1787 4376 1891 4415 cae-

234 4470 421 4531 teros,
456 4477 603 4533 quos
635 4459 695 4514 in
716 4457 890 4514 veteri
938 4456 1311 4511 Testamento
1355 4452 1565 4509 divites
1613 4450 1887 4524 legimus,

238 4549 508 4623 exemplo
539 4564 851 4623 proponas,
884 4545 985 4618 qui
1012 4544 1219 4600 divites
1249 4541 1499 4617 ingressi
1540 4545 1680 4597 sunt
1711 4556 1892 4612 regna

1989 3377 2143 3449 regis
2172 3376 2333 3431 Judte
2366 3378 2640 3433 sacerdos
2671 3377 2907 3449 quidam
2942 3376 3177 3432 nomine
3197 3376 3528 3442 Zacharias,
3562 3376 3634 3431 de

1989 3467 2113 3523 vice
2143 3466 2306 3534 Abiu,
2341 3472 2399 3521 et
2427 3483 2571 3521 uxor
2599 3465 2684 3520 illi
2716 3466 2787 3522 de
2814 3465 3048 3521 filiabus
3077 3467 3291 3528 Aaron,
3332 3470 3390 3520 et
3421 3479 3637 3519 nomen

1992 3554 2152 3611 illius
2217 3554 2533 3610 Elisabeth.
2590 3555 2767 3609 Erant
2825 3571 3027 3610 aurem
3086 3555 3258 3609 ambo
3311 3553 3457 3624 justi
3504 3558 3641 3610 ante

1995 3646 2204 3713 Deum,
2238 3644 2570 3699 incedentes
2612 3643 2671 3698 in
2721 3644 2999 3700 omnibus
3048 3642 3339 3698 mandatis
3382 3642 3641 3713 etjusti-

1998 3733 2369 3790 ficationibus
2400 3734 2652 3801 Domini,
2687 3734 2813 3790 sine
2836 3732 3070 3804 querela
3092 3733 3241 3803 (Luc.
3272 3749 3310 3797 ι,
3331 3732 3367 3785 5
3388 3732 3580 3803 seqq.).
3611 3751 3641 3780 »

1998 3824 2058 3879 Si
2092 3841 2260 3879 verus
2289 3823 2391 3877 Dei
2439 3822 2628 3878 cultor
2675 3828 2782 3891 est,
2829 3827 2886 3877 et
2932 3820 3368 3885 immaculatus,
3420 3836 3486 3874 ac
3515 3820 3643 3875 sine

1999 3912 2265 3979 crimine,
2299 3916 2356 3967 et
2385 3912 2485 3983 qui
2535 3911 2919 3967 ambulabant
2965 3910 3022 3964 in
3075 3909 3303 3964 cunctis
3345 3908 3644 3977 justifies.-

1999 4001 2262 4057 tionibus
2292 4000 2548 4065 Domini,
2576 3999 2721 4070 justi
2747 4004 2886 4055 sunt
2909 3998 2965 4053 in
2991 4003 3305 4071 conspectu
3323 3999 3471 4069 ejus,
3502 4000 3643 4069 puto

2000 4090 2155 4162 quod
2192 4096 2425 4161 peccato
2451 4093 2705 4155 careant,
2751 4093 2808 4144 et
2845 4087 3007 4143 nulla
3054 4104 3115 4143 re
3160 4087 3482 4159 indigeant,
3516 4103 3645 4159 qua;

2001 4184 2069 4241 ad
2110 4179 2407 4252 justitiam
2457 4177 2725 4251 pertinet.
2780 4179 2840 4232 Α.
2891 4176 3254 4249 Proposuisti
3306 4174 3649 4232 testimonia

2002 4289 2129 4345 quae
2165 4286 2278 4325 non
2313 4268 2383 4323 de
2427 4266 2670 4323 alterius
2719 4267 3028 4339 Scriptura:
3072 4265 3219 4333 loco,
3267 4266 3367 4321 sed
3413 4267 3484 4320 de
3512 4281 3645 4337 pro-

2000 4360 2144 4434 priis
2176 4357 2344 4414 libris
2374 4356 2645 4413 absoluta
2679 4362 2837 4412 sunt.
2888 4357 3032 4412 Nam
3065 4361 3121 4412 et
3167 4356 3277 4410 Job
3328 4360 3646 4427 postquam

2001 4464 2319 4524 percussus
2336 4451 2423 4503 est
2445 4446 2618 4518 plaga
2640 4445 2826 4502 multa
2848 4447 3129 4502 adversus
3150 4444 3248 4500 Dei
3273 4443 3648 4509 sententiam,

2002 4554 2322 4612 provocans
2351 4552 2485 4591 cum
2518 4536 2589 4591 ad
2633 4535 2950 4605 judicium,
2984 4533 3200 4591 dixisse
3248 4532 3646 4589 convincitur:

241 4620 840 4710 cmlor'um,‘cumipsi
864 4636 975 4707 [Αἰ.
1004 4633 1213 4707 ipsius]
1237 4632 1456 4689 divitiis
1479 4632 1894 4687 adbonauten-
1922 4647 1969 4711 D
2001 4654 2028 4681 ‹‹
2072 4631 2260 4699 Atque
2290 4626 2516 4682 utinam
2550 4624 2636 4680 sic
2657 4623 3023 4695 judicaretur
3049 4624 3137 4677 vir
3164 4638 3296 4677 cum
3330 4620 3465 4711 Dm,
3498 4634 3648 4691 quo-

243 4728 771 4799 tesopera,divites
790 4740 919 4782 esse
950 4722 1233 4779 desierint
1257 4740 1270 4790 ;
1299 4722 1416 4777 imo
1440 4736 1573 4776 cum
1605 4736 1721 4775 non
1755 4718 1891 4786 sibi,

240 4820 347 4878 sed
374 4819 505 4876 aliis
535 4813 998 4880 divites'fuerint,
1030 4811 1532 4883 etdispensatores
1566 4809 1755 4881 magis
1770 4808 1891 4876 Dei,

243 4926 428 4984 quam
461 4907 667 4963 divites
697 4900 1027 4978 appellandi
1056 4900 1193 4956 sint.
1222 4900 1332 4956 Sed
1362 4898 1531 4954 nobis
1562 4896 1898 4970 evangelica

245 4996 528 5073 perfectio
550 4993 901 5069 requirenda
919 4995 1027 5058 est,
1056 4990 1114 5044 in
1139 5005 1258 5062 qua
1282 4988 1637 5061 precipitur:
1672 5008 1699 5037 «
1729 4986 1790 5042 Si
1812 4985 1899 5041 vis

250 5088 548 5163 perfectus
565 5082 934 5151 esse,vadeet
950 5080 1133 5136 vende
1154 5078 1353 5135 omnia
1379 5093 1505 5149 quae
1524 5076 1726 5143 habes,
1750 5078 1807 5131 et
1826 5075 1901 5131 da

218 5177 636 5254 -pauperibus,
671 5178 729 5230 et
753 5171 906 5239 veni,
939 5184 1180 5242 sequere
1211 5183 1303 5223 me
1334 5166 1541 5239 (Matth.
1576 5183 1691 5232 XIX,
1723 5166 1834 5238 2i).
1871 5188 1899 5215 ››

327 5269 419 5323 11.
452 5264 753 5339 Respondet
779 5260 1073 5333 objectioni
1109 5275 1179 5315 ex
1231 5258 1450 5314 Domini
1484 5257 1772 5311 sententia.
1806 5254 1902 5310 Di-

249 5338 363 5417 tuit
391 5338 645 5428 exempla
675 5353 741 5410 de
796 5353 911 5420 Job,
970 5348 1239 5406 Zacharia
1294 5350 1346 5403 et
1401 5344 1699 5402 Elisabeth.
1742 5377 1811 5385 —
1841 5343 1900 5400 Ο.

223 5508 237 5535 ¹
323 5542 342 5578 ί
378 5543 446 5597 ιη
474 5530 991 5609 νεθίοτξεὶρμεὲέιὲε-
1024 5529 1110 5609 Ita
1137 5527 1340 5609 1.08pm
1386 5541 1591 5609 οεῐιηθε
1631 5540 1775 5580 ωδε·
1808 5540 1905 5609 οοτ

254 5613 414 5671 dices
436 5598 611 5682 jux'ta
642 5603 801 5682 LJSX.
836 5601 984 5660 Editi
1030 5599 1162 5658 libri
1200 5598 1364 5657 'falso
1419 5598 1529 5654 llus
1583 5599 1907 5669 posuerunt

259 5676 1118 5767 ΡῳέίηδμιάϐῗΑΜΑὲΤΕὒἾῘΑι--ε
1154 5743 1265 5767 um
1324 5745 1374 5767 ,ι
1396 5737 1647 5767 υε-ι-..ε..
1702 5740 1722 5767 .°

320 5737 362 5799 ἶ
376 5737 612 5833 Regina
641 5765 755 5811 ms.
787 5765 925 5809 cum
945 5745 1122 5805 veteri
1149 5743 1288 5805 edit.
1321 5745 1378 5802 et
1396 5737 1672 5811 Victoria,
1691 5740 1909 5816 justum

2008 4718 2182 4775 modo
2214 4715 2520 4787 judicatur
2569 4712 2727 4768 filius
2786 4712 3044 4767 hominis
3099 4728 3232 4765 cum
3294 4708 3515 4780 collega
3544 4724 3652 4763 suo

1952 4845 1963 4854 ο
2009 4809 2126 4879 (Job
2150 4823 2267 4869 xvn,
2296 4803 2427 4869 2‘2)!
2461 4825 2487 4852 υ
2536 4802 2605 4856 Et
2666 4802 2915 4856 iterum:
2983 4824 3002 4849 α
3040 4800 3179 4866 Quis
3240 4797 3379 4857 mihi
3438 4797 3658 4852 tribuat

2010 4896 2356 4959 auditorem,
2376 4891 2811 4947 utdesiderium
2835 4906 3027 4945 meum
3050 4884 3654 4958 omnipotensuudiat,

2012 4992 2068 5043 et
2100 4986 2315 5042 librum
2351 4982 2570 5037 scribat
2594 4981 2719 5052 ipse
2741 4980 2840 5051 qui
2866 4979 3095 5051 judicat
3117 4977 3240 5049 (Job
3270 4994 3421 5031 XXXI.
3456 4974 3594 5041 35)?
3626 4995 3655 5022 n

2016 5076 2083 5130 Et
2116 5088 2390 5129 rursum:
2458 5091 2476 5118 ι
2523 5069 2582 5125 Si
2640 5070 2797 5124 enim
2858 5068 3019 5123 fuero
3070 5068 3295 5137 justus,
3354 5082 3416 5119 os
3459 5077 3658 5119 meum

2011 5163 2194 5235 impia
2235 5161 2531 5233 loquetur,
2580 5161 2636 5213 et
2659 5157 2704 5213 si
2734 5158 2956 5228 alisque
2978 5156 3241 5219 crimine,
3264 5170 3476 5226 pravus
3499 5152 3659 5208 inve-

2013 5253 2178 5308 niar:
2212 5256 2270 5306 et
2299 5250 2347 5306 si
2376 5248 2718 5321 purificatus
2752 5246 2879 5301 nive
2910 5251 2965 5301 et
2992 5244 3147 5301 lotus
3188 5244 3485 5309 manibus,
3516 5240 3661 5298 satis

2015 5358 2107 5398 me
2139 5341 2309 5398 sorde
2334 5337 2581 5394 tinxisti.
2624 5336 2997 5392 Exsecratum
3032 5339 3122 5391 est
3167 5350 3261 5390 me
3289 5334 3310 5367 ³
3340 5332 3660 5388 vestimen-

2012 5538 2195 5580 me-um
2222 5520 2342 5575 sine
2364 5518 2599 5590 peccato.

2084 5595 2107 5630 ⁸
2134 5593 2313 5649 Vetus
2343 5583 2520 5647 editio
2554 5594 2613 5647 et
2640 5588 2940 5654 Erasmus,
2975 5604 3152 5663 quem
3174 5586 3467 5646 Victorius
3498 5583 3668 5642 casti-

2015 5670 2137 5741 gat,
2172 5667 2236 5722 in
2262 5678 2368 5720 me.

3299 5824 3327 5853 ο
