3958 6414
326 402 470 467 .ω7

1585 403 1650 467 S.
1699 399 2009 466 EUSEBII
2050 400 2517 465 HIERONYMI.

3623 392 3739 457 828

334 542 479 596 tum
522 552 722 596 meum
787 538 905 610 (Job
970 554 1046 608 ix,
1110 538 1201 605 20,
1268 537 1378 607 21).
1445 537 1515 592 Et
1579 536 1650 593 de
1715 534 1991 591 Zacharia
2018 537 2075 603 Α
2104 552 2302 591 semen
2339 536 2438 591 Dei
2472 537 2669 590 manet
2698 533 2756 588 in
2788 549 2873 602 eo,
2898 536 3083 588 etnon
3108 531 3296 603 potest
3311 542 3570 603 peccare,
3604 527 3740 600 quia

261 626 264 630 ’
350 628 641 701 scriptum
672 628 968 700 estquod,
1017 627 1224 700 angelo
1274 625 1635 682 nativitatem
1686 624 1792 679 ﬁlii
1822 622 1991 695 polli-

349 719 535 783 cente,
567 716 806 772 dixerit:
844 737 873 765 «
904 716 1066 771 Unde
1097 716 1207 770 hoc
1237 715 1419 770 sciam
1450 715 1614 786 i’Ego
1669 713 1826 768 enim
1858 728 1991 766 sum

348 820 542 873 senex,
573 808 631 860 et
659 820 805 860 uxor
834 820 966 860 mea
995 803 1277 877 processit
1311 802 1369 858 in
1391 802 1598 857 diebus
1626 803 1747 858 suis
1772 802 1921 873 (Luc.
1951 818 1990 865 1,

339 893 459 965 18),
490 914 519 944 ››
552 894 628 949 ob
659 909 787 965 quae
819 892 1021 949 statim
1052 892 1287 949 silentio
1321 892 1781 947 condemnatur:
1815 913 1843 940 ‹‹
1865 889 1994 944 Eris

334 985 548 1039 uaeas
574 984 634 1037 et
658 980 820 1053 loqui
873 997 990 1037 non
1048 981 1264 1053 poteris
1317 996 1504 1052 usque
1562 979 1634 1035 ad
1686 980 1841 1034 diem
1874 995 1988 1050 quo

345 1069 489 1125 ﬁent
522 1068 668 1137 haec,
715 1069 857 1142 quia
912 1085 1027 1124 non
1076 1068 1373 1125 credidisti
1429 1066 1624 1123 verbis
1684 1066 1830 1121 meis
1863 1082 1989 1137 quae

349 1156 755 1230 implebuntur
782 1158 843 1213 in
873 1162 1135 1229 tempore
1183 1172 1290 1213 suo
1322 1156 1479 1226 (Ibid.
1531 1156 1644 1225 20).
1685 1176 1711 1203 »
1767 1155 1847 1209 Ex
1879 1169 1994 1225 quo

353 1246 729 1318 perspicuum
755 1251 865 1313 est,
875 1247 1070 1316 justos
1092 1244 1326 1317 quidem
1344 1249 1399 1299 et
1417 1243 1825 1298 immaculatos
1839 1242 1950 1297 dici
1978 1259 1992 1305 ;

339 1334 454 1393 .sed
485 1334 536 1390 si
563 1333 915 1406 negligentia
944 1333 1326 1405 subrepserit,
1361 1349 1533 1404 posse
1581 1332 1907 1396 concidere,
1937 1336 1995 1384 et

352 1437 584 1494 semper
612 1422 909 1479 hominem
940 1423 998 1477 in
1030 1420 1357 1477 meditullio
1406 1422 1683 1493 positum,
1744 1424 1810 1474 ut
1839 1423 1896 1475 et
1925 1420 1996 1472 de

340 1509 634 1567 .virtutum
662 1509 919 1567 culmine
951 1510 1023 1566 ad
1070 1510 1212 1566 vitia
1250 1510 1577 1576 delabatur,
1632 1513 1689 1564 et
1741 1509 1811 1563 de
1841 1506 1996 1563 vitiis

340 1599 628 1655 ascendat
657 1600 729 1655 ad
760 1598 1077 1666 sublimia;
1109 1603 1167 1655 et
1209 1614 1515 1670 nunquam
1562 1614 1696 1653 eum
1746 1613 1874 1651 esse
1905 1612 1994 1650 se-

346 1702 581 1753 curum,
612 1688 710 1743 sed
741 1703 974 1759 semper
1008 1687 1156 1743 705
1190 1690 1448 1742 metuere
1480 1687 1539 1741 in
1572 1685 1995 1757 tranquillitate

348 1775 765 1848 naufragium:
816 1791 882 1831 ac
929 1790 1031 1847 per
1078 1775 1188 1831 hoc
1236 1774 1535 1830 hominem
1586 1775 1711 1830 sine
1762 1779 1994 1847 peccato

348 1877 479 1919 esse
535 1877 652 1920 non
709 1877 902 1935 posse,
962 1863 1189 1919 dicente
1234 1863 1581 1920 Salomone:
1645 1886 1673 1912 «
1735 1863 1861 1918 Non
1908 1867 1997 1918 est

346 1949 527 2007 homo
560 1950 762 2022 justus
792 1966 969 2023 super
1004 1956 1241 2017 terram,
1294 1952 1393 2023 qui
1443 1952 1618 2007 faciat
1666 1952 1907 2021 bonum,
1941 1956 1997 2007 et

354 2053 470 2094 non
500 2043 699 2113 peccet
727 2039 933 2112 (Eccle.
967 2057 1068 2108 v11,
1097 2041 1230 2111 2i);
1277 2063 1298 2089 ιι
1335 2045 1391 2095 et
1430 2041 1634 2095 eodem
1681 2040 1738 2095 in
1771 2041 1995 2111 Regum

352 2125 544 2185 libro:
605 2151 626 2179 ι
660 2129 860 2201 Neque
911 2129 1066 2184 enim
1125 2134 1215 2185 est
1268 2129 1443 2184 homo
1500 2130 1599 2200 qui
1659 2146 1772 2184 non
1805 2135 2001 2201 peccet

361 2216 461 2288 (III
482 2218 609 2287 Reg.
643 2234 768 2286 vm,
800 2219 914 2290 46).
960 2241 989 2267 »
1020 2220 1097 2274 Ac
1122 2218 1291 2273 beato
1313 2218 1492 2273 David
1517 2260 1532 2287 ,
1560 2240 1588 2267 «
1622 2218 1836 2274 Delicta
1867 2220 2000 2291 quis

360 2305 684 2379 intelligit?
711 2305 785 2362 ab
816 2305 1029 2363 ocultis
1045 2306 1192 2362 meis
1208 2307 1431 2362 munda
1453 2322 1544 2361 me
1577 2307 1592 2339 ¹
1620 2309 1676 2360 et
1699 2307 1769 2360 ab
1793 2306 2000 2362 alienis

360 2410 533 2467 parce
561 2410 728 2452 servo
757 2398 860 2452 tuo
889 2397 1059 2469 (Psal.
1090 2410 1248 2464 xvm,
1285 2396 1391 2465 13).
1424 2415 1453 2445 »
1488 2395 1555 2449 Et
1584 2394 1799 2451 iterum
1824 2413 1835 2451 :
1865 2416 1893 2445 «
1919 2396 2002 2452 Ne

361 2483 543 2540 intres
557 2483 921 2556 injudicium
938 2502 1073 2541 cum
1091 2501 1254 2540 servo
1275 2490 1397 2551 tuo,
1421 2484 1559 2555 quia
1580 2500 1695 2539 non
1710 2484 2002 2554 justifica-

360 2571 525 2629 bitur
552 2572 612 2628 in
625 2577 938 2645 conspectu
950 2579 1050 2628 tuo
1061 2572 1255 2628 omnis
1266 2573 1464 2628 vivens
1477 2574 1493 2643 (
1503 2573 1631 2627 Psal
1640 2614 1651 2626 .
1676 2590 1845 2640 CXLII,
1867 2576 1943 2644 2).
1974 2594 2000 2621 ››

364 2662 436 2717 Et
463 2660 651 2717 multa
678 2661 795 2717 alia
825 2662 1039 2734 quibus
1057 2663 1363 2734 Scriptura:
1394 2667 1606 2717 sanctae
1638 2663 1818 2734 plenre
1846 2668 2001 2719 sunt.

440 2750 528 2806 13.
559 2750 820 2822 Explodit
867 2760 1249 2821 argumentum
1292 2767 1361 2807 ex
1406 2752 1699 2821 Evangelia
1748 2756 2003 2808 Joannis.

369 2870 437 2882 --
468 2839 528 2895 C.
560 2839 711 2904 Quid
749 2855 887 2912 ergo
944 2840 1325 2912 respondebis
1373 2841 1445 2895 ad
1484 2840 1630 2894 illud
1675 2840 2007 2913 exemplum

369 2928 528 3001 quod
556 2929 721 3001 ponit
764 2928 1123 3003 evangelista
1162 2929 1460 2998 Joannes;
1508 2952 1537 2981 «
1589 2929 1818 2985 Scimus
1854 2931 2006 3003 quod

369 3019 565 3075 omnis
595 3019 695 3091 qui
727 3023 903 3076 natus
933 3024 1022 3076 est
1048 3036 1117 3075 ex
1156 3020 1293 3087 Deo,
1346 3036 1460 3075 non
1509 3024 1746 3091 peccat;
1782 3021 1882 3076 sed
1914 3036 2011 3092 ge-

374 3109 596 3165 neratio
630 3109 726 3164 Dei
752 3112 1052 3166 conservat
1080 3124 1238 3177 eum,
1271 3113 1329 3164 et
1358 3108 1655 3181 malignus
1684 3127 1800 3165 non
1826 3111 2015 3182 tangit

2100 642 2167 680 ex
2210 627 2319 680 [leo
2360 628 2533 679 natus
2573 627 2679 678 est.
2744 622 2855 677 Sed
2917 621 3056 692 quia
3119 621 3179 674 in
3245 635 3383 692 agro
3440 616 3739 673 Dominico

2102 713 2309 784 (Matth.
2372 722 2496 778 x'm,
2552 714 2665 782 25),
2698 710 3022 765 dormiente
3059 705 3509 781 patrefamilias,
3546 703 3740 761 inimi-

2103 819 2206 857 cus
2236 802 2410 856 homo
2442 800 2662 856 zizania
2692 799 3142 871 superseminat,
3175 802 3231 852 et
3252 797 3545 852 frumento
3566 795 3741 862 bono,

2104 892 2244 946 dum
2277 890 2593 957 nescimus,
2629 889 2831 943 lolium
2865 904 3192 958 avenasque
3215 885 3443 942 steriles
3463 888 3626 941 sator
3648 900 3745 943 no-

2104 984 2347 1035 cturnus
2387 977 2723 1033 interserit:
2775 977 2903 1031 ideo
2948 974 3225 1047 parabola
3269 974 3383 1029 ista
3430 970 3742 1045 evangelici

2103 1068 2287 1141 patris
2312 1067 2565 1122 familias
2596 1065 2965 1121 formidanda
2995 1067 3085 1121 est
3110 1082 3123 1132 ;
3158 1063 3257 1135 qui
3285 1066 3499 1136 purgat
3526 1075 3742 1127 aream,

2105 1161 2162 1211 et
2192 1157 2484 1212 frumento
2520 1156 2676 1211 που
2725 1154 2955 1209 horreis
3005 1152 3257 1219 condito,
3307 1151 3505 1223 paleas
3547 1154 3742 1207 vento-

2106 1262 2235 1300 rum
2271 1245 2509 1301 ﬂatibus
2539 1244 2955 1316 dispergendas
2984 1247 3040 1298 et
3079 1242 3335 1297 urendas
3377 1240 3618 1313 ignibus
3646 1238 3741 1294 de-

2108 1334 2404 1405 relinquit.
2440 1334 2601 1389 Unde
2632 1339 2688 1387 et
2721 1333 2777 1387 in
2817 1331 3072 1388 Jeremia
3121 1331 3408 1402 scriptum
3455 1328 3775 1401 legimus:.

2109 1445 2135 1473 ‹‹
2167 1422 2313 1488 Quid
2347 1422 2529 1494 paleis
2581 1422 2653 1476 ad
2702 1421 3084 1487 frumentum,
3136 1419 3279 1474 dicit
3324 1416 3609 1473 Dominus
3638 1417 3743 1483 (Ie-

2104 1529 2241 1566 rcm.
2274 1528 2437 1579 xxm,
2469 1511 2603 1580 28)?
2636 1533 2662 1559 »
2700 1509 2878 1565 Palem
2910 1513 3106 1564 autem
3131 1525 3166 1564 a
3194 1508 3486 1564 frumento
3514 1506 3575 1561 in
3606 1521 3746 1561 con-

2108 1600 2503 1656 summatione
2548 1598 2743 1655 sreculi
2793 1601 3157 1670 separantur.
3191 1598 3272 1652 Ex
3310 1613 3424 1669 quo
3466 1594 3746 1668 approba-

2107 1694 2221 1755 tur,
2258 1690 2397 1744 dum
2431 1705 2637 1743 sumus
2670 1689 2728 1744 in
2758 1704 2997 1759 corpore
3050 1688 3160 1743 isto
3209 1685 3463 1753 mortali,
3492 1684 3701 1741 mistos
3723 1683 3747 1718 ¹

2107 1795 2234 1834 esse
2266 1794 2397 1833 cum
2424 1778 2637 1832 tritico.
2671 1778 2832 1843 Quod
2861 1778 2911 1831 si
2933 1776 3276 1849 opposueris
3299 1788 3480 1847 quare
3500 1773 3744 1829 dixerit:

2112 1892 2132 1917 α
2170 1868 2241 1922 Et
2270 1885 2383 1922 non
2416 1872 2608 1939 potest
2639 1882 2899 1939 peccare,
2932 1866 3071 1937 quia
3105 1883 3174 1921 ex
3210 1865 3320 1920 Deo
3352 1866 3526 1920 natus
3559 1867 3679 1930 est;
3714 1883 3742 1912 ι)

2107 1957 2330 2018 audies,
2364 1962 2421 2011 et
2452 1956 2550 2011 ubi
2582 1956 2691 2010 erit
2738 1956 3045 2027 praemium
3089 1952 3455 2009 voluntatis?
3483 1952 3543 2007 Si
3593 1950 3748 2007 enim

2108 2046 2236 2101 ideo
2269 2063 2382 2100 non
2416 2049 2636 2116 peccat,
2671 2044 2810 2117 quia
2839 2060 3074 2116 peccare
3105 2059 3220 2098 non
3244 2045 3457 2114 potest,
3474 2039 3752 2107 liberum,

2106 2133 2344 2189 tolletur
2394 2132 2723 2201 arbitrium,
2783 2137 2839 2188 et
2878 2147 3249 2203 nequaquam
3308 2133 3577 2185 nostrum
3634 2129 3753 2196 fiet,

2111 2223 2210 2278 sed
2245 2226 2465 2277 natura:
2493 2223 2734 2289 bonum,
2770 2239 2894 2293 quae
2928 2224 3164 2293 peccata
3196 2236 3311 2275 non
3344 2220 3551 2291 capiet.

2184 2313 2271 2367 14.
2320 2314 2431 2367 Duo
2463 2314 2579 2366 alia
2633 2329 2702 2366 ac
2758 2312 2932 2367 Veteri
2986 2328 3049 2365 ac
3107 2311 3248 2366 Novo
3307 2310 3656 2365 Testamento.
3690 2339 3760 2350 —-

2116 2402 2171 2456 C.
2208 2401 2441 2456 Dudum
2479 2400 2737 2456 faciliora
2766 2400 3064 2473 preposui,
3093 2405 3157 2455 ut
3186 2404 3242 2455 te
3264 2399 3336 2455 ad
3359 2399 3585 2470 majora
3606 2413 3741 2455 exer

2118 2507 2328 2547 cerem.
2362 2490 2510 2555 Quid
2543 2490 2613 2544 ad
2652 2488 2795 2544 illud
2830 2490 3020 2544 dicere
3061 2493 3248 2562 potes.
3304 2488 3461 2560 quod
3492 2486 3760 2561 quamvis

2115 2580 2197 2635 sis
2230 2579 2590 2651 ingeniosus,
2621 2578 2784 2634 nulla
2810 2577 3031 2634 valebis
3062 2583 3185 2633 arte
3224 2577 3560 2655 subvertere
3580 2576 3609 2631 ?
3639 2575 3762 2631 Pri-

2116 2686 2283 2723 mum
2320 2684 2532 2739 ponam
2558 2668 2628 2723 de
2647 2668 2824 2723 veteri
2849 2668 3243 2735 Testamento,
3268 2665 3477 2722 deinde
3496 2664 3567 2721 de
3590 2681 3761 2720 novo.

2116 2757 2341 2813 Veteris
2354 2757 2715 2811 Testamenti
2734 2757 3003 2829 princeps
3021 2756 3247 2829 Moyses
3261 2759 3350 2810 est
3364 2773 3377 2822 ;
3393 2754 3547 2823 novi,
3571 2753 3766 2810 Domi-

2120 2863 2234 2902 nus
2267 2851 2441 2918 atque
2470 2845 2753 2902 Salvator.
2784 2847 3011 2918 Moyses
3041 2845 3304 2917 loquitur
3333 2844 3406 2900 ad
3437 2842 3720 2917 populum
3747 2859 3760 2899 :

2125 2957 2154 2985 (ι
2183 2935 2425 2991 Perfecti
2457 2939 2638 2990 estote
2668 2935 2728 2990 in
2785 2938 3102 3006 conspectu
3154 2932 3386 2990 Domini
3436 2933 3536 2988 Dei
3587 2930 3768 2988 vestri

2123 3026 2295 3096 (Deut.
2364 3025 2668 3095 xvm,13).
2744 3048 2770 3073 ››
2836 3026 2908 3079 Et
2971 3023 3237 3079 Salvator
3300 3023 3371 3078 ad
3412 3020 3764 3094 apostolos:

2124 3137 2151 3163 ‹‹
2187 3115 2379 3169 Estote
2430 3115 2663 3185 perfecti
2714 3114 2866 3170 sicut
2912 3114 3080 3169 Pater
3124 3116 3316 3168 vester
3364 3109 3612 3167 caelestis
3641 3127 3771 3183 per-

372 3198 548 3281 eum?
577 3198 809 3255 Scimus
840 3199 1119 3271 quoniam
1150 3215 1219 3255 ex
1246 3198 1361 3254 Deo
1393 3216 1624 3267 sumus,
1669 3204 1725 3255 et
1758 3201 2014 3256 mundus
2060 3275 2090 3281 ﬂ
2125 3203 2311 3259 fectus
2344 3210 2431 3259 est
2462 3204 2666 3275 (Matth.
2700 3222 2752 3260 v.
2787 3205 2897 3275 48).
2930 3225 2958 3252 »
3001 3204 3117 3257 Aut
3156 3202 3313 3259 enim
3363 3199 3644 3274 possibile
3681 3208 3772 3257 est

374 3278 535 3369 totus
562 3287 623 3343 in
655 3288 914 3360 maligno
944 3288 1170 3360 positus
1199 3293 1288 3343 est
1316 3290 1363 3359 (Ι
1397 3290 1552 3344 Ιοαη.
1602 3306 1656 3355 ν,
1721 3290 1808 3360 18,
1843 3292 1950 3362 19).
1990 3316 2012 3344 ›ι

2132 3293 2505 3348 audientibus
2538 3292 2722 3349 facere
2753 3292 2907 3363 quod
2943 3291 3168 3362 Moyses
3207 3293 3264 3345 et
3308 3288 3592 3345 Dominus
3623 3305 3771 3362 pre-

381 3380 446 3434 Α.
474 3377 590 3435 .Par
617 3378 743 3450 pari
776 3378 1045 3444 referam,
1087 3381 1143 3433 et
1196 3392 1433 3449 parvam
1482 3379 1853 3451 evangelista:
1884 3382 2026 3454 Epi-

384 3467 620 3536 stulam,
653 3467 980 3523 secundum
1008 3483 1249 3522 sensum
1280 3471 1447 3522 tuum
1499 3468 1714 3523 docebo
1747 3470 1857 3525 sxbi
1898 3488 2027 3529 esse

388 3557 764 3620 contrariam.
798 3556 851 3611 Si
883 3556 1040 3612 enim
1067 3556 1259 3611 omnis
1303 3556 1404 3628 qui
1451 3562 1623 3613 natus
1672 3564 1760 3614 est
1791 3576 1857 3614 ex
1888 3562 2025 3630 Deo,

388 3654 692 3730 peccatum
724 3662 841 3703 non
873 3645 1039 3701 facit:
1078 3644 1355 3718 quoniam
1406 3662 1603 3702 semen
1657 3649 1784 3719 ejus
1833 3661 2029 3709 manet

385 3747 444 3801 in
475 3759 562 3810 eo,
596 3744 653 3797 et
682 3756 797 3796 non
832 3740 1016 3811 potest
1036 3754 1294 3810 peccare,
1328 3737 1467 3810 quia
1494 3754 1561 3793 ex
1582 3738 1695 3794 Deo
1723 3745 1896 3797 natus
1917 3748 2025 3810 est,

383 3849 502 3908 qua
531 3827 950 3911 consequentia
979 3826 1135 3883 idem
1191 3827 1246 3882 in
1293 3827 1495 3882 eodem
1544 3826 1669 3883 loco
1716 3829 2022 3900 loquitur:

383 3926 400 3960 ί
433 3923 493 3981 Si
523 3919 846 3979 dixerimus
876 3917 1155 3990 quoniam
1209 3921 1507 3988 peccatum
1556 3935 1672 3973 non
1716 3918 2022 3989 habemus,

380 4011 495 4087 ipsi
533 4027 642 4066 nos
696 4007 1055 4078 seducimus,
1103 4011 1161 4062 et
1209 4006 1421 4062 veritas
1470 4006 1530 4061 in
1572 4008 1740 4064 nobis
1779 4026 1896 4065 non
1937 4017 2027 4066 est

381 4101 428 4175 (ἰ
456 4103 619 4170 Joan,
653 4116 693 4165 ι,
725 4098 832 4170 8)?
869 4119 898 4148 »
950 4098 1190 4169 Ignoras
1227 4097 1534 4163 rationem,
1575 4098 1810 4155 hcesitas
1850 4106 2024 4172 atque

379 4189 660 4246 turbaris.
692 4187 844 4243 Audi
875 4187 1148 4243 eumdem
1179 4186 1597 4257 evangelistam
1626 4205 1638 4243 :
1691 4212 1715 4237 ‹‹
1753 4188 1811 4244 Si
1839 4191 2025 4244 confi-

381 4285 616 4337 teamur
642 4280 879 4350 peccata
908 4280 1128 4345 nostra,
1161 4274 1351 4331 ﬁdelis
1382 4280 1439 4331 et
1477 4277 1673 4347 justus
1705 4283 1795 4333 est
1835 4283 1900 4334 ut
1930 4279 2023 4334 di-

381 4367 553 4425 mitta
583 4365 752 4423 nobis
783 4370 1019 4437 peccata
1041 4368 1260 4431 nostra,
1288 4369 1344 4419 et
1365 4366 1609 4421 mundet
1632 4384 1736 4422 uos
1769 4368 1839 4423 ab
1861 4369 2023 4423 omni

382 4457 691 4530 iniquitate
746 4453 910 4524 (Ibid.
973 4454 1049 4524 9).
1104 4476 1131 4502 ››
1183 4453 1345 4530 Tupc
1397 4471 1532 4527 ergo
1581 4456 1731 4526 justi
1789 4475 2022 4527 sumus,

381 4546 619 4622 quando
650 4561 757 4601 nos
787 4548 1120 4616 peccatores
1170 4543 1439 4610 fatemur,
1473 4548 1530 4601 et
1560 4546 1794 4616 justitia
1823 4552 2023 4604 nostra

380 4654 499 4695 non
520 4651 589 4692 ex
618 4634 852 4708 proprio
882 4632 1111 4703 merito,
1144 4634 1246 4689 sed
1287 4649 1355 4688 ex
1402 4633 1501 4688 Dei
1552 4634 1819 4690 consistit
1848 4635 2021 4691 mise-
2053 4651 2099 4715 D

381 4725 654 4791 ricordia,
685 4724 912 4781 dicente
943 4727 1146 4779 sancta
1173 4722 1506 4795 Scriptura:
1542 4746 1569 4773 ‹‹
1613 4724 1820 4779 Justus
1853 4740 2020 4779 accu-

383 4820 544 4874 sator
571 4814 663 4872 sui
710 4818 799 4872 est
854 4812 912 4868 in
971 4812 1259 4886 principio
1312 4812 1600 4868 sermonis
1649 4813 1829 4882 (Prov.
1861 4830 2019 4880 xvm,

352 4926 355 4931 ·
384 4907 488 4975 17;
518 4928 547 4956 ››
580 4908 637 4961 et
668 4903 728 4960 in
760 4904 873 4960 alio
903 4901 1030 4959 loco
1055 4918 1067 4957 :
1103 4925 1131 4951 «
1156 4901 1258 4957 Dic
1282 4905 1345 4955 tu
1369 4906 1600 4973 peccata
1624 4906 1742 4968 tua,
1768 4902 2022 4973 utjusti-

381 4996 571 5053 ficeris
602 4995 733 5068 (lsa.
765 5009 926 5060 xun,
957 4994 1047 5060 26,
1078 5008 1181 5046 sec.
1215 4991 1376 5062 LXX).
1413 5012 1441 5039 »
1484 5013 1511 5040 «
1544 4989 1840 5046 Conclusit
1866 4991 2021 5046 enim

379 5085 535 5142 Deus
564 5082 762 5140 omnia
793 5080 903 5137 sub
943 5084 1196 5152 peccato,
1247 5084 1311 5134 ut
1358 5079 1635 5135 omnibus
1678 5079 2023 5136 misereatur

382 5173 556 5247 (Rom.
588 5188 670 5239 x1,
700 5170 814 5239 32).
847 5192 874 5220 ››
898 5168 965 5223 Et
983 5167 1106 5225 haec
1127 5167 1385 5223 hominis
1410 5184 1645 5223 summa
1664 5171 1751 5223 est
1769 5167 2018 5239 justitia,

382 5260 670 5337 quidquid
730 5257 986 5331 potuerit
1050 5257 1265 5313 habere
1328 5256 1579 5323 virtutis,
1657 5273 1772 5311 non
1847 5274 2021 5313 suum

380 5356 590 5426 putare
628 5365 777 5417 esse,
846 5348 949 5404 sed
1013 5346 1247 5403 Domini
1305 5345 1406 5419 qui
1473 5344 1719 5418 largitus
1765 5350 1872 5401 est.
1913 5346 2021 5411 Qui

381 5447 519 5505 ergo
550 5432 724 5487 natus
762 5433 852 5485 est
911 5444 981 5485 ex
1052 5427 1190 5498 Deo,
1266 5442 1383 5483 non
1460 5432 1680 5499 peccat,
1759 5426 2020 5501 quandiu

454 5664 471 5698 ί
504 5663 568 5719 In
598 5661 894 5736 plerisque
917 5660 1085 5717 libris
1133 5662 1367 5719 additur
1418 5661 1666 5734 Domine,
1698 5660 1932 5719 Hebraeo
1963 5664 2021 5717 et

381 5733 576 5798 Grleoo
599 5733 765 5795 textu
797 5733 1103 5801 renuente.
1200 5772 1217 5782 -

2137 3387 2411 3453 ceperunt
2439 3400 2451 3436 :
2487 3386 2587 3437 aut
2618 3381 2664 3436 si
2697 3379 3059 3451 impossibile
3090 3383 3199 3447 est,
3233 3394 3347 3433 non
3380 3381 3469 3433 est
3488 3377 3659 3451 culpa
3681 3394 3773 3435 eo-

2137 3487 2266 3525 rum
2294 3470 2395 3542 qui
2422 3470 2657 3526 obedire
2689 3486 2803 3525 non
2833 3472 3103 3541 possunt,
3136 3468 3237 3523 sed
3268 3467 3397 3538 ejus
3426 3466 3527 3538 qui
3558 3468 3777 3540 impos-

2137 3559 2330 3615 sibilia
2359 3560 2649 3632 przecepit.
2695 3561 2756 3614 A.
2809 3558 2910 3613 Hic
2959 3556 3121 3612 locus
3165 3556 3319 3628 apud
3366 3555 3690 3628 imperitos,
3719 3560 3778 3613 et

2135 3650 2567 3721 Scripturarum
2613 3652 2952 3704 sanctorum
2985 3645 3446 3711 meditationem,
3480 3660 3775 3717 usumque

2137 3743 2194 3793 et
2225 3738 2530 3793 scientiam
2580 3754 2694 3793 non
2743 3736 3050 3801 habentes,
3096 3734 3323 3789 videtur
3371 3732 3633 3806 Opinioni
3661 3737 3777 3791 tum

2137 3827 2327 3900 prima
2358 3827 2545 3882 fronte
2593 3824 2864 3880 blandiri.
2919 3824 3202 3879 Caeterum
3254 3822 3559 3878 discussus
3608 3821 3779 3878 facile

2136 3916 2401 3973 solvitur.
2459 3916 2526 3970 Et
2583 3931 2715 3975 cum
2768 3912 3108 3969 testimonia
3155 3912 3591 3983 Scripturarum
3644 3910 3778 3967 aliis

2136 4006 2561 4078 comparaveris
2596 4002 2970 4071 testimoniis,
3004 4017 3077 4058 ne
3107 4000 3219 4056 sibi
3249 3999 3505 4072 Spiritus
3535 4003 3778 4056 sanctus

2135 4113 2237 4168 pro
2268 4094 2549 4166 qualitate
2578 4094 2836 4149 locorum
2869 4096 2925 4148 et
2953 4096 3282 4163 temporum
3329 4088 3594 4144 videatur
3649 4102 3780 4144 esse

2134 4184 2483 4251 contrarius,
2543 4182 2867 4237 secundum
2925 4180 3068 4235 illud
3117 4179 3273 4252 quod
3328 4177 3614 4251 scriptum
3646 4180 3775 4233 est:

2134 4297 2161 4324 ‹‹
2203 4274 2462 4345 Abyssus
2494 4272 2772 4343 abyssum
2805 4271 3032 4326 invocat
3062 4269 3122 4323 in
3167 4283 3303 4323 voce
3348 4270 3779 4322 cataractarum

2133 4367 2366 4417 tuarum
2400 4361 2570 4431 (Psal.
2602 4377 2719 4426 XLI,
2750 4360 2805 4427 8,
2844 4382 2870 4407 »
2902 4364 3042 4413 tunc
3074 4356 3288 4412 veritas
3319 4353 3644 4428 apparebit,
3668 4353 3781 4411 hoc

2133 4457 2242 4513 est,
2310 4449 2605 4505 Christum
2677 4446 2982 4519 possibilia
3038 4444 3385 4518 prmcepisse
3439 4442 3775 4508 dicentem;

2133 4562 2160 4589 ‹‹
2195 4539 2391 4594 Estote
2422 4536 2663 4610 perfecti
2695 4537 2847 4592 sicut
2874 4534 3044 4591 Pater
3070 4538 3262 4589 vester
3307 4530 3561 4587 caelestis
3590 4530 3783 4603 perfe-

2132 4632 2262 4684 ctus
2291 4632 2379 4684 est
2404 4644 2417 4694 ;
2450 4645 2476 4677 ιι
2504 4630 2560 4681 et
2579 4630 2776 4681 tamen
2800 4623 3095 4698 apostolos
3116 4640 3233 4679 non
3256 4622 3439 4677 fuisse
3459 4620 3774 4693 perfectos.

2124 4718 2188 4791 ΝΟ.
2256 4718 2381 4771 Non
2445 4715 2577 4771 dico
2653 4714 2795 4787 quid
2872 4713 3118 4787 apostoli
3195 4710 3458 4777 fecerint,
3488 4707 3782 4781 sedquid

2131 4806 2397 4861 Christus
2428 4804 2786 4876 praeceperit.
2819 4804 3017 4875 Neque
3048 4802 3205 4857 cnim
3238 4799 3410 4873 culpa
3430 4796 3784 4870 imperantis

2132 4899 2239 4962 est,
2302 4896 2400 4950 sed
2460 4910 2660 4949 eorum
2719 4893 2819 4964 qui
2878 4892 3191 4947 audierunt
3242 4888 3578 4959 imperium,
3618 4886 3784 4959 quod

2132 4985 2337 5056 utique
2362 4984 2621 5055 potuisse
2644 4982 2766 5036 fieri
2798 4998 2867 5036 ex
2886 4980 3121 5053 justitia
3148 4980 3277 5051 ejus
3302 4977 3401 5050 qui
3422 4976 3782 5049 imperabat,

2132 5072 2487 5146 agnoscitur.
2522 5071 2582 5125 A.
2616 5069 2884 5125 Pulchre.
2917 5068 3059 5124 Nolo
3093 5083 3228 5140 ergo
3250 5065 3397 5121 mihi
3418 5065 3581 5120 dicas
3602 5078 3784 5136 posse

2132 5162 2429 5217 hominem
2458 5161 2583 5217 sine
2613 5163 2847 5233 peccato
2890 5175 3017 5214 esse
3049 5157 3097 5213 si
3126 5155 3300 5222 velit;
3329 5154 3431 5213 sed
3462 5168 3637 5225 posse
3667 5152 3787 5209 ho-

2133 5251 2351 5307 minem
2384 5250 2441 5305 id
2473 5265 2600 5306 esse
2630 5249 2783 5321 quod
2818 5246 3065 5320 apostoli
3101 5246 3244 5302 πυτ
3280 5260 3397 5300 non
3433 5243 3693 5298 fuerunt.
3719 5241 3782 5297 Ο.

2131 5341 2277 5396 Tam
2311 5338 2558 5397 stultum
2591 5354 2682 5393 me
2714 5343 2908 5410 putas,
2941 5340 3007 5392 ut
3031 5334 3277 5391 audeam
3333 5332 3444 5388 hoc
3467 5329 3683 5403 loqui?
3710 5330 3786 5390 Α.

2132 5428 2290 5486 Licet
2342 5445 2458 5484 non
2513 5426 2794 5500 loquaris,
2842 5429 3039 5482 tamen
3098 5440 3167 5481 ex
3223 5419 3621 5495 propositione
3648 5422 3793 5497 tua,

2239 5667 2259 5701 ε
2286 5663 2581 5722 Victorius
2610 5666 2800 5721 mistas
2827 5659 3030 5731 voluit,
3070 5660 3289 5719 scilicet
3314 5659 3521 5736 paleas.
