3958 6406
250 400 369 480 829

1109 408 1495 481 DIALOGUS
1539 408 1850 478 CONTRA
1893 406 2411 481 PELAGIANOS.
2444 450 2521 464 -—
2549 412 2699 484 LIB.
2744 408 2794 484 Ῑ.
2876 431 2880 435 ‘

3516 372 3662 484 an

249 554 376 632 ipsa
405 547 825 630 consequentia
856 556 913 611 et
967 568 1162 612 rerum
1193 553 1396 613 ordine
1424 554 1641 614 invitus
1670 557 1781 614 hoc
1811 554 1895 614 lo-
1924 549 1981 617 Α
2012 549 2156 612 dum
2188 574 2493 631 nunquam
2523 557 2585 616 in
2625 558 2895 628 statione,
2943 555 3045 617 sed
3093 570 3325 633 semper
3366 539 3430 615 in
3477 560 3656 618 cursu

250 646 473 721 queris.
525 645 587 703 Si
630 644 787 703 enim
834 648 1027 717 potest
1067 661 1195 702 esse
1241 645 1418 702 homo
1461 647 1587 704 sine
1639 651 1896 722 peccato,

249 737 412 810 quod
443 733 739 810 apostolos
768 750 885 790 non
916 733 1097 791 fuisse
1145 735 1521 808 perspicuum
1563 745 1669 806 est,
1703 742 1902 812 posset

248 842 381 884 esse
410 842 590 901 super
614 824 906 898 apostolos
938 823 1114 881 homo
1140 842 1152 881 :
1186 828 1252 880 ut
1280 830 1505 882 taceam
1536 828 1607 883 de
1651 828 1897 900 patriar-

251 916 381 973 chis
411 919 468 973 et
493 913 817 989 prophetis,
849 929 1099 985 quorum
1132 913 1191 969 in
1222 913 1348 987 lege
1373 933 1488 972 non
1512 916 1623 972 fuit
1643 916 1900 988 perfecta

240 1003 496 1077 justitia,
530 1004 854 1060 secundum
888 1001 1034 1059 illud
1080 1004 1374 1075 Apostoli:
1423 1029 1449 1055 «
1484 1006 1699 1062 Omnes
1739 1007 1897 1062 enim

246 1097 656 1166 peccaverunt,
689 1097 748 1148 et
774 1092 1039 1164 indigent
1068 1092 1254 1162 gloria
1274 1094 1405 1162 Dei;
1433 1096 1740 1166 justiﬁcati
1771 1112 1899 1168 gra-

244 1182 323 1239 tis
352 1198 458 1255 per
484 1180 586 1238 Dei
618 1181 929 1255 gratiam‘,
962 1198 1064 1254 per
1095 1182 1202 1253 [Αι.
1252 1182 1376 1238 add.
1418 1183 1629 1256 ipsius]
1671 1185 1896 1239 redem-

246 1270 508 1343 ptionem
540 1287 670 1342 quae
701 1274 792 1326 est
818 1270 879 1326 in
911 1269 1139 1327 Christo
1168 1270 1308 1327 Jesu
1338 1290 1351 1341 ;
1387 1289 1561 1345 quem
1595 1273 1900 1346 proposuit

248 1360 399 1416 Deus
423 1359 863 1432 propitiatorem
897 1361 1068 1427 (Rom.
1101 1376 1186 1425 III,
1219 1361 1309 1426 23,
1339 1362 1450 1431 25).
1485 1382 1513 1411 »

316 1449 407 1504 14.
438 1450 677 1521 Opponit
714 1450 1091 1504 testimonium
1131 1449 1297 1503 Pauli
1342 1449 1413 1504 ad
1463 1451 1700 1522 Philipp.
1736 1482 1804 1491 ——
1837 1450 1893 1506 (ι’.

246 1536 379 1595 Haec
433 1536 864 1609 argumentatio
934 1540 1199 1593 tortuosa
1262 1542 1371 1604 est,
1440 1538 1895 1595 ecclesiasticam

251 1624 683 1699 simplicitatem
740 1624 893 1680 inter
938 1623 1425 1697 philosophorum
1475 1626 1704 1699 spineta
1754 1643 1894 1683 con-

247 1714 508 1771 cludens.
540 1714 690 1779 Quid
717 1713 1011 1769 Aristoteli
1045 1718 1102 1770 et
1129 1713 1311 1770 Paulo
1330 1713 1358 1769 ?
1388 1714 1534 1779 Quid
1578 1715 1809 1773 Platoni
1841 1720 1898 1772 et

244 1803 460 1861 Petro?
487 1803 562 1861 Ut
589 1801 688 1859 ille
739 1800 896 1858 enim
947 1802 1218 1875 princeps
1268 1802 1775 1877 philosophorum,
1814 1806 1897 1861 ita

241 1893 351 1994 hic.
370 1890 790 1994 apostolorum.
803 1892 931 1960 fuit,
966 1908 1144 1964 super
1166 1908 1343 1964 quem
1365 1893 1639 1994 .Ecclesiah
1661 1894 1892 1994 Domini
1922 1928 1971 1994 B

241 1982 440 2042 stabili
469 1980 622 2038 mole
650 1981 896 2037 fundata
924 1986 1032 2047 est,
1066 1998 1194 2054 qua
1225 1998 1332 2038 nec
1360 1982 1580 2056 impetu
1606 1984 1887 2054 fluminis,

242 2084 352 2130 nec
380 2070 504 2128 ulla
530 2074 878 2143 tempestate
908 2071 1258 2128 concutitur.
1291 2074 1352 2127 A.
1390 2071 1803 2140 Rhetoricaris,
1837 2078 1894 2129 et

240 2161 388 2219 dum
417 2160 562 2216 mihi
592 2160 798 2231 objicis
845 2158 1303 2232 philosophiam,
1354 2162 1427 2216 ad
1472 2166 1767 2218 oratorum
1797 2179 1891 2218 ca-

242 2253 371 2307 stra
405 2246 793 2306 transcendis.
823 2247 1041 2303 Verum
1067 2248 1205 2304 audi
1236 2248 1379 2321 quid
1409 2248 1564 2305 idem
1596 2249 1752 2307 dicat
1772 2267 1895 2307 ora-

240 2343 337 2396 tor
362 2343 541 2395 tuus:
576 2359 606 2388 «
637 2338 850 2394 Desine
876 2338 1293 2395 communibus
1321 2338 1500 2406 locis;
1534 2340 1692 2396 domi
1724 2341 1893 2397 nobis

241 2426 361 2487 ista
413 2431 743 2485 nascuntur
789 2427 929 2498 (Cic.
980 2427 1080 2484 lib.
1135 2444 1192 2482 IV
1233 2429 1404 2484 Acad.
1458 2430 1703 2502 Quam).
1761 2454 1781 2478 »
1833 2430 1890 2485 C.

241 2516 419 2574 Nulla
446 2516 542 2572 hic
570 2514 902 2587 eloquentia
948 2519 1039 2572 est
1081 2515 1281 2573 nullus
1329 2522 1626 2574 oratorum
1676 2522 1891 2586 tumor,

240 2621 492 2680 quorum
508 2605 766 2662 deﬁnitio
780 2604 1087 2670 est,dicere
1100 2605 1170 2660 ad
1185 2606 1657 2678 persuadendum
1672 2624 1896 2664 accom-

242 2696 501 2764 modate,
534 2695 635 2752 sed
667 2710 874 2767 puram
905 2711 1052 2767 puro
1097 2711 1366 2752 sermone
1398 2695 1717 2768 quaerimus
1746 2697 1893 2753 veri-

241 2789 457 2841 tatem:
480 2786 584 2839 aut
603 2781 919 2839 Dominum
934 2780 1304 2854 impossibile
1324 2799 1439 2838 non
1458 2785 1895 2856 praecepisse,ut

244 2874 369 2931 sint
398 2873 459 2929 in
485 2871 658 2945 culpa
678 2871 779 2944 qui
802 2870 1107 2943 possibilia
1126 2888 1242 2927 non
1266 2872 1506 2929 fecerint
1531 2891 1543 2941 ;
1578 2879 1678 2930 aut
1706 2875 1755 2930 si
1778 2891 1892 2931 non

240 2966 499 3037 possunt
526 2960 672 3027 ﬁeri,
704 2978 821 3017 non
844 2976 944 3016 eos
965 2960 1066 3032 qui
1087 2960 1481 3032 impossibilia
1503 2979 1616 3018 non
1649 2964 1890 3032 faciunt,

240 3053 347 3110 sed
381 3067 515 3109 eum
539 3050 641 3123 qui
669 3048 1063 3123 impossibilia
1090 3051 1385 3124 pracepit,
1418 3053 1573 3122 quod
1607 3054 1769 3109 nefas
1800 3054 1892 3109 di—

241 3147 346 3201 ctu
379 3142 477 3210 sit,
537 3138 801 3196 convinci
856 3138 1177 3211 injustitiaz.
1238 3141 1301 3195 A.
1357 3138 1538 3196 Video
1597 3146 1653 3197 te
1692 3146 1894 3198 contra

241 3246 440 3288 mores
484 3233 618 3286 tuos
663 3228 1037 3285 vehementer
1082 3244 1209 3284 esse
1253 3234 1633 3298 commotum,
1666 3235 1722 3287 et
1758 3248 1890 3304 pro-

2010 652 2120 713 est,
2142 648 2548 721 imperfectum
2574 649 2797 719 doceat,
2823 649 2978 723 quod
3002 647 3272 706 homines
3298 638 3655 721 putabamus

2009 752 2139 794 esse
2168 738 2528 809 perfectum:
2564 738 2869 813 solamque
2916 739 3326 812 perfectionem
3372 741 3430 794 et
3456 752 3656 796 veram

2001 825 2318 898 justitiam,
2373 826 2475 883 Dei
2544 832 2776 884 tantum
2850 827 3166 885 virtutibus
3240 828 3652 902 coaptandam.

2010 939 2038 966 «
2072 917 2407 972 Secundum
2430 918 2816 989 propositum,
2840 917 3053 990 inquit,
3075 934 3396 990 prosequor
3416 918 3488 974 ad
3520 916 3655 973 bra-

2004 1002 2167 1059 vium
2202 1020 2471 1075 supernae
2500 1004 2819 1062 vocationis
2848 1005 2949 1062 Dei
2991 1004 3051 1061 in
3097 1005 3325 1062 Christo
3355 1005 3516 1062 Jesu.
3549 1026 3579 1054 ››
3608 1001 3653 1060 0

2006 1091 2265 1163 apostolo
2327 1090 2514 1163 Paule,
2574 1094 2811 1166 ignosce
2867 1093 3014 1150 mihi
3072 1093 3241 1166 quasi
3298 1091 3655 1151 homunculo

2007 1170 2151 1236 mea"
2166 1180 2306 1236 vitia
2337 1180 2655 1249 confitenti,
2690 1181 2740 1237 si
2767 1181 3045 1237 audacter
3087 1181 3462 1256 interrogem.
3496 1176 3654 1239 Dicis

2004 1271 2061 1323 te
2093 1269 2342 1325 necdum
2371 1268 2683 1341 accepisse,
2726 1272 2782 1324 et
2818 1270 3067 1325 necdum
3118 1264 3653 1342 comprehendisse,

2006 1362 2063 1413 et
2092 1358 2341 1413 necdum
2372 1374 2499 1413 esse
2526 1357 2866 1429 perfectum,
2891 1362 2948 1413 et
2969 1358 3395 1430 praeteritorum
3421 1352 3656 1432 semper

2006 1445 2288 1513 oblivisci,
2322 1450 2376 1501 et
2405 1448 2477 1501 ad
2535 1446 2731 1519 priora
2787 1450 2845 1503 te
2902 1447 3171 1516 extendi;
3234 1446 3285 1503 si
3325 1458 3438 1518 quo
3474 1448 3651 1504 modo

2004 1534 2198 1607 possis
2229 1551 2530 1591 occurrere
2578 1536 2637 1590 in
2688 1535 3107 1592 resurrectione
3154 1540 3544 1604 mortuorum,
3594 1540 3653 1593 et

2006 1623 2286 1697 consequi
2317 1623 2584 1679 bravium
2616 1640 2881 1696 supernis
2902 1625 3243 1683 vocationis.
3267 1626 3337 1682 Et
3357 1626 3652 1699 quomodo

2005 1713 2205 1769 statim
2247 1712 2465 1768 infers:
2503 1736 2530 1763 ‹‹
2564 1715 2859 1785 Quotquot
2908 1729 3044 1786 ergo
3098 1713 3336 1787 perfecti
3376 1715 3481 1787 (Al.
3510 1706 3650 1770 "add.

2004 1803 2257 1873 sumus),
2291 1802 2402 1857 hoc
2453 1801 2741 1875 sapimus,
2797 1804 2914 1859 sive
2969 1800 3376 1876 sapiamus?»
3426 1803 3657 1861 diversa

2005 1890 2161 1948 enim
2194 1893 2332 1945 sunt
2360 1890 2750 1962 exemplaria:
2795 1895 2853 1947 et
2901 1890 3043 1964 quid
3088 1892 3376 1964 sapimus,
3407 1892 3528 1951 sive
3558 1909 3653 1949 sa-

2001 1975 2257 2054 piamus,
2289 1997 2396 2036 nos
2426 1996 2557 2037 esse
2584 1981 2869 2053 perfectos
2888 1980 2918 2036 ‘I
2954 1981 3468 2055 comprehendisse
3494 1982 3653 2057 quod

2002 2086 2118 2126 non
2161 2070 2735 2142 comprehendimus,
2771 2069 3067 2141 accepisse
3096 2070 3251 2143 quod
3285 2087 3401 2127 non
3427 2060 3654 2146 accepi-

2003 2177 2160 2227 mus,
2191 2176 2319 2215 esse
2350 2160 2634 2232 perfectos
2674 2159 2773 2231 qui
2806 2160 3069 2215 nondum
3109 2160 3346 2233 perfecti
3395 2161 3654 2219 sumus?

2003 2249 2150 2315 Quid
2181 2265 2317 2321 ergo
2351 2249 2637 2321 sapimus,
2670 2248 2790 2303 imo
2819 2248 2962 2321 quid
2994 2264 3199 2321 sapere
3239 2250 3523 2307 debemus
3552 2250 3653 2323 qui

2004 2338 2247 2411 perfecti
2277 2356 2392 2394 non
2432 2337 2692 2394 sumus?
2722 2337 3101 2410 Imperfecto‘s
3148 2354 3255 2393 nos
3303 2348 3433 2394 esse
3471 2340 3652 2396 centi-

2003 2428 2130 2496 teri,
2154 2433 2212 2484 et
2233 2429 2482 2484 necdum
2505 2426 3042 2499 comprehendisse,
3065 2426 3314 2483 necdum
3336 2418 3649 2501 accepiSsc.

2004 2517 2138 2574 HEC
2168 2534 2271 2574 as'r
2299 2517 2559 2574 hominis
2587 2534 2724 2574 vera
2752 2516 3064 2589 sapientia,
3094 2504 3501 2588 imperfectum
3521 2532 3654 2576 esse

2004 2623 2066 2663 se
2123 2624 2336 2664 nosce:
2393 2611 2589 2680 atque,
2650 2611 2716 2663 ut
2770 2607 2852 2664 ita
2912 2607 3141 2680 loquar,
3191 2609 3537 2664 cunctorum
3589 2606 3652 2665 in

2004 2712 2177 2753 carne
2212 2698 2515 2769 justorum
2559 2697 2903 2770 imperfecta
2948 2694 3222 2769 perfectio
3269 2700 3377 2753 est.
3407 2695 3575 2756 Unde
3598 2701 3656 2755 et

2003 2785 2064 2841 in
2096 2786 2419 2843 Proverbiis
2464 2785 2759 2858 legimus:
2811 2810 2840 2837 «
2873 2787 2958 2842 Ad
3008 2785 3448 2861 intelligendam
3471 2786 3658 2861 justi-

2002 2876 2148 2931 tiam
2178 2892 2374 2933 veram
2404 2877 2587 2948 (Prov.
2648 2894 2687 2944 ι,
2742 2877 2797 2943 3,
2854 2893 2960 2933 sec.
3022 2876 3183 2947 LXX).
3245 2898 3274 2927 »
3329 2875 3455 2933 Nisi
3497 2877 3656 2934 enim

2004 2970 2159 3022 esset
2181 2972 2238 3022 et
2270 2966 2417 3023 falsa
2455 2964 2711 3037 justitia,
2762 2982 3066 3038 nunquam
3110 2964 3213 3021 Dei
3258 2980 3395 3021 vera
3421 2964 3659 3043 justitia

2002 3054 2313 3111 diceretur.
2369 3056 2437 3110 Et
2485 3055 2545 3110 in
2599 3055 2804 3110 eodem
2856 3052 3117 3126 Apostoli
3174 3051 3300 3109 loco
3348 3053 3652 3125 sequitur:

2008 3166 2029 3193 σι
2067 3144 2135 3199 Et
2161 3145 2210 3199 si
2238 3144 2379 3218 quid
2411 3144 2579 3200 aliter
2608 3143 2862 3209 sentitis,
2913 3146 2970 3199 et
3014 3141 3124 3198 hoc
3174 3141 3340 3198 vobis
3378 3144 3531 3198 Deus
3563 3158 3652 3199 re-

2002 3232 2218 3289 velabit
2237 3234 2259 3267 ³
2289 3234 2559 3305 (Philipp.
2594 3250 2682 3299 ιιι,
2714 3233 2823 3299 15).
2854 3255 2874 3281 ι
2903 3231 3049 3287 Rem
3079 3247 3290 3286 novam
3321 3230 3515 3288 audio.
3534 3228 3651 3297 'Qui

239 3324 441 3393 pterea
468 3318 866 3391 argumentari
897 3316 1185 3373 desinam.
1219 3316 1330 3372 Sed
1371 3334 1688 3390 parumper
1714 3301 1776 3375 te
1798 3319 1886 3375 in-
1919 3301 1961 3368 Ο
2002 3320 2176 3395 paulo
2208 3301 2340 3378 ante
2372 3301 2617 3377 dixerat.
2653 3343 2680 3370 ‹‹
2710 3321 2838 3377 Non
2860 3321 2998 3394 quia
3009 3320 3138 3392 jam
3159 3319 3377 3393 accepi,
3399 3323 3501 3377 aut
3521 3320 3650 3394 jam

237 3408 570 3481 terrogabo,
602 3406 746 3479 quid
779 3407 850 3462 de
872 3405 973 3462 illo
998 3404 1259 3479 Apostoli
1286 3404 1412 3461 loco
1441 3407 1685 3472 sentias,
1709 3424 1883 3479 quem

240 3497 449 3556 scribit
478 3497 549 3553 ad
575 3495 1020 3568 Philippenses:
1060 3516 1083 3544 α
1117 3496 1242 3551 Non
1301 3494 1440 3568 quia
1493 3497 1612 3567 iam
1666 3498 1882 3571 accepi,

240 3590 347 3644 aut
370 3586 495 3657 jam
525 3585 818 3659 perfectus
866 3586 1000 3642 sim.
1052 3585 1377 3657 Persequor
1425 3589 1619 3641 autem
1650 3586 1700 3641 si
1728 3603 1885 3641 com-

237 3674 621 3748 prehendam,
651 3674 712 3730 in
745 3691 861 3746 quo
892 3674 1293 3746 apprehensus
1336 3690 1469 3729 sum
1490 3676 1511 3708 ²
1555 3691 1589 3729 a
1633 3674 1883 3731 Christo.

236 3764 492 3832 Fratres,
522 3779 630 3837 ego
661 3779 756 3819 me
784 3763 1036 3818 necdum
1069 3762 1321 3818 arbitror
1348 3762 1883 3834 comprehendisse.

236 3851 436 3911 Unum
465 3856 683 3921 autem,
717 3853 1109 3926 posteriorum
1149 3851 1515 3921 obliviscens,
1562 3854 1634 3909 ad
1665 3870 1733 3909 ea
1761 3870 1887 3926 quae

236 3942 439 4016 priora
469 3948 610 3999 sunt
654 3957 748 3998 me
794 3943 1135 4009 extendens,
1176 3943 1347 4014 juxta
1396 3943 1761 4015 propositum
1793 3960 1877 3999 se-

236 4046 415 4103 quor,
445 4031 519 4087 ad
548 4031 819 4087 bravium
852 4047 1118 4104 supernis
1145 4032 1467 4087 vocationis
1498 4033 1599 4088 Dei
1632 4034 1690 4088 in
1721 4034 1888 4089 Chri-

236 4123 334 4175 sto
363 4117 527 4177 Jesu.
558 4120 853 4192 Quotquot
881 4136 1017 4193 ergo
1040 4120 1299 4192 perfecti,
1327 4120 1435 4176 hoc
1462 4121 1765 4193 sapiamus
1789 4126 1892 4195 :let

235 4207 288 4266 si
319 4206 463 4282 quid
495 4206 666 4264 aliter
693 4209 921 4281 sapitis,
952 4209 1063 4265 hoc
1093 4226 1228 4283 ergo
1268 4226 1501 4283 quoque
1544 4210 1699 4266 Deus
1728 4210 1891 4267 vobis

235 4294 523 4354 revelabit
550 4296 818 4370 (Philipp.
862 4315 947 4364 ιιι,
979 4299 1049 4354 42
1078 4315 1223 4370 seqq.
1256 4302 1297 4367 ),
1334 4321 1362 4349 ››
1398 4300 1547 4355 708
1578 4304 1634 4355 et
1662 4303 1888 4367 caetera,

224 4392 367 4459 quia
396 4389 455 4442 te
487 4385 636 4442 scire
667 4402 783 4443 non
837 4387 1039 4443 dubito
1092 4393 1151 4443 et
1201 4404 1308 4444 nos
1366 4388 1663 4444 brevitatis
1696 4389 1889 4444 studio

237 4476 636 4551 praeterimus.
672 4477 823 4534 Dicit
853 4496 915 4535 se
965 4479 1217 4536 necdum
1266 4479 1803 4551 comprehendisse,
1836 4485 1893 4535 et

235 4581 618 4639 nequaquam
649 4582 778 4623 esse
819 4567 1163 4640 perfectum,
1216 4568 1316 4624 sed
1367 4567 1554 4624 instar
1602 4567 1893 4641 sagittarii

232 4655 308 4713 ad
336 4654 706 4727 propositum
736 4659 794 4711 et
824 4657 895 4712 ad
930 4655 1382 4729 signumjacula
1410 4654 1679 4729 dirigere,
1711 4674 1886 4728 quem
1920 4677 1967 4743 D

232 4744 350 4818 [Αἱ.
382 4744 565 4816 quod)
624 4743 1057 4818 significantius
1115 4746 1295 4802 Graeci
1327 4744 1527 4799 σκοπόν
1563 4746 1889 4814 nominant,

234 4851 311 4891 ne
339 4832 562 4907 sagista
587 4834 658 4891 ad
687 4840 914 4908 partem
941 4836 1242 4893 declinans
1264 4837 1528 4908 alteram,
1553 4836 1894 4909 imperitum

239 4921 517 4981 ostendat
560 4923 956 4998 sagittarium.
1003 4929 1074 4979 Et
1118 4924 1331 4981 asserit
1377 4926 1800 4997 praeteritorum
1833 4941 1896 4980 se

238 5027 478 5085 semper
504 5011 790 5081 oblivisci,
851 5019 907 5071 et
966 5014 1037 5070 ad
1090 5014 1286 5087 priora
1336 5031 1570 5087 semper
1621 5015 1891 5070 extendi:

226 5118 350 5177 ‘per
379 5117 509 5174 quas
540 5102 707 5159 docet
735 5103 1026 5174 praeterita
1073 5103 1443 5176 negligenda,
1475 5108 1532 5159 et
1563 5103 1759 5158 futura
1797 5119 1894 5159 cu-

239 5190 497 5267 pienda;
531 5194 599 5247 ut
628 5192 784 5263 quod
816 5191 987 5248 hodie
1017 5192 1337 5265 perfectum
1371 5190 1614 5263 putavit,
1649 5191 1794 5248 dum
1825 5192 1915 5248 ad‘

240 5279 493 5339 meliora
545 5284 604 5338 et
654 5280 849 5353 priora
907 5282 1258 5350 extenditur,
1316 5298 1445 5337 cras
1490 5281 1897 5352 imperfectum

239 5371 435 5429 fuisse
465 5369 792 5428 convincat.
825 5374 1012 5444 Atque
1044 5371 1126 5427 ita
1182 5387 1286 5443 per
1343 5369 1611 5442 singulos
1659 5370 1896 5442 gradus,

312 5553 333 5638 ξ
364 5552 529 5638 Idem
557 5549 701 5625 legit
727 5551 1235 5638 Jmliﬁcati'gratg's
1268 5565 1369 5622 per
1402 5551 1661 5637 “gratiam
1676 5551 1902 5638 ~ipsius,-

240 5625 336 5684 cui
367 5629 429 5681 et
458 5620 646 5680 Graec:
675 5620 1365 5693 οοηεθῐὶῐίιβίκαιούμένοι
1397 5620 1601 5697 δωρεὰν
1634 5620 1900 5691 τῆθαῦτοῦ

236 5698 587 5810 χάξξξζνιπη
620 5764 831 5810 Victnr,
890 5768 949 5810 In.
979 5783 1083 5810 mm
1115 5770 1167 5810 et
1193 5769 1471 5810 nnnrehsm

364 5771 591 5829 lterum
620 5764 860 5840 Victor.,
884 5768 950 5825 In
979 5783 1083 5842 quo
1115 5770 1167 5827 et
1192 5769 1564 5841 apprehensus
1595 5783 1737 5839 sum,
1764 5783 1902 5826 cum

1995 3410 2289 3484 perlectus
2314 3426 2468 3477 sum,
2504 3432 2532 3460 »
2590 3410 2740 3466 709
2787 3414 2846 3466 et
2892 3427 2994 3465 vas
3043 3407 3365 3480 electionis,
3412 3409 3515 3483 qui
3547 3427 3651 3486 pro

1995 3500 2348 3556 conﬁdentia
2373 3498 2697 3556 habitantis
2726 3499 2786 3554 in
2819 3517 2881 3557 se
2911 3498 3128 3556 Christi
3159 3498 3414 3556 audebat
3443 3498 3641 3573 loqui;

2000 3611 2028 3640 ‹‹
2053 3592 2139 3644 An
2169 3589 2631 3661 experimentum
2664 3589 2925 3660 quaeritis
2973 3590 3120 3660 ejus,
3172 3588 3272 3660 qui
3318 3589 3379 3644 in
3432 3604 3525 3645 me
3559 3587 3648 3645 lo-

1997 3678 2197 3749 quitur
2252 3677 2519 3733 Christus
2550 3678 2624 3748 (II
2656 3677 2777 3734 Cor.
2835 3696 2962 3745 xm,
2993 3678 3095 3749 3)?
3129 3703 3156 3729 »
3188 3683 3248 3735 et
3275 3683 3478 3734 tamen
3511 3676 3679 3733 sim-'

1995 3767 2226 3839 pliciter
2252 3767 2543 3823 fatebatur
2589 3784 2651 3822 se
2716 3784 2834 3823 non
2891 3783 3019 3823 esse
3075 3768 3430 3839 perfectum;
3493 3781 3651 3821 nunc

1998 3857 2156 3929 quod
2184 3856 2295 3912 sibi
2329 3856 2563 3928 preprie
2609 3856 2956 3928 denegabat,
2987 3856 3168 3911 mittit
3186 3855 3245 3911 in
3262 3854 3653 3927 turbam,jun-

1998 3946 2200 4018 gitque
2258 3961 2320 4000 se
2379 3960 2513 3999 cum
2573 3943 2816 4011 caeteris,
2876 3948 2933 3999 et
2988 3943 3164 3998 ait:»
3190 3945 3484 4017 Quotquot
3512 3957 3650 4016 ergo

1998 4033 2261 4106 perfecti,
2305 4032 2416 4087 hoc
2474 4032 2797 4103 sapiamus.
2836 4054 2857 4080 ν
2921 4031 3031 4087 Sed
3091 4047 3210 4104 qua
3262 4030 3486 4087 ratione
3542 4027 3654 4087 hoc

1999 4121 2227 4190 dixerit,
2262 4119 2498 4193 exponit
2528 4120 2586 4174 in
2621 4119 3028 4193 sequentibus.
3064 4119 3204 4188 Hoc,
3231 4118 3444 4192 inquit,
3459 4118 3652 4193 sapia-

1999 4229 2135 4268 mus
2166 4209 2268 4281 qui
2301 4209 2575 4266 volumus
2632 4209 2959 4265 secundum
3002 4208 3276 4266 humanae
3316 4205 3654 4282 fragilitatis

2002 4299 2309 4356 modulum
2369 4315 2499 4354 esse
2552 4296 2814 4371 perfecti,
2874 4298 3126 4354 necdum
3185 4313 3294 4355 nos
3335 4297 3654 4371 accepisse,

2002 4389 2252 4446 necdum
2310 4387 2850 4460 comprehendisse,
2910 4388 3159 4444 necdum
3190 4402 3321 4444 esse
3350 4385 3655 4461 perfectos.

2000 4478 2064 4534 Ei
2094 4477 2232 4549 quia
2262 4477 2508 4533 necdum
2543 4476 2785 4549 perfecti
2854 4494 3085 4541 sumus,
3119 4480 3176 4533 et
3216 4476 3462 4533 forsitan
3490 4473 3660 4531 aliter

2003 4566 2288 4640 sapimus,
2351 4583 2529 4638 quam
2579 4566 2768 4639 poscit
2796 4582 2928 4622 vera
2957 4570 3015 4623 et
3045 4565 3301 4639 perfecta
3337 4561 3656 4636 perfectio:

2000 4659 2047 4712 si
2082 4655 2224 4729 quid
2254 4654 2424 4712 aliter
2452 4654 2742 4727 sapimus,
2776 4663 2833 4710 et
2862 4654 3030 4711 aliter
3057 4652 3656 4726 intelligimus,quam

2003 4746 2105 4802 Dei
2136 4745 2313 4802 habet
2369 4745 2614 4800 scientia
2648 4762 2662 4812 ;
2705 4747 2762 4799 et
2816 4743 2926 4799 hoc
2974 4741 3142 4799 nobis
3173 4742 3329 4799 Deus
3360 4737 3658 4808 revelabit,

2002 4840 2068 4891 ut
2098 4851 2407 4908 precemur
2470 4850 2605 4889 cum
2646 4833 2850 4899 David,
2909 4835 3083 4904 atque
3146 4830 3453 4888 dicamus:
3494 4853 3514 4879 α
3551 4826 3661 4885 Re-

2002 4923 2131 4981 vela
2160 4923 2361 4980 oculos
2393 4939 2554 4979 meos
2584 4928 2641 4978 et
2699 4920 3080 4979 considerabo
3121 4919 3417 4977 mirabilia
3444 4919 3517 4976 de
3534 4916 3664 4992 lege

2003 5019 2107 5070 tua
2137 5014 2310 5085 (Psal.
2344 5029 2541 5078 cxvm,
2577 5012 2685 5084 i8).
2721 5033 2749 5061 ››

2077 5104 2163 5157 15.
2197 5102 2415 5174 Duplex
2469 5102 2730 5173 perfectio
2787 5109 2841 5156 et
2884 5100 3141 5173 justitia.
3173 5128 3244 5140 —-
3273 5099 3359 5154 Ex
3390 5112 3508 5171 quo
3538 5111 3667 5171 per-

2008 5191 2283 5264 spicuum
2312 5196 2421 5260 est,
2455 5191 2603 5247 duas
2642 5192 2704 5246 in
2764 5188 3080 5262 Scripturis
3137 5187 3358 5244 sanctis
3387 5202 3517 5244 esse
3546 5202 3669 5261 per-

2010 5281 2333 5349 fectiones;
2400 5281 2670 5352 duasque
2726 5278 3009 5353 justitias,
3069 5283 3127 5334 et
3200 5277 3349 5335 duos
3401 5276 3666 5335 timores.

2007 5371 2265 5428 Primam
2297 5369 2740 5443 perfectionem,
2764 5375 2823 5427 et
2852 5367 3311 5441 comparabilem
3339 5367 3664 5435 veritatem,

2012 5552 2208 5609 Graeco
2236 5549 2317 5625 ἐφ’
2349 5550 2381 5602 ἅ
2407 5548 2495 5602 καὶ
2529 5545 2897 5625 κατελήφθην.

2083 5625 2104 5657 ³
2136 5618 2367 5695 Reginae
2400 5618 2779 5695 ms.secunda
2805 5638 2984 5678 manu
3019 5619 3115 5677 hic
3145 5624 3322 5694 atque
3354 5618 3508 5677 infra
3534 5632 3669 5675 cum

2012 5696 2190 5753 veteri
2224 5694 2480 5751 editione
2512 5694 2792 5750 reuelauit.
