3958 6384
311 389 444 464 δθι

1553 393 1619 460 S.
1666 387 1978 459 EUSEBII
2019 389 2430 457 HIERONYM
2438 393 2484 455 Ι.

319 529 755 604 perfectamque
812 530 1102 602 justitiam
1158 533 1215 586 et
1270 527 1564 599 timorem,
1609 529 1710 602 qui
1741 531 1829 585 est
1857 523 1960 582 ini-
1993 524 2396 600 Areplicatio,
2451 541 2592 584 meae
2646 526 2793 600 parti
2849 526 3096 602 proiicit.
3145 525 3346 601 Neque
3398 525 3556 584 enim
3604 538 3713 600 ego

321 621 473 676 tium
532 621 827 693 sapientia:
851 622 890 687 ',
953 621 1046 677 Dei
1081 619 1392 675 virtutibus
1423 620 1806 691 coaptandam
1835 636 1848 684 ;
1883 633 1966 673 se.

325 712 580 770 cundum
614 716 833 778 autem,
864 729 992 783 qua:
1023 727 1136 764 non
1164 708 1353 764 solum
1397 708 1756 776 hominibus,
1787 709 1887 764 sed
1910 714 1967 764 et

324 801 482 858 omni
516 805 792 854 creatura:
824 797 1120 870 competit,
1153 801 1208 852 et
1239 796 1534 868 fragilitati
1567 797 1968 867 nostrae,juxta

327 889 471 946 illud
525 891 684 961 quod
749 889 805 943 in
859 887 1108 942 Psalmis
1156 887 1380 942 dictur:
1413 887 1530 942 Non
1567 888 1968 958 justiﬁi‘abitur

325 982 384 1034 in
415 986 698 1049 conspectu
728 981 819 1031 tuo
875 977 1052 1031 omnis
1083 978 1265 1032 vivens
1305 977 1474 1046 (Psal.
1505 994 1673 1043 CXLII,
1704 977 1761 1047 2)
1795 996 1813 1031 :
1838 993 1964 1031 eam

318 1067 614 1139 justitiam
636 1067 678 1131 ³,
711 1081 836 1136 qua:
869 1082 980 1119 non
1015 1065 1470 1136 comparatione,
1516 1065 1616 1119 sed
1650 1064 1744 1120 Dei
1778 1064 1966 1120 scien-

327 1156 424 1221 tia,
458 1153 674 1208 dicitur
702 1167 830 1207 esse
863 1153 1133 1224 perfecta.
1170 1153 1281 1208 Job
1315 1169 1545 1224 quoque
1575 1158 1632 1207 et
1660 1153 1966 1208 Zacharias

325 1247 382 1298 et
410 1241 702 1296 Elisabcth
725 1239 871 1310 justi
903 1240 1040 1294 dicti
1073 1245 1228 1298 sunt.
1267 1241 1589 1294 secundum
1638 1257 1763 1295 eam
1794 1241 1967 1311 justi-

324 1329 514 1396 tiams,
540 1345 666 1400 qua:
692 1328 874 1400 possit
893 1327 951 1382 in
975 1328 1320 1398 injustitiagn
1339 1327 1655 1400 aliquando
1673 1329 1970 1393 mutari,et

331 1436 448 1476 non
481 1417 803 1474 secundum
836 1415 1020 1484 illam,
1043 1433 1169 1488 quae
1198 1434 1499 1488 nunquam
1523 1417 1734 1472 mutari
1759 1421 1968 1488 potest,

329 1509 404 1565 de
431 1525 554 1579 qua
579 1505 870 1562 dicitur‘:
904 1526 930 1554 ‹‹
966 1505 1084 1577 Ego
1115 1504 1290 1572 Deus,
1329 1509 1386 1561 et
1433 1522 1546 1560 non
1597 1510 1792 1560 mutor
1823 1506 1969 1576 (Ma-

333 1596 478 1654 tach.
522 1613 604 1661 ιιι,
633 1595 709 1665 6).
746 1615 773 1641 ››
806 1594 875 1647 Et
904 1592 1013 1648 hoc
1039 1598 1128 1648 est
1157 1594 1310 1664 quod
1359 1592 1672 1665 Apostolus
1703 1592 1816 1649 alio
1847 1592 1970 1648 loco

329 1683 570 1742 scribit:
614 1706 642 1733 ‹‹
681 1681 904 1737 Etenim
937 1698 1050 1736 non
1078 1686 1168 1735 est
1191 1681 1600 1752 glorificatum,
1625 1682 1779 1754 quod
1801 1681 1973 1752 glori-

327 1775 567 1830 flcatum
596 1775 688 1827 est
741 1775 976 1842 propter
1027 1769 1402 1826 excellentem
1455 1769 1700 1842 gloriam
1742 1772 1820 1841 (II
1847 1770 1967 1825 Cor.

2074 617 2370 672 hominem
2404 616 2520 672 Deo
2549 634 2843 690 comparo,
2877 618 2977 674 sed
3008 617 3140 674 aliis
3174 616 3535 684 hominibus,
3565 633 3714 688 quo-

2075 723 2206 762 rum
2238 705 2564 772 collatione,
2613 707 2714 779 qui
2772 707 3034 763 studium
3093 706 3336 770 dederit,
3369 709 3559 778 potest
3585 719 3715 762 esse

2076 797 2386 867 perfectus.
2428 799 2506 850 Ac
2538 811 2640 867 per
2664 796 2772 851 hoc
2803 795 3036 866 quando
3059 795 3293 863 dicitur,
3317 794 3493 850 homo
3524 797 3719 867 potest

2075 899 2204 940 esse
2233 884 2359 940 sine
2390 889 2622 956 peccato
2653 883 2700 939 si
2733 883 2996 950 voluerit,
3025 884 3194 955 juxta
3236 899 3575 939 mensuram
3607 882 3717 939 ho-

2078 972 2274 1042 minis,
2321 989 2434 1028 non
2475 973 2648 1044 juxta
2693 972 2793 1028 Dei
2834 972 3052 1028 dicitur
3101 971 3490 1042 majestatem.
3546 971 3718 1042 cujus

2075 1062 2508 1133 comparatione
2539 1061 2700 1116 nulla
2737 1067 3002 1117 creatura
3045 1064 3236 1132 potest
3281 1076 3411 1116 esse
3440 1059 3715 1132 perfecta.

2076 1154 2138 1206 Α.
2174 1150 2218 1206 Ο
2267 1148 2580 1216 Critobule,
2632 1150 2753 1206 haec
2798 1166 3132 1206 memorans
3181 1165 3413 1205 mecum
3455 1148 3618 1204 facis.
3653 1148 3721 1203 Et

2075 1254 2181 1310 ego
2211 1237 2369 1294 enim
2401 1237 2510 1293 hoc
2541 1238 2747 1302 seutio,
2781 1238 3003 1293 nullam
3035 1241 3360 1293 creaturam
3393 1237 3718 1293 secundum

2076 1343 2271 1383 veram
2329 1331 2915 1400 consummatamque
2960 1326 3278 1398 justitiam,
3346 1341 3520 1398 posse
3591 1342 3721 1383 esse

2079 1417 2416 1488 perfectam.
2445 1417 2731 1472 Cmtcrum
2763 1415 2946 1472 alium
2977 1415 3211 1472 differre
3242 1415 3314 1471 ab
3358 1414 3494 1482 alio,
3538 1418 3596 1470 et
3637 1414 3722 1470 di-

2079 1521 2274 1562 versas
2303 1521 2431 1560 esse
2485 1504 2542 1558 in
2593 1503 2934 1561 hominibus
2956 1503 3240 1574 justitias,
3274 1501 3421 1559 nulli
3474 1503 3721 1560 dubium

2079 1597 2204 1648 est:
2237 1596 2294 1648 et
2321 1591 2409 1647 vel
2455 1592 2737 1662 majorem
2781 1609 2911 1648 esse
2961 1591 3145 1648 alium
3195 1591 3282 1648 vel
3327 1591 3636 1664 minorem,
3667 1595 3726 1648 et

2081 1685 2277 1737 tamen
2308 1681 2631 1736 secundum
2664 1684 2885 1736 statum
2917 1685 2976 1736 et
3005 1697 3341 1737 mensuram
3363 1697 3530 1736 suam
3552 1697 3727 1754 posse

2071 1771 2268 1842 justos
2298 1770 2611 1839 nominari,
2652 1771 2751 1842 qui
2799 1770 3050 1827 aliorum
3101 1769 3537 1842 comparatione
3573 1769 3725 1842 justi

329 1879 419 1931 ιιι,
453 1860 564 1928 40),
590 1882 617 1908 ››
647 1859 800 1931 quod
832 1857 1100 1951 videlicet
1131 1856 1276 1928 legis
1299 1858 1530 1928 justitia
1567 1859 1637 1913 ad
1671 1875 1969 1930 compara-
2002 1885 2051 1951 Β
2082 1877 2196 1916 non
2225 1864 2365 1916 sunt
2383 1861 2424 1914 ³.
2473 1860 2648 1916 Verbi
2708 1859 2917 1933 gratia,
2978 1857 3195 1916 Paulus
3250 1858 3572 1931 apostolus,
3622 1875 3728 1916 vas

328 1951 547 2008 tionem
594 1946 936 2019 evangelicae
985 1948 1183 2019 gratiae
1237 1965 1350 2002 non
1395 1949 1662 2003 videatur
1707 1965 1835 2004 esse
1875 1949 1972 2019 ju-

329 2038 510 2096 stitia.
545 2059 573 2088 «
603 2037 664 2092 Si
716 2036 894 2103 enim,
940 2035 1041 2104 ait,
1093 2037 1245 2107 quod
1291 2036 1612 2092 destruitur
1652 2037 1971 2109 gloriosum

325 2131 436 2193 est,
497 2125 680 2180 multo
741 2124 930 2196 magis
989 2123 1142 2195 quod
1204 2125 1353 2180 710
1407 2130 1727 2197 permanet,
1769 2125 1880 2181 erit
1915 2125 1973 2180 in

331 2215 520 2290 gloria
550 2215 687 2270 Ibid.
725 2214 836 2284 tl).
875 2234 900 2260 ››
934 2212 1004 2267 Et
1052 2212 1301 2267 iterum:
1351 2213 1434 2267 Ea:
1477 2217 1635 2284 parte
1671 2215 1894 2280 scimus,
1926 2222 1976 2270 et

329 2321 400 2362 ex
425 2310 587 2376 parte
607 2303 1010 2374 prophetamus.
1043 2304 1181 2357 Cum
1208 2305 1388 2355 autem
1429 2303 1636 2358 venerit
1665 2303 1805 2375 quod
1849 2320 1975 2374 per-

328 2396 529 2468 fectum
557 2395 657 2460 est,
691 2391 1038 2445 destruentur
1066 2391 1166 2443 illa
1197 2406 1320 2460 quae
1347 2407 1417 2444 ea:
1449 2396 1610 2462 parte
1637 2402 1763 2446 sunt
1787 2394 1832 2462 (1
1855 2392 1974 2447 Cor.

329 2499 456 2554 xm,
487 2483 544 2546 9,
577 2481 685 2551 10).
715 2480 800 2546 Et,
835 2502 862 2528 α
896 2479 1179 2534 Videmus
1233 2495 1386 2534 nunc
1435 2496 1533 2551 per
1578 2480 1882 2552 speculum
1925 2485 1981 2535 et

331 2570 391 2626 in
421 2569 749 2640 wnigmale,
807 2572 950 2622 tunc
1007 2574 1200 2622 autem
1253 2569 1396 2624 facie
1445 2570 1514 2624 ad
1557 2570 1786 2626 faciem.
1815 2569 1981 2625 Nunc

335 2674 622 2732 cognosco
653 2675 720 2713 ex
753 2662 939 2729 parte,
972 2661 1111 2712 tunc
1139 2674 1487 2728 cognoscam
1519 2659 1672 2714 sicut
1701 2664 1757 2714 et
1783 2657 1981 2732 cogni-

334 2752 433 2804 tus
476 2763 609 2802 sum
640 2745 803 2818 (Ibid.
865 2746 971 2815 11).
1009 2767 1036 2795 ››
1086 2746 1154 2800 Et
1195 2747 1252 2800 in
1303 2746 1587 2804 Psalmis:
1639 2772 1665 2798 ‹‹
1701 2747 1984 2804 Mirabilis

333 2837 485 2892 facta
522 2839 611 2890 est
642 2834 886 2891 scicntia
918 2840 1017 2889 tua
1049 2851 1116 2889 cx
1147 2851 1272 2902 me;
1307 2839 1628 2892 contortata
1647 2842 1755 2903 est,
1781 2842 1839 2893 et
1868 2855 1983 2893 non

330 2931 530 2998 potero
560 2925 630 2980 ad
664 2941 790 2979 eam
852 2925 1023 2996 (Ptol.
1082 2941 1356 2992 CXXXVIII,
1409 2925 1485 2995 6).
1525 2947 1551 2973 »
1603 2925 1672 2980 Et
1731 2926 1980 2982 iterum:

340 3037 369 3065 «
403 3015 824 3070 Existimabam
857 3030 1204 3086 cognoscere
1247 3013 1394 3080 hoc;
1445 3013 1610 3069 labor
1637 3021 1725 3070 est
1755 3015 1811 3069 in
1845 3032 1984 3070 con-

335 3107 540 3175 spectu
575 3119 724 3168 meo,
759 3103 942 3157 donec
973 3102 1258 3157 introeam
1310 3103 1367 3157 in
1427 3103 1827 3158 sanctuarium
1861 3102 1983 3170 Dei,

333 3196 391 3248 et
427 3191 749 3262 intelligam
810 3193 866 3246 in
925 3193 1261 3248 novissimis
1309 3209 1507 3246 eorum
1559 3194 1727 3262 (Psat.
1770 3210 1976 3258 Lxxxu,

338 3280 425 3348 16,
488 3280 597 3350 17).
657 3302 685 3328 ››
731 3281 800 3333 Et
851 3280 908 3333 in
967 3281 1168 3335 codem
1229 3280 1401 3335 loco:
1453 3305 1473 3327 «-

337 3366 528 3422 factus
569 3383 701 3421 sum
750 3368 904 3436 apud
953 3371 1027 3432 te,
1085 3373 1140 3422 et
1192 3384 1296 3438 ego
1333 3384 1564 3439 semper
1593 3373 1784 3423 tecum
1819 3369 1975 3439 (Ibid.

337 3454 450 3524 23).
487 3478 508 3506 ι
545 3455 615 3508 Et
643 3455 962 3510 Jeremias:
998 3479 1022 3503 ‹‹
1059 3456 1283 3510 Stultus
1315 3458 1501 3512 factus
1531 3463 1620 3512 est
1652 3459 1845 3514 omnis
1876 3459 1979 3515 bo-

339 3542 774 3599 moasciontia
831 3544 1045 3614 (.Iercm.
1107 3561 1162 3611 x,
1229 3545 1334 3615 14).
1373 3568 1399 3593 ››
1455 3547 1520 3600 Et
1577 3547 1731 3602 idem
1767 3547 1979 3604 Paulus

299 3630 673 3704 'aposlolus:
709 3656 734 3680 ‹‹
788 3633 1056 3697 Fatuum,
1109 3633 1320 3704 inquit,
1376 3633 1466 3688 Dei
1516 3635 1840 3706 sapientius
1892 3643 1982 3692 est

335 3719 675 3776 hominibus
697 3723 744 3790 (I
765 3722 884 3776 Cor.
898 3705 947 3789 ἰ,
973 3722 1087 3792 25).
1116 3745 1142 3770 »
1169 3722 1239 3776 Et
1265 3721 1446 3776 multa
1469 3705 1602 3792 alia,
1627 3740 1754 3796 qua:
1787 3725 1980 3780 studio

334 3809 635 3866 brevitatis
666 3812 892 3866 omitto.

411 3900 494 3955 16.
528 3901 716 3954 Justus
746 3902 1034 3955 hominum
1085 3903 1508 3971 comparatione,
1564 3917 1673 3954 non
1712 3903 1809 3956 Dei
1835 3902 1981 3957 dici-

338 3990 450 4042 tur.
484 4020 550 4028 ——
583 3989 639 4043 C.
671 3991 887 4061 Arguta
918 3990 1179 4061 quidem,
1205 3992 1280 4044 mi
1306 3991 1506 4058 Attice,
1530 3991 1982 4062 memoriterque

333 4074 552 4131 dixisti.
584 4077 698 4132 Sed
728 4077 894 4132 labor
922 4084 1059 4133 tuus
1091 4083 1146 4135 et
1175 4078 1480 4150 multiplex
1511 4079 1981 4136 testimoniorum

410 4199 424 4232 ¹
465 4199 520 4253 in
554 4200 785 4275 Reginae
817 4219 927 4256 ms.
963 4203 1184 4265 isthmc,
1235 4204 1298 4256 Et
1345 4205 1596 4258 timorem
1639 4206 1735 4275 qui
1761 4215 1840 4259 est
1870 4207 1982 4260 ini-

337 4271 480 4344 tium
505 4274 810 4344 sapientiw,
844 4279 900 4327 ct
929 4282 1353 4344 consequenter
1383 4291 1491 4328 non
1536 4271 1716 4330 solum
1744 4279 1981 4331 homini-

341 4343 460 4406 bus,
490 4343 583 4396 sed
613 4345 764 4418 omni
790 4348 1082 4418 creaturm,
1119 4343 1348 4418 punctis
1375 4346 1786 4418 subiiciantur,
1815 4347 1985 4418 quasi

337 4416 723 4485 expungendu
750 4431 816 4468 ac
857 4415 1219 4484 repudianda
1246 4435 1257 4476 :
1295 4417 1351 4470 in
1382 4416 1620 4473 Victorii
1654 4415 1849 4472 autem
1873 4419 1988 4473 edi-

335 4485 514 4550 tione,
570 4487 1065 4556 quemadmodum
1115 4493 1171 4542 et
1221 4487 1278 4542 in
1312 4491 1486 4543 veteri
1533 4489 1631 4544 illa
1662 4495 1796 4545 ante
1826 4490 1990 4545 Eras-

341 4572 526 4624 mum,
575 4574 692 4628 qua
731 4557 944 4630 swpius
998 4559 1238 4623 utimur,
1292 4562 1526 4630 penitus
1557 4561 1984 4618 desiderantur.

2082 1949 2400 2015 electionis,
2434 1949 2535 2020 qui
2586 1949 2720 2022 plus
2767 1949 3042 2004 omnibus
3093 1947 3373 2020 apostolis
3421 1947 3726 2019 laboravit,

2083 2039 2285 2110 utique
2344 2039 2545 2109 justus
2610 2043 2733 2094 erat
2817 2037 3081 2094 scribens
3155 2039 3227 2093 ad
3310 2037 3724 2095 Timotheum:

2091 2145 2114 2175 ι
2145 2128 2450 2182 Certamen
2482 2127 2702 2183 bonum
2761 2126 2996 2194 certavi,
3028 2141 3269 2182 cursum
3301 2127 3730 2195 consummavi,

2087 2217 2261 2272 ﬁdem
2293 2215 2552 2282 servavi;
2587 2215 2658 2272 de
2687 2219 2890 2271 caetero
2923 2215 3177 2286 reposita
3207 2219 3294 2272 est
3340 2213 3485 2270 mihi
3515 2231 3734 2272 corona

2077 2304 2342 2378 justitias,
2375 2320 2552 2376 quam
2581 2304 2786 2360 reddet
2823 2302 2966 2359 mihi
3011 2303 3295 2359 Dominus
3343 2305 3488 2359 711
3538 2303 3598 2359 in
3627 2302 3733 2360 illa

2087 2394 2180 2450 die
2202 2394 2405 2464 justus
2437 2394 2657 2466 judex:
2703 2411 2819 2449 non
2861 2391 3054 2449 solum
3102 2396 3296 2449 autem
3337 2391 3502 2461 mihi,
3544 2393 3646 2448 sed
3674 2396 3737 2449 et

2088 2483 2364 2539 omnibus
2405 2482 2504 2554 qui
2535 2481 2790 2554 diligunt
2821 2483 3138 2538 adventum
3192 2481 3322 2552 ejus
3368 2481 3442 2552 (II
3489 2482 3622 2537 Tim.
3653 2499 3733 2548 ιν,

2089 2575 2141 2641 7,
2171 2576 2245 2639 8).
2279 2593 2308 2622 »
2340 2572 2546 2627 Justus
2575 2577 2701 2626 erat
2729 2576 2785 2626 et
2814 2570 3156 2626 Timotheus
3177 2569 3502 2642 discipulus
3525 2572 3655 2641 ejus
3676 2575 3737 2628 et

2088 2660 2366 2726 imitator,
2401 2675 2575 2730 quem
2610 2659 2779 2714 docet
2809 2659 2951 2730 quid
2982 2675 3152 2731 agere
3188 2659 3418 2726 debeat,
3466 2663 3525 2714 et
3554 2675 3734 2730 quem

2092 2749 2332 2805 modum
2391 2753 2585 2804 tenere
2649 2747 2973 2803 virtutum:
3032 2752 3387 2820 putamusne
3439 2763 3618 2803 unam
3675 2752 3738 2803 et

2092 2838 2359 2894 eamdem
2391 2837 2452 2892 in
2496 2842 2741 2910 utroque
2789 2837 2970 2894 fuisse
3005 2836 3322 2907 justitiam,
3367 2840 3426 2892 et
3454 2852 3570 2892 non
3600 2835 3736 2908 plus

2092 2927 2306 2983 habere
2335 2925 2673 2982 meritorum
2705 2943 2861 2994 eum,
2896 2925 2997 2998 qui
3029 2925 3161 2998 plus
3198 2925 3475 2981 omnibus
3503 2923 3734 2982 labora-

2091 3015 2222 3072 vit?
2251 3040 2277 3065 ‹‹
2315 3015 2508 3070 Mults:
2539 3015 2875 3071 mansiones
2915 3019 3053 3070 sunt
3090 3014 3245 3086 apud
3291 3013 3519 3069 Patrem
3550 3014 3732 3084 (Joan.

2092 3122 2210 3177 xxv,
2233 3106 2310 3175 2),
2337 3127 2362 3154 ››
2399 3104 2536 3176 puia
2565 3109 2620 3161 et
2650 3104 2859 3160 merita
2912 3104 3138 3160 diversa
3163 3120 3176 3159 :
3237 3124 3265 3152 «
3295 3101 3470 3158 Stella
3500 3118 3535 3158 a
3562 3100 3737 3158 stella

2093 3193 2289 3248 differt
2318 3193 2374 3246 in
2406 3191 2665 3248 claritate
2696 3193 2743 3263 (I
2767 3194 2890 3248 Cor.
2924 3208 3014 3258 xv,
3048 3191 3158 3260 41).
3193 3211 3222 3240 ››
3260 3193 3318 3245 et
3358 3187 3418 3244 in
3463 3205 3579 3244 uno
3628 3189 3736 3246 Ec-

1539 3251 1610 3336 Dt
1639 3251 1978 3351 jumentum
2011 3251 2055 3318 α
2093 3281 2279 3338 clesiaa
2310 3297 2549 3353 corpore
2604 3251 2870 3336 membra
2924 3251 3152 3336 diversa
3207 3283 3368 3334 sunt.
3426 3277 3610 3334 Habet
3646 3276 3736 3334 sol

2090 3369 2375 3442 fulgorem
2407 3385 2602 3431 suum,
2635 3367 2777 3424 luna
2807 3384 3039 3440 quoque
3062 3366 3248 3422 noctis
3278 3366 3553 3422 tenebras
3587 3373 3737 3422 tem-

2088 3465 2288 3533 perat:
2323 3464 2379 3514 et
2421 3459 2684 3530 quinque
2727 3457 2920 3514 sidera
2965 3457 3105 3525 alia,
3149 3473 3277 3528 qua;
3321 3459 3602 3511 vocantur
3638 3470 3730 3511 er-

2089 3548 2297 3613 rantia,
2352 3547 2595 3603 diversis
2642 3551 2699 3603 et
2747 3546 3020 3602 cursibus
3062 3550 3118 3601 et
3155 3543 3482 3601 luminibus
3521 3543 3735 3600 ccelum

2088 3639 2418 3708 peragrant.
2471 3633 2930 3691 Innumerabiles
2978 3638 3118 3690 sunt
3173 3633 3298 3690 aliis
3349 3632 3552 3701 stellis,
3585 3647 3734 3705 quas

2089 3723 2302 3780 mirare
2326 3724 2383 3778 in
2412 3723 2779 3779 firmamento
2808 3724 3123 3780 cernimus.
3149 3723 3211 3778 In
3234 3721 3484 3795 singulis
3507 3721 3738 3778 diversa

2089 3817 2227 3868 sunt
2257 3811 2499 3881 lumina,
2533 3828 2590 3879 ei
2621 3816 2815 3868 tamen
2846 3810 2904 3867 in
2937 3829 3044 3868 suo
3075 3827 3440 3884 unaquaeque
3480 3811 3739 3884 perfecta

2087 3906 2198 3969 est,
2238 3901 2319 3956 ita
2349 3901 2631 3956 duntaxat
2676 3904 2741 3955 ut
2787 3901 3221 3973 comparatione
3265 3900 3505 3972 majoris
3543 3899 3738 3972 perfe-

2089 3990 2276 4046 ctione
2307 3995 2517 4046 careat.
2553 3991 2614 4045 In
2647 4005 2886 4061 corpore
2936 4007 3189 4062 quoque,
3245 3990 3417 4062 cujus
3470 3987 3741 4044 membra

2090 4080 2320 4135 diversa
2386 4083 2545 4146 sunt,
2591 4076 2750 4134 aliud
2791 4077 3018 4145 oculus,
3077 4079 3238 4135 aliud
3295 4093 3530 4145 manus,
3571 4075 3742 4133 aliud

2091 4210 2189 4261 tur
2215 4203 2505 4275 contrario
2553 4218 2754 4275 sensu,
2795 4221 2917 4258 eam
2948 4205 3247 4274 justitiam,
3292 4218 3416 4275 quae
3459 4218 3754 4274 compara-

2091 4280 2263 4339 εἰσιν,
2294 4274 2384 4329 sed
2407 4289 2514 4327 non
2548 4274 2644 4328 Dei
2673 4277 2904 4330 scientia
2939 4275 3142 4331 dicitur
3158 4292 3271 4332 esse
3294 4274 3560 4346 perfecta.

2164 4348 2186 4382 ³
2216 4348 2356 4418 Eam
2396 4346 2695 4418 justitiam,
2759 4351 2869 4402 etc.
2913 4347 3099 4403 Locus
3160 4345 3411 4418 multum
3457 4346 3751 4418 deprava-

2097 4424 2213 4485 tus,
2263 4416 2399 4485 quia
2457 4416 2710 4471 multum
2767 4419 3119 4474 tenebrosus
3160 4424 3218 4474 et
3264 4417 3462 4472 varius
3509 4416 3568 4472 in
3601 4433 3748 4473 mss.

2095 4487 2550 4545 codicibus.Duo
2570 4488 2650 4542 ita
2672 4487 2874 4560 legunt
2896 4496 3025 4561 post
3039 4491 3348 4560 Scriptura:
3367 4487 3747 4561 versiculum:

2098 4562 2178 4618 Ad
2198 4577 2328 4640 eam
2336 4561 2627 4640 justitiam
2655 4576 2779 4640 quae
2804 4560 2975 4640 possit
2999 4564 3059 4616 in
3091 4563 3426 4634 injustitiam
3456 4560 3758 4640 utiquandq

335 4622 706 4703 Mar-tionibus
740 4648 766 4683 r
799 4622 1010 4700 posuit,
1045 4636 1101 4685 et
1131 4622 1333 4684 vitiose
1366 4637 1641 4703 praeterea
1674 4631 1828 4700 legit,
1865 4635 1982 4687 Ini-
2015 4622 2060 4687 D
2091 4633 2318 4701 mutari,
2336 4622 2544 4697 istc.,et
2567 4622 2866 4699 omittunt,
2898 4648 3025 4703 quae
3052 4622 3163 4689 τιοὴ
3192 4622 3625 4703 comparatione,
3659 4631 3758 4688 sed

336 4701 472 4754 lium
516 4703 830 4775 sapientum
887 4705 1003 4768 Dei,
1064 4701 1785 4775 virtutibuscouptundam,
1847 4721 1980 4758 cum

338 4771 665 4842 perspicu'm
729 4775 824 4840 sit,
887 4776 992 4829 [)ci
1051 4791 1258 4828 nomen
1321 4774 1390 4828 ad
1452 4771 1644 4828 vocem
1688 4777 1984 4830 virtutibus

343 4845 708 4899 referendum
743 4862 890 4910 esse,
929 4863 1039 4900 non
1075 4847 1142 4899 ad
1194 4847 1505 4916 sapientize.
1548 4845 1690 4900 Nam
1725 4851 1780 4900 et
1813 4847 1982 4916 paulo

339 4916 610 4986 superius
632 4933 864 4988 quoque
895 4919 1113 4971 dictum
1149 4922 1260 4981 est,
1295 4918 1468 4971 solum
1518 4920 1985 4986 perfertionent'et

337 5003 521 5042 verum
557 4989 854 5059 justitiam,
889 4991 983 5043 Dei
1014 4997 1230 5043 tantum
1277 4988 1570 5042 virtutibus
1598 4991 1980 5060 coaptandum,

340 5074 454 5113 non
477 5061 758 5129 justitiam
821 5062 916 5114 Dei
973 5068 1190 5114 tantum
1249 5061 1565 5121 virtutibus,
1607 5065 1708 5114 etc.
1749 5062 1832 5115 Ad
1867 5063 1983 5117 hzec

335 5129 459 5184 voci
491 5131 803 5185 homini/ms
835 5132 1061 5186 addidit
1088 5133 1312 5196 sanctis,
1345 5130 1500 5200 quod
1541 5130 1600 5184 in
1633 5131 1809 5186 nullis
1838 5151 1982 5189 mss.

340 5201 692 5256 invenimus.
727 5202 856 5257 Herc
891 5219 994 5256 nos
1027 5203 1325 5274 paulisper
1354 5203 1737 5258 cuiendamus
1769 5221 1800 5257 e
1827 5204 1984 5260 Vati-

335 5289 500 5334 cano,
535 5289 565 5327 e
591 5275 762 5340 cuius
803 5272 1086 5329 duntaxat
1146 5272 1254 5327 [ide
1315 5272 1369 5326 iu
1404 5278 1558 5328 textu
1592 5275 1981 5339 reiinuimus;

339 5349 610 5399 emterutn
648 5343 989 5418 laciniosum
1024 5361 1350 5418 sermonem
1383 5347 1985 5418 esse,_turbatumque

341 5431 604 5479 sensum,
654 5415 929 5488 omnibus
961 5422 1136 5487 patet,
1171 5434 1237 5471 ex
1270 5415 1360 5470 his
1409 5415 1658 5472 maxime
1690 5435 1814 5488 qua:
1845 5415 1982 5475 sub-

339 5493 688 5563 sequuntur.
727 5487 912 5542 Facile
959 5489 1134 5544 verba
1179 5487 1402 5559 aliquot
1451 5487 1814 5556 exciderunt,
1857 5509 1983 5563 qum

341 5574 483 5612 mss.
520 5556 797 5612 indicant.

408 5629 428 5661 ³
457 5629 616 5704 idem
652 5630 878 5704 Regina:
903 5647 1061 5704 πνεῖ,
1109 5631 1177 5704 (ut
1218 5647 1338 5704 eun
1362 5632 1663 5704 justitiam,
1698 5633 1984 5704 quemad-

341 5700 582 5756 modum
615 5705 671 5757 et
701 5699 992 5759 Victorius
1021 5701 1178 5773 legit.
1215 5699 1550 5774 Legendum
1582 5699 1754 5776 porro
1794 5704 1988 5762 videa-

2092 4706 2187 4760 Dei
2208 4705 2444 4776 scientia
2472 4703 2682 4776 dicitur
2697 4720 2807 4776 esse
2834 4707 3094 4774 perfecta.
3117 4706 3213 4761 Job
3231 4720 3446 4776 quoque
3466 4708 3516 4759 et
3541 4703 3757 4763 Zacha-

2092 4779 2211 4832 rias
2227 4779 2275 4829 et
2303 4775 2446 4828 Eliso
2457 4774 2573 4828 both
2597 4775 2726 4841 justi
2744 4775 2878 4831 dicti
2895 4779 3022 4830 sunt
3042 4774 3338 4832 secundum
3350 4774 3494 4831 eam.
3519 4775 3746 4832 Sensus

2093 4846 2512 4920 liquidusesse
2536 4849 2733 4920 potest
2753 4863 2820 4902 ex
2848 4847 3364 4920 consequentibus,
3391 4847 3490 4902 ubi
3505 4847 3748 4920 justitia

2095 4917 2296 4990 aliqua
2344 4917 2562 4972 dicitur
2614 4919 2864 4988 perlecta
2915 4917 3348 4991 comparatione
3397 4920 3553 4991 facta
3598 4919 3753 4976 inter

2093 4991 2400 5073 homines;
2448 4991 2776 5073 quatenulla
2797 5007 2950 5073 “esse
2999 4990 3186 5073 potest
3216 4990 3748 5073 ,juxta_Dei_maje-

2094 5066 2301 5134 etatem
2335 5065 2390 5115 et
2432 5059 2759 5116 seientiam.
2797 5059 3471 5134 Prima—igiturjustitia,
3515 5061 3587 5116 de
3631 5059 3750 5134 qua

2094 5133 2188 5188 hic
2220 5133 2628 5204 H'eronymus,
2659 5139 2748 5187 est
2795 5149 2884 5198 ea,
2916 5151 3041 5204 qua:
3073 5133 3403 5189 Virtutibus
3433 5137 3490 5188 et
3507 5133 3747 5204 Angelis

2093 5204 2280 5260 beatis
2299 5205 2622 5277 coaptanda
2646 5210 2736 5258 est
2764 5221 2778 5270 ;
2802 5205 2921 5260 sive
2943 5204 3422 5277 incomparabilis
3445 5205 3745 5277 perfectio,

2092 5284 2148 5331 et
2169 5275 2569 5348 justitia_Dei_:
2607 5277 2865 5332 secunda
2905 5275 3295 5348 autem,‘quai
3335 5275 3614 5348 competit
3641 5293 3747 5332 no-

2094 5345 2227 5422 stris
2264 5345 2577 5422 fragilitati,
2605 5363 2673 5402 ea
2701 5352 2789 5402 est
2819 5364 2947 5420 qua;
2978 5345 3412 5422 potest—mutari
3436 5345 3496 5404 in
3517 5347 3751 5419 injusti-

2093 5420 2258 5475 tiam.
2296 5419 2586 5473 MARTIAN.

2165 5491 2186 5524 ⁴
2215 5491 2430 5544 Iterum
2463 5489 2692 5560 Reginae
2726 5506 2862 5557 nis.,
2891 5495 2945 5546 et
2975 5508 3086 5561 qua
3112 5492 3340 5548 dicitur.

2165 5562 2185 5595 ⁸
2217 5562 2477 5616 Fortasse
2506 5561 2760 5631 legend,
2788 5578 2940 5632 posse
2959 5565 3136 5634 justas
3179 5563 3460 5620 nominari
3500 5562 3751 5622 aliorum

2093 5635 2516 5705 comparatione,
2549 5636 2646 5704 qui
2663 5634 2806 5706 justi
2835 5650 2943 5690 non
2971 5643 3118 5692 sunt.
