3958 6410
238 376 357 454 833

1097 386 1488 456 DIALOGUS
1533 384 1846 453 CONTRA
1891 382 2412 450 PELAGIANOS.
2445 418 2523 433 —
2549 380 2699 449 LIB.
2744 374 2793 448 Ῑ.

3525 373 3651 452 884

238 538 366 603 pes,
397 529 602 602 agunt.
637 524 801 584 Unde
830 527 890 583 et
950 524 1267 600 Apostolus
1331 527 1507 586 dicit:
1538 549 1567 580 «
1629 528 1754 585 Non
1786 543 1886 600 po-
1916 522 1972 589 A
2070 524 2161 582 l7.
2202 522 2262 582 Id
2289 526 2458 583 etiam
2516 543 2577 584 ιη
2642 528 2936 589 collatione
2993 531 3343 602 peccaton
3403 522 3652 598 intelligi

238 620 358 676 test
385 613 594 674 oculus
623 615 814 673 dicere
846 614 1066 684 manui,
1101 632 1216 672 non
1247 633 1309 674 es
1341 617 1486 674 mihi
1518 616 1884 687 necessaria;

240 710 346 765 aut
373 707 588 764 iterum
621 710 795 779 caput
858 705 1127 778 pedibus,
1160 722 1275 762 non
1324 707 1589 765 desidero
1648 724 1886 781 operam

234 814 517 855 veszram.
547 795 819 869 Nunquid
861 811 1065 850 omnes
1113 794 1411 867 apostoli?
1448 796 1715 871 nunquid
1760 814 1886 853 om-

237 904 348 945 nes
368 886 661 960 prophetae
681 886 709 940 ?
728 884 994 956 nunquid
1017 900 1221 939 omnes
1266 885 1582 957 magistri?
1615 886 1882 959 nunquid

236 993 446 1034 omnes
474 978 716 1031 cunctas
745 973 964 1029 habent
1018 972 1261 1028 virtutes
1285 973 1312 1029 ?
1361 975 1627 1047 nunquid
1679 993 1885 1033 omnes

236 1065 585 1124 donationes
614 1063 835 1118 habent
863 1061 1181 1117 sanitatum
1200 1062 1227 1116 ?
1257 1064 1523 1135 nunquid
1556 1080 1763 1121 omnes
1783 1064 1890 1119 lin-

235 1154 370 1229 guis
400 1150 770 1225 loquuntur?
800 1150 1067 1223 nunquid
1100 1167 1305 1207 omnes
1334 1151 1799 1229 interpretantur
1820 1156 1837 1188 ¹
1860 1154 1887 1208 ?

234 1240 611 1301 Bmulamini
640 1240 795 1295 dona
826 1240 1067 1310 majora.
1102 1239 1314 1296 Omnia
1345 1245 1541 1297 autem
1594 1220 1718 1298 haec
1750 1258 1886 1315 ope-

235 1337 403 1389 ratur
424 1347 579 1387 unus
610 1332 829 1401 utaquc
858 1329 1016 1384 idem
1046 1330 1320 1402 Spiritus,
1379 1330 1647 1387 dividens
1679 1332 1888 1405 singu—

235 1421 312 1479 lis
343 1419 665 1492 unicuique
695 1417 890 1491 proult
920 1417 1078 1474 vult’
1121 1419 1169 1491 (1
1196 1419 1317 1475 Cor.
1350 1438 1452 1487 xu,
1485 1422 1549 1474 21
1587 1438 1751 1493 seqq.
1786 1422 1821 1493 ).
1858 1442 1887 1470 »

240 1511 307 1565 In
349 1525 466 1580 quo
491 1506 805 1579 diligenter
860 1506 1116 1575 attende,
1147 1508 1301 1579 quod
1362 1525 1477 1563 non
1511 1509 1739 1575 dixerit,
1793 1525 1888 1565 se-

242 1597 503 1656 cundum
531 1595 688 1668 quod
721 1596 1183 1668 unumquodque
1213 1598 1545 1653 membrum
1575 1599 1752 1671 cupit,
1787 1598 1886 1655 sed

247 1686 570 1745 secundum
604 1684 762 1757 quod
793 1684 919 1755 ipse
983 1684 1108 1740 vult
1137 1684 1409 1757 Spiritus.
1478 1687 1676 1758 Neque
1730 1687 1887 1743 enim

243 1774 437 1832 dicere
467 1775 657 1845 potest
684 1789 785 1829 vas
815 1772 994 1844 ﬁgulo
1026 1759 1166 1829 suo:
1234 1774 1422 1837 Quare
1453 1774 1534 1831 ita
1560 1775 1648 1830 vel
1680 1774 1764 1832 ita
1794 1791 1887 1830 me

240 1861 433 1965 fecisti
455 1862 595 1965 An
621 1877 738 1916 non
751 1860 941 1965 "habet
970 1861 1186 1965 .ﬁgulus
1216 1866 1563 1965 potestatem
1598 1864 1669 1963 de
1683 1864 1886 1919 eodem
1923 1899 1970 1965 B

243 1951 392 2018 luto,
425 1950 583 2008 aliud
613 1966 716 2005 vas
747 1949 936 2005 facere
966 1949 1025 2005 in
1057 1950 1362 2020 honorem,
1415 1951 1573 2008 aliud
1604 1951 1663 2007 in
1696 1956 1895 2008 contu-

242 2040 485 2098 meliam
504 2040 678 2110 (Rom.
712 2056 791 2108 IX,
807 2039 897 2111 21)
919 2038 947 2094 ‘?
972 2061 999 2087 ››
1024 2039 1186 2095 Unde
1208 2045 1637 2114 consequenter
1655 2042 1890 2113 adjecit,

246 2152 280 2182 «ι
308 2127 691 2186 Emulamini
721 2129 877 2184 dona
943 2129 1203 2200 majora;
1237 2133 1302 2185 ut
1365 2129 1427 2184 in
1496 2130 1610 2185 ﬁde
1639 2134 1696 2185 et
1724 2130 1894 2185 indu-

241 2220 390 2276 stria
418 2217 552 2291 plus
577 2217 798 2274 caeteris
821 2217 1242 2273 chrismatibus
1275 2218 1487 2275 habere
1532 2235 1885 2285 mereamur,

246 2308 640 2381 melioresque
670 2308 858 2365 simus
887 2307 1002 2376 his,
1032 2307 1133 2380 qui
1157 2309 1593 2381 comparatione
1625 2308 1809 2364 nostri
1839 2307 1899 2363 in

246 2397 509 2456 secundo
538 2396 629 2453 vel
658 2397 826 2452 tertio
884 2398 1070 2470 gradu
1126 2396 1301 2469 positi
1359 2401 1516 2454 sunt.
1577 2399 1641 2453 In
1690 2414 1903 2470 magna

251 2490 431 2546 domo
485 2503 627 2543 vasa
654 2486 886 2542 diversa
913 2491 1071 2554 sunt,
1104 2486 1219 2543 alia
1249 2504 1445 2554 aurea,
1473 2486 1585 2543 alia
1605 2492 1899 2560 argentea,

252 2593 436 2647 enea,
469 2575 676 2643 ferrea,
710 2576 1038 2649 ligneaque.
1074 2577 1142 2631 Et
1164 2580 1363 2632 tamen
1403 2577 1729 2633 secundum
1778 2593 1904 2631 mo-

254 2665 466 2723 dulum
533 2681 726 2733 suum,
795 2681 929 2721 cum
990 2682 1217 2721 aeneum
1284 2683 1387 2722 vas
1416 2666 1736 2738 perfectum
1805 2664 1902 2734 sit,

252 2754 713 2831 comparatione
743 2756 1001 2827 argentei
1067 2756 1219 2812 712
1285 2756 1440 2811 vasis
1490 2756 1903 2829 imperfectum

254 2845 493 2912 dicitur,
525 2862 883 2917 rursumque
904 2848 1242 2919 argenteum
1275 2846 1435 2901 aurei
1467 2844 1774 2901 collatione
1805 2846 1903 2901 de-

252 2934 444 2992 terius
507 2937 615 2990 est.
644 2936 831 3007 Atque
895 2933 1004 2989 hoc
1036 2935 1231 3002 modo,
1301 2935 1443 2989 dum
1511 2933 1622 2990 sibi
1655 2934 1904 2989 invicem

260 3028 697 3096 comparantur,
730 3024 1073 3097 imperfecta
1101 3027 1159 3081 et
1222 3025 1475 3097 perfecta
1505 3027 1645 3080 sunt
1687 3023 1904 3079 omnia.

260 3114 327 3172 In
358 3129 498 3187 agro
526 3118 693 3170 terrea
724 3114 908 3180 bonae,
943 3118 999 3169 et
1028 3130 1094 3169 ex
1124 3130 1243 3169 una
1262 3118 1524 3169 semente
1560 3112 1909 3169 tricenarius

261 3208 323 3262 et
334 3203 746 3277 sexagenarius
777 3203 1214 3259 etcentenarius
1227 3201 1721 3259 fructusexoritur
1736 3219 1747 3257 :
1764 3201 1910 3273 ipsis

1997 646 2065 657 —
2123 614 2271 680 Quid
2330 616 2546 674 mirum
2612 617 2673 675 in
2705 619 3017 678 collatione
3082 622 3445 690 sanctorum,
3496 620 3647 678 alios

1997 720 2126 761 esse
2155 704 2448 774 meliores,
2499 712 2555 764 et
2586 708 2731 766 alios
2796 710 3122 777 inferiores,
3154 726 3291 767 cum
3350 728 3381 768 e
3412 714 3645 768 contra-

1997 794 2084 851 rio
2116 793 2172 849 in
2207 793 2518 853 collatione
2547 803 2918 870 peccatorum
2950 800 3059 856 hoc
3125 799 3375 874 intelligi
3392 801 3597 872 ‘possit
3618 798 3648 854 ?

1997 883 2082 939 Ad
2147 883 2476 940 Jerusalem
2541 888 2776 958 dicitur,
2847 907 2977 963 quae
3034 889 3233 947 multis
3266 895 3640 963 peccatorum

1997 975 2121 1029 erat
2150 974 2420 1032 confossa
2473 976 2853 1036 vulneribus:
2893 1002 2921 1031 ‹‹
2976 979 3307 1038 Justiﬁcata
3335 986 3425 1039 est
3462 981 3648 1039 Sodo-

1998 1078 2097 1119 ma
2125 1077 2194 1117 ex
2224 1065 2280 1118 te
2311 1066 2326 1135 (
2364 1066 2559 1120 Thren.
2593 1084 2671 1133 1v,
2702 1068 2792 1141 6);
2832 1091 2858 1119 »
2889 1086 3003 1126 non
3072 1070 3229 1143 quod
3260 1071 3516 1128 Sodoma
3545 1087 3650 1144 per

1998 1167 2061 1212 se
2083 1152 2249 1221 justa
2279 1152 2373 1218 sit,
2411 1170 2537 1226 quae
2578 1155 2637 1210 in
2670 1160 2917 1214 aeternos
2946 1158 3205 1232 collapsa
3229 1160 3452 1217 cineres
3485 1159 3644 1232 (Gen.

1998 1257 2111 1305 xxx,
2142 1241 2255 1311 24),
2289 1242 2454 1297 audit
2500 1259 2603 1315 per
2669 1245 3025 1303 Ezechielem
3053 1266 3066 1304 :
3090 1271 3119 1298 ‹‹
3189 1249 3445 1306 Sodoma
3475 1249 3641 1305 resti-

1997 1331 2197 1384 tuetur
2226 1329 2284 1383 in
2316 1332 2625 1405 antiquum
2657 1335 2880 1405 (Ezech.
2912 1352 3030 1401 xvr,
3095 1338 3188 1404 55)
3222 1358 3244 1388 ι
3275 1353 3288 1391 :
3345 1338 3447 1394 sed
3488 1338 3645 1409 quod

1998 1419 2434 1490 comparatione
2499 1421 2899 1481 sceleratioris.
2947 1425 3274 1483 Jerusalem
3331 1425 3455 1483 haec
3476 1426 3645 1499 justa

1998 1504 2281 1563 videatur.
2317 1507 2422 1565 Illa
2486 1511 2642 1567 enim
2707 1512 2811 1568 Dei
2879 1514 3091 1571 Filium
3154 1515 3492 1585 trucidavit,
3527 1514 3651 1571 hac

2000 1599 2236 1669 propter
2264 1597 2727 1657 abundantiam3
2759 1602 2951 1674 panis,
2983 1606 3041 1659 et
3069 1621 3172 1676 per
3224 1603 3468 1661 luxurie
3518 1621 3644 1662 ma-

1998 1685 2371 1761 gnitudinem
2404 1690 2655 1746 excessit
2684 1691 2925 1747 modum
2973 1691 3260 1749 libidinis.
3294 1693 3650 1751 Publicanus

1997 1775 2057 1830 in
2088 1775 2404 1848 Evangelia
2432 1779 2584 1845 (Luc.
2618 1797 2779 1836 xvm.
2813 1781 2924 1853 13),
2992 1782 3093 1853 qui
3159 1782 3523 1855 percutiebat
3550 1798 3648 1856 pe-

1998 1868 2150 1933 ctus,
2182 1865 2353 1936 quasi
2387 1866 2735 1926 thesaurum
2766 1869 3187 1942 cogitationum
3233 1871 3653 1945 pessimarum,

2006 1956 2065 2009 et
2128 1954 2487 2011 conscientia
2551 1956 2921 2027 delictorum,
2991 1959 3192 2018 oculos
3255 1978 3373 2018 non
3404 1960 3657 2017 audebat

2005 2040 2289 2110 attollere,
2321 2046 2720 2116 superbientis
2771 2047 3051 2105 Pharisaei
3115 2048 3421 2107 collatione
3465 2050 3532 2106 ﬁt
3552 2050 3654 2120 ju-

2006 2131 2170 2187 stior.
2204 2132 2274 2187 Et
2302 2132 2560 2191 Thamar
2601 2137 2712 2193 sub
2744 2138 2937 2210 specie
3003 2137 3326 2196 meretricis
3357 2137 3507 2196 fallit
3550 2138 3658 2195 Ju-

2007 2219 2164 2286 dam,
2198 2226 2256 2276 et
2279 2220 2468 2293 ipsius
2499 2226 2792 2281 sententia
2821 2225 2923 2297 qui
2953 2226 3232 2298 deceptus
3262 2230 3372 2297 est,
3400 2230 3661 2284 meretur

2008 2307 2212 2364 audire
2238 2325 2250 2364 :
2281 2332 2310 2360 «
2340 2311 2672 2369 Justiﬁcata
2699 2317 2789 2369 est
2817 2314 3078 2371 Thamar
3104 2314 3295 2388 magis
3340 2330 3522 2388 quam
3549 2328 3657 2391 ego

2010 2396 2142 2469 (Gen
2166 2414 2402 2465 xxxvm,
2433 2402 2543 2471 26).
2579 2422 2608 2451 »
2671 2404 2822 2459 718
2851 2403 2935 2459 Ex
2980 2404 3197 2475 quibus
3228 2404 3507 2460 omnibus
3550 2420 3654 2480 ap-

2011 2486 2316 2558 probatur,
2350 2488 2542 2546 solum
2573 2507 2691 2547 non
2724 2492 3302 2566 adcomparationem
3317 2493 3525 2552 divinae
3540 2509 3661 2550 ma-

2006 2575 2241 2646 jestatis
2273 2576 2540 2635 homines
2566 2597 2942 2653 nequaquam
2963 2597 3093 2639 esse
3123 2584 3432 2655 perfectos,
3463 2583 3565 2639 sed
3586 2597 3660 2640 ne

2013 2662 2356 2734 angelorum
2403 2666 2645 2738 quidem
2690 2673 2747 2724 et
2793 2673 3135 2724 cesterorum
3192 2669 3525 2736 hominum,
3556 2667 3659 2742 qui

2012 2751 2317 2822 virtutum,
2354 2753 2615 2812 culmina
2641 2758 3150 2827 conscenderunt;
3183 2774 3317 2815 cum
3349 2761 3409 2815 et
3453 2762 3518 2815 tu
3559 2756 3662 2831 qui

2016 2840 2224 2897 melior
2261 2860 2323 2898 es
2383 2842 2623 2902 alterius
2683 2846 3013 2915 collatione,
3045 2860 3223 2919 quem
3252 2847 3661 2921 imperfectum

2014 2946 2142 2987 esse
2175 2934 2618 3005 monstraveris,
2687 2952 2925 2992 rursum
2992 2936 3067 2993 ab
3096 2936 3209 2993 alio
3272 2939 3331 2994 te
3366 2938 3663 3010 precante

2013 3019 2267 3077 vinceris
2294 3039 2305 3076 :
2340 3039 2406 3079 ac
2436 3039 2540 3095 per
2565 3024 2674 3081 hoc
2705 3042 2819 3081 non
2851 3025 3071 3081 habeas
3115 3041 3312 3082 veram
3356 3023 3662 3098 perfectio-

2018 3124 2173 3175 nem,
2208 3127 2333 3182 qusa
2364 3112 2411 3167 si
2444 3113 2698 3183 perfecta
2729 3113 2825 3182 sit,
2859 3112 3027 3169 nulla
3049 3128 3112 3169 re
3130 3112 3373 3186 indiget.

2092 3198 2175 3252 18.
2248 3200 2518 3268 Quomodo
2578 3203 2809 3272 perfecti
2860 3202 3161 3273 jubeamur
3222 3216 3353 3257 esse.
3385 3232 3456 3243 —-
3504 3200 3563 3257 6.
3595 3201 3666 3257 Et

264 3293 531 3349 numeris
562 3291 854 3348 indicatur
882 3292 1074 3364 impar
1101 3308 1229 3348 esse
1259 3292 1410 3363 quod
1445 3290 1729 3357 nascitur,
1752 3271 1808 3346 et
1830 3293 1910 3345 ta-
1939 3271 1983 3338 Ο
2021 3288 2335 3358 quomodo,
2369 3271 2590 3357 Attice,
2604 3290 2675 3346 ad
2731 3271 3148 3362 perfectionem
3203 3289 3439 3347 divinus
3470 3306 3663 3347 sermo

268 3398 407 3437 men
437 3380 496 3435 in
529 3397 636 3437 suo
666 3397 878 3453 genere
906 3380 1161 3453 perfecta
1189 3384 1326 3436 sunt
1339 3379 1591 3452 singula.
1615 3379 1909 3436 Elisabeth

269 3473 333 3526 et
359 3469 689 3538 Zacharias,
723 3486 839 3541 quo
876 3469 1214 3525 testimonio
1281 3468 1448 3541 quasi
1479 3467 1911 3542 impenetrabili

265 3558 453 3616 uteris
482 3559 704 3632 clypeo,
737 3577 845 3616 nos
875 3556 1915 3632 docerepossunt,quantoinferiores

272 3652 420 3706 sunt
446 3649 628 3706 beatis
660 3648 858 3706 Mariae
888 3648 1095 3704 matris
1135 3647 1366 3704 Domini
1426 3646 1755 3714 sanctitate,
1789 3663 1915 3715 qua

268 3737 626 3794 conscientia
658 3738 717 3793 in
749 3755 811 3795 se
840 3736 1161 3793 habitantis
1185 3736 1285 3791 Dei
1344 3736 1524 3792 libere
1554 3736 1913 3808 proclamat:

271 3849 303 3877 α
319 3826 629 3884 Ecceenim
642 3842 711 3883 ex
736 3826 848 3882 hoc
875 3825 1109 3881 beatam
1135 3841 1227 3880 me
1247 3824 1444 3881 dicent
1463 3840 1666 3881 omnes
1677 3840 1920 3897 genera-

270 3915 483 3985 tiones,
515 3914 655 3987 quia
682 3914 819 3971 fecit
884 3914 1028 3969 mihi
1061 3930 1274 3987 magna
1343 3913 1443 3985 qui
1476 3917 1681 3987 potens
1723 3917 1832 3977 est,
1864 3916 1924 3968 et

273 4007 547 4063 sanctum
579 4019 792 4060 nomen
810 4004 860 4074 ej
870 4020 958 4058 us.
975 4003 1043 4058 Et
1056 3994 1637 4073 misericordiaejusa
1649 4001 1925 4074 progenie

268 4094 333 4151 in
347 4093 654 4167 progenies
679 4091 1191 4148 timentibuseum.
1210 4090 1700 4163 Fecitpotentiam
1716 4090 1774 4145 in
1797 4090 1925 4145 bra-

274 4182 412 4240 chio
451 4198 558 4238 suo
588 4181 738 4255 (Luc.
776 4198 813 4237 ι,
848 4182 916 4236 48
944 4189 995 4236 et
1020 4180 1211 4251 seqq.).
1249 4200 1277 4229 »
1302 4178 1364 4235 In
1378 4195 1493 4250 quo
1508 4178 1922 4245 animadverte,

272 4271 434 4345 quod
462 4270 693 4326 beatam
727 4285 789 4325 se
823 4284 952 4325 esse
982 4268 1137 4323 dicat
1162 4283 1277 4321 non
1309 4265 1541 4339 proprio
1591 4264 1795 4320 merito
1835 4268 1923 4320 at-

276 4376 394 4434 que
423 4360 660 4424 virtute,
717 4357 820 4415 sed
852 4356 952 4413 Dei
1021 4354 1081 4410 in
1113 4370 1175 4410 se
1239 4353 1565 4410 habitantis
1594 4352 1925 4408 clementia.

276 4450 413 4524 Ipse
442 4464 674 4521 quoque
699 4447 977 4515 Joannes,
1010 4462 1125 4518 quo
1157 4444 1346 4515 major
1374 4460 1490 4498 non
1523 4442 1633 4497 fuit
1653 4442 1806 4498 inter
1827 4458 1927 4497 na-

272 4543 371 4597 tos
436 4536 779 4604 mulierum,
815 4534 1158 4606 parentibus
1226 4533 1351 4589 suis
1378 4531 1582 4588 melior
1645 4536 1753 4587 est.
1800 4532 1926 4587 Non

2021 3376 2170 3431 nos‘
2231 3379 2546 3449 provocat?
2577 3380 2638 3434 A.
2707 3379 2826 3436 Hac
2870 3379 3094 3436 ratione
3152 3395 3270 3452 qua
3306 3378 3449 3448 dixi,
3479 3382 3549 3437 ut
3576 3394 3669 3436 se-

2022 3467 2282 3522 cundum
2312 3466 2463 3523 vires
2519 3471 2750 3525 nostras
2802 3466 3233 3541 unusquisque,
3258 3471 3547 3541 quantum
3576 3483 3670 3524 va-

2025 3555 2220 3623 luerit,
2254 3556 2621 3625 extendatur,
2654 3557 2703 3612 si
2737 3574 2853 3630 quo
2885 3556 3060 3613 modo
3119 3556 3306 3630 possit
3347 3556 3669 3629 pervenire,

2027 3650 2084 3701 et
2111 3643 2608 3718 comprehendere
2670 3646 2939 3703 brevium
3000 3659 3269 3717 supernae
3326 3645 3673 3702 vocationis.

2028 3734 2291 3806 Denique
2333 3734 2703 3807 omnipotens
2749 3735 2926 3803 Deus,
2985 3733 3079 3790 cui
3141 3734 3309 3790 docet
3363 3732 3680 3805 Apostolus

2021 3825 2193 3895 juxta
2221 3823 2719 3895 dispensationem
2751 3823 2945 3879 carnis
3010 3826 3327 3895 assumptis
3359 3820 3681 3894 subjicien-

2031 3913 2172 3969 dum
2197 3911 2431 3979 Filium,
2458 3935 2486 3961 ‹‹
2512 3917 2576 3967 ut
2604 3912 2682 3968 sit
2708 3912 2863 3968 Deus
2893 3910 3092 3968 omnia
3111 3910 3171 3966 in
3189 3909 3466 3968 omnibus
3488 3912 3539 3983 (Ι
3557 3909 3682 3966 Cor.

2030 4018 2123 4068 xv,
2193 4001 2306 4072 28),
2339 4021 2367 4051 »
2437 4000 2745 4073 perspicue
2809 4002 3193 4067 demonstrat,
3253 4012 3634 4072 nequaquam
3664 3998 3687 4034 ⁸

2034 4090 2145 4147 sibi
2177 4094 2389 4145 cuncta
2417 4106 2545 4145 esse
2574 4089 2857 4161 subjecta.
2893 4088 3055 4147 Unde
3084 4093 3143 4146 et
3170 4088 3460 4161 Propheta
3488 4088 3619 4159 subj
3633 4104 3687 4144 e-

2036 4182 2287 4234 ctionem
2319 4178 2411 4234 sui
2444 4178 2504 4233 in
2562 4178 2740 4234 finem
2797 4179 3101 4251 praesumit
3129 4177 3370 4235 dicens:
3405 4200 3435 4229 «
3475 4177 3689 4235 Nonne

2036 4269 2153 4325 Deo
2184 4266 2293 4322 soli
2325 4267 2588 4339 subjecta
2618 4265 2727 4322 erit
2757 4266 2955 4324 anima
2984 4267 3192 4324 mea“?
3222 4268 3294 4324 ab
3351 4267 3480 4340 ipso
3529 4267 3688 4323 enim

2038 4361 2127 4414 est
2157 4356 2413 4412 salutare
2442 4372 2639 4413 meum
2669 4357 2841 4428 (Psal.
2867 4374 2979 4427 ιιι,
3016 4357 3088 4431 1).
3122 4376 3149 4410 ιι
3185 4360 3255 4412 Et
3284 4356 3424 4429 quia
3461 4355 3521 4412 in
3553 4371 3691 4412 cor-

2041 4463 2179 4519 pore
2244 4444 2511 4502 Ecclesiae
2581 4450 2759 4518 caput
2823 4444 3090 4503 Christus
3156 4450 3268 4512 est,
3336 4443 3695 4516 quibusdam

2043 4535 2235 4591 adhuc
2302 4534 2768 4607 repugnantibus
2836 4533 3140 4601 membris,
3196 4532 3428 4589 videtur
3479 4546 3698 4604 corpus

274 4627 440 4685 enim
466 4625 659 4682 solum
689 4623 1052 4690 hominibus,
1086 4622 1188 4679 sed
1225 4627 1284 4678 et
1333 4620 1558 4693 angelis
1591 4621 1928 4710 testimonio
1962 4645 2008 4710 Β
2044 4639 2277 4696 quoque
2373 4623 2548 4694 capiti
2626 4639 2744 4678 non
2810 4638 2941 4679 esse
3006 4623 3361 4710 subjectum.
3421 4620 3698 4691 Namque

277 4715 515 4776 Domini
548 4718 939 4787 comparatur.
974 4713 1042 4767 Et
1067 4715 1264 4767 tamen
1297 4710 1398 4782 qui
1421 4709 1650 4765 cunctis
1681 4709 1930 4765 homini-

277 4807 397 4863 bus
436 4804 778 4875 eratmajor
809 4802 1073 4870 interra,
1129 4800 1375 4857 minimo
1423 4799 1483 4854 in
1542 4816 1718 4872 regno
1759 4799 1931 4855 coelo-

281 4911 421 4952 rum
452 4894 647 4950 minor
672 4891 855 4948 fuisse
885 4890 1244 4964 perhibetur.

358 5022 375 5055 ¹
409 5019 535 5076 Duo
564 5034 707 5075 mss.
734 5016 920 5073 Vatic.
955 5020 1012 5072 et
1038 5015 1268 5089 Regin.,
1300 5013 1553 5086 nunquid
1610 5030 1794 5070 omnes
1822 5032 1932 5071 vzr-
1964 5040 1969 5045 -

283 5094 468 5163 tutos?
494 5089 766 5163 nunquid,
799 5093 907 5163 etc.

357 5165 381 5199 ³
420 5158 649 5235 Reginé
679 5178 794 5235 ms.
816 5159 1072 5235 dividens
1107 5160 1345 5235 propria
1374 5233 1382 5235 4
1410 5158 1714 5235 unicuique
1776 5161 1936 5230 prout

282 5236 439 5313 vult:
457 5230 646 5291 vatio.
677 5232 927 5313 dicideus
954 5232 1192 5313 singulis
1221 5230 1553 5313 pqquivult.

361 5308 384 5341 ³
413 5308 709 5364 Lacunam
742 5304 987 5377 implore
1018 5300 1591 5377 videturVaticanus
1637 5300 1804 5377 liber,
1838 5302 1936 5375 qui

288 5381 415 5437 haec
444 5378 626 5436 addit.
663 5378 781 5446 Qua
810 5373 1095 5447 impietate
1122 5374 1287 5440 nihil,
1319 5373 1507 5443 majus
1534 5377 1650 5436 est;
1682 5374 1794 5429 hmo
1835 5373 1936 5430 du-

285 5462 398 5511 tem
420 5451 725 5523 superbivit
747 5448 1427 5523 proptegaoundantiam,
1462 5450 1570 5523 etc.

360 5526 385 5559 ⁴
409 5516 694 5579 Voculam
722 5516 821 5575 n'os
844 5516 911 5575 ex
941 5519 1224 5575 Vaticano
1284 5516 1677 5587 reposuimus.
1726 5517 1853 5572 Mox
1880 5517 1940 5572 in

288 5596 581 5654 hactenus
609 5592 781 5651 editis
807 5596 931 5647 erat
950 5591 1322 5663 unusquisque
1344 5596 1657 5663 nostrorum
1677 5593 1945 5659 quantum

288 5673 400 5727 etc.
473 5667 599 5723 Non
696 5660 1431 5736 displicuisset-nostrum,
1504 5660 1591 5716 vel
1623 5732 1632 5736 _
1655 5662 1944 5736 justorum

294 5741 400 5802 sed
461 5754 598 5799 cum
664 5732 854 5809 neque
910 5736 973 5794 in
1031 5734 1325 5800 Vaticano,
1382 5748 1573 5805 neque
1617 5732 1678 5791 in
1710 5733 1943 5805 Reginae

2041 4713 2092 4770 si
2123 4712 2344 4785 patitur
2375 4728 2560 4767 unum
2592 4712 2946 4778 membrum,
2995 4708 3445 4782 compatiuntur
3468 4707 3693 4775 omnia,

2042 4807 2099 4865 et
2136 4805 2323 4857 totum
2390 4817 2602 4873 corpus
2698 4798 2896 4857 dolore
2997 4798 3176 4856 unius
3240 4796 3491 4855 membri
3558 4812 3696 4852 cru-

2044 4892 2250 4948 ciatur.
2285 4890 2450 4957 Quod
2515 4889 2644 4946 dico
2693 4889 2777 4947 ita
2814 4886 3186 4945 manifestius
3251 4886 3372 4943 ﬁet.
3424 4884 3696 4951 Quandiu

2044 5036 2157 5147 Bne.
2214 5034 2323 5073 vox
2351 5016 2451 5072 illa
2481 5016 2787 5081 habeatur,
2818 5015 3007 5073 satius
3039 5012 3317 5070 duximus
3348 5026 3694 5085 expungen-

2090 5106 2203 5146 am.

2090 5106 2431 5241 agnl‘legandi
2479 5158 2827 5241 pagiculam
2856 5158 3453 5241 neqmquqin,_utpote
3495 5152 3698 5211 sensui

2049 5226 2827 5297 necessariam,sull'ecimus
2856 5226 3093 5285 eat—mss.
3130 5226 3421 5300 Victorius
3463 5241 3701 5300 quoque

2047 5304 2387 5362 interseruit
2419 5305 2615 5376 (quem
2648 5302 2962 5376 aliquando
2995 5298 3301 5355 consulere
3323 5298 3701 5376 Martianeéus

2050 5322 2387 5362 interseruit
2419 5322 2433 5376 ι
2485 5322 2615 5359 ucm
2648 5322 2962 5375 aliquando
2995 5322 3301 5355 consunere
3324 5322 3701 5357 maruanaeus

2050 5377 2351 5434 debuisset
2380 5322 2663 5432 etiamdum
2689 5374 2911 5431 Erasmi
2941 5387 3197 5429 errorem
3221 5372 3536 5429 emendare
3564 5387 3701 5444 pro-

2052 5451 2382 5585 misi/itii:
2410 5519 2598 5575 Nonne
2655 5519 2758 5572 Deo
2814 5515 3058 5588 subjecta
3111 5518 3259 5572 erit?
3310 5519 3423 5588 etc.
3476 5515 3705 5585 absque

2049 5594 2175 5658 sibi,
2210 5608 2387 5664 quam
2420 5604 2621 5664 vocem
2652 5593 2846 5644 textus
2872 5587 3093 5655 nullus,
3129 5588 3283 5661 quod
3346 5587 3529 5645 sciam
3578 5590 3701 5643 aut.

2049 5661 2242 5723 versio
2270 5661 2394 5719 ulla
2425 5661 2650 5733 recipit.
