3958 6420
354 370 498 484 ’855

1620 416 1684 488 ε.
1732 421 2044 490 EUSEBII
2085 425 2557 496 HIERONYMI.

3662 386 3786 497 eis

372 522 671 616 habemus
700 556 1040 622 thesaurum
1072 563 1253 624 istum
1305 562 1369 620 in
1395 561 1548 619 vasis
1608 559 1906 629 fictilibus,
1968 566 2026 617 et
2052 564 2107 630 Α
2139 566 2293 636 fecit,
2344 567 2484 639 quia
2533 566 2719 623 facere
2765 564 2963 637 voluit,
3018 563 3101 624 ita
3151 569 3207 625 et
3248 563 3309 624 in
3361 582 3451 636 eo,
3482 582 3587 643 per
3624 568 3781 643 quod

383 656 576 730 fragili
608 672 780 712 carne
843 655 1300 720 circumdamur,
1367 653 1485 708 imo
1518 649 1753 707 mortali
1816 655 1870 705 et
1902 667 2029 707 cor-

382 746 666 821 ruptibili,
700 746 899 801 beatos
929 762 1056 800 esse
1088 762 1193 799 nos
1240 742 1556 809 credimus,
1591 742 1639 795 si
1689 741 1747 796 in
1779 739 2030 811 singulis

380 835 698 893 virtutibus
731 835 1113 907 partibusque
1178 832 1460 887 virtutum
1491 830 1605 885 Deo
1673 828 1920 899 subjecti
1951 828 2029 883 si-

390 943 524 983 mus
550 926 666 997 [Αι.
697 925 949 995 sumus].
983 922 1127 977 Cum
1160 927 1354 977 autem
1377 916 2027 975 mortalehocindutum

392 1014 569 1070 fuerit
600 1011 1058 1077 immortalitate,
1093 1015 1150 1066 et
1196 1008 1590 1080 corruptivum
1625 1006 1733 1061 hoc
1765 1005 2028 1061 incorru-

391 1104 591 1175 ptione
656 1101 953 1167 vestitum,
1021 1105 1076 1155 et
1141 1100 1416 1169 absorpta
1482 1113 1639 1153 more
1704 1094 1877 1150 fuerit
1966 1093 2026 1148 in

388 1190 601 1247 Christi
619 1190 881 1255 victoria,
905 1193 1045 1243 tunc
1079 1189 1229 1242 Deus
1258 1186 1365 1241 erit
1395 1186 1591 1240 omnia
1622 1186 1677 1238 in
1710 1182 2021 1237 omnibus:

382 1284 451 1335 ut
474 1296 590 1334 non
623 1280 699 1334 sit
726 1284 955 1333 tantum
988 1276 1044 1329 in
1071 1275 1377 1332 Salomone
1407 1271 1710 1345 sapientia,
1744 1271 1804 1327 in
1846 1269 2023 1326 David

380 1367 562 1426 animi
593 1367 1003 1433 mansuetudo,
1069 1366 1128 1420 in
1160 1364 1282 1420 Elia
1350 1368 1407 1419 et
1436 1363 1682 1418 Phinees
1738 1360 1918 1428 zelus,
1964 1359 2023 1415 in

377 1456 673 1514 Abraham
706 1457 870 1524 ﬁdes,
905 1456 965 1510 in
1002 1458 1189 1523 Petro,
1213 1454 1305 1509 cui
1336 1453 1559 1509 dictum
1600 1456 1723 1506 est:
1758 1472 1785 1498 ‹‹
1821 1449 2022 1505 Simon

372 1545 640 1613 Joannis,
675 1561 836 1601 amas
869 1560 961 1599 me
991 1544 1165 1615 (Joan.
1200 1560 1314 1610 xxx,
1352 1542 1479 1612 13)?
1513 1563 1540 1589 »
1572 1540 1824 1611 perfecta
1854 1536 2023 1593 dilec-

374 1639 495 1705 tio;
565 1638 624 1692 in
691 1632 990 1690 electionis
1057 1650 1193 1687 vase
1276 1630 1540 1687 studium
1643 1627 2019 1701 praedicandi,

375 1733 432 1786 et
464 1730 617 1784 714
681 1724 903 1780 caeteris
968 1721 1058 1776 vel
1087 1720 1248 1787 bina,
1317 1718 1405 1775 vel
1438 1719 1627 1773 trina:
1698 1718 1799 1773 sed
1860 1721 2020 1772 totus

377 1818 439 1874 in
470 1814 698 1874 cunctis
729 1813 827 1878 sit,
896 1814 951 1866 et
981 1809 1040 1864 in
1108 1808 1267 1864 omni
1306 1808 1589 1861 virtutum
1638 1805 1814 1861 choro
1845 1822 2018 1861 sane-

342 1956 345 1961 .
376 1911 594 1971 torum,
630 1917 911 1958 numerus
942 1898 1244 1973 glorietur,
1313 1902 1369 1952 et
1426 1896 1501 1952 sit
1539 1896 1692 1953 Deus
1736 1894 1932 1951 omnia
1957 1895 2016 1950 in

377 1995 674 2054 omnibus.

448 2087 539 2141 19.
573 2081 830 2152 Quandiu
860 2081 1093 2135 vivimus
1122 2080 1345 2133 cunctas
1403 2077 1625 2131 virtutes
1679 2075 1882 2130 habere
1912 2089 2023 2129 non

376 2189 685 2249 possumus.
719 2202 787 2211 -—
821 2170 877 2225 ϐ.
909 2167 1118 2224 Nullus
1151 2182 1286 2238 ergo
1318 2166 1711 2232 sanctorum‘,
1757 2163 2019 2235 quandiu

376 2272 439 2328 in
506 2262 617 2318 isto
685 2257 1030 2331 corpusculo
1087 2261 1197 2323 est,
1263 2260 1507 2310 cunctas
1574 2258 1770 2326 potest
1806 2252 2021 2308 habere

374 2354 618 2410 virtutes
639 2350 668 2406 τ
699 2350 762 2404 Α.
794 2347 1024 2414 Nullus,
1059 2345 1199 2417 quia
1228 2362 1383 2400 nunc
1412 2362 1479 2400 ex
1504 2348 1665 2416 parte
1706 2341 2017 2415 pr0pheta-

376 2459 531 2509 mus,
567 2444 623 2496 et
654 2456 723 2494 ex
746 2440 908 2509 parte
940 2433 1367 2506 cognoscimus.
1399 2433 1515 2488 Nec
1571 2431 1726 2487 enim
1771 2433 2021 2503 possunt

376 2530 574 2590 omnia
600 2543 727 2583 esse
758 2526 817 2580 in
850 2524 1127 2580 omnibus
1193 2522 1573 2577 hominibus:
1616 2520 1753 2592 quia
1784 2536 1899 2574 non
1932 2522 2019 2573 est

373 2613 730 2675 immortalis
762 2613 921 2667 filius
950 2611 1226 2666 hominis.
1262 2610 1710 2682 C.thuomodo
1734 2608 2013 2679 legimus:

373 2704 481 2771 Qui
511 2719 690 2759 unam
756 2700 1046 2765 habuerit,
1080 2716 1283 2754 omnes
1344 2699 1607 2754 videtur'
1659 2698 1872 2752 habere
1903 2696 2017 2750 vir-

372 2793 577 2849 tutes?
606 2793 667 2846 A.
698 2788 1166 2860 Participatione,
1200 2805 1317 2842 non
1361 2787 1728 2860 proprietate.
1770 2785 2017 2841 Necesse

374 2887 465 2939 est
489 2880 666 2949 enim,
690 2883 755 2934 ut
776 2876 993 2950 singuli
1015 2875 1299 2932 excellant
1320 2876 1379 2931 in
1412 2875 1797 2947 quibusdam:
1833 2878 1889 2929 et
1930 2878 2015 2928 ta-

374 2988 508 3030 men
538 2970 647 3026 hoc
669 2968 821 3041 quod
885 2965 1100 3039 legisse
1128 2970 1185 3021 te
1249 2965 1415 3030 diois,
1449 2965 1549 3020 ubi
1616 2964 1897 3035 scriptum
1940 2961 2016 3017 sit

375 3059 597 3118 nescio.
632 3057 687 3113 C.
723 3058 963 3128 Ignoras
986 3055 1138 3110 hanc
1187 3052 1668 3126 philosophorum
1726 3069 1852 3107 esse
1878 3067 2014 3106 sen-

374 3148 663 3208 tentiam?
696 3148 757 3202 A.
817 3145 927 3201 Sed
962 3160 1078 3199 non
1140 3142 1556 3215 apostolorum.
1592 3142 1790 3213 Neque
1855 3140 2013 3196 enim

375 3239 522 3297 mihi
553 3255 704 3294 curae
736 3240 825 3291 est
888 3234 1029 3306 quid
1061 3231 1423 3297 Aristoteles,
1455 3232 1552 3287 sed
1624 3232 1762 3303 quid
1796 3228 2014 3285 Paulus

2143 656 2516 727 imperfectus
2548 660 2655 723 est,
2723 655 2862 728 quia
2926 673 3041 713 non
3081 657 3233 725 fecit,
3303 657 3624 731 perfectum
3654 675 3785 716 esse

2141 744 2421 815 potuisse,
2454 746 2501 800 si
2538 746 2722 801 facere
2746 746 3039 802 voluisset.
3074 754 3137 803 Α.
3173 747 3313 814 Quis
3334 747 3492 803 enim
3514 764 3632 804 non
3659 748 3788 805 vult

2140 833 2325 889 facere
2365 835 2518 904 quod
2552 835 2872 906 perfectum
2903 836 3040 891 est?
3068 838 3183 892 Aut
3214 836 3348 909 quis
3408 853 3524 892 non
3555 838 3786 894 cunctis

2139 922 2552 994 cupiatﬂorere
2574 923 2889 979 virtutibus
2909 926 2936 979 ?
2956 923 3011 978 Si
3026 927 3215 981 totum
3239 925 3493 997 requiris
3510 927 3582 982 ab
3597 927 3787 983 omni-

2138 1010 2272 1081 bus,
2308 1012 2456 1067 715
2492 1011 2651 1067 tollis
2684 1028 2878 1067 rerum
2910 1012 3324 1082 diversitatem,
3365 1017 3421 1068 et
3468 1014 3788 1087 gratiarum

2139 1099 2498 1165 distantiam,
2533 1104 2587 1156 et
2616 1100 2901 1157 Creatoris
2929 1101 3170 1157 artiticis
3202 1101 3568 1171 varietatem,
3615 1103 3786 1175 cujus

2138 1204 2302 1250 sacro
2334 1188 2621 1260 Propheta
2650 1193 2822 1243 sonat
2850 1190 3145 1245 carmine:
3213 1190 3423 1246 Omnia
3438 1190 3499 1245 in
3545 1189 3785 1265 sapien-

2135 1276 2216 1331 tia
2279 1275 2466 1332 fecisti
2532 1278 2701 1347 (Psai.
2770 1278 3034 1348 Clu,2/i).
3082 1301 3108 1328 ››
3173 1278 3513 1351 Indignatur
3556 1278 3782 1347 lucifer,

2134 1381 2314 1436 quare
2342 1363 2626 1438 fulgorem
2653 1364 2804 1421 luna
2839 1383 2953 1421 non
2984 1367 3213 1423 habeat.
3250 1368 3414 1424 Luna
3441 1384 3620 1441 super
3656 1370 3785 1426 suis

2132 1452 2454 1510 defectibus
2483 1458 2539 1509 et
2586 1454 2782 1509 labore
2849 1461 3149 1523 causetur,
3213 1473 3318 1511 cur
3345 1473 3609 1512 annuum
3639 1457 3783 1514 solis

2132 1540 2419 1597 circulum
2453 1542 2702 1615 singulis
2734 1543 3040 1600 mensibus
3070 1543 3313 1617 expleat.
3353 1544 3449 1601 Sol
3480 1549 3781 1623 queratur,

2130 1631 2271 1703 quid
2303 1630 2606 1687 otIenderit
2638 1630 2869 1689 utlunaa
2891 1649 3063 1689 cursu
3085 1633 3413 1689 tardiorsit.
3448 1633 3782 1691 Clamemus

2130 1724 2188 1774 et
2217 1736 2322 1774 nos
2354 1719 2720 1787 homunculi,
2752 1719 2894 1792 quid
2924 1736 3118 1775 causae
3151 1720 3456 1789 exstiterit,
3495 1726 3561 1777 ut
3594 1722 3782 1780 homi-

2128 1824 2231 1863 nes
2260 1813 2461 1863 etnon
2493 1808 2683 1880 angeli
2725 1808 2859 1864 facti
2909 1809 3137 1865 simus:
3188 1827 3530 1883 quanquam
3588 1812 3777 1885 magi-

2127 1901 2246 1951 ster
2273 1902 2478 1963 vester,
2508 1894 2535 1950 ὁ
2605 1896 2845 1973 ἀρχαῖος
2863 1897 2906 1965 ³,
2938 1897 3007 1953 de
3075 1899 3248 1970 cujus
3277 1897 3398 1955 haec
3449 1900 3608 1955 fonte
3648 1917 3783 1974 pro-

2132 1986 2369 2055 cedunt,
2402 2004 2605 2042 omnes
2650 1985 2961 2043 rationales
2994 1992 3291 2045 creaturas
3357 2005 3520 2062 aequo
3550 1995 3780 2047 asserat

2123 2075 2257 2147 jure
2288 2076 2572 2143 conditas,
2607 2081 2671 2132 ut
2700 2076 2887 2131 instar
2946 2076 3367 2150 quadrigarum
3400 2083 3457 2134 et
3491 2096 3778 2137 curruum

2130 2164 2199 2219 de
2229 2163 2558 2221 carceribus
2624 2169 2919 2232 exeuntes,
2955 2163 3014 2219 in
3053 2165 3244 2221 medio
3276 2167 3462 2238 spatio
3535 2167 3625 2224 vel
3655 2184 3775 2224 cor-

2130 2257 2324 2323 ruant,
2356 2254 2443 2308 vel
2476 2254 2897 2326 przelervolent.
2925 2254 2995 2309 Et
3032 2254 3102 2310 ad
3172 2258 3370 2327 optata
3411 2255 3773 2330 perveniant.

2127 2340 2433 2415 Elephanti
2464 2347 2636 2398 tanta:
2665 2342 2859 2411 molis,
2884 2347 2939 2398 et
2967 2343 3217 2417 gryphas
3247 2345 3307 2400 in
3340 2362 3448 2402 sua
3491 2346 3778 2420 gravitate

2128 2433 2497 2497 causentur‘,
2533 2449 2635 2486 cur
2665 2431 2968 2504 quaternis
3002 2432 3251 2504 pedibus
3298 2432 3595 2503 incedant,
3640 2451 3777 2492 cum

2129 2536 2365 2587 muscae,
2399 2519 2752 2593 culicesque,
2785 2526 2841 2577 et
2904 2526 3109 2577 cratera
3138 2520 3480 2593 hujusmodi
3508 2523 3781 2581 animan-

2126 2608 2206 2663 tia
2237 2610 2346 2664 sub
2405 2610 2679 2681 pennulis
2738 2626 2909 2665 senos
2940 2611 3116 2682 pedes
3172 2610 3444 2675 habeant,
3497 2617 3553 2669 et
3581 2612 3768 2687 aliqui

2124 2696 2424 2752 vermiculi
2458 2697 2595 2765 sint,
2627 2697 2727 2769 qui
2759 2698 2939 2754 tantis
2962 2698 3210 2771 pedibus
3240 2705 3523 2770 scateant,
3579 2707 3648 2758 ut
3677 2702 3773 2758 in-

2127 2786 2520 2842 numerabiles
2552 2786 2728 2841 simul
2759 2792 2953 2843 motus
2984 2786 3149 2843 nulla
3204 2789 3357 2845 acies
3383 2791 3771 2864 comprehen-

2125 2874 2243 2930 dat.
2276 2874 2441 2931 Dicat
2471 2875 2592 2930 haec
2646 2875 2901 2933 Marcion
2941 2880 2999 2932 et
3065 2892 3269 2933 omnes
3338 2878 3611 2949 haeretici,
3662 2882 3768 2955 qui

2125 2962 2412 3019 Creatoris
2469 2964 2741 3036 operibus
2802 2962 3081 3021 illudunt.
3149 2964 3423 3022 Vestrum
3463 2958 3766 3027 decretum

2124 3049 2427 3124 hucusque
2458 3053 2774 3125 perveniet,
2802 3057 2867 3107 ut
2893 3054 3035 3109 dum
3050 3053 3286 3128 singula
3301 3054 3762 3127 calumniantur,

2123 3158 2366 3197 manum
2424 3142 2689 3214 injiciant
2745 3147 2878 3212 Deo,
2947 3159 3052 3198 cur
3108 3141 3270 3199 solus
3334 3144 3488 3201 Deus
3528 3146 3626 3215 sit,
3657 3164 3765 3204 cur

2122 3229 2396 3285 inviderit
2425 3231 2727 3297 creaturis,
2761 3236 2827 3285 ut
2855 3248 2969 3287 non
2999 3249 3201 3289 omnes
3267 3234 3469 3289 eadem
3505 3234 3765 3309 polleant

358 3328 583 3383 doceat.
621 3324 677 3379 ε.
711 3324 960 3379 Obsecro
1027 3328 1101 3387 te,
1137 3338 1332 3375 nonne
1393 3321 1648 3376 Jacobus
1706 3317 2008 3393 apostolus
2042 3308 2084 3374 C
2122 3319 2441 3388 majestate.
2509 3320 2671 3383 Quod
2733 3319 2867 3375 licet
2926 3337 3039 3376 non
3100 3321 3308 3378 dicatis
3367 3308 3576 3397 (neque
3602 3325 3761 3382 enim

357 3413 563 3470 scribit
592 3412 726 3483 (Jac.
766 3426 827 3464 II.
899 3412 1007 3479 10),
1043 3412 1143 3482 qui
1210 3411 1269 3465 in
1299 3426 1416 3465 uno
1483 3410 1806 3476 offenderit,
1865 3422 2000 3463 eum

355 3518 486 3560 esse
515 3500 781 3556 omnium
812 3498 1019 3552 reum?
1050 3499 1110 3551 Α.
1144 3497 1272 3569 Ipse
1299 3496 1462 3552 locus
1494 3514 1554 3552 se
1586 3498 2003 3569 interpretatur

358 3590 485 3647 Non
515 3588 673 3645 enim
704 3585 849 3641 dixit
879 3586 1034 3641 unde
1062 3591 1311 3657 cmperat
1341 3584 1681 3657 disputatio,
1715 3585 1814 3656 qui
1847 3583 2001 3639 divi-

357 3685 476 3735 tem
508 3676 751 3750 pauperi
782 3676 841 3730 in
874 3674 1092 3730 honore
1124 3674 1457 3747 praetulerit,
1486 3692 1619 3729 reue
1650 3679 1739 3729 est
1769 3673 1999 3729 adulte-

355 3767 426 3823 rii
451 3766 540 3823 vel
570 3764 887 3821 homicidii.
927 3765 986 3818 In
1006 3764 1114 3819 hoc
1141 3763 1293 3818 enim
1318 3762 1567 3818 delirant
1613 3762 1811 3828 Stoici,
1837 3761 2001 3834 paria

352 3856 771 3912 contendentes
827 3870 956 3910 esse
1014 3857 1270 3925 peccata.
1306 3853 1414 3908 Sed
1477 3852 1590 3907 ita:
1639 3851 1799 3914 «Qui
1830 3852 1994 3922 dixit,

348 3961 467 4000 non
495 3943 902 4010 mmchaberis,
936 3943 1083 3997 dixit
1110 3947 1185 4008 et,
1220 3959 1333 3996 non
1399 3940 1664 4007 occides;
1701 3942 1852 4013 quod
1887 3942 1995 3997 etsi

346 4050 463 4089 non
512 4033 749 4098 occidis,
815 4032 1109 4087 macharis
1177 4036 1392 4097 autem,
1462 4031 1653 4086 iactus
1719 4047 1780 4085 es
1809 4035 1997 4088 trans.

344 4137 580 4194 gressor
646 4121 792 4193 legis
824 4122 982 4191 (Ibid.
1050 4122 1160 4191 Η).
1194 4142 1223 4171 ιι
1260 4121 1432 4175 Levia
1462 4136 1592 4176 cum
1661 4119 1905 4187 levibus,
1938 4125 1995 4176 et

351 4209 550 4283 gravia
576 4226 710 4264 cum
746 4209 1021 4280 gravibus
1052 4213 1486 4279 comparantur.
1552 4209 1666 4264 Nec
1690 4207 1876 4264 ferula
1904 4209 1992 4265 di-

348 4314 535 4370 gnum
565 4296 792 4364 vitium,
825 4297 1017 4368 gladio
1048 4297 1463 4352 vindicandum
1494 4302 1580 4352 est
1606 4315 1618 4365 ;
1662 4314 1765 4354 nec
1796 4296 1990 4370 gladio

347 4386 593 4458 dignum
664 4386 874 4456 scelus,
925 4385 1110 4441 ferula
1175 4387 1580 4442 coercendum.
1615 4386 1671 4441 ϐ.
1739 4388 1895 4455 Esto,
1926 4393 1991 4444 ut

344 4474 544 4531 nullus
611 4480 949 4531 sanctorum
1013 4492 1215 4531 omnes
1255 4474 1499 4529 virtutes
1564 4474 1812 4543 habent;
1881 4476 1989 4533 hoc

338 4567 494 4620 certe
526 4564 717 4629 dabis,
752 4564 811 4619 in
872 4580 937 4619 eo
969 4564 1123 4635 quod
1184 4568 1375 4636 potest
1426 4564 1632 4629 facere,
1685 4564 1731 4619 si
1768 4565 1985 4632 fecerit,

2110 3412 2231 3463 tam
2266 3408 2457 3463 insani
2486 3408 2649 3474 estis,
2674 3410 2739 3462 ut
2767 3412 2963 3481 aperte
2991 3410 3328 3483 repugnetis
3349 3410 3370 3445 ⁸
3396 3409 3533 3479 Deo,
3559 3416 3759 3469 tamen

2111 3496 2241 3553 aliis
2270 3498 2461 3553 verbis
2492 3496 2827 3570 loquimini,
2860 3514 2981 3553 rem
3015 3497 3114 3554 Dei
3139 3498 3364 3554 homini
3395 3492 3760 3575 c0pulantes,

2110 3591 2175 3641 ut
2241 3586 2317 3642 sit
2345 3587 2566 3659 absque
2636 3592 2888 3658 peccato,
2940 3588 3092 3658 quod
3128 3591 3184 3643 et
3252 3587 3405 3645 Deus
3451 3594 3556 3646 est.
3590 3588 3759 3649 Unde

2111 3674 2614 3747 Apostolussuper
2647 3676 2892 3733 diversis
2924 3675 3198 3731 intonans
3230 3676 3752 3755 gratiisloquitur:

2110 3787 2137 3813 ‹‹
2171 3762 2494 3819 Divisiones
2524 3764 2904 3819 donationum
2938 3769 3094 3831 sunt,
3117 3764 3269 3820 idem
3329 3770 3527 3823 autem
3569 3768 3755 3841 Spiri-

2105 3855 2238 3919 tus;
2273 3856 2329 3908 et
2357 3851 2672 3908 divisiones
2722 3853 3179 3908 ministeriorum
3241 3859 3399 3922 sunt,
3434 3857 3534 3911 sed
3593 3855 3754 3914 idem

2104 3940 2385 3996 Dominus
2419 3958 2430 3996 ε
2464 3947 2522 3996 et
2579 3941 2891 3997 divisiones
2923 3943 3327 4014 operationum
3384 3948 3545 4014 sunt,
3587 3963 3750 4003 unus

2103 4035 2296 4085 autem
2324 4038 2498 4099 Deus,
2532 4032 2633 4102 qui
2664 4040 2936 4103 operatur
2963 4032 3161 4087 omnia
3184 4033 3241 4087 in
3262 4018 3539 4090 omnibus
3562 4020 3747 4108 (ἶσον.

2102 4136 2200 4175 x11.
2238 4122 2289 4174 4.
2320 4121 2401 4191 5.)

2171 4210 2259 4264 20.
2295 4210 2571 4277 Quantum
2617 4209 2775 4263 homo
2831 4225 2865 4263 (ι
2894 4210 2996 4266 Deo
3061 4210 3298 4284 iii/lerat.
3332 4242 3401 4254 -—-
3424 4212 3481 4267 C.
3513 4212 3751 4272 Nimius

2098 4313 2161 4352 es
2192 4296 2250 4352 in
2284 4314 2401 4353 una
2432 4302 2606 4369 atque
2633 4297 2832 4353 eadem
2869 4298 3208 4370 quaestione,
3276 4304 3343 4355 ut
3392 4303 3749 4379 persuadere

2099 4386 2326 4442 coneris
2356 4386 2654 4441 hominem
2686 4386 2955 4441 universa
2985 4387 3161 4443 simul
3193 4387 3404 4444 habere
3438 4391 3594 4446 716
3629 4408 3769 4449 σου.

2098 4493 2291 4549 posse,
2326 4475 2496 4547 quasi
2530 4480 2630 4531 aut
2661 4475 2930 4531 inviderit
2959 4481 3062 4532 aut
3113 4494 3230 4533 non
3294 4479 3549 4551 potuerit
3588 4480 3745 4539 Deus

2099 4569 2373 4637 praestare
2400 4563 2644 4635 imagini
2675 4568 2731 4619 et
2760 4564 3114 4620 simultidini
3144 4583 3282 4637 suae,
3316 4571 3382 4622 ut
3446 4567 3507 4623 in
3538 4571 3746 4648 omni-

335 4669 464 4709 esse
494 4654 836 4726 perfectum.
873 4655 933 4709 Α.
968 4654 1091 4709 Non
1130 4658 1286 4709 tenes
1306 4652 1445 4725 quid
1482 4670 1661 4725 supra
1692 4653 1935 4709 dixerim
1957 4653 1984 4709 ?
2011 4678 2060 4743 D
2097 4656 2206 4710 bus
2236 4654 2587 4725 respondeat
2615 4670 2720 4708 suo
2752 4654 3023 4743 Creatori.
3049 4660 3117 4710 A.
3152 4656 3345 4728 Egone
3392 4656 3631 4725 nimius,
3665 4676 3743 4717 an

335 4740 392 4797 C.
429 4742 719 4808 Quidnam
787 4742 932 4798 illud
966 4744 1105 4799 est?
1168 4744 1231 4797 A.
1274 4743 1599 4798 Perfectum
1666 4759 1794 4798 esse
1822 4743 1881 4798 in
1914 4760 1979 4800 eo

336 4830 493 4902 quod
525 4832 680 4896 fecit,
713 4837 769 4887 et
835 4833 1243 4903 imperfectum
1308 4831 1369 4887 in
1436 4847 1524 4897 eo,
1596 4831 1749 4902 quod
1794 4833 1981 4887 facere

334 4936 453 4976 non
485 4921 697 4991 potuit.
732 4921 790 4977 C.
823 4922 930 4977 Sed
966 4920 1120 4977 sicut
1151 4921 1440 4992 perfectus
1504 4924 1595 4976 est
1625 4920 1684 4974 in
1725 4935 1791 4975 eo
1822 4921 1977 4991 quod

398 5043 414 5077 ¹
450 5043 579 5099 Vid.
608 5045 828 5104 librum
860 5046 925 5099 (te
959 5047 1127 5100 Gesti;
1175 5046 1394 5112 Pelagii
1417 5061 1542 5114 cap.
1567 5046 1654 5108 tt,
1679 5062 1844 5100 num.
1884 5045 1972 5101 32.

399 5115 421 5147 ²
450 5114 705 5171 Verbum
733 5118 945 5172 videtur
1010 5118 1069 5171 in
1140 5117 1373 5187 Reginae
1442 5133 1553 5170 ms.
1588 5115 1973 5173 desideratur.

330 5182 841 5268 Caeterumcimfer
870 5187 1179 5268 Augustini
1225 5182 1535 5268 cpistolum
1593 5189 1676 5267 .ad
1706 5187 1979 5268 Hierony-

332 5272 500 5330 mum
551 5258 702 5330 inter
760 5256 1326 5330 Hieronfvmianasin
1383 5259 1719 5313 recensione
1777 5256 1977 5315 nostra

325 5327 431 5382 432
460 5327 531 5408 de
560 5326 682 5384 loco
707 5330 909 5386 Jacobi
939 5326 1088 5401 {Qui
1116 5331 1425 5403 0/]enderit,
1459 5332 1520 5384 in
1544 5346 1653 5386 uno
1680 5334 1859 5401 [uetus
1898 5336 1975 5389 est

332 5415 419 5454 om
428 5418 457 5452 η
466 5416 480 5452 2
488 5416 581 5453 um
611 5417 736 5456 νοιιδ
744 5443 755 5455 .

394 5471 417 5543 ξ
447 5470 507 5543 Id
540 5476 627 5524 est
691 5474 969 5543 antiquus.
1005 5479 1121 5529 Hoc
1189 5473 1423 5529 nomine
1474 5471 1772 5529 Platonem
1807 5474 1973 5531 innui

326 5538 559 5615 volebat
590 5538 883 5615 Erasmus.
924 5546 1212 5601 Victorius
1266 5552 1323 5600 et
1383 5544 1719 5600 Martinmus
1775 5545 1972 5615 Orige-

328 5630 462 5685 ncm
494 5613 849 5685 intelligunt.
885 5616 1024 5670 Vide
1058 5618 1402 5672 Garnerium
1435 5617 1729 5672 dissertet.
1765 5617 1823 5672 in
1857 5613 1973 5675 Ma-

323 5684 478 5762 rium
514 5684 916 5762 Mercatorem.
952 5690 1101 5762 Veri,
1141 5690 1314 5743 etiam
1385 5688 1577 5762 simile
1632 5690 1710 5744 sit
1741 5688 1967 5762 ἀρχαῖον

320 5757 627 5831 Origenem
659 5758 918 5816 convicio
951 5761 1211 5835 quodam
1244 5758 1545 5831 appellari,
1580 5762 1733 5831 quod
1768 5755 1970 5819 auctor

2089 4745 2203 4799 tu?
2235 4742 2336 4816 qui
2360 4743 2550 4815 soluta
2607 4739 2917 4815 proponis;
2950 4749 3008 4799 et
3062 4762 3178 4800 non
3238 4744 3517 4820 intelligis
3576 4747 3739 4806 aliud

2088 4850 2216 4889 esse
2247 4831 2717 4899 similitudinem,
2742 4831 2896 4887 aliud
2924 4832 3314 4905 aequalitatem
3340 4850 3354 4891 :
3376 4833 3521 4890 illud
3548 4834 3738 4910 pictu-

2088 4938 2232 4987 ram,
2269 4921 2378 4977 hoc
2403 4937 2532 4977 esse
2561 4921 3121 4979 veritatem‘.Verus
3169 4940 3357 4995 equus
3387 4940 3733 4997 camporum

2086 5045 2529 5127 extiteritoperis
2598 5044 2721 5126 napi
2781 5044 3036 5127 ξᾼρχῶη
3103 5064 3357 5120 eumque
3423 5047 3738 5108 festivitate

2086 5120 2341 5190 quadam
2375 5116 2677 5190 aerumnis
2699 5116 2947 5190 irrideri.

2154 5192 2333 5264 {time
2366 5188 2633 5264 videlicet
2663 5186 2907 5264 celebris
2950 5190 3204 5264 quaestio
3271 5195 3411 5264 erat
3461 5208 3642 5264 quam
3674 5198 3735 5249 et

2084 5261 2142 5316 S.
2177 5261 2451 5315 Barnabm
2485 5260 2542 5314 in
2563 5260 3079 5331 Recognitionibus
3103 5260 3637 5321 Pseudo-Clementi
3658 5266 3730 5320 ad

2085 5333 2321 5405 scriptis
2352 5330 2685 5405 philosophi
2721 5330 3146 5405 proposuerant
3170 5404 3177 5405 ί
3203 5334 3275 5389 ad
3332 5333 3730 5394 illudendum.

2080 5402 2222 5460 Jam'
2244 5402 2414 5480 antea
2442 5402 2523 5458 lib
2556 5402 2617 5457 ni
2648 5414 2835 5458 contra
2863 5404 3318 5480 Ruﬁnumuhanc
3339 5406 3470 5480 “sibi
3517 5424 3734 5480 propo-

2085 5494 2229 5535 nens
2261 5476 2667 5547 Hieronymus,
2688 5481 2969 5546 tanquam
3002 5474 3270 5532 inutilem
3318 5474 3732 5537 difﬁcultatem

2082 5547 2427 5618 exploserat.

2151 5621 2171 5701 εξ
2204 5619 2353 5701 βρηί
2376 5619 2629 5701 pag/netis
2659 5616 3221 5701 renitentibus-mss.

2151 5694 2171 5722 ⁸
2204 5692 2368 5757 Mss.,
2394 5693 2498 5746 Hoc
2519 5706 2630 5746 esse
2657 5692 2902 5761 corporis
2932 5692 3238 5748 veritatem.
