3958 6408
155 388 267 491 8'37

1003 413 1392 489 DIALOGUS
1436 388 1755 485 centrali
1796 390 2319 483 PELAGIANOS.
2351 445 2433 464 —
2459 409 2610 480 LIB.
2654 410 2706 479 1.

3444 364 3565 472 eis

156 556 344 638 spatia
376 557 723 631 transvolat,
769 557 963 633 pictus
1009 558 1216 632 parieti
1270 558 1449 615 haeret
1494 558 1555 614 in
1600 574 1795 614 curru.

2003 569 2515 643 'ersavirtutesque
2530 567 2745 636 varias,
2764 582 2913 641 quas
2926 580 3131 623 omnes
3146 560 3328 621 simul
3347 560 3564 620 habere

151 651 348 710 Ariani
378 651 483 709 Dei
512 650 653 708 Filio
682 666 799 707 non
832 649 1177 719 concedunt,
1212 648 1365 721 quod
1396 651 1461 704 tu
1493 647 1654 704 omni
1699 647 1804 704 ho-

151 741 295 800 mini
311 741 548 797 tribuis.
579 738 691 797 Alii
721 756 836 795 non
867 738 1085 795 audent
1117 737 1438 809 perfectum
1472 737 1532 792 in
1575 736 1805 795 Christo

148 830 453 889 hominem
514 828 792 896 conﬁteri,
840 844 912 883 ne
966 826 1263 901 suscipere
1331 827 1389 882 in
1436 843 1502 883 eo
1547 826 1806 884 hominis

147 924 392 995 peccata
442 917 945 993 coganturzquasi
994 916 1285 989 potentior
1311 915 1388 972 sit
1408 916 1620 972 creatio
1635 916 1804 972 Crea-

147 1013 275 1066 tore
307 1027 321 1078 ;
353 1014 411 1064 et
433 1008 691 1081 idipsum
718 1005 876 1062 ﬁlius
906 1010 1138 1061 tantum
1170 1004 1449 1073 hominis,
1503 1006 1660 1078 quod
1702 1004 1806 1061 Dei

149 1096 350 1156 Filius.
373 1099 488 1153 Aut
506 1096 687 1169 igitur
707 1112 965 1170 propone
987 1094 1120 1162 alia,
1139 1094 1356 1167 quibus
1376 1095 1763 1167 respondeam
1788 1112 1801 1162 ;

152 1190 255 1244 aut
276 1186 479 1243 desine
509 1185 837 1259 superbire,
868 1188 927 1241 et
954 1184 1031 1240 da
1060 1183 1307 1257 gloriam
1328 1184 1463 1240 Deo.
1486 1186 1546 1240 Ο.
1593 1184 1804 1239 Imme-

153 1294 282 1334 mor
337 1295 401 1333 es
449 1276 853 1350 responsionis
910 1276 1111 1343 tuas‘-;
1157 1280 1216 1331 et
1264 1276 1406 1330 dum
1460 1279 1807 1349 argumenta

156 1366 521 1442 argumentis
551 1364 873 1435 connectis,
905 1381 972 1420 ac
1002 1381 1105 1437 per
1150 1363 1589 1437 Scripturarum
1640 1364 1807 1421 latis-

155 1456 336 1514 simos
397 1472 659 1527 campos,
708 1453 954 1509 infrenis
993 1453 1131 1526 equi
1177 1453 1439 1510 libertate
1478 1452 1805 1522 baccharis,

154 1562 332 1619 super
349 1544 670 1601 fortissima
699 1532 1038 1617 quaestione,
1073 1542 1165 1598 cui
1196 1542 1494 1616 pollicitus
1523 1559 1586 1599 es
1648 1549 1704 1599 te
1748 1544 1807 1599 in

152 1632 646 1707 consequentibus
705 1648 1154 1706 responsurum,
1233 1631 1474 1687 omnino
1544 1630 1805 1699 tacuisti,

154 1720 508 1781 Oblivionem
540 1720 851 1790 simulans,
885 1726 951 1776 ut
984 1721 1393 1777 necessitatem
1408 1721 1808 1793 responsionis

150 1813 446 1871 evaderes.
480 1812 591 1869 Sed
617 1827 724 1885 ego
784 1810 1007 1867 stultus
1056 1811 1127 1867 ad
1149 1812 1357 1868 horam
1405 1810 1606 1881 tribui,
1652 1811 1808 1883 quod

152 1903 417 1977 petebas,
452 1900 797 1999 existimans
828 1900 1165 1957 oblaturum
1197 1905 1404 1974 sponte
1433 1901 1589 1973 quod
1650 1916 1815 1957 acce-
1838 1934 1887 1999 B

152 2008 346 2066 peras,
377 1997 435 2048 et
455 2008 572 2047 non
595 1991 964 2047 admonitum
981 1991 1223 2046 reddere
1246 1991 1401 2063 quod
1424 1991 1698 2046 debebas.
1738 1991 1805 2045 Α.

154 2080 279 2138 Nisi
308 2079 497 2151 fallor,
529 2080 600 2136 de
619 2078 1000 2153 possibilibus
1027 2078 1322 2135 mandatis
1360 2078 1542 2135 dilata
1588 2083 1677 2135 est
1718 2094 1808 2134 re-

155 2168 413 2244 sponsio.
439 2169 589 2226 Pone
618 2168 797 2243 igitur
828 2172 892 2223 ut
921 2166 1205 2224 volueris.

223 2259 315 2315 21.
347 2257 622 2330 Quomodo
646 2256 939 2330 possibilia
995 2257 1259 2313 mandata
1316 2259 1415 2314 Dei
1464 2259 1599 2314 sint.
1644 2289 1713 2298 —
1744 2259 1805 2314 Ο.

156 2351 274 2405 Aut
287 2346 597 2422 possibilia
621 2346 775 2403 Deus
797 2346 1262 2417 mandatadedit,
1282 2345 1807 2419 autimpossibilia.

155 2438 219 2495 Si
246 2436 573 2511 possibilia,
610 2437 668 2493 in
700 2440 901 2493 nostra
931 2441 1217 2510 potestate
1240 2441 1328 2492 est
1383 2453 1451 2492 ea
1500 2437 1708 2505 facere,
1760 2435 1812 2492 si

150 2526 428 2584 velimus.
461 2526 522 2583 Si
552 2523 963 2599 impossibilia,
1000 2542 1104 2582 nec
1135 2524 1194 2581 in
1223 2525 1331 2581 hoc
1360 2526 1441 2582 rei
1476 2542 1710 2595 sumus,
1760 2526 1811 2580 si

148 2634 273 2674 non
304 2615 575 2683 facimus,
607 2614 1028 2688 quodimplere
1059 2633 1176 2672 non
1206 2632 1546 2688 possumus.
1581 2617 1662 2670 Ac
1710 2631 1815 2687 per

149 2706 267 2763 hoc
297 2705 418 2762 sive
439 2703 746 2779 possibilia
774 2702 937 2761 dedit
955 2704 1112 2760 Deus
1136 2706 1435 2774 mandata,
1452 2704 1813 2777 siveimpos-

153 2793 378 2862 sibilia,
404 2798 596 2867 potest
624 2793 799 2848 homo
831 2794 959 2849 sine
983 2800 1217 2866 peccato
1248 2812 1398 2861 esse,
1443 2793 1492 2850 si
1540 2792 1697 2849 velit.
1748 2794 1810 2849 A.

160 2887 371 2952 Quaeso
403 2889 468 2939 ut
490 2881 779 2956 patienter
808 2881 1050 2952 audias;
1088 2900 1204 2940 non
1235 2883 1393 2939 enim
1423 2883 1494 2939 de
1543 2884 1814 2938 adversa-

160 2972 249 3030 rio
291 2972 617 3037 victoriam,
666 2971 767 3027 sed
811 2976 1015 3029 contra
1065 2972 1439 3029 mendacium
1495 2972 1815 3046 quaerimus

165 3061 492 3119 veritatem.
540 3060 700 3117 Deus
743 3059 1057 3135 possibiles
1105 3061 1265 3117 dedit
1300 3061 1560 3118 humano
1616 3062 1816 3135 generi

167 3170 377 3210 omnes
390 3154 541 3208 artes
556 3151 598 3219 ³,
616 3150 833 3224 quippe
847 3168 995 3224 quas
1012 3150 1251 3223 plurimi
1267 3151 1597 3210 didicerunt
1610 3151 1816 3222 (ΡωΤο

166 3244 229 3298 in
262 3240 569 3315 Symposio)
596 3258 608 3295 :
642 3244 707 3294 ut
734 3244 958 3296 taceam
991 3240 1064 3295 de
1093 3240 1207 3308 his,
1242 3257 1390 3313 quas
1408 3240 1586 3296 Graci
1617 3237 1813 3313 βαναῦ-

166 3331 337 3392 σουςδ
365 3335 592 3398 vocant,
626 3346 733 3385 nos
756 3328 828 3385 ad
860 3346 1036 3401 opera
1084 3332 1232 3386 717
1292 3346 1577 3386 manuum
1634 3329 1815 3402 perti-

166 3438 306 3478 nere
326 3436 645 3493 possumus
668 3418 858 3475 dicere
889 3436 902 3474 :
926 3419 1084 3475 verbi
1108 3418 1323 3493 gratia,
1344 3418 1816 3492 grammaticam,

164 3508 540 3579 rhetoricam,
591 3507 978 3583 philosophia
1024 3509 1137 3563 tria
1192 3525 1428 3582 genera,
1487 3507 1816 3581 physicam,

163 3598 442 3666 ethicam,
476 3596 747 3671 logicam,
780 3597 1163 3669 geometriam
1193 3614 1447 3670 quoque,
1474 3602 1531 3654 et
1553 3601 1815 3654 astrono-

167 3685 781 3767 miam,astrologiam,
816 3686 1269 3755 arithmeticam,
1303 3687 1591 3745 musicam
1615 3689 1657 3756 ‘,
1689 3704 1818 3760 qua;

163 3784 223 3836 et
281 3772 409 3850 ipse
464 3780 660 3850 partes
736 3774 1123 3849 phi1050phiae
1199 3781 1417 3853 sunt;
1461 3777 1818 3834 medicinam

160 3868 367 3937 etiam,
391 3884 519 3938 qua:
551 3863 1114 3933 intriamdividitur,
1140 3861 1343 3940 δόγμα,
1368 3862 1814 3939 μέθοδονρμπει-

161 3972 337 4034 pinv:
388 3954 545 4028 juris
604 3971 835 4027 quoque
896 3958 953 4010 et
1008 3953 1205 4029 legum
1274 3954 1602 4012 scientiam.
1677 3956 1820 4022 Quis

162 4049 462 4112 nostrum,
502 4042 774 4119 quamvis
822 4042 901 4099 sit
944 4043 1309 4117 ingeniosus,
1359 4044 1573 4116 poterit
1620 4046 1821 4102 omnia

162 4132 682 4209 comprehendere,
724 4150 859 4189 cum
907 4133 1433 4207 eloquentissimus
1469 4138 1661 4190 orator
1710 4135 1823 4207 (Ci-

162 4228 325 4296 cero)
379 4224 452 4279 de
501 4221 790 4279 rhetorica
847 4227 904 4278 et
958 4222 1108 4293 juris
1167 4223 1416 4279 scientia
1483 4223 1817 4295 disputans,

154 4313 385 4379 dixerit
414 4332 429 4370 :
474 4337 496 4364 ι
530 4312 710 4369 Pauci
740 4329 926 4368 unum
949 4317 1221 4385 possunt,
1244 4317 1560 4384 utrumque
1573 4329 1764 4370 nemo.
1790 4337 1819 4363 ››

160 4404 347 4461 Vides
378 4418 537 4478 ergo,
571 4396 727 4474 quod
758 4399 916 4457 Deus
946 4399 1227 4473 possibile
1249 4401 1517 4473 jusserit,
1552 4406 1609 4457 et
1626 4408 1819 4458 tamen

160 4494 249 4565 id,
282 4491 443 4566 quod
465 4488 744 4572 possibile
772 4493 881 4557 est,
914 4506 1019 4562 per
1066 4493 1340 4546 naturam
1367 4489 1598 4546 nullum
1644 4508 1818 4562 posse

160 4584 278 4658 μι.
340 4580 635 4656 ροῐυίεεθ]
681 4577 994 4652 complere.
1057 4578 1223 4636 Dedit
1277 4579 1476 4652 itaque
1532 4585 1819 4654 praecepta

238 4778 255 4816 ³
301 4768 596 4851 Re‘scribit
635 4776 953 4851 Victorius,
980 4779 1291 4850 sponsionis
1337 4795 1404 4851 ex
1452 4795 1598 4836 mss.
1647 4783 1823 4851 atque

164 4868 238 4911 ex
285 4868 379 4921 eo,
423 4850 577 4923 quod
624 4849 823 4924 subdit
854 4846 1295 4924 Hieronymus,
1366 4849 1542 4922 Super
1587 4846 1826 4924 fortissi-

158 4942 256 4982 ma
286 4925 605 4997 quaestione,
639 4923 732 4979 cui
771 4923 1051 4997 pollicitus
1108 4938 1197 4997 es,
1221 4930 1281 4997 te
1327 4925 1403 4997 ia
1440 4923 1827 4997 cmzsequenli-

165 4998 268 5055 bus
292 4994 712 5069 responsurum,
743 4995 969 5051 omnino
999 4995 1247 5063 tacuisti,
1291 4994 1623 5051 oblivionm
1646 4998 1820 5051 simu-

167 5070 318 5126 lam.

143 5208 184 5215 μμ
237 5142 261 5215 Ξ
289 5138 458 5215 Idem
487 5134 780 5215 Victorius
810 5155 879 5194 ex
907 5137 1119 5215 tribus
1147 5136 1519 5215 Florentinis,
1572 5136 1822 5215 aliisque

165 5208 464 5271 Brixianis
512 5227 670 5282 mss.
731 5210 952 5282 ingenio
987 5209 1267 5282 scripsit.
1325 5226 1429 5281 pro
1474 5208 1823 5281 generifex

164 5300 359 5358 eoque
387 5280 1054 5358 probatLquod-‘subdit
1105 5280 1166 5336 S.
1223 5281 1435 5358 Doctor
1467 5280 1488 5337 ξ
1538 5283 1670 5358 Quis
1721 5298 1819 5337 no-

161 5354 352 5415 strum
372 5354 659 5426 7quamvis
702 5354 777 5410 sit
816 5355 1152 5426 ingeniosus,
1193 5356 1397 5426 poterit
1434 5354 1620 5409 omnia
1668 5370 1821 5409 com-

160 5429 511 5502 prehendere
530 5430 555 5479 γ

234 5499 474 5556 ινθιυε
530 5496 651 5554 edit
710 5497 1069 5571 μηγανᾳὰς,
1132 5495 1301 5571 falso.
1360 5495 1555 5571 Graece
1622 5500 1820 5552 autem

168 5572 466 5701 samum,
526 5567 759 5644 proprie
822 5567 893 5625 de
949 5569 1020 5624 iis
1086 5569 1313 5625 artibus
1391 5567 1627 5635 dicitur,
1692 5586 1820 5640 quae

188 5646 383 5701 'ucinze
441 5658 619 5701 onera
661 5647 764 5699 aut
829 5640 1046 5697 camini
1100 5641 1446 5701 agitantur;
1506 5640 1642 5696 inde
1688 5658 1820 5697 vero

188 5640 383 5723 'ucinze
429 5640 764 5723 ppera'aut
829 5640 1062 5723 camini
1100 5641 1399 5723 agitantur
1433 5640 1649 5723 ;_inde‘
1688 5658 1821 5723 vero

166 5718 238 5773 ad
272 5712 575 5791 quaslibet
605 5712 977 5791 mechanicas
1017 5712 1420 5791 signiﬁcantas
1468 5712 1821 5791 translatum

165 5794 254 5848 est
280 5783 527 5860 nomen,
582 5785 738 5859 quod
783 5783 1048 5844 videlicet
1074 5783 1403 5844 'illiberales
1461 5783 1602 5856 sint,
1644 5789 1819 5859 atque

1915 678 2032 717 non
2059 676 2399 733 possumus.
2432 659 2618 731 Atque
2648 657 2732 714 ita
2760 656 2844 725 ﬁt,
2880 660 2947 713 ut
2975 653 3130 728 quod
3181 652 3241 709 in
3287 650 3404 710 alio
3455 655 3559 710 aut

1915 750 2175 824 primum
2206 754 2308 805 aut
2334 753 2524 804 totum
2555 752 2644 803 est
2672 746 2733 802 in
2764 745 2878 802 alio
2921 762 2991 801 ex
3034 748 3198 818 parte
3251 746 3518 799 versetur
3550 759 3563 798 :

1915 845 1973 897 et
2000 845 2199 897 tamen
2232 854 2346 894 non
2378 836 2456 893 sit
2484 837 2544 892 in
2570 835 2836 901 crimine,
2870 834 2972 906 qui
3003 850 3120 889 non
3144 832 3319 889 habet
3339 832 3560 898 omnia,

1916 946 2023 986 nec
2052 928 2475 985 condemnetur
2503 942 2572 981 ex
2592 941 2684 992 eo,
2708 923 2864 997 qucd
2890 939 3007 980 non
3030 922 3208 978 habet
3233 940 3246 990 ;
3271 920 3372 978 sed
3396 919 3570 992 justi-

1915 1019 2122 1074 ﬁcetur
2150 1033 2220 1073 ex
2275 1032 2342 1072 eo
2402 1015 2555 1087 quod
2618 1013 2899 1086 possidet.
2961 1010 3174 1067 Deﬁnit
3225 1009 3561 1083 Apostolus,

1916 1106 2108 1180 qualis
2136 1106 2448 1178 episcopus
2488 1120 2617 1160 esse
2649 1102 2878 1170 debeat,
2922 1101 3188 1157 scribens
3245 1100 3316 1155 ad
3366 1098 3566 1154 Timo-

1915 1197 2121 1253 theum
2156 1212 2169 1250 :
2206 1195 2485 1268 Opportet
2526 1192 2864 1266 episcopum
2914 1207 3044 1247 esse
3084 1187 3568 1262 irreprehensibi-

1917 1286 2054 1353 lem,
2089 1283 2266 1340 unius
2300 1282 2498 1339 uxoris
2527 1280 2743 1348 virum,
2766 1278 3055 1348 sobrium,
3077 1279 3570 1351 pudicum,orna-

1919 1380 2071 1444 tum,
2104 1371 2454 1444 hospitalem
2503 1369 2791 1426 docilem”
2845 1384 2962 1423 non
3012 1367 3403 1435 vinolentum,
3453 1383 3568 1421 non

1918 1478 2323 1536 percussorem
2372 1479 2385 1529 ;
2437 1461 2539 1515 sed
2590 1462 2987 1526 mansuetum,
3044 1473 3161 1512 non
3218 1455 3569 1529 litigiosum,

1919 1553 2048 1610 sine
2077 1550 2342 1618 avaritia,
2375 1550 2619 1605 domum
2651 1564 2820 1604 suam
2850 1547 2999 1602 bene
3057 1550 3376 1619 regentem,
3421 1542 3571 1599 ﬁlios

1919 1642 2235 1698 habentem
2286 1639 2558 1695 subditos
2607 1653 2742 1694 cum
2789 1635 2949 1692 omni
3007 1634 3291 1708 pudicitia
3350 1636 3394 1703 (ι
3432 1635 3568 1688 Tim.

1921 1749 2007 1799 ιιι,
2038 1734 2143 1787 2ει
2172 1728 2341 1802 seqq).
2380 1749 2402 1779 ι
2438 1728 2508 1783 Et
2538 1725 2751 1783 iterum
2788 1742 2800 1781 :
2837 1746 2865 1775 ει
2902 1724 3043 1780 οΝοη
3088 1723 3471 1796 neophytum,
3502 1738 3575 1777 ne

1919 1820 2162 1877 inﬂatus
2191 1819 2251 1875 in
2271 1816 2566 1890 judicium
2598 1813 2817 1871 incidat
2843 1812 3079 1869 diaboli.
3113 1811 3352 1885 Oportet
3378 1815 3574 1867 autem

1919 1926 2055 1967 eum
2089 1908 2266 1964 etiam
2296 1904 2705 1963 testimonium
2738 1902 2955 1959 deforis
2984 1901 3200 1957 habere
3228 1900 3477 1966 bonum,
3505 1916 3578 1955 ne

1920 2000 1982 2055 in
2009 1996 2394 2071 opprobrium
2436 1993 2678 2061 incidat,
2731 1995 2789 2047 et
2830 1989 3105 2063 laqueum
3149 1989 3365 2046 diaboli
3417 1989 3574 2061 (Ibid.

1919 2090 1976 2157 6,
2002 2089 2061 2156 7)
2088 2109 2117 2136 ››
2150 2085 2280 2142 Tito
2312 2099 2549 2156 quoque
2570 2081 2833 2138 scribens
2863 2077 3175 2152 discipulo,
3211 2077 3417 2152 quales
3446 2077 3572 2150 epi—

1922 2193 2132 2250 scopos
2161 2175 2370 2231 debeat
2389 2171 2679 2239 ordinare,
2700 2169 2859 2226 brevi
2882 2185 3153 2226 sermone
3173 2170 3568 2226 demonstrat:

1924 2266 2110 2322 «Ideo
2140 2262 2353 2335 reliqui
2383 2267 2440 2317 te
2469 2260 2667 2329 Cretae,
2701 2263 2768 2315 ut
2806 2275 2937 2332 quas
2957 2256 3185 2330 reliqua
3213 2261 3375 2325 sunt,
3398 2256 3580 2314 corri-

1920 2372 2047 2430 gas,
2079 2360 2136 2411 et
2163 2352 2489 2410 constituas
2520 2367 2622 2422 per
2668 2348 2932 2405 civitates
2979 2348 3376 2421 presbyteros,
3421 2348 3576 2402 sicut

1920 2461 2027 2519 ego
2058 2440 2304 2517 praecepi
2332 2439 2459 2496 tibi.
2493 2439 2553 2495 Si
2602 2438 2736 2510 quis
2757 2442 2848 2494 est
2903 2436 3030 2494 sine
3077 2435 3344 2505 crimine,
3403 2434 3581 2491 unius

1924 2533 2121 2591 uxoris
2149 2532 2258 2597 vir,
2291 2528 2444 2586 ﬁlios
2465 2527 2690 2584 habens
2706 2526 2931 2593 ﬁdeles,
2971 2541 3078 2581 nec
3110 2524 3171 2580 in
3196 2524 3579 2582 .accusatione

1921 2622 2186 2689 luxuriae,
2219 2624 2323 2677 aut
2354 2617 3066 2689 non.subjectos.0portet
3115 2619 3314 2671 autem
3356 2615 3581 2685 episco-

1925 2727 2071 2786 pum
2093 2725 2221 2766 esse
2254 2709 2380 2766 sine
2411 2706 2677 2775 crimine,
2709 2707 2822 2761 sive
2871 2705 2999 2761 sine
3041 2704 3415 2762 accusatione
3463 2705 3583 2775 (hoc

1925 2803 2076 2860 enim
2105 2801 2285 2870 magis
2318 2793 2654 2870 ἀνέγκλητος
2675 2794 2878 2867 sonat),
2910 2794 3063 2852 sicut
3111 2795 3580 2868 dispensatorem

1930 2891 2056 2959 Dei,
2090 2906 2207 2945 non
2238 2893 2568 2961 potervum,
2591 2900 2708 2940 non
2740 2884 3115 2949 iracundum,
3148 2901 3264 2940 non
3320 2882 3581 2941 vinolen-

1928 2984 2078 3047 tum,
2112 2994 2228 3036 non
2263 2990 2707 3050 percussorem,
2755 2990 2873 3030 non
2922 2974 3115 3045 turpis
3164 2972 3312 3029 lucri
3360 2974 3582 3047 appeti-

1928 3073 2113 3125 torem
2167 3085 2181 3136 ;
2233 3067 2335 3122 sed
2398 3064 2549 3121 718
2608 3061 2982 3136 hospitalem,
3035 3062 3378 3135 benignum,
3409 3061 3580 3135 pudi-

1930 3175 2088 3224 cum,
2112 3159 2365 3230 justum,
2400 3157 2695 3219 sanctum,
2764 3151 3184 3219 continentem,
3221 3151 3581 3209 obtinentem

1931 3246 2207 3303 doctrinae
2235 3242 2468 3300 ﬁdelem
2499 3257 2857 3308 sermonem,
2890 3246 2957 3296 ut
2986 3239 3173 3313 possit
3202 3240 3495 3297 exhortari
3520 3240 3580 3298 in

1930 3334 2196 3393 doctrina
2224 3350 2387 3401 sana,
2421 3336 2478 3388 et
2507 3330 2970 3387 contradicentes
3003 3347 3318 3404 coarguere
3365 3330 3488 3403 (Tit.
3542 3348 3587 3385 1..

1928 3425 2172 3498 5seqq.).
2208 3446 2235 3473 »
2268 3422 2343 3478 Ut
2387 3421 2751 3477 diversarum
2804 3408 3191 3493 personarum
3234 3420 3398 3477 varia
3442 3437 3586 3493 pra:-

1929 3520 2098 3588 cepta
2124 3530 2282 3570 nunc
2331 3510 2562 3581 sileam,
2621 3509 2779 3567 circa
2830 3510 3111 3567 mandata
3168 3510 3430 3584 episcopi
3489 3525 3583 3566 me

1929 3604 2163 3661 tenebo.

2000 3696 2091 3748 22.
2124 3692 2199 3748 Ab
2236 3691 2482 3763 exemplo
2538 3690 2830 3757 virtutum,
2876 3705 3010 3760 quas
3066 3689 3267 3747 habere
3313 3689 3586 3761 jubentur

1932 3784 2190 3855 episcOpi.
2222 3813 2291 3820 —
2316 3778 2472 3835 Vult.
2506 3783 2661 3835 certe
2691 3778 2847 3835 Deus
2896 3779 3042 3834 tales
3097 3793 3227 3835 esse
3274 3778 3583 3852 episcopos

1932 3873 2053 3929 sive
2076 3870 2465 3944 presbyteros,
2499 3866 2705 3941 quales
2734 3884 2834 3924 vas
2876 3866 3174 3924 electionis
3224 3869 3409 3923 docet.
3461 3867 3583 3923 Pri-

1932 3976 2098 4017 mum
2127 3958 2283 4031 quod
2316 3956 2482 4025 dixit,
2513 3954 3038 4028 irreprchensibilis,
3071 3959 3173 4012 aut
3211 3954 3435 4025 nullus,
3484 3960 3587 4013 aut

1931 4066 2101 4106 rarus
2131 4053 2238 4104 est.
2271 4047 2413 4114 Quis
2440 4061 2502 4102 es
2535 4044 2716 4116 enim,
2750 4045 2851 4117 qui
2875 4060 2991 4101 non
3026 4043 3201 4118 quasi
3230 4044 3291 4101 in
3338 4044 3584 4118 pulchro

1931 4153 2172 4211 corpore
2202 4140 2303 4192 aut
2333 4150 2563 4190 naevum
2592 4138 2696 4190 aut
2723 4151 3028 4191 verrucam
3053 4134 3308 4195 habeat?
3336 4135 3396 4192 Si
3427 4135 3585 4192 enim

1928 4227 2057 4301 ipse
2083 4223 2397 4298 Apostolus
2429 4222 2575 4279 dicit
2600 4224 2676 4280 de
2706 4224 2897 4293 Petro,
2937 4226 3093 4297 quod
3116 4243 3233 4282 non
3264 4230 3421 4283 recto
3442 4226 3587 4300 pede

1929 4314 2236 4375 incesserit
2265 4314 2326 4369 in
2348 4312 2647 4387 Evangelii
2678 4313 2940 4384 veritate,
2962 4320 3020 4371 et
3049 4316 3111 4372 in
3133 4319 3367 4372 tantum
3387 4331 3587 4389 repre-

1930 4403 2237 4463 hensibilis
2266 4402 2460 4472 fuerit,
2486 4408 2550 4459 ut
2592 4408 2649 4459 et
2700 4404 3002 4462 Barnabas
3050 4405 3342 4462 adductus
3392 4405 3471 4462 sit
3525 4405 3585 4460 in

1930 4496 2197 4553 eamdem
2233 4491 2675 4550 simulationem
2700 4493 2898 4566 (Galat.
2932 4511 3004 4563 ιι,
3026 4493 3117 4567 l3)
3138 4511 3151 4549 :
3167 4494 3301 4567 quis
3322 4492 3588 4567 indigna-

1928 4585 2090 4643 bitur
2117 4584 2176 4639 id
2204 4581 2319 4639 sibi
2341 4580 2644 4655 denegari,
2676 4583 2834 4655 quod
2864 4584 3136 4658 princeps
3184 4580 3584 4656 apostolorum

1931 4797 2134 4839 earum
2214 4779 2475 4837 artiﬁces
2555 4779 2628 4835 ab
2708 4777 3032 4836 honoribus
3118 4777 3582 4836 secluderentur.

1932 4856 1991 4910 S.
2050 4853 2342 4918 Clemens,
2426 4849 2579 4923 epist
2659 4851 2681 4906 Ι
2759 4852 2832 4906 ad
2891 4850 3263 4923 “Corinthios,
3349 4843 3582 4906 ἀϐσιναύ-

1933 4945 2040 4985 σως
2130 4920 2661 4999 μεμαρτυρηξιένους
2736 4921 3011 4995 appellat,
3098 4924 3200 4995 qui
3283 4923 3588 4981 liberaliter

1932 4999 2347 5053 ministrarum.

2005 5070 2027 5104 ι
2055 5068 2268 5124 Vocem
2320 5069 2590 5122 musicam
2636 5069 2771 5121 ante
2810 5083 2917 5122 nos
2972 5065 3267 5122 Victorius
3312 5082 3381 5121 ex
3453 5065 3587 5122 aliis

1934 5158 2080 5198 mss.
2113 5139 2367 5211 suffecit.
2401 5139 2509 5193 Pro
2533 5137 2744 5193 Gracis
2774 5138 2987 5211 verbis,
3028 5155 3155 5211 quae
3201 5139 3586 5211 subsequun-

1930 5210 2227 5280 tur,vetus
2260 5212 2437 5267 editio
2469 5211 2542 5265 ad
2578 5210 2893 5280 recentium
2928 5210 3285 5267 medicorum
3319 5210 3582 5280 sensum,

1932 5303 1962 5340 e
1979 5276 2338 5341 Glossatoris
2360 5300 2539 5337 manu
2564 5280 2726 5353 legit,
2750 5276 3104 5349 smmum,
3127 5282 3182 5338 id
3199 5287 3286 5337 est
3302 5284 3473 5339 victus
3499 5276 3586 5338 ra;

1933 5359 2142 5413 tionem
2171 5374 2186 5424 ;
2208 5374 2313 5431 φσξρ
2323 5350 2645 5431 pauenti-1.69
2655 5395 2667 5419 ,
2691 5352 2748 5431 id
2773 5359 2861 5408 est
2874 5354 3259 5431 medicamenti
3282 5356 3547 5431 rationem
3570 5372 3582 5422 ;

1931 5423 2342 5503 xacpoupyz'zd'v,
2376 5426 2434 5481 id
2461 5430 2550 5483 est
2576 5427 2754 5498 aperis
2782 5427 3069 5484 manuarii
3097 5428 3367 5484 rationem
3393 5444 3416 5489 ;
3427 5427 3586 5499 juris

1933 5517 2086 5573 quoq
2098 5516 2191 5566 ue,
2224 5508 2333 5554 etc.

2005 5572 2025 5606 ⁵
2056 5567 2195 5643 Mss.
2230 5567 2416 5625 nostri
2438 5567 2545 5643 hic
2566 5571 2742 5638 atque
2771 5567 2923 5627 infra
2941 5570 3224 5628 docibilem
3246 5570 3580 5643 praeferunt.

1930 5642 2111 5700 Paulo
2134 5648 2269 5715 post
2296 5656 2497 5715 vocem
2528 5640 2746 5710 bonum,
2768 5659 2897 5715 qua:
2914 5645 2985 5701 ad
3007 5640 3382 5707 testimonium
3407 5643 3584 5701 I'BfET‘.

1933 5721 2049 5785 tur,
2083 5712 2201 5773 non
2235 5712 2473 5770 habent.
