3972 6370
472 342 597 419 839

1713 352 1779 419 S.
1824 353 2140 423 EUSEBII
2184 354 2661 425 BIERONYMI.

3787 346 3894 422 ΜΘ

442 468 448 474 ’
478 498 598 557 non
613 485 862 545 habuit?
883 484 1160 557 Deinde,c
1184 487 1363 547 unius
1385 489 1583 547 uxoris
1604 489 1820 558 virum,
1840 492 2128 562 sobrium,
2160 495 2214 561 Α
2242 494 2396 565 quod
2440 509 2555 550 non
2585 492 2778 563 habet,
2809 493 2910 549 sed
2945 506 3014 549 ex
3042 507 3110 548 eo
3141 489 3551 561 coronabitur,
3584 488 3743 564 quod
3765 505 3892 564 pos-

475 576 781 650 pudicum,
810 580 1104 645 ornatum,
1130 577 1505 652 hospitalem,
1531 602 1558 630 »
1578 582 1638 636 ut
1663 581 1954 652 reperias:
1979 579 2127 637 illud

476 670 626 722 certe
653 666 806 739 quod
857 667 1126 739 sequitur
1173 664 1502 736 διδακτικόν,
1556 692 1583 719 ‹‹
1644 670 1744 741 qui
1799 670 1983 742 possit
2031 671 2127 727 do-

476 771 643 823 cere;
679 778 707 804 ››
738 772 853 810 non
887 759 950 812 ut
983 755 1400 829 interpretatur
1425 758 1628 814 Latina
1643 758 2009 831 simplicitas,
2033 759 2124 816 do-

474 843 661 912 cilem,
696 862 829 901 cum
855 846 1079 901 caeteris
1110 846 1425 902 virtutibus
1475 847 1785 903 difﬁculter
1842 849 2122 906 invenies.

472 955 501 982 ‹‹
518 932 895 989 Vinolentum
915 951 1148 1006 quoque
1160 939 1656 1007 etpercussorem,
1676 941 1731 991 et
1755 938 1945 1009 turpis
1979 936 2124 992 lucri

475 1022 783 1094 cupidum,
824 1047 847 1070 υ
884 1024 1152 1095 repudiat
1182 1024 1498 1096 Apostolus
1530 1042 1542 1079 :
1578 1029 1634 1079 et
1663 1042 1766 1097 pro
1825 1025 1916 1081 his
1963 1027 2127 1092 cupit

474 1133 502 1161 ‹‹
547 1116 945 1176 mansuetum,
974 1134 1000 1160 η
1015 1113 1462 1184 absquejurgio,
1477 1114 1603 1169 sine
1616 1114 1856 1170 avaritia
1870 1118 1927 1170 et
1941 1120 2006 1169 ut
2023 1116 2124 1169 do-

475 1214 640 1254 mum
673 1216 841 1254 suam
882 1200 1099 1271 optime
1143 1206 1323 1273 regat,
1381 1202 1657 1273 quodque
1707 1202 2122 1259 difﬁcillimum

475 1292 606 1354 est;
688 1313 713 1336 ‹‹
770 1293 832 1342 ut
890 1288 1040 1343 ﬁlios
1098 1289 1309 1345 habeat
1374 1292 1694 1361 subjectos,
1764 1308 1899 1348 cum
1965 1292 2125 1347 omni

472 1376 779 1447 pudicitia,
834 1396 860 1428 ιι
914 1376 1001 1432 vel
1070 1377 1224 1434 ﬁlios
1289 1379 1504 1444 carnis,
1568 1379 1651 1435 vel
1722 1380 1871 1435 ﬁlios
1951 1380 2108 1435 ﬁdei.

474 1487 504 1514 ‹‹
545 1466 690 1520 Cum
710 1465 890 1531 omni,
910 1464 1125 1538 inquit,
1162 1466 1463 1539 pudicitia:
1483 1490 1509 1517 »
1533 1469 1658 1523 Non
1677 1469 1725 1523 ei
1746 1469 1966 1525 sufﬁcit
1995 1486 2129 1541 pro-

470 1553 659 1626 priam
685 1554 898 1610 habere
935 1556 1311 1627 pudicitiam‘
1338 1556 1452 1613 nisi
1473 1574 1541 1612 ea
1564 1557 1818 1613 ﬁliorum
1862 1564 1919 1613 et
1950 1558 2126 1613 comi-

468 1648 593 1699 tum
629 1660 695 1698 ac
729 1642 1136 1700 ministrorum
1167 1646 1391 1717 pudore
1422 1646 1746 1714 decoretur,
1772 1647 1997 1703 dicente
2020 1648 2126 1703 Da-

485 1731 579 1787 vid
606 1732 958 1788 :Ambulans
981 1733 1038 1788 in
1051 1733 1657 1801 viaimmaculata,hic
1676 1736 1817 1791 mihi
1835 1737 2128 1791 ministra-

473 1820 606 1876 bit2
634 1821 810 1892 (Psal.
844 1837 895 1889 ο,
924 1822 1000 1892 6).
1038 1843 1065 1871 ››
1098 1822 1547 1878 Consideremus
1592 1840 1826 1895 quoque
1884 1823 2123 1877 ἑπὶτασιν

472 1909 580 1981 [Αἰ.
616 1906 887 1981 σύντασιν]
924 1910 1240 1983 pudicitiae.
1287 1910 1439 1967 ﬁlios
1488 1911 1800 1968 habentem
1850 1913 2119 1969 subditos

470 1997 531 2053 in
562 1999 721 2054 omni
758 1999 1076 2071 pudicitia;
1112 2022 1140 2049 ››
1174 2004 1238 2056 ut
1262 2017 1376 2056 non
1410 2000 1602 2057 solum
1634 2018 1828 2073 opere,
1861 2002 1965 2057 sed
1996 2018 2118 2056 ser-

471 2102 645 2142 mone
668 2104 900 2160 quoque
929 2092 986 2144 et
1026 2088 1269 2144 nutibus
1313 2106 1376 2145 se
1422 2090 1754 2145 abstineant
1803 2091 1875 2146 ab
1923 2090 2119 2162 impu-

472 2174 690 2231 dicitiis
724 2193 737 2231 :
772 2193 843 2231 ne
874 2177 1020 2233 forte
1044 2176 1189 2233 illud
1218 2176 1443 2235 incidat
1465 2178 1610 2247 Heli,
1638 2179 1739 2251 qui
1764 2183 1919 2235 certe
1940 2179 2122 2235 incre-

470 2265 629 2338 pavit
660 2264 810 2321 ﬁlios
841 2283 980 2321 suos
1012 2267 1214 2324 dicens
1248 2286 1261 2323 :
1296 2291 1323 2317 ‹‹
1358 2266 1567 2333 Nolite,
1592 2267 1702 2324 ﬁlii
1729 2269 1867 2335 mei,
1892 2268 2072 2324 nolite
2101 2285 2115 2323 :

469 2370 587 2411 non
620 2355 836 2411 bonam
868 2356 1083 2411 famam
1109 2357 1283 2413 audio
1325 2373 1430 2429 ego
1482 2358 1552 2414 de
1600 2358 1764 2413 vobis
1786 2360 1834 2429 (Ι
1884 2374 1996 2428 reg.
2054 2375 2115 2412 ιι.

469 2444 582 2514 24).
619 2468 645 2494 ››
687 2443 997 2516 Corripuit,
1023 2450 1081 2501 et
1113 2446 1354 2519 punitus
1384 2450 1494 2514 est,
1527 2446 1665 2519 quia
1694 2464 1809 2504 non
1829 2447 2119 2520 corripere

473 2532 698 2599 debuit,
724 2533 822 2587 sed
872 2533 1142 2604 abjicere.
1196 2534 1342 2598 Quid
1382 2535 1574 2602 faciet,
1636 2536 1734 2607 qui
1783 2537 1998 2608 gaudet
2046 2536 2119 2590 ad

470 2619 631 2687 vitia,
666 2620 766 2691 qui
798 2623 1113 2678 emendare
1145 2640 1261 2678 non
1300 2623 1525 2678 audet?
1554 2625 1653 2696 qui
1699 2625 2117 2680 conscientiam

477 2724 647 2763 suam
682 2709 882 2764 metit3
914 2727 927 2776 ;
963 2714 1020 2764 et
1048 2712 1205 2783 quod
1234 2716 1483 2767 cunctus
1527 2712 1779 2784 p0pulus
1836 2711 2118 2781 clamitat,

476 2796 697 2854 nescire
729 2815 791 2854 se
827 2797 1101 2853 simulat?
1121 2799 1403 2873 Quodque
1444 2802 1599 2857 719
1634 2802 1920 2873 sequitur,
1960 2800 2115 2874 ἀνὲγ-

470 2882 706 2959 κλῃτον⁴
740 2891 846 2942 :ut
874 2886 1048 2943 etiam
1100 2905 1134 2942 a
1180 2888 1342 2945 nullo
1392 2895 1751 2946 accusetur:
1797 2894 1863 2945 ut
1905 2890 2119 2946 bonam

470 2974 805 3048 opinionem
839 2977 911 3032 ab
937 2976 1029 3034 his
1060 2976 1159 3049 qui
1193 2977 1332 3034 foris
1365 2983 1506 3034 sunt
1535 2979 1748 3035 habent
1782 2997 1795 3033 :
1841 2983 1906 3034 ut
1944 2979 2118 3034 etiam

470 3063 799 3121 maledictis
828 3066 1297 3122 adversariorum
1312 3073 1508 3123 careat
1542 3072 1630 3137 ;et
1657 3068 1874 3140 quibus
1913 3068 2122 3124 doctri-

470 3170 548 3210 na
577 3153 866 3227 displicet,
901 3153 1126 3227 placeat
1171 3157 1531 3214 conversatio
1562 3173 1574 3211 :
1609 3162 1749 3230 puto
1798 3158 1950 3229 quod
2004 3173 2120 3213 non

2238 583 2407 639 sideb.
2442 583 2651 639 Omnia
2680 582 2836 639 enim
2867 581 3100 649 habere,
3121 584 3178 639 et
3199 578 3361 638 nullo
3386 578 3684 653 indigere,
3718 578 3889 637 virtu-

2234 671 2312 728 tis
2343 673 2469 743 ejus
2502 673 2630 729 est‘
2666 690 2678 741 ;
2713 695 2740 722 «
2775 672 2882 737 Qui
2914 676 3216 745 peccatum
3251 688 3369 727 non
3404 669 3572 737 fecit,
3610 685 3719 726 nec
3737 667 3892 725 dolus

2234 760 2509 817 inventus
2539 765 2627 817 est
2656 761 2714 815 in
2746 776 2844 816 ore
2873 761 3039 832 ejus;
3083 760 3185 833 qui
3233 776 3370 815 cum
3425 757 3887 825 malediceretur,

2234 867 2349 905 non
2382 849 2748 906 remaledixit
2775 851 2794 883 ⁷
2826 850 2877 921 (Ι
2904 850 3055 905 Petr.
3088 867 3149 917 II,
3184 849 3275 919 22)
3302 866 3365 915 ;‹‹
3394 848 3502 921 qui
3537 848 3891 903 conﬁdenter

2234 939 2516 994 virtutum
2549 938 2904 995 conscientia
2932 937 3283 1010 loquebatur
3317 954 3330 993 :
3364 937 3516 993 Ecce
3546 936 3710 992 venit
3739 935 3890 1007 prin-

2234 1043 2371 1099 ceps
2406 1028 2611 1083 mundi
2641 1028 2841 1097 hujus,
2878 1031 2934 1081 et
2980 1027 3039 1082 in
3093 1043 3186 1081 me
3230 1025 3460 1081 invenit
3514 1024 3665 1080 nihil
3715 1025 3885 1095 (Joan.

2232 1134 2347 1183 xxv,
2381 1117 2494 1186 30).
2536 1139 2562 1164 η
2596 1148 2664 1156 -
2697 1140 2725 1165 ‹‹
2760 1115 2866 1179 Qui
2898 1132 3032 1170 cum
3061 1113 3296 1170 essetin
3323 1114 3524 1169 forma
3543 1112 3663 1180 Dei,
3691 1130 3891 1185 nequa-

2234 1222 2411 1277 quam
2445 1205 2714 1277 rapinam
2748 1204 3072 1259 arbitratus
3099 1207 3187 1258 est
3206 1202 3502 1274 aequalem
3536 1217 3601 1257 se
3617 1218 3746 1258 esse
3765 1201 3889 1268 Deo,

2234 1294 2335 1349 sed
2369 1310 2429 1349 se
2461 1292 2800 1359 exinanivit,
2831 1292 3079 1347 formam
3104 1290 3255 1347 servi
3277 1290 3607 1363 accipiens,
3632 1298 3689 1346 et
3716 1290 3889 1345 factus

2235 1388 2323 1438 est
2353 1382 2631 1438 obediens
2686 1398 2871 1453 usque
2921 1382 2992 1437 ad
3054 1384 3324 1448 mortem,
3388 1384 3650 1435 mortem
3706 1382 3888 1435 autem

2235 1470 2447 1526 crucis.
2485 1472 2800 1543 Propterea
2829 1471 3064 1526 donavit
3094 1469 3144 1525 ei
3181 1470 3332 1525 Deus
3363 1485 3614 1539 nomen,
3645 1468 3797 1541 quod
3812 1472 3892 1524 est

2234 1577 2415 1633 supra
2445 1576 2621 1616 omne
2651 1574 2887 1628 nomen,
2922 1562 2986 1613 ut
3044 1557 3104 1613 in
3162 1557 3404 1613 nomine
3459 1557 3609 1613 Jesu
3669 1556 3891 1612 ﬂectant

2236 1665 2389 1721 genu
2420 1646 2698 1716 coelestia,
2733 1647 3032 1703 terrestria
3062 1650 3122 1703 et
3168 1646 3401 1701 inferna
3446 1646 3723 1717 (Philipp.
3778 1662 3835 1714 II,
3859 1646 3889 1697 6

2235 1738 2394 1810 seq.).
2428 1761 2448 1785 δ
2482 1738 2540 1791 Si
2572 1753 2709 1809 ergo
2738 1735 2795 1790 in
2830 1753 2947 1791 una
2977 1735 3235 1808 episcopi
3268 1750 3527 1806 persona
3545 1751 3734 1807 pauca
3753 1750 3884 1805 prai-

2236 1831 2403 1899 cepta
2448 1830 2550 1881 aut
2610 1842 3009 1896 nequaquam,
3082 1828 3183 1879 aut
3221 1822 3551 1878 difﬁculter
3611 1822 3880 1886 invenies,

2235 1916 2376 1986 quid
2450 1914 2626 1969 facies
2672 1914 2744 1969 de
2792 1913 2951 1968 omni
3004 1912 3261 1983 homine,
3315 1912 3419 1984 qui
3472 1916 3689 1968 cuucta
3734 1910 3889 1967 debet

2235 2003 2483 2076 implere
2514 2004 2793 2058 mandata
2812 2002 2840 2056 ?

2306 2094 2395 2147 23.
2432 2093 2613 2147 Etiam
2642 2093 2703 2147 in
2731 2090 3105 2162 corporalibus
3144 2106 3255 2147 non
3303 2091 3501 2145 omnia
3561 2104 3750 2145 omnes
3795 2089 3885 2143 ha-

2232 2181 2378 2236 bere.
2411 2212 2480 2220 —
2510 2180 2591 2235 Ex
2622 2177 3026 2251 corporalibus
3056 2178 3505 2236 consideremus
3548 2174 3882 2249 spiritalia.

2228 2270 2396 2326 Alius
2425 2268 2589 2325 velox
2620 2273 2710 2324 est
2741 2267 3012 2340 pedibus,
3040 2267 3139 2322 sed
3173 2284 3287 2323 non
3322 2268 3499 2323 fortis
3547 2283 3752 2322 manu.
3795 2264 3883 2319 Ille

2228 2359 2433 2415 tardus
2473 2358 2730 2423 incessu,
2762 2357 2863 2413 sed
2897 2356 3127 2412 stabilis
3158 2356 3217 2411 in
3248 2356 3451 2428 prielio
3484 2361 3595 2413 est.
3629 2355 3733 2411 Hic
3766 2353 3876 2425 pul-

2230 2447 2430 2503 chram
2460 2446 2637 2503 habet
2666 2446 2893 2509 faciem,
2949 2444 3050 2500 sed
3091 2461 3279 2500 raucae
3328 2445 3493 2502 vocis
3543 2448 3652 2500 est.
3722 2442 3871 2498 Alius

2229 2541 2463 2604 tetram,
2487 2536 2588 2591 sed
2618 2533 2776 2590 dulci
2807 2533 3212 2589 modulatione
3241 2536 3464 2589 cantat.
3507 2533 3683 2589 Illum
3726 2532 3872 2604 inge-

2230 2627 2486 2693 niosum,
2541 2624 2644 2679 sed
2690 2622 3096 2679 obliviosum:
3147 2622 3303 2677 hunc
3368 2638 3719 2687 memorem,
3780 2619 3867 2674 sed

2228 2715 2381 2771 tardi
2424 2708 2689 2769 videmus
2736 2713 2981 2785 ingenii.
3037 2712 3099 2768 In
3144 2711 3769 2784 ipsiscontroversiis,
3818 2707 3869 2762 in

2231 2803 2447 2876 quibus
2480 2801 2778 2875 quondam
2829 2801 2993 2873 pueri
3047 2800 3324 2864 lusimus,
3371 2818 3490 2857 non
3552 2816 3753 2856 omnes
3797 2796 3868 2853 si-

2230 2893 2450 2949 militer
2502 2891 2588 2947 vel
2655 2892 2716 2946 in
2782 2890 3101 2962 prooemiis,
3166 2891 3318 2947 720
3386 2890 3478 2946 vel
3553 2890 3616 2947 in
3682 2902 3869 2944 narra-

2228 2980 2510 3046 tionibus,
2574 2978 2663 3035 vel
2722 2979 2782 3034 in
2839 2979 3200 3046 excessibus,
3272 2977 3361 3034 vel
3441 2978 3505 3034 in
3575 2991 3869 3050 argumen-

2230 3070 2327 3134 tis,
2368 3075 2469 3124 aut
2526 3068 2924 3140 exemplorum
2986 3068 3174 3140 c0pia,
3224 3071 3283 3123 et
3337 3067 3707 3141 epilogorum
3753 3062 3869 3119 dul-

2232 3158 2431 3214 cedine
2455 3174 2517 3213 se
2556 3162 2786 3231 agunt:
2834 3157 2935 3212 sed
2989 3156 3336 3229 eloquentia;
3383 3173 3505 3213 suae
3551 3155 3666 3213 alia
3710 3159 3869 3224 atque

469 3242 637 3301 facile
668 3244 745 3299 sit
772 3244 1049 3317 reperire,
1086 3246 1454 3317 maximeque
1486 3246 1655 3315 illud,
1697 3269 1724 3297 ‹‹
1743 3251 1807 3302 ut
1825 3246 2121 3317 potenssit
2150 3235 2194 3301 C
2233 3247 2348 3303 alia
2372 3247 2431 3303 in
2463 3253 2626 3319 parte
2674 3246 2995 3303 dissimiles
3036 3250 3193 3301 sunt.
3246 3244 3327 3301 De
3375 3244 3519 3301 viris
3563 3244 3750 3318 magis
3795 3256 3871 3297 ec-

468 3333 815 3389 adversariis
847 3334 1139 3401 resistere,
1177 3357 1198 3383 ιι
1234 3340 1291 3390 et
1340 3351 1643 3407 perversas
1691 3335 2018 3408 Opprimere
2068 3339 2125 3390 et

470 3437 748 3493 superare
777 3421 1093 3478 doctrinas.
1126 3423 1298 3479 Vult5
1338 3428 1403 3479 ut
1429 3440 1541 3482 non
1572 3425 1877 3497 neaphytus
1898 3425 2121 3497 episco-

469 3526 582 3582 pus
610 3509 932 3578 ordinetur,
963 3512 1118 3583 quod
1169 3512 1439 3568 videmus
1497 3514 1714 3570 nostris
1758 3512 2123 3586 temporibus

469 3614 575 3670 pro
608 3615 844 3655 summa
891 3599 1027 3671 eligi
1076 3600 1332 3671 justitia.
1387 3599 1448 3655 Si
1506 3602 1870 3673 baptismum
1920 3602 2121 3657 statim

459 3687 694 3759 justum
719 3688 947 3756 faceret,
968 3692 1026 3744 et
1044 3688 1202 3744 omni
1224 3688 1729 3762 plenumjustitia,
1746 3706 2123 3762 nequaquam

468 3776 673 3849 utique
700 3777 1013 3850 Apostolus
1048 3777 1405 3851 neophytum
1438 3778 1757 3835 refutaret:
1794 3780 1893 3835 sed
1940 3778 2124 3851 bapti-

438 3858 637 3923 smus
668 3872 861 3923 vetera
888 3870 1126 3939 peccata
1150 3866 1498 3934 conscindit,
1531 3885 1709 3924 novas
1737 3868 1982 3924 virtutes
2005 3885 2121 3924 non

467 3954 949 4022 tribuit,dimittit
978 3973 1009 4012 e
1040 3973 1291 4024 carcere,
1316 3962 1373 4011 et
1394 3957 1729 4024 dimisso,si
1748 3956 2119 4025 laboraverit,

468 4042 710 4116 praemia
738 4044 1069 4116 pollicetur.
1100 4048 1216 4101 Aut
1245 4044 1468 4114 nullus,
1502 4047 1767 4120 inquam,
1820 4053 1921 4103 aut
1954 4064 2122 4102 rarus

468 4136 577 4200 est,
612 4132 712 4202 qui
732 4133 930 4195 omnia
952 4134 1319 4207 habeat,quaa
1340 4135 1555 4199 habere
1581 4137 1753 4192 debet
1786 4137 2119 4210 episcopus.

468 4221 538 4276 Et
571 4227 763 4275 tamen
796 4221 844 4276 si
878 4240 1060 4278 unum
1089 4223 1177 4279 vel
1218 4224 1335 4280 duo
1394 4226 1463 4281 de
1520 4225 1785 4298 catalogo
1834 4227 2119 4282 virtutum

468 4307 744 4381 episcopo
775 4310 1050 4382 cuiquam
1081 4311 1393 4384 defuerint,
1444 4331 1559 4371 non
1593 4320 1790 4371 tamen
1835 4316 1941 4387 [Αἰ.
2004 4320 2120 4372 sta-

466 4396 599 4471 tim]
621 4397 770 4470 justi
801 4399 1021 4456 carebit
1046 4401 1325 4458 vocabulo
1359 4419 1372 4458 :
1407 4418 1513 4458 nec
1534 4420 1602 4460 ex
1632 4420 1698 4461 eo
1721 4404 2120 4473 damnabitur,

542 4542 764 4600 ‘Vatic
822 4561 932 4600 ms.
983 4561 1119 4601 cum
1178 4543 1431 4602 Victorio
1488 4551 1547 4603 et
1601 4547 1892 4604 Brixianis
1948 4550 2119 4605 codd.

2233 3335 2576 3392 clesiasticis
2632 3335 2857 3406 loquar.
2907 3333 3073 3389 Multi
3123 3350 3300 3405 super
3348 3332 3672 3405 Evangelia
3737 3331 3869 3385 bene

2232 3424 2553 3491 disserunt,
2580 3424 2681 3480 sed
2714 3424 2772 3479 in
2805 3423 3211 3495 explanatione
3227 3421 3493 3493 Apostoli
3517 3422 3767 3493 impares
3787 3414 3864 3473 sui

2232 3519 2393 3571 sunt.
2426 3513 2537 3570 Alii
2571 3531 2705 3568 cum
2739 3512 2797 3567 in
2839 3512 3233 3568 instrumento
3266 3528 3417 3568 novo
3443 3511 3664 3584 optime
3688 3521 3866 3565 sense-

2233 3604 2368 3671 rint,
2402 3603 2460 3657 in
2495 3602 2742 3658 Psalmis
2775 3606 2832 3657 et
2858 3602 3036 3656 veteri
3084 3602 3464 3657 Testamento
3530 3597 3676 3656 muti
3723 3598 3865 3651 sunt.

2231 3692 2349 3747 Hoc
2381 3696 2571 3748 totum
2602 3690 2754 3756 dico,
2789 3689 2944 3761 quod
2976 3705 3087 3745 non
3120 3690 3313 3744 omnia
3359 3704 3647 3761 possumus
3698 3697 3866 3742 omnes

2234 3782 2421 3851 (Viae.
2456 3780 2636 3852 Eclog.
2667 3779 2770 3851 vn)
2806 3796 2819 3833 :
2851 3795 3139 3850 rarusque
3158 3782 3261 3834 aut
3276 3778 3482 3835 nullus
3504 3782 3595 3835 est
3613 3774 3863 3832 divitum.

2233 3869 2333 3944 qui
2356 3869 2414 3924 in
2438 3868 2597 3925 omni
2624 3868 2956 3924 substantia
2976 3884 3084 3923 sua
3106 3866 3271 3939 paria
3292 3866 3567 3923 universa
3588 3862 3867 3938 possideat

2230 3956 2536 4032 possibilia
2574 3956 2846 4028 praecepit
2875 3957 3050 4027 Deus,
3081 3961 3139 4011 et
3186 3972 3292 4028 ego
3345 3957 3552 4013 fateor.
3605 3953 3713 4009 Sed
3760 3950 3866 4005 hiec

2231 4046 2539 4104 Possibilia
2568 4050 2782 4101 cuncta
2812 4043 3025 4117 singuli
3077 4044 3294 4101 habere
3341 4062 3463 4102 non
3511 4052 3854 4118 possumus:

2230 4154 2348 4194 non
2400 4133 2801 4191 imbecillitate
2860 4139 3103 4205 naturae,
3172 4150 3245 4189 ne
3293 4134 3653 4190 calumniam
3703 4126 3862 4185 facias

2232 4228 2367 4293 Deo,
2400 4226 2500 4281 sed
2543 4223 2724 4279 animi
2755 4222 3126 4293 lassitudine,
3159 4223 3260 4295 qui
3310 4228 3556 4280 cunctas
3605 4216 3774 4277 simul
3818 4217 3866 4268 et

2231 4330 2464 4386 semper
2502 4329 2616 4368 non
2659 4315 2849 4384 potest
2877 4312 3093 4367 habere
3118 4312 3383 4367 virtutes.
3429 4312 3593 4381 Quod
3625 4313 3682 4365 et
3723 4306 3768 4363 si
3810 4302 3863 4357 in

2230 4420 2297 4461 eo
2330 4401 2528 4477 arguis
2583 4405 2932 4467 Creatorem,
2981 4417 3162 4473 quare
3207 4405 3264 4457 te
3300 4401 3481 4458 talem
3539 4392 3861 4457 condiderit,

2235 4545 2357 4600 rius
2387 4543 2643 4600 auctoris
2676 4549 2933 4599 mentem
2967 4560 3083 4600 non
3105 4548 3413 4600 assecutus
3436 4545 3508 4600 de
3532 4558 3637 4600 suo
3658 4532 3863 4598 addidit

469 4617 581 4673 Non
618 4618 764 4671 enim
791 4618 995 4688 sufﬁcit
1033 4619 1344 4688 episcopum
1376 4619 1673 4745 (propriam
1726 4620 1951 4686 habere,
2013 4625 2121 4678 etc.
2156 4607 2202 4673 Β
2234 4616 2486 4688 negandi
2512 4614 2893 4703 particulam,
2921 4631 3033 4671 non
3060 4619 3276 4679 metuit,
3308 4620 3419 4671 etc.

536 4689 558 4722 ²
588 4687 787 4742 Victor
815 4703 884 4744 ex
928 4688 1218 4745 Brixianis
1263 4689 1370 4745 cod
1422 4731 1435 4744 .
1491 4692 1865 4745 ministrabat.
1912 4692 2124 4745 Sieaue
2305 4691 2329 4724 ⁴
2356 4690 2613 4745 Sequitur
2643 4685 2999 4745 ἀνέγκλητον.
3032 4687 3201 4745 Apud
3245 4688 3419 4745 Apost

536 4689 558 4722 ²
588 4687 1220 4763 Victor_e§_Brixian_is
1263 4687 1435 4763 codd.
1485 4687 1865 4747 ministrabat.
1912 4692 2124 4763 Sisque

470 4763 561 4815 est
589 4760 743 4835 apud
780 4760 941 4825 LXX,
975 4756 1312 4835 ἑλειτοῦργξι
1340 4761 1615 4835 Hebraeus
1648 4768 1851 4835 tamen
1875 4763 1934 4818 in
1965 4756 2123 4819 futu-

470 4848 555 4907 ro.
575 4831 771 4907 ⁸Ριξιιιε)
803 4836 935 4904 post
963 4849 1067 4905 pro
1097 4831 1467 4904 impudicitiis
1495 4850 1638 4890 mss.
1673 4834 1857 4890 nostri
1882 4836 2124 4907 impudi-

470 4904 549 4959 cis
574 4902 813 4958 habent;

541 4974 562 5007 ³
594 4975 697 5049 Qui
726 4976 1118 5049 conscientiam
1146 4990 1325 5049 suam.
1362 4975 1660 5049 Marianus
1691 4976 1786 5033 hic
1810 4977 1972 5032 addit
1993 4995 2124 5049 par-

472 5044 712 5100 ticulam
774 5047 1121 5118 negativam.
1179 5048 1284 5115 Qui
1349 5048 1737 5102 conscientiam
1803 5066 1960 5103 suam
1993 5044 2127 5104 'non

472 5118 684 5191 metuit,
708 5119 1215 5191 vocatquefmdum
1234 5133 1488 5173 errorem
1512 5120 1759 5187 Erasmi,
1803 5121 1959 5191 quod
2000 5122 2125 5176 sine

476 5187 798 5261 negatione,
839 5187 1062 5261 legerit,
1111 5192 1219 5258 Qui
1263 5192 1653 5245 conscientiam
1700 5187 1866 5247 suain
1910 5195 2122 5247 metuit.

475 5258 585 5333 Sed
627 5267 748 5313 erat
788 5258 921 5333 ipse
959 5262 1277 5324 Marianus,
1308 5278 1422 5316 non
1478 5260 1819 5333 intelligens
1869 5270 2124 5319 mentem

474 5327 833 5403 Hieronymi,
858 5332 1107 5387 dicentis
1162 5332 1504 5403 episcopum
1562 5327 1945 5389 criminosum
2008 5352 2124 5391 non

473 5400 689 5455 audere
721 5401 857 5479 vitia
873 5403 1058 5479 aliena
1086 5400 1613 5479 redargue're,quia
1631 5407 1795 5461 timet
1826 5407 2122 5479 propriam

475 5474 895 5550 conserentiam
923 5493 942 5550 :_
972 5474 1526 5550 ideoquesimulare
1557 5496 1619 5533 se
1680 5474 2123 5550 nesci—rchuod

477 5547 724 5616 cunctus
771 5545 1023 5616 populus
1066 5545 1345 5602 clamitat.
1406 5548 1683 5604 Prmterea
1728 5567 1932 5605 omnes
1978 5545 2121 5605 mss.

479 5614 708 5671 codices
743 5614 923 5694 uestri
956 5615 1157 5694 legunt
1187 5618 1311 5694 sine
1344 5626 1591 5694 negante
1630 5620 1934 5694 particula.
1972 5622 2127 5694 Msa-

475 5701 628 5741 rum.
671 5718 736 5729 -—
768 5687 1039 5746 Vaticani
1082 5687 1477 5749 Conscientiain
1530 5687 1875 5751 sui'metuit.
1932 5692 2124 5751 Victo-

2305 4676 2344 4724 δ’
2356 4676 2613 4759 Sequitur
2643 4676 2999 4760 ἀνέγκλῄᾆον.
3032 4687 3201 4758 Apud
3245 4676 3613 4758 Apostolum,
3668 4676 3858 4760 I_Tim.

2236 4757 2633 4835 ui,‘sequitu_r
2673 4757 2757 4830 μὴ’
2802 4757 3217 4835 agamnam
3262 4757 3598 4835 ncpphytum
3625 4772 3643 4809 :
3672 4757 3860 4835 at'pro

2233 4847 2299 4887 eo
2317 4821 2391 4886 'in
2422 4821 3115 4903 c‘unctis'eiemplaribiis
3155 4821 3466 4903 msstlégd
3520 4821 3856 4903 évtyxhﬁ'm,

2233 4905 2352 4958 sine
2376 4904 2635 4971 crimine,
2668 4902 2809 4967 sive,
2843 4901 2907 4957 ut
2948 4917 3127 4974 supra
3159 4901 3257 4974 ait
3306 4901 3709 4974 Hieronymus,
3752 4901 3859 4974 81.71.?

2233 4978 2584 5046 accusatione
2609 4960 2634 5041 ;’
2653 4960 2808 5046 quod
2839 4960 3107 5046 convenit
3154 4973 3291 5028 huic
3342 4973 3490 5038 loco,
3522 4960 3601 5026 ἰιι
3644 4960 3858 5046 (uulua

2235 5056 2534 5119 accusetur.
2571 5036 2689 5101 Hoc
2719 5062 2811 5119 me
2843 5044 3129 5119 compulit
3159 5048 3386 5100 mutare
3416 5036 3659 5119 veterem
3684 5036 3859 5119 lectio-

2236 5135 2371 5173 nem
2402 5118 2693 5200 editorum
2722 5108 3028 5200 librorqm:
3071 5118 3450 5200 MARTIAN‘.“—
3483 5114 3632 5170 Olim
3658 5108 3726 5182 μή
3756 5108 3857 5189 νξο·

2237 5210 2425 5266 φυτον,
2462 5190 2621 5262 quod
2646 5189 2820 5261 paulo
2848 5189 3096 5244 inferius
3128 5189 3492 5260 expenditur.

2308 5263 2328 5294 ⁵
2357 5262 2609 5317 Verbum
2642 5262 2756 5317 vult
2786 5277 2929 5315 mss.
2964 5260 3148 5333 nostri
3190 5277 3305 5315 non
3336 5257 3674 5333 agnoscunt.

2305 5333 2536 5389 0Vatic.
2559 5376 2571 5400 ,
2606 5338 2657 5388 et
2689 5333 2849 5388 nulla
2896 5332 3144 5401 indigere
3189 5321 3411 5402 virtuti,
3450 5332 3567 5402 ejus
3596 5327 3689 5387 est,
3737 5321 3853 5377 etc»

2201 5462 2209 5471 ,
2236 5404 2329 5460 cui
2360 5423 2430 5478 ex
2460 5411 2625 5478 parte
2656 5405 2886 5478 Reginae
2917 5404 3066 5459 liber
3100 5405 3408 5478 consentit.

2309 5457 2328 5510 'l
2366 5457 2489 5533 ‘Sicr
2505 5457 2887 5543 insislchditi
2920 5457 3067 5531 ivero
3108 5457 3425 5532 malfeaiaiit.
3488 5468 3657 5526 Paulo
3715 5457 3851 5543 ipim

2235 5530 2478 5635 Victor,
2512 5530 2988 5619 Scd‘sc'metipsum
3021 5530 3355 5616 eainanivit,
3386 5563 3452 5604 ex
3498 5543 3685 5599 Graeco
3737 5530 3846 5585 tau-

2234 5637 2350 5677 τον.
