3972 6380
109 370 205 437 Ml

962 379 1354 446 DlALOGUS
1397 380 1713 446 CONTRA
1755 379 2276 453 PELAGIANOS.
2309 421 2388 435 -—
2420 389 2569 454 LIB.
2616 391 2665 454 Ι.

3406 375 3530 462 se

107 507 198 605 {Illi
225 506 472 605 ἀθβοίθιε
515 515 691 605 atque
736 508 1027 605 lasseﬁcas
1048 531 1069 575 ι’
1117 513 1307 571 dicam
1358 515 1596 583 iterum.
1629 531 1755 571 ωε·
1785 515 1840 583 Α
1867 539 2002 582 vera
2033 543 2162 597 quae
2187 527 2455 586 dicturus
2487 546 2641 598 sum,
2673 545 2809 586 cum
2840 527 3097 588 audieris
3126 533 3266 587 tunc
3301 531 3515 605 proba-

101 600 185 671 jor
228 598 340 654 erit
401 600 812 673 reprehensio,
880 603 928 658 si
998 621 1131 659 eum
1174 605 1424 661 volueris
1463 622 1759 674 accusare,

107 705 275 762 quare
302 693 360 744 te
397 693 588 745 Deum
622 706 736 745 non
772 691 991 747 fecerit.
1027 693 1138 748 Sed
1171 693 1351 761 dices,
1400 695 1454 749 Si
1490 713 1604 751 non
1636 713 1762 768 pos.

105 793 250 844 eum,
281 793 424 849 ergo
461 783 771 850 peccatum
804 796 919 836 non
951 781 1165 839 habeo.
1229 784 1421 840 Habes
1458 790 1758 856 peccatum

108 882 280 938 quare
313 883 437 922 non
475 867 706 932 feceris,
740 869 894 940 quod
935 869 1086 925 alius
1137 873 1325 944 potuit
1373 874 1578 930 facere.
1614 875 1759 930 Rur-

106 971 353 1027 sumque
388 955 517 1023 ille,
551 958 724 1028 cujus
748 963 807 1013 tu
832 962 1266 1031 comparatione
1289 963 1544 1018 deterior
1565 981 1648 1029 es,
1672 962 1757 1019 vel

105 1045 183 1100 tui
223 1045 279 1099 in
345 1045 470 1100 alia
540 1045 771 1114 virtute,
841 1047 926 1103 vel
994 1049 1238 1105 alterius
1290 1053 1400 1106 erit
1454 1051 1761 1108 collatione

108 1137 408 1206 peccator;
436 1138 619 1206 atque
647 1135 726 1190 ita
749 1136 828 1199 fit,
857 1143 922 1190 ut
944 1154 1355 1211 quemcunque
1377 1142 1633 1212 primum
1659 1159 1762 1213 pu-

108 1223 335 1292 taveris,
369 1223 576 1278 minor
606 1224 684 1278 sit
704 1241 792 1290 eo,
822 1225 921 1296 qui
949 1243 1010 1281 se
1035 1227 1090 1281 in
1116 1227 1231 1283 alia
1252 1234 1414 1301 parte
1448 1231 1634 1300 major
1650 1235 1757 1285 est.

170 1313 257 1364 24.
289 1311 436 1365 Deus
466 1317 643 1382 potest
670 1328 892 1368 servare
936 1315 1215 1370 hominem
1260 1319 1381 1373 sine
1421 1327 1658 1389 peccato.
1697 1350 1762 1358 -—

111 1399 162 1453 ς.
190 1398 246 1454 Si
279 1416 397 1455 non
425 1403 627 1472 potest
659 1400 834 1456 homo
867 1420 994 1459 esse
1028 1405 1153 1460 sine
1185 1413 1442 1477 peccato,
1469 1408 1762 1479 quomodo

108 1487 283 1544 Judas
313 1489 533 1544 scribit
563 1490 900 1562 apostolus:
937 1516 964 1541 κ
999 1494 1062 1548 Ei
1095 1499 1291 1550 autem
1323 1496 1425 1567 qui
1450 1504 1654 1569 potens
1676 1503 1766 1552 est

109 1593 201 1633 vos
249 1594 608 1634 conservare
654 1580 781 1636 sine
827 1587 1084 1654 peccato,
1127 1587 1183 1639 et
1230 1586 1585 1642 constituere
1630 1591 1764 1643 ante

111 1672 486 1739 conspectum
522 1667 722 1740 gloriae.
753 1686 873 1724 sum
907 1671 1319 1729 immaculatos
1348 1675 1522 1744 (Iuda:
1552 1676 1642 1745 24)
1674 1677 1702 1730 ‘?
1737 1699 1757 1725 ι

109 1757 220 1821 Quo
251 1755 603 1812 testimonio
636 1760 1056 1831 comprobatur
1085 1779 1257 1834 posse
1305 1763 1606 1820 hominem
1639 1782 1765 1820 ser-

1871 615 1984 671 bis.
2019 617 2076 672 C.
2112 619 2368 690 Loquere
2400 624 2463 676 ut
2490 619 2594 688 vis,
2646 620 2790 676 mihi
2838 620 3132 676 decretum
3183 625 3291 690 est,
3344 621 3394 678 si
3427 639 3520 678 re-

1872 709 2158 779 spondere
2186 727 2302 767 non
2345 715 2608 783 potuero,
2661 711 2850 783 magis
2901 710 3092 778 silere,
3146 728 3325 783 quam
3356 729 3521 768 men-

1873 796 2038 852 dacio
2112 801 2502 871 acquiescere.
2573 800 2631 855 A.
2694 800 2845 866 Quid
2907 800 3144 855 interest
3204 803 3402 856 utrum
3465 805 3521 856 te

1872 891 2180 957 tacentem,
2215 907 2287 944 an
2317 889 2655 962 loquentem
2695 907 2988 963 superem,
3041 895 3096 945 et
3134 891 3300 959 juxta
3332 890 3519 945 Protei

1871 976 2130 1034 tabulam
2164 980 2499 1052 vigilantem
2532 980 2782 1051 capiam,
2817 998 2887 1034 an
2934 979 3320 1035 dormientem
3353 980 3374 1012 ²
3397 979 3426 1033 ‘?
3458 980 3514 1034 C.

1870 1067 2017 1123 Cum
2049 1069 2265 1125 dixeris
2296 1087 2422 1142 quae
2453 1069 2728 1135 volueris,
2760 1070 2964 1125 audies
2996 1087 3121 1140 qua:
3146 1085 3517 1140 nequaquam

1871 1156 2035 1212 velis.
2069 1158 2300 1214 Veritas
2332 1159 2489 1214 enim
2521 1158 2786 1214 laborare
2819 1164 3027 1231 potest,
3078 1158 3228 1212 vinci
3277 1175 3390 1212 non
3425 1175 3524 1229 po-

1871 1251 2004 1302 test.
2041 1250 2100 1302 A.
2136 1248 2297 1304 Libet
2327 1249 2650 1304 sententias
2669 1251 2690 1282 ³
2713 1254 2844 1304 tuas
2867 1264 3184 1320 parumper
3207 1247 3519 1303 discutere.

1874 1341 1940 1390 ut
1970 1336 2301 1408 intelligant
2329 1343 2642 1394 sectatores
2689 1338 2798 1405 tui,
2847 1354 3026 1410 quam
3072 1336 3336 1392 divinum
3367 1336 3428 1392 in
3461 1342 3516 1392 te

1875 1425 2162 1481 mirentur
2189 1425 2512 1499 ingenium.
2546 1427 2722 1493 Dicis,
2756 1427 2929 1482 «Sine
2961 1429 3197 1496 peccato
3245 1442 3371 1480 esse
3406 1442 3520 1480 non

1875 1531 2067 1586 posse,
2102 1515 2218 1572 nisi
2250 1517 2351 1588 qui
2381 1517 2685 1573 scientiam
2709 1515 2858 1588 legis
2879 1515 3171 1581 habuerit,
3196 1536 3222 1563 ››
3250 1531 3351 1586 per
3371 1515 3524 1586 quod

1877 1619 2150 1675 magnam
2183 1609 2407 1676 partem
2439 1605 2904 1661 Christianorum
2927 1602 3187 1659 excludis
3209 1621 3243 1658 a
3265 1603 3527 1673 justitia,

1875 1699 1927 1747 et
1955 1692 2056 1763 qui
2117 1693 2458 1764 praedicator
2512 1711 2574 1750 es
2633 1692 3049 1764 impeccantize,
3109 1707 3315 1746 omnes
3348 1708 3528 1764 prope

1876 1786 2208 1852 peccatores
2239 1800 2366 1838 esse
2399 1782 2768 1856 pronuntias.
2820 1784 3043 1848 Quotus
3090 1781 3245 1836 enim
3278 1780 3527 1852 quisque

109 1845 391 1955 ῖαξξξίῐξθ
424 1850 692 1918 Ρθοοδίον
726 1853 782 1902 εἴ
813 1853 1107 1955 ῐηεξευξξὶω
1135 1869 1248 1908 non
1275 1853 1487 1955 Pab‘ere
1509 1854 1616 1909 ?A-
1637 1855 1761 1955 Νοῐξ
1797 1891 1843 1955 Β
1875 1868 2342 1926 Christianorum
2399 1845 2581 1926 habet
2637 1870 2784 1943 legis
2839 1868 3168 1935 scientiam,
3229 1885 3408 1939 quam
3466 1867 3525 1922 in

109 1931 380 2005 intelligis
405 1950 545 2005 quae
565 1937 961 2007 proposueris.
981 1939 1181 2011 Neque
1203 1940 1356 1996 enim
1381 1941 1557 1998 homo
1580 1947 1769 2015 potest

112 2037 229 2078 esse
259 2021 388 2077 sine
460 2029 726 2095 peccato,
788 2026 945 2097 quod
1020 2033 1121 2084 tua
1185 2029 1361 2086 habet
1426 2032 1762 2100 sententia;

111 2111 205 2166 sed
235 2116 453 2183 potest,
487 2113 543 2168 si
575 2113 822 2170 voluerit
852 2116 1030 2186 Deus,
1061 2118 1360 2175 hominem
1389 2138 1616 2176 servare
1640 2121 1767 2178 sine

113 2202 891 2272 peccato,etimmaculatum
907 2223 1014 2261 sua
1033 2207 1762 2266 misericordiacustodire.

114 2288 221 2344 Hoc
237 2293 293 2345 et
304 2306 413 2363 ego
427 2291 588 2360 dico,
610 2294 765 2364 quod
781 2293 895 2350 Deo
909 2302 1122 2351 cuncta
1134 2297 1442 2370 possibilia
1455 2303 1594 2354 sunt
1621 2326 1634 2366 ;
1659 2300 1764 2354 ho-

112 2378 246 2433 mini
270 2383 473 2435 autem
498 2397 618 2436 non
643 2383 933 2455 quidquid
954 2384 1203 2442 voluerit
1234 2388 1513 2459 possibile
1544 2393 1669 2456 est;
1704 2393 1763 2444 et

115 2467 355 2524 maxime
376 2468 435 2523 id
463 2485 620 2536 esse,
644 2472 799 2542 quod
827 2472 1049 2530 nullam
1077 2475 1285 2547 legeris
1305 2476 1521 2533 habere
1546 2483 1768 2533 creatu-

114 2571 253 2612 ram.
297 2557 356 2611 (2.
415 2558 550 2614 Non
611 2559 740 2614 dico
799 2559 1098 2618 hominem
1152 2581 1281 2620 esse
1342 2567 1468 2621 sine
1509 2571 1764 2638 peccato,

115 2645 257 2714 quod
286 2646 393 2702 tibi
431 2647 682 2704 forsitan
715 2650 997 2720 possibile
1027 2653 1289 2709 videtur:
1316 2655 1416 2710 sed
1442 2672 1622 2727 posse
1638 2672 1765 2710 esse

114 2732 158 2786 si
189 2733 340 2789 velit.
375 2735 558 2791 Aliud
605 2743 695 2792 est
748 2739 902 2794 enim
954 2757 1100 2809 esse,
1155 2741 1312 2798 aliud
1357 2761 1548 2815 posse.
1603 2745 1765 2812 Esse,

118 2823 310 2892 quierit
352 2824 742 2897 exemplum:
797 2844 990 2899 posse,
1042 2832 1298 2886 ostendit
1351 2833 1578 2905 imperii
1613 2835 1758 2890 721

115 2910 434 2968 veritatem.
471 2915 539 2969 A.
575 2914 850 2986 Nugaris,
885 2934 990 2973 nec
1044 2920 1367 2976 meministi
1419 2921 1581 2978 illius
1628 2939 1768 2995 pro—

121 2999 288 3054 verbii
319 3020 331 3056 :
361 3026 389 3051 «
423 3008 643 3058 Actum
678 3021 751 3060 ne
782 3021 922 3078 agas
948 3025 960 3074 ;
992 3030 1018 3056 ››
1043 3012 1098 3063 et
1121 3009 1178 3063 in
1202 3011 1402 3065 eodem
1429 3028 1589 3066 cceno
1609 3011 1768 3066 volu-

121 3089 272 3157 teris,
301 3091 421 3146 imo
468 3092 715 3148 laterem
783 3094 963 3152 lavas.
1033 3096 1142 3152 Pro
1210 3116 1326 3170 quo
1394 3100 1541 3154 nihil
1607 3099 1764 3155 aliud

120 3177 328 3246 audies,
362 3180 479 3236 nisi
545 3181 652 3236 hoc
721 3185 875 3255 quod
938 3186 1218 3241 omnibus
1280 3193 1476 3259 patet:
1545 3205 1669 3244 rem
1710 3194 1765 3243 te

123 3265 260 3322 velle
287 3268 554 3338 firmare,
586 3288 712 3342 quae
744 3289 848 3328 nec
877 3280 985 3340 est,
1021 3292 1127 3330 nec
1147 3276 1274 3344 fuit,
1297 3282 1354 3332 et
1392 3278 1634 3332 forsitan
1657 3289 1764 3334 nec
1796 3264 1838 3330 C

130 3353 315 3410 futura
344 3362 452 3414 est.
491 3361 683 3431 Atque
712 3366 774 3416 ut
809 3363 935 3434 ipso
966 3364 1140 3420 verbo
1181 3369 1330 3431 utar,
1373 3371 1429 3420 et
1458 3367 1766 3422 stultitiam

121 3440 400 3498 ἀσυστάτου
450 3451 608 3520 [νηδδ.
657 3454 950 3523 asystatae]
983 3453 1115 3524 (non
1167 3457 1532 3526 consistentis)
1593 3473 1766 3527 argu-

122 3534 492 3591 mentationis
543 3539 871 3608 ostendam,
927 3558 1051 3597 esse
1105 3560 1277 3614 posse
1327 3549 1381 3599 te
1430 3545 1520 3599 aio
1577 3545 1768 3601 dicere

120 3621 260 3688 quod
289 3639 417 3680 esse
451 3643 571 3682 non
605 3629 806 3700 possit.
847 3631 962 3686 Hoc
1011 3633 1189 3702 enim,
1241 3635 1395 3706 quod
1456 3635 1762 3707 proposui-

121 3707 207 3778 sti,
234 3727 404 3781 posse
436 3715 743 3772 hominem
777 3720 904 3774 sine
937 3726 1173 3790 peccato
1205 3739 1332 3778 esse
1382 3722 1428 3777 si
1473 3723 1632 3793 velit,
1669 3728 1770 3779 aut

123 3811 306 3856 verum
340 3809 449 3872 est,
486 3810 592 3861 aut
621 3805 835 3863 falsum
867 3814 976 3864 est.
1023 3810 1076 3864 Si
1112 3827 1313 3866 verum
1363 3817 1474 3877 est,
1526 3814 1768 3870 ostende

126 3887 249 3956 quis
304 3891 523 3949 fuerit:
594 3896 643 3950 si
710 3896 949 3965 falsum,
1019 3900 1308 3972 quidquid
1380 3901 1593 3957 falsum
1655 3908 1765 3970 est,

126 3990 418 4051 nunquam
452 3985 583 4039 ﬁeri
613 3991 824 4056 potest.
865 3987 1082 4043 Verum
1131 3990 1250 4044 haec
1307 3991 1476 4062 quasi
1529 3991 1768 4058 explosa

121 4066 431 4141 taceantur,
467 4073 616 4129 etin
665 4075 959 4133 scriniolis
1004 4079 1214 4134 vestris
1268 4083 1497 4134 tantum
1548 4081 1764 4136 mussi-

117 4157 250 4222 tent,
285 4162 588 4231 publicam
623 4164 830 4221 faciem
858 4166 1258 4224 formidantia.

177 4246 259 4300 25.
292 4251 524 4307 Librum
572 4253 789 4325 Pelagii
835 4257 1104 4326 confidat.
1140 4287 1204 4296 —-
1237 4257 1639 4314 Transeamus
1690 4260 1760 4314 ad

113 4328 232 4399 alia,
260 4335 317 4392 in
348 4340 570 4413 quibus
606 4347 889 4415 perpetua
920 4345 1185 4400 oratione
1217 4347 1502 4402 utendum
1535 4351 1644 4415 est,
1681 4347 1764 4403 ita

112 4420 400 4495 duntaxat,
447 4433 516 4485 ut
545 4430 762 4488 habeas
795 4437 1139 4505 potestatem
1172 4435 1474 4491 refellendi
1507 4441 1564 4492 et
1601 4453 1757 4508 qum-

114 4513 262 4568 rendi
291 4516 340 4572 si
372 4519 515 4590 quid
545 4519 819 4578 volueris.
857 4522 913 4576 Ο.
965 4523 1215 4579 Audiam
1270 4525 1579 4597 patienter,
1637 4543 1753 4582 non

110 4599 252 4658 enim
287 4605 478 4664 dicam
512 4608 798 4678 libenter;
829 4617 886 4666 et
917 4613 1108 4685 magis
1141 4613 1399 4670 mirabor
1428 4615 1752 4688 ingenium,

108 4689 260 4759 cujus
289 4700 497 4771 stupeo
531 4700 852 4756 falsitatem
886 4703 924 4756 ¹.
963 4708 1039 4757 Α.
1096 4702 1299 4758 Utrum
1351 4704 1498 4761 falsa
1529 4705 1648 4762 sint
1679 4723 1751 4760 an

173 4868 187 4958 ξ
219 4870 349 4958 Duo;
387 4896 544 4958 mss._
583 4882 791 4958 nostri,
843 4885 909 4939 Et
959 4884 1209 4940 mirabor
1256 4886 1561 4956 ingenium,
1595 4889 1751 4958 cujus

114 4953 281 5030 W193.
294 4955 834 5030 stupeofalsitatem.

173 5013 863 5099 ‘Vitiose_Mat-tianzeus
916 5044 1028 5081 non
1086 5044 1188 5097 pro
1251 5045 1350 5094 an,
1415 5029 1566 5099 quod
1604 5046 1748 5084 mss.

117 5094 304 5170 {mnes
335 5097 668 5170 prazferunt.
707 5099 1000 5154 Victorius
1044 5094 1280 5170 quoque
1326 5094 1527 5155 eodem
1573 5118 1750 5156 sensu

112 5166 230 5242 [εφη
261 5175 615 5242 reposuerat.
650 5169 864 5226 Notum
899 5166 1092 5241 porro,
1125 5166 1280 5242 quod
1315 5171 1587 5227 Proteum
1619 5173 1752 5228 dor-

114 5236 373 5292 [mentem
405 5241 576 5311 cepit.

199 5332 371 5391 Pastor
397 5345 656 5397 Aristaeus
687 5347 899 5410 fugiens
931 5348 1123 5398 Peneia
1151 5349 1364 5412 Tempe,

116 5441 263 5525 (Νοῦς,
285 5445 486 5525 Virgil.
523 5471 577 5509 IV
608 5455 798 5524 Georg
829 5455 1009 5510 canit.

1879 1958 2082 2014 multis
2114 1960 2454 2016 doctoribus
2485 1960 2790 2026 Ecclesiae;
2824 1962 2927 2014 aut
2959 1974 3111 2024 raro,
3145 1961 3249 2011 aut
3274 1956 3529 2012 difﬁcul-

1875 2051 1965 2103 ter
2019 2049 2334 2104 invenias?
2391 2050 2605 2105 Verum
2663 2054 2727 2104 tu
2789 2052 2960 2103 tanta:
3017 2062 3079 2101 es
3138 2044 3531 2115 liberalitatis,

1881 2135 2030 2190 722
2063 2140 2128 2191 ut
2160 2137 2413 2192 favorem
2447 2137 2551 2192 tibi
2583 2137 2738 2209 apud
2788 2138 3114 2190 Amazonas
3161 2138 3292 2189 tuas
3343 2133 3533 2189 conci-

1875 2221 2002 2288 lies,
2037 2225 2190 2279 utin
2217 2224 2330 2281 alio
2360 2225 2486 2281 loco
2544 2224 2870 2298 scripseris,
2935 2245 2963 2272 «
3015 2222 3332 2278 Scientiam
3380 2221 3526 2295 legis

1876 2312 2053 2367 etiam
2107 2313 2356 2370 feminas
2403 2315 2618 2370 habere
2667 2314 2912 2380 debere;
2950 2334 2977 2360 »
3027 2327 3163 2366 cum
3212 2311 3530 2382 Apostolus

1876 2400 2079 2456 doceat
2109 2418 2238 2458 esse
2268 2403 2578 2458 tacendum
2635 2402 2983 2458 mulieribus
3033 2400 3090 2454 in
3150 2399 3396 2456 ecclesia
3427 2425 3441 2467 ;
3475 2406 3532 2455 et

1876 2489 1927 2546 si
1957 2491 2099 2562 quid
2134 2491 2422 2562 ignorant,
2456 2491 2612 2546 domi
2643 2492 2799 2547 viros
2821 2507 2960 2546 suos
2989 2489 3196 2545 debere
3224 2487 3529 2546 consulere

1876 2579 1924 2648 (Ι
1949 2581 2073 2636 Cor.
2125 2582 2263 2652 xxv).
2311 2581 2424 2636 Nec.
2475 2581 2693 2636 sufficit
2735 2580 2840 2634 tibi
2889 2578 3123 2634 dedisse
3170 2577 3392 2649 agmini
3424 2582 3524 2633 tuo

1876 2667 2182 2723 scientiam
2214 2669 2676 2742 Scripturarum,
2710 2668 2823 2722 nisi
2855 2683 3057 2722 earum
3113 2682 3251 2721 voce
3297 2675 3354 2721 et
3385 2683 3522 2721 can-

1877 2755 2010 2811 ticis
2054 2757 2381 2824 delecteris,
2432 2758 2642 2831 Jungis
2692 2758 2849 2813 enim
2901 2759 2958 2810 et
3008 2755 3176 2826 ponis
3223 2755 3281 2809 in
3331 2755 3526 2823 titulo,

1878 2847 2102 2911 «Quod
2149 2851 2206 2902 et
2257 2847 2488 2904 feminae
2535 2849 2652 2903 Deo
2702 2845 2952 2919 psallere
3001 2844 3337 2900 debeant.»
3389 2843 3530 2908 Quis

1876 2933 2031 2989 enim
2063 2935 2292 3007 ignorat
2321 2937 2695 3009 psallendum
2720 2952 2848 2992 esse
2881 2931 3115 2990 feminis
3148 2932 3204 2988 in
3239 2933 3526 2990 cubiculis

1877 3023 2023 3087 suis,
2056 3029 2114 3079 et
2132 3026 2355 3096 absque
2371 3027 2629 3081 virorum
2650 3023 2976 3096 frequentia
2997 3027 3053 3078 et
3074 3022 3521 3095 congregatione

1875 3113 2236 3168 turbarum?
2277 3118 2491 3170 Verum
2542 3119 2604 3169 tu
2653 3115 2838 3169 donas
2888 3113 3040 3184 quod
3089 3128 3206 3166 non
3254 3110 3425 3178 licet;
3465 3117 3528 3168 ut

1877 3202 2028 3270 quod
2091 3205 2415 3258 verecunde
2480 3203 2664 3258 facere
2709 3203 2979 3267 debeant,
3028 3203 3086 3255 et
3135 3199 3358 3272 absque
3406 3198 3527 3255 ullo

1877 3289 2118 3355 arbitro,
2153 3291 2416 3362 magistri
2449 3291 2796 3346 auctoritate
2828 3288 3210 3361 proclament.

1945 3379 2036 3432 26.
2078 3381 2208 3434 Item
2256 3380 2458 3434 librum
2510 3379 2722 3450 Pelagii
2764 3380 3031 3448 con/utut.
3067 3407 3136 3416 —-
3169 3375 3352 3431 Addis
3382 3392 3531 3447 pra:-

1877 3469 2035 3520 terea
2066 3467 2086 3499 ⁴
2116 3469 2225 3538 (tit.
2269 3485 2393 3536 xm,
2425 3467 2506 3523 al.
2541 3468 2682 3538 xw).
2719 3491 2746 3518 «
2779 3468 3023 3524 Servum
3055 3465 3159 3522 Dei
3191 3464 3337 3520 nihil
3367 3481 3529 3521 ama-

1877 3571 2011 3608 rum
2043 3557 2114 3611 de
2143 3573 2239 3612 ore
2289 3575 2416 3623 suo,
2475 3557 2577 3613 sed
2634 3573 2865 3629 semper
2919 3557 3075 3628 quod
3135 3553 3305 3610 dulce
3349 3559 3439 3610 est
3471 3560 3529 3610 et

1878 3659 2056 3698 suave
2089 3645 2318 3713 debere,
2351 3648 2609 3720 proferre
2640 3669 2668 3696 »
2703 3651 2760 3702 et
2795 3646 2965 3718 quasi
3016 3643 3168 3700 alius
3217 3643 3295 3698 sit
3324 3659 3528 3699 servus

1878 3723 2000 3790 Dei,
2033 3724 2185 3781 alius
2215 3728 2418 3782 doctor
2443 3733 2500 3782 et
2529 3727 2803 3783 sacerdos
2825 3725 3106 3791 Ecclesire,
3135 3723 3348 3796 prioris
3379 3723 3526 3778 obli-

1875 3816 1973 3870 tus
2001 3817 2321 3881 sententia,
2371 3818 2542 3888 ponis
2576 3817 2633 3871 in
2680 3816 2793 3870 alio
2822 3813 2996 3870 titulo
3053 3815 3179 3884 (Tit.
3240 3828 3413 3879 xxvu,
3446 3813 3524 3866 aI.

1874 3904 2034 3974 xxn),
2074 3928 2101 3954 «
2137 3905 2664 3989 sacerdotem'sive
2711 3905 3006 3960 doctorem
3057 3901 3324 3957 omnium
3357 3904 3525 3956 actus

1875 3992 2162 4064 speculari
2195 3994 2424 4060 debere,
2461 3999 2518 4048 et
2547 3993 2897 4048 ﬁducialiter
2945 3991 3237 4062 corripere
3270 4005 3524 4061 peccan-

1873 4085 1983 4149 tes,
2016 4098 2088 4136 ne
2119 4098 2223 4152 pro
2253 4081 2463 4138 iisdem
2499 4082 2783 4136 rationem
2833 4080 3038 4135 reddat
3067 4080 3175 4149 [Αἰ.
3266 4079 3522 4150 reddas].

1873 4175 1932 4224 et
1962 4186 2162 4224 eorum
2196 4171 2439 4243 sanguis
2488 4171 2558 4226 de
2605 4170 2729 4225 suis
2778 4169 3055 4224 manibus
3105 4167 3458 4240 requiratur.
3495 4192 3522 4216 ››

1871 4258 1986 4314 Nec
2035 4258 2214 4315 semel
2265 4260 2482 4314 dixisse
2532 4263 2842 4314 contentus
2884 4258 2941 4312 id
2993 4257 3190 4330 ipsum
3246 4256 3520 4328 replicas,

1869 4351 1928 4403 et
1957 4346 2219 4402 inculcas
2250 4350 2358 4420 (tit.
2390 4351 2544 4417 xxxx)
2580 4369 2608 4396 «
2642 4348 3006 4404 sacerdotem
3057 4346 3177 4402 sive
3221 4347 3520 4402 doctorem

1871 4436 2090 4492 nemini
2125 4435 2351 4492 adulari
2385 4437 2614 4504 debere,
2650 4437 2748 4493 sed
2782 4437 3066 4492 audenter
3104 4451 3310 4491 omnes
3341 4434 3521 4491 corri—

1869 4543 2024 4597 pere,
2061 4542 2132 4581 ne
2163 4531 2219 4581 et
2250 4542 2312 4581 se
2341 4531 2396 4581 et
2443 4543 2543 4582 eos
2591 4525 2692 4598 qui
2740 4543 2876 4581 eum
2927 4524 3181 4580 audiunt
3228 4523 3455 4595 perdat.
3494 4545 3515 4571 ι

1785 4651 1833 4717 D
1869 4617 2133 4670 Tantane
2165 4620 2254 4671 est
2277 4616 2334 4669 in
2359 4632 2475 4670 uno
2498 4631 2670 4687 opere
2692 4613 3081 4680 dissonantia,
3107 4616 3170 4668 ut
3191 4611 3332 4682 quid
3357 4610 3521 4680 prius

1863 4704 2080 4762 dixeris
2114 4706 2389 4762 nescias?
2419 4705 2478 4760 Si
2508 4705 2665 4759 enim
2697 4721 2900 4760 servus
2939 4702 3038 4758 Dei
3071 4701 3217 4756 nihil
3249 4716 3518 4755 amarum

1932 4885 1954 4917 ⁴
1979 4883 2301 4938 Numerum
2336 4882 2807 4953 uniuscujusque
2838 4881 2992 4937 tituli
3045 4876 3518 4953 addit_vetustis-

1865 4955 2054 5030 simus
2086 4955 2316 5030 Regina:
2350 4972 2464 5017 nis,
2499 4951 2999 5030 quemadmodum
3030 4958 3164 5008 aute
3193 4951 3516 5030 Erasmum

1861 5027 2023 5083 editi.
2081 5023 2269 5098 Atque
2308 5031 2480 5098 esset
2522 5023 2775 5096 quidem
2836 5023 3336 5098 Opermhpretium
3396 5023 3516 5098 sin-

1860 5098 1999 5182 gula
2030 5094 2324 5182 Pelagiani.
2355 5097 2486 5178 libri
2533 5094 2809 5182 capitula,
2865 5094 2895 5152 ὁ
2944 5094 3161 5182 quibus
3210 5094 3516 5182 senteptiae

1860 5165 1984 5241 ista:
2033 5165 2428 5241 prol'éruntur,
2464 5170 2522 5223 in
2556 5165 2716 5224 textu
2766 5165 3205 5241 repraesentare,
3242 5165 3399 5238 quod
3432 5166 3515 5241 si-_-

1860 5240 1999 5297 mile
2038 5239 2145 5295 est
2177 5243 2396 5296 factum
2430 5242 2501 5295 ab
2535 5239 2907 5312 Hieronymo.
2947 5240 3058 5294 Sed
3114 5255 3249 5292 cum
3283 5239 3512 5312 numeri

1859 5314 2220 5369 notationem
2237 5312 2459 5367 nullam
2476 5313 2720 5378 hebant,
2736 5308 2851 5367 alia
2866 5312 3137 5383 quaedam
3163 5308 3521 5383 exemplaria

1859 5385 2297 5456 antiquissima,
2320 5392 2452 5456 tum
2486 5402 2612 5456 qua)
2634 5380 2972 5456 habeant—,in
3008 5380 3517 5456 numericisnotis

1857 5451 2154 5512 inter—dum
2189 5451 2532 5527 dissideant,
2580 5455 2703 5527 ipse
2754 5472 2886 5510 vero
2935 5453 3334 5527 hmresiarcha;
3366 5451 3517 5527 liber

177 5505 1087 5613 :Ngtat‘jsgsenia's’agiagi?”
1117 5528 1251 5613 ejus
1273 5505 1277 5510 ⁷
1302 5527 1450 5610 libro
1485 5531 1746 5613 Ezalogia-
1848 5505 3513 5613 5353;350:991“,'ae‘qté‘gaeo'{gessissetiaces:

274 5597 592 5669 ex__divinis
650 5591 950 5669 Scripturis
998 5591 1371 5669 capitulorum
1419 5591 1649 5656 indiciis
1683 5620 1743 5656 in

117 5652 314 5745 fictilem
343 5665 494 5732 (libri
528 5652 1010 5745 Testimoniorum)
1132 5652 1136 5653 ν
1158 5652 1741 5745 cyprianimiiiorii/ris

111 5733 438 5811 Ρνᾶεδίθηαιο,
472 5745 538 5801 ut
568 5741 906 5802 Gennadius
936 5733 1331 5818 lo'quiturvcap
1361 5744 1449 5801 42.

1859 5598 1992 5658 nem
2066 5616 2133 5654 ex
2221 5599 2316 5652 illo
2403 5614 2684 5664 asserere,
2759 5599 2944 5655 satius
2999 5598 3279 5654 duximus
3337 5600 3512 5652 notas

1858 5673 1990 5755 illas
2020 5688 2088 5755 ex
2121 5670 2298 5755 Regio
2348 5671 2476 5755 cod.
2527 5670 2586 5755 in
2617 5670 2883 5755 margine
2931 5687 3247 5746 apponere,
3287 5667 3514 5727 varian-

1855 5746 2015 5804 tibus
2044 5743 2454 5804 tantummodo
2485 5743 2846 5804 subnotatis.
