3958 6392
450 378 572 453 843

1680 382 1750 455 S.
1797 381 2112 455 EUSEBII
2155 382 2625 457 HIERONYMI.

3731 380 3848 454 841

453 525 526 583 de
556 540 665 585 suo
697 526 868 585 debet
900 543 997 585 ore
1024 518 1302 603 proferre,
1338 529 1438 588 sed
1470 544 1698 603 semper
1734 531 1889 603 quod
1920 529 2090 587 dulce
2118 524 2172 591 A
2203 527 2574 602 intelligitur,
2602 529 2744 585 dum
2778 527 3025 602 gratiam
3057 525 3186 601 ejus
3215 540 3333 584 non
3381 522 3453 583 ad
3503 518 3739 599 singula
3765 539 3846 582 re-

455 622 513 675 et
541 634 718 675 suave
749 626 871 675 est:
906 624 1007 675 aut
1038 622 1307 678 sacerdos
1338 626 1393 677 et
1418 621 1618 677 doctor
1656 622 1804 677 servi
1848 622 1948 678 Dei
1980 638 2096 678 non

454 713 647 774 erunt,
676 710 777 780 qui
806 708 1160 766 ﬁducialiter
1188 712 1401 768 debent
1438 711 1725 783 corripere
1770 716 2093 784 peccantes,

454 801 510 853 et
531 796 673 852 nulli
699 799 948 869 adulari,
969 801 1070 855 sed
1096 801 1372 856 audacter
1403 817 1604 856 omnes
1636 800 1932 873 increpare
1959 819 1971 868 ;
1995 806 2097 855 aut

452 884 502 941 si
534 886 806 943 sacerdos
836 893 893 943 et
941 889 1160 954 doctor,
1212 907 1325 945 non
1379 889 1569 946 solum
1626 890 1774 945 servi
1832 890 1955 957 Dei,
1991 891 2093 945 sed

450 974 603 1031 inter
628 993 826 1034 servos
847 979 976 1049 ejus
998 978 1375 1051 principalem
1410 978 1813 1034 tenentlocum
1838 995 1850 1046 ;
1878 981 2095 1034 frustra

449 1064 632 1120 servis
667 1066 760 1121 Dei
792 1066 1104 1123 blanditias
1133 1073 1190 1123 et
1217 1067 1559 1124 dulcedines
1590 1067 1921 1135 reservasti,
1958 1084 2093 1123 cum

451 1152 559 1209 hoc
593 1155 823 1227 preprie
854 1155 1255 1212 haereticorum
1287 1157 1386 1224 sit,
1407 1162 1464 1212 et
1484 1174 1687 1213 eorum
1710 1157 1807 1227 qui
1832 1157 2094 1229 decipere

450 1244 703 1316 cupiunt
733 1245 1053 1314 audientes,
1088 1247 1315 1301 dicente
1334 1246 1612 1319 Apostolo
1636 1264 1651 1301 :
1678 1270 1705 1296 ‹‹
1740 1245 2091 1318 Hujusmodi

448 1333 603 1388 enim
639 1334 869 1388 Christo
900 1335 1146 1390 Domino
1178 1340 1375 1391 nostro
1406 1354 1522 1392 non
1555 1336 1837 1400 serviunt,
1862 1336 1961 1390 sed
1986 1351 2091 1390 suo

444 1422 648 1476 ventri.
672 1423 741 1477 Et
757 1438 859 1494 per
873 1423 1071 1479 dulces
1095 1441 1394 1482 sermones
1416 1434 1473 1481 et
1485 1424 1922 1480 benedictiones
1941 1424 2090 1481 728

446 1510 731 1565 seducunt
759 1511 934 1568 corda
957 1512 1358 1570 innocentium
1386 1515 1576 1586 (Rom.
1602 1531 1714 1580 χνι,
1740 1512 1848 1583 18).
1874 1537 1902 1564 υ
1925 1515 2090 1569 Sem-

445 1616 550 1671 per
579 1599 886 1670 insidiosa,
921 1601 1379 1669 eallida,blanda
1398 1608 1488 1659 est
1507 1603 1787 1659 adulatio.
1814 1602 2089 1658 Pulchre-

445 1704 559 1760 que
590 1688 859 1745 adulator
899 1692 1053 1763 apud
1100 1692 1483 1766 philosophos
1531 1692 1811 1749 deﬁnitur
1859 1691 2089 1746 blandus

444 1778 728 1834 inimicus.
748 1779 969 1836 Veritas
986 1790 1185 1837 amara
1200 1786 1308 1853 est,
1332 1798 1555 1854 rugosa
1572 1780 1779 1836 frontis
1795 1797 1861 1835 ac
1878 1779 2086 1845 tristis,

442 1867 798 1966 oﬂ‘enditque
828 1874 1124 1941 correptos
1155 1872 1193 1925 ί.
1229 1871 1391 1927 Unde
1442 1875 1499 1927 et
1543 1869 1859 1942 Apostolus
1889 1868 2086 1966 loqui-
2117 1900 2165 1966 B

441 1960 538 2010 tur
565 1972 579 2011 :
614 1979 640 2007 «
669 1956 949 2014 Inimicus
971 1959 1136 2015 vobis
1160 1960 1347 2017 factus
1366 1978 1521 2026 sum,
1552 1960 1859 2015 veritatem
1883 1958 2085 2013 dicens

437 2044 601 2101 vobis
634 2045 835 2113 (Galat.
870 2064 946 2116 ιν,
980 2048 1089 2119 46).
1126 2070 1153 2098 ››
1184 2050 1256 2105 Et
1286 2049 1544 2105 comicus
1571 2066 1583 2105 :

528 2135 854 2199 Obsequium
890 2136 1109 2195 amicos,
1141 2138 1339 2187 veritas
1368 2138 1551 2188 odium
1582 2139 1741 2202 parit.

441 2221 804 2296 Quapropter
857 2228 914 2280 et
970 2225 1192 2281 Pascha
1248 2243 1383 2283 cum
1449 2226 1944 2284 amaritudinibus
1993 2243 2085 2282 co-

440 2309 755 2381 medimus,
788 2318 845 2370 et
872 2331 973 2370 vas
1005 2314 1306 2373 electionis
1335 2317 1505 2374 docet
1532 2316 1755 2373 Pascha
1786 2315 2085 2372 celebran-

440 2400 583 2457 dum
613 2402 674 2457 in
703 2402 944 2460 veritate
977 2408 1035 2460 et
1081 2405 1414 2461 sinceritate
1464 2406 1507 2477 (l
1552 2406 1673 2476 Cor,
1724 2406 1819 2477 v);
1872 2405 2085 2459 veritas

439 2489 498 2545 in
533 2490 701 2547 nobis
734 2492 813 2547 sit
842 2492 1168 2562 sinceritas,
1202 2500 1259 2551 et
1301 2494 1631 2551 amaritudo
1676 2493 1831 2550 illico
1881 2508 2084 2549 conse-

443 2583 677 2650 quetur.

509 2670 599 2723 27.
634 2670 839 2726 Omnia
875 2672 974 2727 Dei
995 2673 1273 2729 voluntate
1295 2676 1430 2744 regi.
1463 2703 1531 2715 --
1563 2673 1711 2729 Illud
1762 2688 1893 2727 vero
1926 2670 2079 2742 quod

438 2754 498 2810 in
530 2754 643 2812 alio
696 2757 866 2829 ponis
917 2758 1043 2815 loco
1092 2762 1198 2829 (tit.
1230 2763 1407 2831 χχχι),
1439 2783 1468 2812 »
1523 2761 1740 2816 Omnes
1788 2760 2086 2815 voluntate

440 2846 678 2917 propria
706 2846 851 2919 regi,
882 2871 912 2898 »
939 2848 1072 2921 quis
1102 2850 1567 2907 Christianorum
1613 2854 1803 2923 potest
1833 2848 2035 2905 audire
2057 2847 2085 2903 ‘I

441 2933 498 2991 Si
531 2934 688 2990 enim
745 2952 859 2992 non
918 2954 1094 3009 unus,
1154 2956 1257 2995 nec
1324 2939 1515 3011 pauci,
1586 2955 1691 2995 nec
1758 2937 1946 3006 multi,
1982 2937 2082 2992 sed

440 3040 647 3080 omnes
677 3030 960 3098 reguntur
991 3028 1227 3101 propria
1264 3029 1588 3095 voluntate,
1634 3029 1735 3084 ubi
1784 3027 1895 3085 erit
1920 3026 2082 3083 auxi-

437 3110 585 3169 lium
617 3114 766 3171 Dei?
795 3116 863 3171 Et
891 3118 1185 3189 quomodo
1217 3117 1362 3174 illud
1394 3119 1632 3191 exponis
1653 3117 1681 3172 ?
1707 3140 1729 3166 α
1761 3121 1807 3173 Α
1836 3116 2083 3173 Domino

438 3219 679 3277 gressus
727 3204 985 3261 hominis
1028 3206 1366 3281 diriguntur
1408 3209 1593 3280 (Prov.
1644 3226 1739 3273 xx,
1769 3209 1904 3278 21:);
1942 3229 1968 3255 ››

2208 619 2323 676 fers
2354 635 2548 693 Opera,
2578 620 2676 676 sed
2710 619 2781 675 ad
2814 618 3165 675 conditionis
3195 633 3261 673 ac
3292 616 3439 690 legis
3470 620 3528 673 et
3557 613 3721 671 liberi
3756 630 3842 671 ar-

2206 709 2363 765 bitrii
2394 713 2762 781 potestatem.

2275 799 2363 855 28.
2389 799 2688 870 [inpiorum
2711 802 2763 854 et
2784 800 3104 871 iniquorum
3119 798 3427 854 diversitas.
3450 827 3518 837 -—
3539 792 3689 851 Illud
3713 807 3844 853 vero

2205 888 2361 960 quod
2420 888 2480 943 in
2539 887 2805 959 sequenti
2860 887 3029 959 ponis
3087 886 3342 960 capitulo
3400 887 3505 959 (tit.
3572 898 3705 954 χχιι,
3770 882 3845 938 αι.

2204 980 2416 1047 Lxxn):
2461 1000 2487 1028 ‹‹
2539 978 2600 1032 In
2649 978 2743 1033 die
2792 977 3003 1048 judicii
3063 976 3283 1050 iniquis
3334 982 3391 1033 et
3446 971 3844 1048 peccatoribus

2203 1084 2317 1122 non
2377 1068 2759 1140 parcendum,
2820 1067 2917 1121 sed
2963 1066 3193 1123 aeternis
3254 1084 3353 1123 eos
3412 1065 3647 1134 ignibus
3704 1078 3844 1117 exu-

2201 1158 2433 1213 rendos.
2472 1181 2498 1206 ››
2533 1158 2677 1212 ferre
2714 1156 2847 1229 quis
2877 1160 3085 1228 potest,
3118 1160 3175 1213 et
3203 1158 3224 1191 ‘
3271 1154 3619 1211 interdicere
3651 1156 3705 1207 te
3733 1150 3840 1205 mi-

2203 1247 2582 1302 sericordiam
2642 1246 2765 1313 Dei,
2825 1252 2882 1301 et
2938 1250 3070 1301 ante
3123 1246 3278 1301 diem
3317 1244 3528 1317 judicii
3589 1242 3660 1297 de
3715 1256 3843 1295 sen-

2200 1335 2382 1391 tentia
2448 1334 2667 1407 judicis
2759 1336 2915 1391 1‘24
2974 1334 3263 1406 judicare,
3341 1338 3407 1389 ut
3478 1332 3530 1389 si
3601 1326 3844 1385 voluerit

2201 1424 2419 1496 iniquis
2450 1430 2507 1479 et
2538 1424 2942 1497 peccatoribus
3000 1440 3256 1496 parcere,
3308 1427 3363 1479 te
3411 1419 3837 1494 prmscribente,

2200 1531 2315 1569 non
2348 1513 2534 1586 possit
2557 1514 2585 1568 ?
2614 1514 2773 1569 Dicis
2795 1513 2952 1569 enim
2980 1530 2991 1568 :
3016 1514 3313 1586 Scriptum
3336 1517 3425 1567 est
3445 1511 3505 1566 in
3526 1505 3840 1566 centesimo

2198 1602 2369 1659 tertio
2422 1602 2688 1675 psalmo:
2741 1626 2768 1652 ‹‹
2818 1602 3101 1660 Deﬁciant
3148 1607 3481 1675 peccatores
3527 1617 3561 1656 a
3606 1602 3758 1654 terra
3786 1599 3841 1649 et

2199 1692 2407 1764 iniqui,
2441 1691 2522 1747 ita
2551 1696 2616 1747 ut
2647 1708 2760 1748 non
2795 1692 2911 1748 sint
2945 1692 3118 1761 (Psal.
3142 1709 3261 1747 cm.
3284 1692 3399 1763 35).
3423 1712 3451 1741 »
3476 1690 3547 1745 Et
3569 1689 3629 1744 in
3653 1684 3835 1743 Isaia:

2200 1805 2227 1830 «
2262 1782 2691 1837 Comburentur
2721 1781 2909 1853 iniqui
2942 1786 2999 1837 et
3027 1786 3358 1854 peccatores
3406 1777 3605 1843 simul,
3653 1779 3710 1831 et
3740 1770 3837 1845 qui

2198 1870 2540 1943 relinquunt
2591 1875 2794 1938 Deum,
2846 1871 3420 1926 consummabuntur
3468 1869 3595 1940 (Isa.
3642 1879 3836 1927 χχχιιι,

2195 1959 2304 2029 44).
2339 1981 2366 2010 ››
2397 1964 2464 2014 Et
2492 1977 2608 2015 non
2640 1958 2922 2031 intelligis
2969 1958 3487 2016 comminationem
3534 1957 3637 2014 Dei
3666 1956 3839 2013 inter-

2194 2049 2337 2104 dum
2380 2066 2589 2104 sonare
2642 2049 3013 2104 clementiam
3042 2048 3070 2103 ?
3127 2049 3252 2103 Non
3303 2047 3459 2103 enim
3508 2046 3652 2103 dicit
3699 2049 3839 2103 eos'

2194 2138 2425 2194 aeternis
2457 2137 2696 2209 ignibus
2729 2138 3073 2202 exurendos,
3109 2138 3211 2193 sed
3242 2154 3276 2193 a
3305 2141 3459 2193 terra
3489 2136 3756 2203 deﬁcere,
3787 2138 3840 2192 et

2194 2227 2429 2299 iniquos
2458 2243 2586 2283 esse
2619 2243 2867 2283 cessare.
2913 2225 3084 2282 Aliud
3115 2226 3273 2282 enim
3304 2230 3393 2283 est
3441 2225 3602 2299 ipsos
3656 2242 3691 2281 a
3718 2241 3842 2298 pec-

2195 2321 2319 2372 cato
2350 2320 2408 2372 et
2437 2316 2746 2389 iniquitate
2778 2316 3081 2385 desistere,
3131 2321 3187 2371 et
3234 2314 3393 2372 aliud
3445 2315 3605 2388 ipsos
3653 2315 3837 2387 perire

2193 2406 2252 2461 in
2283 2409 2655 2477 perpetuum,
2689 2408 2745 2459 et
2774 2405 3006 2460 aeternis
3037 2403 3272 2477 ignibus
3315 2402 3696 2461 concremari.
3730 2407 3838 2460 De-

2195 2493 2370 2567 nique
2403 2494 2583 2550 Isaias
2610 2494 2680 2549 de
2712 2509 2827 2565 quo
2860 2492 3030 2565 ponis
3061 2493 3490 2561 testimonium,
3530 2516 3550 2543 ε
3586 2491 3837 2548 Combu-

2194 2590 2415 2653 rentur,
2445 2582 2657 2654 inquit,
2690 2587 3025 2655 peccatores
3065 2570 3123 2638 et
3169 2582 3359 2654 iniqui
3408 2581 3626 2649 simul;
3663 2604 3691 2631 ››
3726 2598 3837 2638 non

2194 2673 2376 2737 addit,
2416 2670 2478 2726 in
2530 2677 2845 2727 aeternum:
2900 2694 2927 2721 ‹‹
2982 2671 3049 2726 Et
3093 2671 3193 2744 qui
3244 2670 3584 2742 relinquunt
3629 2670 3836 2738 Deum,

2192 2761 2788 2818 consummabuntur.
2825 2782 2853 2809 ››
2886 2760 3124 2833 Proprie
3167 2760 3275 2815 hoc
3324 2761 3395 2815 de
3437 2758 3725 2816 hareticis
3754 2759 3837 2815 lo-

2194 2850 2412 2922 quitur,
2474 2849 2575 2921 qui
2633 2855 2860 2905 rectum
2913 2849 3047 2905 ﬁdei
3090 2849 3388 2905 tramitem
3441 2847 3839 2921 relinquentes

2193 2938 2779 3007 consummabuntur,
2804 2938 2853 2993 si
2877 2937 3171 2993 noluerint
3185 2938 3257 2993 ad
3273 2938 3589 2995 Dominum
3604 2938 3837 3005 reverti,

2192 3044 2367 3098 quem
2399 3026 2858 3098 dereliquerunt.
2893 3028 3027 3092 Quae
3068 3027 3357 3084 sententia
3385 3033 3441 3084 et
3483 3027 3590 3083 tibi
3634 3032 3839 3099 parata

2193 3121 2299 3185 est,
2334 3116 2384 3172 si
2408 3115 2733 3189 neglexeris
2760 3116 2831 3171 ad
2864 3116 3109 3172 meliora
3157 3116 3433 3173 converti.
3484 3117 3704 3173 Deinde
3734 3134 3837 3173 cu-

2000 3209 2077 3270 et,
2120 3273 2153 3279 ﬂ
2187 3208 2288 3278 jus
2319 3210 2406 3262 est
2448 3205 2815 3272 temeritatis,
2868 3205 3101 3277 iniquos
3152 3210 3210 3261 et
3258 3211 3591 3277 peccatores
3637 3206 3839 3279 impiis

444 3273 468 3351 ξ
502 3290 626 3347 Non
658 3297 748 3346 est
778 3292 837 3347 in
865 3293 1102 3350 homine
1126 3273 1219 3351 vvia
1243 3297 1372 3368 ejus
1404 3273 1618 3366 (Jerem.
1670 3314 1727 3363 χ,
1780 3273 1871 3366 22)
1894 3273 1912 3362 ’ς
1944 3316 1971 3343 ››
2001 3298 2076 3358 et,
2110 3273 2154 3342 (ἶ
2184 3273 2453 3368 jungere,
2489 3294 2647 3365 quia
2667 3293 2836 3349 nobis
2858 3293 2941 3349 sic
2962 3294 3372 3350 deﬁniuntur?
3393 3294 3595 3351 Omnis
3617 3295 3837 3367 impius

440 3392 468 3431 ι(
497 3378 679 3435 Nemo
736 3386 930 3453 potest
985 3384 1308 3456 quidquam
1368 3386 1646 3458 accipere,
1707 3384 1819 3441 nisi
1874 3384 2080 3439 datum

438 3467 695 3525 fuerit‘ei
728 3469 975 3542 desuper
1001 3474 1181 3539 (Joan.
1216 3490 1331 3543 χιχ,
1367 3474 1453 3545 Η)
1482 3490 1494 3527 :
1529 3496 1557 3525 »
1591 3480 1648 3530 et
1696 3474 1756 3529 in
1789 3472 1901 3529 alio
1931 3472 2077 3537 loco,

438 3578 468 3608 α
502 3556 650 3621 Quid
683 3557 841 3614 enim
873 3558 1057 3615 habes
1089 3562 1244 3634 quod
1275 3579 1391 3617 non
1422 3562 1697 3635 accepisti
1719 3562 1898 3617 ?Etsi
1926 3576 2082 3617 acce-

436 3646 596 3719 pisti,
630 3647 770 3719 quid
818 3648 1108 3720 gloriaris,
1158 3651 1326 3721 quasi
1375 3668 1491 3707 non
1544 3651 1833 3724 acceperis
1882 3652 1928 3723 (I
1957 3650 2076 3705 Cor.

435 3752 514 3802 ιν,
561 3737 665 3803 7)?
716 3758 743 3785 »
791 3737 1020 3799 dicente
1068 3738 1314 3795 Domino
1363 3739 1691 3797 Salvatore:
1748 3763 1775 3789 «
1818 3740 1940 3795 Non
1982 3739 2079 3794 de-

436 3823 636 3881 scendi
668 3826 739 3881 de
771 3825 914 3882 coelo
948 3830 1011 3882 ut
1052 3828 1260 3883 faciam
1308 3827 1666 3884 voluntatem
1719 3845 1932 3893 meam,
1978 3826 2078 3883 sed

435 3912 795 3971 voluntatem
827 3916 955 3987 ejus
1007 3918 1108 3989 qui
1169 3934 1261 3973 me
1320 3917 1487 3974 misit
1542 3918 1729 3974 Patris
1789 3918 1963 3989 (Joan.
1996 3934 2077 3982 v1,

435 3998 527 4070 38)
556 4021 571 4072 ;
599 4025 627 4052 »
650 4008 705 4059 et
724 4004 781 4059 in
807 4003 919 4061 alio
941 4004 1065 4061 loco
1092 4023 1105 4061 :
1132 4029 1159 4055 ‹‹
1185 4006 1370 4073 Pater,
1393 4008 1441 4063 si
1464 4007 1588 4064 ﬁeri
1612 4010 1855 4080 potest’,
1884 4013 2080 4063 trans-

439 4096 533 4147 eat
564 4107 598 4147 a
646 4108 739 4148 me
782 4092 931 4149 calix
978 4094 1107 4151 iste.
1159 4096 1573 4152 Verumtamen
1625 4114 1739 4153 non
1792 4099 1945 4169 quod
1976 4113 2080 4169 ego

438 4176 592 4262 volo,
625 4181 721 4236 sed
754 4181 907 4238 sicut
936 4188 997 4238 tu
1028 4185 1178 4253 (Luc.
1210 4202 1351 4249 xxu,
1385 4186 1497 4257 42).
1531 4208 1561 4235 ››
1611 4187 1681 4242 Et
1719 4189 1779 4242 in
1810 4187 2082 4242 Oratione

442 4268 786 4326 Dominica:
824 4271 1010 4327 «Fiat
1057 4272 1329 4330 voluntas
1374 4277 1497 4340 tua,
1550 4275 1702 4330 sicut
1746 4276 1807 4331 in
1859 4276 2000 4332 coelo
2028 4282 2085 4333 et

442 4358 505 4417 in
560 4362 715 4414 terra
766 4359 972 4430 (Matth.
1005 4378 1087 4430 v1,
1146 4362 1254 4434 10).
1310 4384 1337 4411 ››
1390 4365 1515 4430 Qua
1553 4364 1857 4420 sententiae
1904 4371 2083 4422 teme-

440 4436 617 4504 ritate
661 4448 855 4505 aufers
902 4448 1003 4505 Dei
1056 4466 1227 4507 omne
1272 4451 1663 4523 praesidium?
1708 4453 1777 4507 Et
1822 4455 1976 4526 quod
2026 4456 2084 4510 in

443 4537 557 4595 alio
588 4536 714 4594 loco
747 4538 965 4595 frustra
992 4539 1221 4595 conaris
1254 4540 1594 4613 adjungere,
1646 4564 1673 4591 ‹‹
1708 4542 1832 4598 Non
1865 4545 2088 4616 absque

2188 3384 2429 3456 iniquus
2458 3389 2547 3439 est
2577 3388 2635 3439 et
2667 3387 2956 3455 peccator,
2986 3399 3091 3439 nec
3140 3385 3551 3456 reciprocatur,
3591 3388 3656 3439 ut
3695 3401 3839 3457 pos-

2189 3475 2381 3530 simus
2429 3471 2639 3540 dicere,
2702 3472 2899 3528 omnis
2953 3476 3224 3544 peccator
3277 3477 3335 3528 et
3388 3472 3629 3544 iniquus
3658 3474 3838 3529 etiam

2188 3563 2407 3635 impius
2429 3566 2517 3617 est
2540 3563 2582 3618 δ.
2613 3560 2889 3633 Impietas
2911 3562 3068 3618 enim
3092 3562 3326 3635 proprie
3345 3562 3416 3616 ad
3440 3576 3539 3618 eos
3560 3561 3837 3635 pertinet,

2190 3653 2288 3725 qui
2320 3650 2587 3706 notitiam
2613 3647 2713 3706 Dei
2747 3666 2862 3705 non
2907 3650 3143 3718 hebent,
3191 3650 3280 3706 vel
3311 3650 3608 3724 cognitam
3636 3655 3833 3707 trans-

2188 3740 2485 3814 gressione
2515 3744 2839 3795 mutarunt.
2868 3743 3175 3796 Peccatum
3215 3745 3405 3797 autem
3454 3744 3512 3796 et
3554 3740 3841 3814 iniquitas

2187 3846 2291 3902 pro
2325 3829 2606 3901 qualitate
2637 3828 2936 3898 vitiorum,
2972 3834 3104 3901 post
3133 3830 3355 3902 peccati
3401 3833 3459 3885 et
3505 3828 3840 3903 iniquitatis

2186 3918 2447 3989 vulnera,
2504 3918 2709 3991 recipit
2767 3918 3098 3975 sanitatem.
3158 3918 3321 3975 Unde
3378 3918 3663 3990 scriptum
3713 3924 3836 3975 est:

2196 4030 2216 4056 ι
2253 4006 2437 4064 Multa
2475 4006 2706 4078 ﬂagella
2754 4006 3072 4079 peccatoris
3122 4008 3298 4079 (Psal.
3354 4024 3507 4075 χχχι,
3554 4006 3684 4075 l0);
3724 4030 3752 4057 »
3783 4011 3842 4064 et

2192 4114 2305 4153 non
2337 4096 2611 4152 interitus
2642 4096 3054 4174 sempiternus.
3095 4096 3165 4151 Et
3211 4112 3313 4168 per
3361 4095 3559 4151 omnia
3605 4095 3841 4170 ﬂagella

2192 4191 2366 4257 atque
2397 4186 2693 4241 cruciatus
2752 4185 3100 4240 emendatur
3146 4184 3343 4241 Israel.
3387 4208 3417 4235 «
3464 4185 3649 4249 Quem
3679 4185 3843 4241 enim

2192 4275 2384 4349 diligit
2411 4274 2696 4332 Dominus
2728 4273 2969 4345 corripit
3002 4290 3014 4329 ε
3059 4272 3317 4347 ﬂagellat
3362 4278 3559 4330 autem
3604 4291 3845 4331 omnem

2192 4363 2380 4419 ﬁlium
2408 4379 2585 4435 quem
2619 4362 2826 4435 recipit
2878 4363 3056 4434 (Hebr.
3109 4380 3211 4434 xu,
3262 4363 3339 4434 6).
3390 4362 3563 4420 Aliud
3617 4367 3712 4420 est
3742 4380 3851 4419 ca:-

2193 4454 2327 4510 dere
2359 4452 2624 4525 magistri
2684 4457 2741 4507 et
2794 4452 3051 4524 parentis
3109 4452 3355 4508 affectu:
3415 4450 3576 4509 aliud
3636 4457 3855 4510 contra

2196 4542 2561 4599 adversarios
2596 4540 2815 4596 crudeli
2851 4542 3047 4598 animo
3088 4541 3382 4599 desaevire.
3406 4544 3591 4609 Quam
3615 4543 3691 4599 ob
3724 4560 3858 4600 cau-

445 4622 546 4686 Dei
576 4626 764 4702 gratia
793 4628 834 4695 3,
871 4650 899 4679 ››
931 4629 1221 4700 quomodo
1263 4629 1467 4686 sentiri
1514 4629 1676 4700 velis,
1726 4647 1793 4687 ex
1824 4632 1933 4690 hoc
1959 4633 2084 4691 loco
2116 4648 2163 4714 D
2194 4649 2318 4689 sim
2350 4633 2369 4667 ⁷
2403 4635 2459 4688 et
2520 4631 2580 4686 in
2640 4631 2830 4703 primo
2884 4630 3112 4703 psalmo
3172 4632 3434 4688 canitur:
3496 4654 3525 4683 «
3558 4633 3856 4701 Quoniam

518 4888 533 4921 ι
574 4881 845 4938 Vatican.
877 4884 1093 4955 Rugosa
1135 4885 1289 4955 frons
1337 4899 1401 4938 ac
1429 4883 1607 4939 iristis
1647 4883 1875 4955 oﬂ‘endit
1909 4887 2097 4956 utique

447 4958 743 5025 correptos,
775 4957 886 5012 etc.

515 5028 537 5060 ²
567 5027 816 5089 Quidam
849 5042 993 5082 mss.
1029 5025 1089 5081 Si
1115 5026 1371 5098 possibile
1400 5034 1478 5082 est
1497 5044 1518 5089 ,°
1561 5044 1695 5082 mox
1734 5026 1922 5083 Vatie.
1959 5044 2093 5083 eum

445 5097 799 5171 Regio,Non
828 5098 968 5170 quod
996 5097 1267 5171 ego’volo,
1298 5098 1389 5153 sed
1419 5102 1498 5153 tu.
1545 5099 1825 5170 Denique,
1859 5100 2009 5155 Sicut
2033 5102 2097 5155 in

444 5170 611 5234 .cwlo,
641 5170 718 5224 ita
747 5174 797 5225 et
828 5173 889 5225 in
918 5170 1090 5226 terra.

519 5241 540 5274 ³
569 5239 698 5295 Vid.
732 5242 948 5297 librum
987 5242 1052 5297 de
1082 5243 1255 5297 Gestis
1285 5242 1520 5310 Pelagii,
1574 5258 1700 5313 cap.
1752 5242 1809 5308 3,
1862 5259 1919 5296 n.
1954 5244 2009 5311 5,
2043 5246 2099 5297 et

449 5328 573 5385 seq.
613 5312 714 5366 Pro
745 5315 963 5377 sentiri,
999 5314 1154 5385 quod
1189 5314 1507 5385 praeferunt
1537 5312 1709 5379 mss.,
1730 5318 1857 5385 erat
1874 5317 2096 5370 sentire.

450 5382 615 5439 Patet
648 5399 780 5457 vero
811 5382 1065 5457 maxime
1111 5382 1208 5439 ex—
1229 5385 1614 5457 sequentibus
1658 5384 2001 5457 Pelagianos
2031 5404 2099 5443 ea

451 5454 748 5535 sententia
774 5456 974 5535 gratiae
1005 5454 1420 5535 necessitatem
1446 5455 1644 5511 tollere
1664 5454 1952 5535 (voluisse.

523 5527 544 5558 δ
572 5524 851 5599 Vocula'm
877 5528 1176 5599 etfrectius
1204 5544 1349 5583 mss.
1406 5528 1697 5599 ignorant.
1752 5531 1923 5585 Porro
1954 5528 2102 5584 falsa

453 5596 590 5673 haec
608 5601 733 5673 erat
759 5597 975 5673 Pelagii
1008 5599 1349 5673 propositio,
1375 5596 1513 5671 quia
1536 5600 1784 5673 nimium
1810 5601 2101 5673 generalis

454 5676 514 5725 et
543 5667 831 5742 absoluta,
884 5667 1072 5742 neque
1116 5667 1518 5742 distinguebat
1570 5670 1722 5727 inter
1769 5667 2101 5742 graviorum

456 5747 514 5801 et
542 5740 826 5800 leviorum
856 5740 1174 5802 criminum
1206 5740 1355 5800 reos.
1386 5743 1669 5802 Praeterea
1696 5740 2015 5818 Pelagiani,
2040 5749 2103 5802 ut

2204 4883 2361 4941 infra
2389 4883 2767 4957 ostendemus
2807 4898 2875 4938 ex
2922 4882 3103 4954 Epist.
3151 4881 3356 4939 Hilarii
3400 4880 3863 4957 Syracusaniad

2203 4954 2622 5037 Augustinum.
2656 4954 2890 5026 iniquos
2920 4960 2977 5009 et
2998 4959 3333 5037 peceatores
3352 4954 3738 5037 appellabant.
3762 4973 3866 5037 eos

2206 5026 2395 5099 quiin
2427 5026 2647 5099 divitiis
2680 5031 3112 5099 permanerent,
3145 5026 3322 5082 etiam
3364 5026 3538 5082 si'de
3585 5027 3740 5098 ipsis
3773 5030 3865 5083 di-

2204 5097 2361 5154 vitiis
2413 5098 2813 5170 eleemosynas
2860 5103 2918 5154 et
2965 5097 3081 5153 alia
3123 5115 3304 5170 opera
3372 5099 3524 5154 bona
3571 5097 3866 5165 facerent,

2208 5172 2408 5243 sicque
2435 5171 2507 5225 ad
2540 5169 2766 5243 miajera
2794 5173 2849 5225 et
2897 5169 3254 5243 perfectiora
3283 5170 3693 5243 hortabantur,
3730 5178 3804 5227 ut
3833 5189 3871 5227 a

2209 5240 2537 5298 minoribus
2581 5240 2955 5297 deterrerent.
3005 5240 3115 5297 Vid
3168 5241 3319 5297 infra
3368 5241 3468 5298 lib.
3521 5259 3584 5310 ιι,
3634 5244 3755 5299 sub
3790 5244 3873 5298 ﬁ-

2209 5313 2652 5438 nem;91ibrum
2696 5329 2930 5385 quoque
2985 5313 3053 5369 de
3112 5313 3280 5371 Gesti:
3339 5314 3577 5385 Pelagii,
3635 5330 3775 5388 cap.
3810 5316 3871 5371 3.

2215 5403 2381 5438 num.
2454 5429 2465 5438 .

2215 5403 2381 5442 num.
2411 5403 2465 5439 υ.

2280 5460 2300 5491 ⁵
2332 5457 2493 5523 Quod
2526 5456 2723 5512 deerat
2746 5473 2831 5512 eos
2882 5455 3170 5512 sufﬁcitur
3213 5473 3244 5512 e
3293 5473 3438 5513 mss.
3490 5460 3549 5513 et
3573 5456 3872 5516 Victorio.

2282 5530 2303 5563 °
2338 5530 2547 5585 Iisdem
2596 5544 2742 5601 pene
2798 5526 2991 5583 verbis
3049 5529 3107 5584 S.
3170 5528 3444 5601 Hilarius,
3504 5529 3566 5583 in
3609 5530 3768 5601 psal.
3809 5549 3875 5586 ιτ

2213 5624 2240 5650 ‹‹
2260 5601 2385 5656 Non
2407 5600 2622 5666 omnis,
2648 5600 2746 5671 qui
2770 5605 3038 5672 peccator
3058 5606 3165 5667 est,
3189 5604 3245 5656 et
3263 5600 3485 5674 impius
3514 5600 3625 5669 est,
3637 5601 3879 5676 impius

2214 5680 2409 5729 autem
2442 5690 2556 5729 non
2588 5677 2779 5745 potest
2804 5687 3080 5745 noniesse
3108 5676 3402 5745 peccator.
3445 5695 3472 5722 ››
3500 5677 3611 5745 Veto.

2284 5748 2302 5783 ⁷
2333 5746 2497 5813 Quod
2527 5743 2703 5804 caute
2743 5743 3059 5818 legendum
3108 5743 3309 5805 monet
3338 5744 3745 5819 Martianaus,
3780 5746 3878 5806 lo.-
