3958 6402
126 358 244 430 845

984 357 1373 432 DIALOGUS
1418 360 1736 430 CONTRA
1778 357 2293 432 PELAGIANOS.
2325 401 2403 413 —
2444 366 2593 429 LIB.
2637 356 2688 428 Ῐ.

3415 366 3537 434 546

128 518 244 559 non
271 502 594 574 resurgunt
619 497 786 571 impii
818 498 877 553 in
899 486 1162 570 judicio;
1202 500 1369 570 ujam
1392 499 1629 556 enimin
1650 517 1777 573 per-
1803 501 1859 567 Α
1890 499 2172 555 mentaris
2207 499 2506 555 hominem
2539 515 2656 555 non
2684 515 2812 555 esse
2838 498 2965 555 sine
2995 503 3251 572 peccato,
3284 502 3383 558 sed
3408 518 3538 561 esse

129 589 410 647 ditionem
473 591 617 644 sunt
673 586 1059 660 przejudicati,
1094 609 1122 637 ‹‹
1192 603 1382 659 neque
1451 593 1780 659 peccatores

132 678 281 736 ’τπῦ
355 678 417 733 in
481 676 727 734 consilio
784 675 1081 747 justorum
1151 676 1328 747 (Psal.
1364 693 1404 744 1,
1435 678 1510 747 5).
1544 698 1573 727 ››
1606 676 1781 733 Aliud

125 768 287 826 enim
315 771 409 825 est
438 766 686 840 gloriam
708 765 943 839 perdere
1000 764 1368 836 resurgendi,
1401 764 1557 820 aliud
1594 766 1783 838 perire

127 861 452 931 perpetuo:
494 877 521 908 α
547 855 773 922 Veniet,
805 853 1018 926 inquit,
1085 852 1250 921 hora,
1315 853 1373 908 in
1433 871 1549 925 qua
1579 871 1782 910 omnes

126 947 232 1019 qui
262 946 324 1001 in
356 943 639 1017 sepulcris
668 946 825 1012 sunt,
857 941 1099 998 audient
1126 958 1328 998 vocem
1357 942 1508 1013 ejus,
1532 947 1589 998 et
1618 958 1781 1016 egre-

69 1022 75 1027 ⁷
128 1035 389 1101 dientur,
424 1032 524 1104 qui
556 1033 707 1088 bona
730 1031 1011 1096 fecerunt,
1030 1030 1090 1085 in
1113 1031 1602 1087 resurrectionem
1621 1032 1778 1098 vitae;

130 1124 234 1197 qui
300 1126 497 1179 autem
586 1120 742 1177 mala
822 1124 1089 1193 egerunt,
1157 1119 1219 1174 in
1295 1120 1780 1176 resurrectionem

127 1212 339 1285 judicii
364 1212 543 1284 (Joan.
579 1227 634 1278 v,
665 1210 757 1277 28,
780 1211 893 1282 29).
925 1232 952 1259 η
974 1209 1139 1265 Unde
1165 1213 1224 1264 et
1242 1208 1559 1281 Apostolus
1580 1211 1783 1266 eodem

131 1319 335 1367 sensu,
397 1300 537 1371 quia
592 1301 796 1356 eodem
854 1304 911 1356 et
967 1299 1201 1372 spiritu,
1260 1299 1522 1371 loquitur
1553 1301 1624 1355 ad
1669 1300 1785 1354 lto-

135 1375 370 1447 manos:
404 1412 431 1439 «
467 1388 818 1461 Quicunque
847 1387 1001 1443 enim
1033 1389 1159 1444 sine
1216 1386 1344 1460 lege
1374 1393 1783 1461 peccaverunt,

138 1480 267 1536 sine
294 1478 422 1551 lege
449 1478 749 1551 peribunt.
782 1478 851 1533 Et
878 1476 1215 1550 quicunque
1245 1477 1305 1532 in
1355 1476 1478 1549 lege
1508 1493 1783 1549 peccave-

134 1571 299 1638 runt,
330 1582 433 1640 per
461 1566 646 1639 legem
671 1565 1099 1638 judicabuntur
1129 1568 1288 1635 (Rom
1345 1582 1408 1632 11,
1440 1566 1552 1637 4‘2).
1589 1587 1617 1615 ››
1652 1565 1787 1621 Sine

131 1658 267 1730 lege
294 1655 509 1729 impius
539 1658 650 1722 est,
682 1655 783 1727 qui
816 1654 875 1710 in
944 1658 1225 1710 aeternum
1258 1654 1488 1727 peribit.
1560 1655 1623 1710 In
1662 1654 1788 1728 lege

134 1747 408 1818 peccator
436 1743 679 1799 credens
709 1742 768 1798 in
799 1742 1007 1809 Deum,
1041 1743 1142 1815 qui
1174 1759 1279 1815 per
1342 1742 1528 1815 legem
1551 1743 1788 1814 judica-

132 1824 317 1901 bitur,
349 1836 407 1889 et
435 1849 551 1888 non
584 1831 815 1905 peribit.
848 1832 907 1887 Si
940 1836 1273 1905 peccatores
1304 1836 1363 1888 et
1402 1832 1589 1904 iniqui
1621 1839 1788 1907 aeter-

131 1921 230 1977 nis
260 1921 498 1993 ignibus
521 1924 865 1989 exuruntur,
896 1936 1009 1975 non
1026 1921 1201 1977 times
1224 1921 1581 1977 sententiam
1595 1924 1783 1988 tuam,

135 2010 241 2083 qui
267 2009 538 2081 iniquum
570 2011 627 2065 et
655 2013 1020 2081 peccatorem
1048 2013 1106 2065 te
1135 2026 1263 2065 esse
1295 2010 1441 2065 dicis
1460 2010 1488 2063 ‘I
1513 2010 1583 2064 Et
1613 2025 1786 2083 argu-

136 2141 276 2182 cum
307 2123 546 2197 adducit
574 2123 846 2180 Servatus
873 2124 1072 2197 Lupus
1093 2124 1153 2180 in
1179 2124 1511 2181 Collectaneo
1533 2126 1597 2181 de
1612 2126 1790 2182 tribus

114 2196 558 2270 quaestionibus,
578 2199 656 2270 _ut
686 2211 856 2251 suam
887 2196 977 2251 de
1014 2197 1527 2270 praedestinatione
1561 2202 1791 2253 senten-

140 2266 289 2325 tiam
318 2267 542 2341 probet,
573 2266 632 2320 in
649 2266 1088 2341 quemisensu—m
1111 2267 1227 2341 alia
1247 2284 1314 2323 ex
1334 2269 1684 2341 Hieronymo
1707 2273 1789 2324 te-

140 2338 423 2397 stimonia
448 2355 519 2394 ex
544 2339 715 2412 tertio
746 2338 925 2412 hujus
956 2341 1149 2411 operis
1178 2340 1327 2395 libro
1359 2341 1418 2396 in
1446 2338 1583 2405 ﬂne',
1615 2346 1792 2412 atque

137 2430 211 2468 ex
241 2409 691 2468 Commentariis
746 2409 806 2465 in
864 2409 1078 2467 Isaiam
1134 2412 1361 2467 recitat.
1423 2412 1572 2467 Hinc
1638 2409 1792 2468 certe

141 2483 347 2540 hausit
374 2481 1015 2553 Pseudojllieronj'mus
1045 2482 1104 2537 in
1160 2483 1447 2539 Breviario
1481 2484 1539 2537 in
1572 2483 1790 2539 Psalte-

141 2556 300 2628 rium
327 2570 418 2628 ;_«_
439 2552 566 2608 Non
598 2552 765 2620 dixit,
798 2552 937 2624 quia
982 2570 1097 2628 non
1145 2560 1474 2628 resurgant,
1508 2556 1623 2628 sed
1656 2554 1796 2628 quia

143 2629 207 2683 in
234 2624 460 2698 judicio
489 2641 609 2681 non
639 2629 957 2697 resurgunt
977 2643 991 2693 ;
1011 2626 1139 2697 jam
1168 2624 1429 2682 enim‘de
1461 2626 1553 2682 his
1585 2624 1793 2698 praeju-

143 2698 410 2755 dicatum
437 2700 545 2752 est.
581 2717 609 2744 »
1450 2702 1453 2705 '

220 2770 236 2803 ¹
268 2766 469 2825 Innuit
494 2767 748 2840 proceris
778 2770 1034 2840 statura}
1054 2767 1355 2824 hominem
1405 2769 1586 2825 fuisse
1634 2768 1794 2826 Pela-

144 2842 335 2916 gium,
368 2838 540 2964 quem
573 2838 717 2894 etin
749 2840 982 2922 praefata
1002 2839 1102 2895 lib.
1137 2858 1198 2895 ιιι
1231 2839 1288 2894 in
1343 2840 1658 2897 Jeremiam
1697 2859 1797 2897 vo-

147 2918 246 2964 cat
282 2935 303 2963 ι
338 2913 384 2964 Α
410 2928 615 2964 mnum
656 2910 788 2964 (lea.
855 2911 1158 2964 Albinum)
1215 2928 1442 2964 canem.
1512 2914 1796 2964 grandem

147 2910 246 2969 Eat
282 2935 303 2963 ι
338 2910 615 2985 Alpinum
656 2910 788 2984 (leg.
855 2910 1158 2985 Albinum)
1215 2928 1442 2985 canem,
1512 2914 1796 2985 grandem

147 2992 207 3041 et
233 2982 668 3056 corpulentum,
701 2982 759 3037 et
786 2982 886 3055 qui
917 2983 1176 3038 calcibus
1209 2983 1399 3055 magis
1420 2982 1608 3056 possit
1639 2985 1799 3041 saevi-

147 3073 214 3113 re
242 3054 425 3127 quam
455 3054 754 3127 dentibus.
784 3076 813 3106 »

220 3124 440 3199 "Hunc
477 3125 668 3182 locum
701 3124 1197 3199 pleriqueomnes
1228 3125 1569 3199 suggillant,
1602 3130 1659 3199 et
1698 3144 1800 3183 ca-

148 3198 545 3270 lumniantur,
580 3214 645 3253 ac
695 3197 807 3270 non
855 3197 1029 3253 modo
1081 3197 1439 3270 heterod'oxi,
1490 3198 1682 3270 qualis
1714 3203 1803 3255 est

138 3253 484 3327 'Stanislaus
515 3253 850 3324 Pannonius
879 3269 1280 3341 Anahaptista,
1342 3253 1443 3324 lib'.
1506 3253 1572 3324 ἂρ
1609 3253 1799 3327 divian
1831 3253 1874 3319 (ἶ

150 3341 600 3423 Ρήίιαηῑιιτοορία,
634 3341 705 3396 ad
738 3341 1020 3423 nefariam
1051 3340 1318 3423 hieresim
1349 3343 1798 3423 perstruendam

149 3417 447 3485 usurpant
469 3411 496 3481 ;“
516 3429 716 3485 verum
747 3411 924 3468 etiam
954 3412 1279 3485 doctissimi
1309 3411 1421 3485 viri
1468 3429 1535 3469 ac
1567 3428 1801 3469 summe

148 3483 451 3557 catholici,
482 3484 674 3557 qualis
704 3555 711 3557 ν
739 3488 847 3557 est_
875 3489 1041 3557 certe
1087 3484 1460 3557 Abrincensis
1491 3486 1801 3557 episcopus

149 3556 360 3615 Daniel
390 3555 659 3623 Huetius,
700 3555 759 3610 in
816 3555 1202 3626 Origenianis,
1271 3555 1371 3611 lib.
1442 3573 1503 3620 ιι,
1526 3555 1799 3611 alienum

204 3628 595 3696 ronuntianta
618 3635 775 3683 recta
795 3627 928 3682 fide.
956 3627 1069 3682 Nec
1085 3627 1330 3699 dubium
1350 3626 1397 3681 si
1423 3629 1803 3699 quemadmo-

204 3648 595 3696 ΓΟΠυῌιιᾶΠῐᾶ
618 3648 775 3683 Γοῦῐιᾶ
795 3648 928 3682 uae.
957 3648 1069 3682 ΠΕΟ
1085 3648 1330 3682 (1110111111
1350 3648 1397 3681 SI
1423 3648 1803 3699 quemadmo-

150 3648 300 3758 gum
334 3701 819 3772 interpetrantur,
862 3699 1250 3772 Hieronymus
1299 3698 1530 3766 dixerit,
1574 3699 1804 3756 diabolo

152 3778 390 3829 tantum
420 3770 595 3842 atque
659 3771 859 3843 impiis
889 3793 917 3822 «
951 3770 1314 3843 hominibus,
1375 3772 1473 3842 qui
1536 3772 1803 3827 notitiam

157 3846 258 3904 Dei
291 3861 409 3901 non
440 3843 680 3912 habent,
712 3842 1217 3915 {sempiternas
1255 3843 1535 3899 destinari
1567 3860 1803 3915 poenas;

154 3915 546 3988 iniquispvero
566 3914 944 3988 Christianis,
991 3914 1223 3988 tametsi
1254 3914 1586 3988 graviorum
1626 3915 1806 3971 scele-

154 3985 291 4046 rum
327 3985 463 4053 reis,
497 3986 865 4042 solummodo
895 3985 1299 4058 temporarias.
1360 3986 1470 4041 Sed
1505 4003 1619 4041 non
1677 4003 1806 4043 eam

155 4061 349 4117 fuisse
379 4062 509 4130 ejus
537 4062 792 4113 mentem
842 4059 1151 4130 contendo,
1172 4058 1227 4130 ssi
1263 4059 1591 4130 commode
1624 4058 1809 4130 possit

154 4128 445 4188 catholico
475 4146 652 4202 sensu
685 4130 887 4202 accipi,
913 4129 1481 4202 neinvidiosissimag
1497 4128 1805 4202 calumniae

198 4206 362 4261 ateat
423 4201 784 4258 sanctissimi
813 4200 825 4202 θ
852 4201 1040 4273 Patris
1097 4200 1378 4273 doctrina.
1443 4200 1721 4273 Equidem
1757 4201 1806 4257 si

198 4222 362 4261 διθᾶῐι
423 4222 784 4258 ΒᾶΠΟῑΙΒὸΙΠΠ
853 4222 1040 4257 ΓΒΕΙΊΒ
1097 4222 1378 4256 (ΙΟΕῐῐΊΠᾶ.
1444 4222 1721 4273 mquluem
1757 4222 1804 4257 81

154 4222 343 4349 Euius
398 4273 824 4349 tantummodo,
868 4272 977 4329 loci
1047 4272 1303 4349 suspicio
1368 4273 1804 4349 purgandasit,

156 4344 333 4404 facile
363 4345 756 4419 praestiterim,
790 4344 871 4399 ita
900 4344 1258 4416 exponendo,
1304 4344 1804 4419 quemadmodum

153 4416 399 4476 nativus
464 4416 745 4473 orationis
774 4432 985 4472 sensus
1015 4432 1127 4487 pra:
1195 4431 1257 4471 se
1300 4416 1809 4474 fert:(2hrz‘stz’anos

126 4496 276 4547 non
307 4494 507 4546 tamen
535 4490 1005 4561 prwvan'catores,
1039 4504 1187 4559 quos
1206 4488 1378 4544 modo
1405 4487 1603 4561 impiis
1625 4505 1809 4561 annu-

154 4562 407 4631 meravi,
436 4563 487 4617 si
507 4559 567 4635 iii
592 4568 804 4635 peccato
864 4561 1133 4635 praeuenti:
1184 4561 1428 4635 fuerint,
1494 4559 1696 4635 utique
1726 4559 1806 4635 l_e-

1815 1877 1865 1944 B

1889 606 2081 662 posse.
2119 590 2269 660 Ergo
2299 588 2462 644 solus
2493 587 2591 644 ille
2618 588 2893 659 salvetur,
2926 589 3026 660 qui
3057 606 3359 662 nunquam
3407 593 3535 660 fuit,

1890 695 1995 733 nec
2025 682 2134 743 est,
2186 677 2286 733 sed
2339 678 2573 733 futurus
2619 684 2729 744 est,
2787 678 2939 734 726
2987 682 3089 733 aut
3135 678 3380 735 forsitan
3432 698 3538 737 nec

1891 766 2160 821 futurus:
2196 769 2255 820 et
2311 770 2549 838 pereant
2587 782 2812 835 omnes,
2849 783 2995 839 quos
3062 771 3214 823 retro
3244 768 3427 825 fuisse
3456 768 3538 826 le-

1890 855 2107 928 gimus.
2142 855 2227 909 Tu
2262 855 2386 925 ipse
2419 854 2521 926 qui
2552 854 2872 911 Catoniana
2903 856 3009 927 (Al.
3064 855 3398 929 Catoniaca)
3431 873 3539 915 no-

1892 943 1983 998 bis
2016 942 2242 997 inﬂaris
2275 942 2571 1014 superbia,
2623 946 2679 997 et
2709 942 2944 1000 Milonis
2993 942 3259 1000 humeris
3287 944 3542 1023 intume-

1893 1031 2064 1097 scis‘,
2134 1047 2246 1103 qua
2303 1031 2652 1099 temeritate,
2687 1036 2973 1105 peccator,
3009 1034 3275 1107 magistri
3321 1051 3536 1091 nomen

1896 1120 2156 1175 assumis
2176 1119 2205 1174 ?
2233 1122 2351 1174 Aut
2379 1118 2427 1174 si
2450 1120 2652 1190 justus
2678 1137 2761 1190 es,
2830 1126 2887 1177 et
2915 1121 3248 1179 humilitate
3292 1123 3542 1181 simulas

1894 1212 2280 1282 peccatorem,
2306 1208 2660 1264 mirabimur
2688 1214 2863 1283 atque
2893 1210 3287 1283 gaudebimus
3326 1213 3543 1269 habere

1892 1303 1949 1354 te
1981 1296 2174 1353 solum
2206 1301 2261 1352 et
2290 1297 2588 1370 possidere
2618 1315 2751 1353 cum
2784 1300 2979 1369 sociis,
3004 1300 3161 1371 quod
3183 1317 3288 1356 nec
3303 1301 3545 1373 patriar-

1894 1387 2166 1452 charum,
2196 1401 2302 1441 nec
2335 1385 2775 1458 prophetarum,
2811 1404 2917 1443 nec
2945 1386 3346 1460 apostolorum
3379 1390 3544 1463 quis-

1896 1476 2054 1548 piam
2086 1474 2312 1531 habuit.
2345 1475 2405 1529 Si
2436 1475 2540 1546 (Al.
2573 1475 2686 1544 sin)
2753 1482 2951 1533 autem
2991 1477 3271 1550 Origenes
3336 1496 3543 1536 omnes

1896 1562 2273 1621 rationabiles
2303 1568 2601 1620 creaturas
2633 1565 2774 1621 dicit
2801 1582 2917 1621 non
2948 1583 3077 1622 esse
3099 1568 3449 1640 perdendas,
3484 1574 3545 1625 ct

1895 1653 2124 1710 diabolo
2149 1653 2355 1708 tribuit
2419 1653 2846 1725 penitentiam,
2880 1654 3021 1727 quid
3054 1655 3126 1709 ad
3191 1672 3320 1723 nos,
3353 1657 3453 1729 qui
3487 1662 3546 1713 et

1898 1740 2200 1797 diabolum
2234 1745 2290 1795 et
2306 1740 2585 1797 satellites
2606 1743 2733 1812 ejus
2749 1758 3068 1812 omnesque
3085 1742 3300 1816 impios
3320 1750 3377 1801 et
3402 1762 3546 1817 prai-

1897 1830 2251 1886 varicatores
2282 1829 2535 1886 dicimus
2565 1830 2753 1902 perire
2780 1834 3079 1903 perpetuo,
3106 1838 3163 1887 et
3182 1832 3549 1901 Christianos

1897 1921 1946 1976 si
1992 1919 2051 1975 in
2100 1923 2338 1991 peccato
2398 1921 2672 1995 praeventi
2730 1920 3008 1987 fuerint',
3061 1920 3375 1979 salvandos
3417 1939 3546 1979 esse

1898 2014 2031 2083 post
2070 2025 2273 2081 pmnas
2290 2010 2319 2063 7
3516 2012 3524 2019 ’

1899 2125 2312 2200 diabolo__non_
2356 2130 2475 2180 tam
2529 2125 2736 2200 fratres
2797 2125 2942 2181 mihi
3001 2126 3219 2200 videris
3264 2144 3551 2200 premere,

1901 2194 2423 2272 quamdiaholum
2470 2197 2793 2272 sublevare,
2862 2213 2998 2272 cum
3071 2194 3284 2272 iisdem
3334 2194 3552 2272 quibus

1901 2268 2216 2323 Christiani
2248 2268 2486 2342 ignibus
2516 2268 2850 2342 puniendus
2882 2271 2979 2342 sit.
3014 2290 3042 2317 ››
3072 2270 3175 2324 His
3205 2270 3255 2342 si
3296 2268 3553 2342 oppona-

1902 2356 2036 2396 mus
2068 2339 2339 2412 sexeenta
2366 2339 2557 2412 ipsius
2586 2339 2921 2412 Hieronymi
2956 2340 3296 2396 testimonia
3325 2339 3546 2412 quibus

1901 2416 2147 2485 aeternas
2182 2410 2470 2485 malorum
2501 2410 2992 2485 ChristianOrum,
3026 2412 3128 2483 qui
3179 2410 3402 2485 absque
3430 2430 3553 2483 pce-

1906 2482 2149 2555 nitentia
2181 2482 2561 2555 decesserint,
2596 2481 2824 2555 futuras
2856 2481 3059 2554 poenas
3077 2481 3352 2555 expresse
3374 2481 3554 2541 tradi-

1903 2554 2008 2619 dit,
2044 2553 2124 2607 nil
2152 2553 2406 2625 amplius
2431 2553 2616 2609 evinci
2641 2553 2873 2622 volunt,
2895 2570 3071 2625 quam
3106 2553 3555 2611 mutasseillum

1906 2625 2222 2699 aliquando
2252 2625 2625 2699 sententiam,
2652 2642 2765 2699 nec
2786 2626 2978 2699 punice
3034 2641 3268 2699 semper
3296 2627 3557 2699 opinioni

1906 2696 2241 2771 adhaesisse.
2275 2697 2452 2771 Quasi
2482 2713 2615 2771 vero
2638 2696 2707 2752 in
2738 2697 2875 2771 his,
2911 2713 3061 2771 quos
3125 2696 3439 2771 tantopere
3463 2716 3559 2755 ca-

1904 2768 2275 2824 lumniantur
2304 2769 2468 2835 locis,
2500 2768 2803 2824 abnormis
2825 2769 2958 2840 ejus
2988 2770 3266 2826 doctrinae
3282 2768 3444 2826 error
3461 2773 3557 2827 sit.

1907 2841 2096 2896 Dixit:
2136 2863 2156 2889 αι
2231 2840 2629 2908 Peccatorum,
2662 2840 2761 2896 sed
2829 2846 3023 2896 tamen
3065 2840 3557 2909 Christianorum,

1908 2928 2166 2994 quorum
2195 2911 2521 2994 cpera‘igne
2544 2911 2847 2994 probanda
2868 2919 3046 2994 atque
3068 2914 3373 2994 purganda
3394 2912 3558 2983 sunt,

1911 2983 2271 3039 moderatam
2304 2983 2577 3039 arbitrari
2611 3000 2694 3049 se,
2716 2988 2775 3038 et
2803 2983 3041 3038 mistam
3070 2983 3395 3040 clementiae
3426 2998 3560 3042 sen-

1909 3056 2155 3112 tentiam
2179 3054 2419 3126 judicis.
2452 3077 2480 3103 »
2504 3054 2666 3109 Pauli
2701 3054 2857 3109 enim
2888 3072 3022 3111 vero
3046 3056 3448 3112 testiinonium
3474 3063 3564 3112 est

1911 3129 1943 3201 Ι⁸
1966 3127 2086 3183 Cor.
2116 3143 2201 3193 ιιι,
2225 3128 2312 3190 13,
2338 3127 2427 3201 id,
2448 3126 2913 3201 Christianorum
2936 3142 3109 3201 opera
3137 3126 3274 3201 igne
3304 3130 3559 3201 proban-

1913 3199 1988 3279 da
2008 3202 2071 3279 et
2103 3198 2427 3279 purganda,
2486 3201 2552 3252 ut
2583 3197 2910 3279 mercedem
2947 3197 3277 3279 'accipisnt,
3305 3197 3565 3279 ‘scilicet

1912 3275 1977 3324 ut
2008 3267 2526 3344 leviora'crimina,
2560 3272 2615 3323 et
2645 3285 2771 3339 quae
2803 3267 3239 3344 graviora,'jam
3289 3276 3428 3344 sunt
3458 3288 3563 3344 per

1910 3341 2328 3414 paenitentiam
2347 3340 2614 3414 dimissa,
2641 3339 2977 3414 purgatorio
3008 3339 3143 3414 igne
3172 3339 3553 3399 mundentur.

1910 3411 1976 3468 Et
1994 3417 2203 3493 noster
2232 3412 2481 3493 quidem
2504 3428 2621 3467 non
2642 3411 2918 3468 omnibus
2939 3413 3161 3493 passim
3186 3414 3558 3493 Christianis,

1912 3484 2012 3540 sed
2044 3484 2117 3538 iis
2149 3482 2326 3557 dixit;
2362 3506 2382 3531 ι
2445 3484 2703 3557 Quorum
2735 3499 2912 3557 opera
2942 3482 3095 3556 igne
3126 3487 3433 3557 probanda
3474 3493 3566 3544 at-

1912 3573 2025 3629 que
2056 3556 2362 3629 purganda
2392 3561 2552 3610 sunt.
2575 3578 2617 3629 _»
2647 3554 2870 3629 Quibus
2900 3554 3055 3611 certe
3084 3554 3277 3613 verbis
3326 3558 3565 3629 nonnisi

1913 3626 2290 3700 purgatoriis,
2354 3631 2418 3681 ut
2474 3626 2849 3700 ecclesastico
2908 3644 3085 3683 sensu
3151 3645 3219 3684 ac
3281 3628 3565 3685 vocabulo

1914 3699 2188 3771 dicimus,
2221 3715 2422 3771 pmnas
2453 3699 2524 3753 ad
2558 3702 2789 3771 tempus
2819 3699 3155 3771 duraturae,
3187 3703 3245 3754 et
3287 3700 3566 3757 ﬁdelibus

1915 3770 2131 3827 levium
2190 3770 2496 3843 culparum
2565 3770 2705 3843 reis,
2757 3774 2859 3843 aut
2936 3770 3270 3843 graviorum
3331 3788 3567 3843 quoque

1914 3848 2067 3915 post,
2095 3841 2517 3915 paenitentiam,
2578 3841 2959 3915 inﬂigendas;
3014 3841 3361 3915 significat,’
3393 3841 3568 3901 l’orno

1916 3912 2163 3970 alterum
2219 3913 2625 3968 testimonium
2692 3912 3160 3984 exiApologetit-o
3243 3913 3567 3970 adductum

1916 4002 2032 4041 non
2065 4000 2279 4057 moror,
2312 4001 2491 4054 supra
2520 3984 2675 4057 enim
2736 3983 2805 4037 ad
2839 4000 2971 4057 eum
3029 3984 3253 4057 locum,
3280 3987 3403 4057 (col.
3437 3988 3567 4055 449,

1914 4061 2028 4113 not.
2055 4057 2095 4124 ί)
2122 4056 2289 4116 satis.
2334 4061 2398 4110 ut
2454 4056 2678 4126 opinor,
2714 4054 3025 4126 manifesto
3057 4054 3306 4123 ostendi,
3338 4074 3453 4113 non
3486 4054 3560 4115 de

1916 4128 2081 4202 ignis
2112 4126 2437 4202 aeternitate
2468 4127 2530 4183 S.
2572 4131 2870 4202 Doctorem
2903 4125 3085 4202 loqui,
3107 4129 3208 4183 sed
3232 4134 3462 4202 tantum
3491 4132 3574 4186 vi-

1918 4197 2040 4255 d'eri
2075 4198 2187 4270 sibi
2218 4197 2515 4270 diabolum
2538 4197 2863 4270 sublevari,
2894 4197 3048 4270 quOd
3092 4216 3228 4255 eum
3259 4200 3470 4258 iisdem
3504 4219 3571 4258 ac

1916 4269 2279 4346 Christianos
2309 4269 2667 4346 cruciatibus
2699 4269 2949 4346 Rufinus
2979 4270 3313 4346 addiceret:
3350 4273 3572 4346 quippe

1918 4342 2017 4415 qui
2054 4342 2359 4415 sentiebat,
2393 4341 2719 4415 acerbiores
2768 4342 3133 4415 dmmonibus
3191 4361 3294 4415 pro
3325 4341 3566 4403 sceleris

1918 4411 2215 4488 gravitate,
2252 4430 2427 4488 quam
2460 4411 2731 4488 fidelibus
2761 4413 3059 4488 damnatis
3087 4411 3304 4488 deberi.
3354 4419 3571 4488 Quam-

1917 4483 2118 4543 obrem
2149 4483 2340 4556 neque
2368 4484 2417 4539 si
2452 4483 2810 4556 propositam
2862 4485 2956 4541 hic
3002 4485 3114 4542 loci
3162 4487 3569 4545 difficultatem

1916 4560 2163 4615 seorsim
2188 4556 2580 4628 extendimus,
2614 4573 2805 4628 neque
2833 4556 2883 4611 si
2914 4574 3049 4613 cum
3079 4558 3212 4614 aliis
3261 4558 3398 4615 hinc
3429 4560 3567 4617 inde

153 4635 341 4701 viore,
374 4626 531 4705 quod
562 4626 748 4705 a'lege
778 4626 1324 4705 prsevaricatio'non
1384 4626 1815 4705 sit,__sa[vmtdos
1842 4641 1892 4704 ι)
1921 4629 2302 4705 contulimus,
2364 4626 2782 4705 Hieronymus
2805 4632 3027 4705 temere
3054 4630 3339 4705 videatur,
3391 4638 3563 4705 atque

154 4724 275 4765 esse
302 4701 460 4778 posse
484 4701 707 4777 pa’nas,
729 4701 951 4778 scilicet
980 4704 1370 4778 purgatorias,
1390 4701 1612 4778 quibus
1633 4703 1813 4759 deleri

155 4773 697 4853 peccatum'queat.
728 4776 941 4832 Verum
959 4773 1185 4853 scimus
1207 4776 1277 4831 de
1299 4773 1478 4853 hujus
1499 4773 1611 4853 loci
1635 4792 1813 4853 sen_su

158 4846 231 4907 ex
262 4846 535 4905 duorum'
580 4847 828 4905 aliorum
889 4846 1196 4902 collatione
1250 4846 1396 4903 velle
1453 4846 1817 4903 adversarios

159 4921 323 4978 sumi
347 4918 663 4992 judicium.
696 4918 959 4992 Alterum
993 4921 1297 4992 opponunt
1325 4934 1394 4992 est
1441 4918 1817 4992 Commenta-

160 4994 268 5050 riis
300 4988 370 5047 in
396 4991 608 5049 Isaiam
642 5008 768 5065 cap.
805 4988 1113 5065 ultimo—:11:
1149 4989 1311 5045 Sicut
1340 4988 1580 5065 diaboli,
1615 4995 1671 5045 et
1701 5006 1821 5065 om-

161 5066 334 5122 nium
368 5061 729 5135 negatorum'
753 5067 928 5133 atque
954 5062 1293 5135 impiorum,
1326 5061 1427 5132 qui
1459 5061 1731 5116 dixerunt
1760 5062 1819 5116 in

161 5137 343 5195 corde
377 5133 505 5203 suo,
536 5151 647 5190 non
676 5142 757 5190 est
786 5135 950 5200 Deus,
985 5133 1279 5189 credimus
1310 5138 1525 5188 aeterna
1554 5137 1817 5188 tormen-

161 5215 261 5276 ta;
296 5208 386 5279 sic
458 5211 833 5279 peccatorum
874 5210 1047 5278 atque
1114 5205 1452 5279 impiorum,
1530 5208 1587 5279 et
1624 5209 1821 5260 tamen

164 5277 652 5360 christianorum,
682 5295 932 5360 quorum
947 5277 1136 5360 _0pera
1162 5277 1299 5360 igne
1316 5277 1615 5360 proganda
1644 5281 1822 5360 atque

166 5351 478 5427 purganda
508 5354 669 5427 sunt,
700 5348 1071 5427 moderatam
1095 5348 1473 5427 arbitramur,
1496 5352 1553 5403 et
1581 5348 1821 5403 mistam

166 5418 497 5483 clementia:
529 5422 881 5479 sententiam
946 5420 1182 5492 judicis.
1223 5442 1244 5469 ι»
1311 5418 1579 5492 Alterum
1607 5435 1675 5475 ex
1731 5436 1819 5485 eo,

168 5497 328 5571 quod
364 5495 571 5571 eadem
598 5493 663 5571 in
694 5490 1146 5571 Gommentariis
1165 5507 1399 5571 quoque
1398 5490 1545 5571 suis
1565 5490 1626 5571 i_n
1647 5491 1819 5564 epist.

171 5561 241 5626 ad
271 5567 563 5641 Ephesios
583 5564 652 5641 _S.
674 5565 889 5641 doctor
926 5561 1272 5641 asperserit,
1295 5561 1371 5641 ét_
1398 5561 1594 5619 Ruﬁni
1630 5561 1821 5641 repre-

132 5634 493 5700 ‘hensiones
566 5636 892 5705 declinans,
926 5634 1028 5693 lib.
1060 5634 1446 5707 iiApologiee,
1523 5634 1711 5707 num.’
1763 5637 1819 5690 7.

173 5711 477 5789 scripserit
495 5724 525 5789 :_
547 5730 576 5760 «
600 5708 779 5789 Quod
798 5778 832 5789 η
850 5713 1067 5789 autem.
1111 5706 1458 5789 imprecaris
1486 5776 1497 5789 .
1519 5706 1821 5776 fratribus,

173 5776 401 5851 ὶιοούῑ
445 5778 932 5845 criminatoribus
982 5779 1105 5839 tuis
1172 5776 1418 5841 aiternos
1481 5776 1647 5855 ignes
1687 5794 1822 5838 cum

1927 4702 2343 4783 imprudenter.
2375 4699 2625 4783 locutus.
2656 4699 2784 4781 .Sed
2836 4703 2902 4754 ut
2945 4700 3093 4783 nihil
3153 4699 3569 4783 calqmrijae'sit

1929 4770 2244 4846 reliquum,
2285 4770 2428 4846 illud
2462 4776 2552 4846 est
2576 4770 3207 4846 animo_repetendum,
3254 4773 3317 4846 S.
3362 4772 3573 4830 Docto-

1928 4841 2286 4901 rem'contra
2315 4842 2656 4915 Pelagianos
2687 4841 2962 4915 scribere,
2994 4843 3224 4915 sibique
3254 4844 3410 4900 hunc
3438 4862 3568 4902 esse

1928 4916 2293 4989 propositum
2341 4913 2608 4989 scopum,
2660 4918 2861 4989 contra
2894 4913 3143 4989 illorum
3192 4914 3456 4989 insanias
3503 4916 3575 4974 de

1929 4985 2299 5061 peccatorum
2327 4985 2557 5061 meritis
2590 4989 2645 5040 et
2678 4985 3042 5061 remissione,
3076 4987 3233 5057 quod
3263 4992 3322 5043 et
3348 4992 3405 5061 S.
3453 4990 3574 5061 Au-

1928 5055 2203 5134 gustinus
2234 5059 2390 5134 fecit,
2421 5057 2741 5134 disputare,
2777 5055 3219 5131 Pelagianorum
3268 5059 3425 5134 enim
3450 5060 3573 5116 haec

1930 5128 2055 5188 érat
2086 5129 2455 5205 Ιιγροοιιὶειίει,Δ
2481 5128 2523 5184 εξ
2568 5128 2894 5184 Stoicorum
2918 5128 3066 5205 nata
3112 5131 3367 5205 coenosis
3398 5132 3573 5188 fonti-

1930 5205 2061 5272 bus,
2095 5200 2318 5276 utque.
2348 5201 2498 5276 levia
2528 5205 2695 5256 erant
2724 5205 2980 5276 peccata,
3012 5200 3123 5276 ipsi
3157 5202 3328 5276 longe
3359 5205 3577 5276 gravis-

1931 5276 2083 5355 sima
2112 5271 2394 5355 dicerent,
2418 5273 2536 5328 imo
2566 5278 2636 5355 ut
2676 5271 2875 5355 paulo.
2903 5271 3175 5355 superius
3212 5271 3571 5355 adndtatum

1930 5353 2038 5416 est,
2072 5363 2185 5403 non
2217 5345 2646 5416 distinguerent
2673 5343 3140 5419 inter‘leviorum
3167 5346 3573 5419 etgraviorum

1931 5414 2247 5475 criminum
2296 5414 2487 5489 reos,‘
2507 5432 2622 5489 quo
2673 5414 2975 5472 severioris
3030 5414 3275 5489 justiﬁes
3338 5420 3573 5478 asseclte

1930 5492 2051 5563 ipsi
2067 5489 2437 5563 viderentur.
2456 5485 2825 5563 Proferamus
2849 5485 3097 5563 exempli
3156 5491 3347 5563 gratia
3376 5510 3443 5549 ex
3474 5495 3572 5551 Bi-

1931 5558 2057 5619 larii
2090 5558 2442 5637 Syracusani
2471 5575 2565 5637 ep.
2611 5559 2684 5637 ad
2732 5558 3357 5637 Augustinuquuod
3382 5567 3572 5637 jacta-

1931 5638 2057 5690 tum
2091 5629 2479 5703 a'Pelagianis
2509 5629 2760 5703 dicitur:
2804 5629 3112 5689 «(Divitem
3146 5629 3481 5694 manentem
3511 5638 3570 5694 in

1932 5705 2155 5782 divitiis
2185 5702 2310 5762 suis
2344 5702 2733 5782 regpumpei
2781 5720 2898 5761 non
2947 5720 3118 5782 posse
3172 5706 3420 5782 ingredi,
3448 5709 3569 5769 nisi

1933 5777 2132 5839 omnia
2162 5792 2271 5835 sua
2298 5772 2663 5849 vendiderit;
2695 5789 2802 5836 nec
2830 5772 3108 5857 prodesse
3154 5772 3342 5840 eld'em
3369 5772 3563 5864 posse,
