3972 6380
490 325 613 390 847

1738 329 1805 391 S.
1850 322 2160 391 EUSEBII
2203 322 2673 389 HIERONYMI.

3782 348 3787 349 ί
3802 316 3917 383 848

562 461 654 516 29.
704 462 820 516 Duo
863 459 1079 531 Pelagii
1125 458 1369 532 capitula
1438 462 1581 517 inter
1645 479 1701 516 se
1754 462 2142 532 discrepantia.
2174 463 2228 528 Α
2261 465 2353 516 tra
2407 461 2616 528 Deum,
2648 460 2697 514 si
2766 454 3039 530 pretiosis
3070 459 3245 529 atque
3309 452 3652 513 nitentibus
3683 457 3921 511 utantur

492 549 805 623 -—Jungis
836 552 1119 620 praeterea
1166 549 1281 605 duo
1332 549 1591 621 capitula
1637 549 1788 605 inter
1834 567 1895 605 se
1926 550 2148 606 discre-

496 638 716 710 pantia,
751 653 877 708 quae
907 637 957 692 si
986 653 1123 693 vera
1150 637 1289 703 sint,
1344 654 1409 693 os
1457 638 1683 709 aperire
1726 654 1841 693 non
1882 639 2100 709 poteris
2131 657 2143 694 :

496 725 914 798 «Sapientiam
964 728 1019 779 et
1072 726 1216 781 121
1267 726 1627 781 intellectum
1675 726 2139 798 Scripturarum,

504 815 615 868 nisi
648 814 750 885 qui
780 813 1069 883 didicerit,
1125 815 1273 870 scire
1324 832 1439 870 non
1485 833 1674 887 posse.
1713 840 1734 867 ι
1796 816 1863 870 Et
1891 815 2141 871 iterum:

495 926 522 951 ‹‹
553 903 873 959 Scientiam
907 902 1054 975 legis
1103 920 1219 959 non
1266 920 1551 976 usurpare
1596 905 1801 960 debere
1839 904 2143 959 indoctum

498 994 610 1063 (tit.
643 993 761 1063 xx).
802 1015 827 1040 η
860 996 979 1047 Aut
1007 991 1162 1047 enim
1197 993 1567 1064 magistrum,
1621 1009 1655 1048 a
1703 1008 1819 1063 quo
1852 992 2143 1058 didiceris,

492 1080 755 1159 proferre
786 1081 1034 1152 cogeris,
1068 1084 1131 1135 ut
1161 1079 1265 1135 tibi
1289 1080 1595 1136 scientiam
1619 1079 1768 1152 legis
1788 1079 2146 1134 liceatusur-

494 1184 633 1240 pare
660 1184 673 1223 :
710 1171 811 1223 aut
842 1169 890 1223 si
925 1169 1207 1241 magister
1234 1167 1370 1224 talis
1402 1174 1491 1225 est
1521 1169 1619 1240 qui
1653 1170 1728 1224 ab
1761 1168 1875 1224 alio
1908 1186 2023 1224 non
2055 1168 2142 1223 di-

491 1255 715 1322 dicerit,
749 1260 805 1310 et
833 1256 1097 1311 docuerit
1126 1261 1181 1311 te
1211 1258 1367 1327 quod
1402 1256 2143 1329 ipseignorabat,restatut

491 1358 605 1397 non
638 1348 790 1398 recte
823 1343 1025 1409 facias,
1060 1343 1162 1414 qui
1194 1344 1467 1401 indoctus
1526 1362 1778 1416 usurpas
1833 1344 2141 1401 scientiam

488 1430 923 1503 Scripturarum
955 1436 1013 1487 et
1041 1432 1324 1505 magister
1381 1433 1548 1504 prius
1596 1450 1775 1505 quam
1817 1433 2141 1506 discipulus

486 1536 614 1576 esse
645 1519 893 1591 ccepisti.
927 1520 1050 1576 Nisi
1118 1522 1264 1577 forte
1294 1521 1626 1579 humilitate
1694 1522 1888 1590 solita,
1921 1524 2139 1596 magis-

484 1613 643 1664 trum
675 1614 842 1664 tuum
867 1609 1108 1679 jactitas
1162 1610 1495 1676 Dominum,
1547 1611 1646 1681 qui
1697 1610 1865 1668 docet
1903 1626 2137 1667 omnem

486 1696 812 1764 scientiam,
864 1702 1086 1754 etcum
1137 1698 1333 1771 Moyse
1383 1699 1574 1769 (Exod.
1625 1716 1815 1768 xxxrv,
1893 1701 1929 1754 5
1971 1703 2137 1774 seqq.)

485 1787 546 1841 in
573 1785 728 1841 nube
755 1791 812 1840 et
842 1785 1091 1858 caligine
1141 1786 1285 1842 facie
1333 1788 1406 1842 ad
1456 1788 1665 1844 faciem
1728 1789 1899 1844 audis
1961 1792 2135 1845 verba

490 1874 609 1943 Dei,
642 1879 700 1929 et
727 1875 864 1930 inde
895 1874 1067 1931 nobis
1097 1881 1341 1930 cornuta
1362 1876 1548 1932 fronte
1580 1878 1861 1948 procedis.
1892 1878 2005 1933 Nec
2026 1878 2136 1934 hoc

472 1963 727 2025 sufﬁcit,
760 1964 862 2018 sed
895 1968 1133 2035 repente
1165 1964 1416 2019 mutaris
1450 1964 1508 2019 in
1542 1965 1827 2031 Stoicum,
1861 1970 1919 2021 et
1947 1967 2018 2023 de
2045 1968 2139 2023 Ze-

484 2052 657 2108 nonis
687 2051 855 2108 nobis
886 2056 1055 2107 tonas
1087 2052 1424 2125 supercilio,
1462 2075 1488 2101 «
1521 2053 1925 2109 Christianum
1974 2054 2136 2111 illius

485 2140 695 2196 debere
722 2156 851 2196 esse
882 2139 1198 2211 patientize,
1247 2145 1313 2197 ut
1356 2142 1411 2197 si
1459 2142 1590 2214 quis
1630 2159 1738 2198 sua
1784 2144 2013 2199 auferre
2040 2160 2137 2199 vo-

484 2227 682 2295 luerit,
716 2231 1020 2301 gratanter
1049 2229 1285 2286 amittat
1306 2230 1413 2301 (tit.
1434 2233 1721 2299 uxur,al.
1746 2236 1915 2300 LXIV).
1940 2254 1967 2281 »
1990 2232 2138 2288 Non-

487 2333 563 2372 ne
592 2316 763 2372 nobis
795 2315 942 2372 satis
958 2320 1047 2372 est
1068 2318 1355 2389 patienter
1396 2320 1636 2391 perdere
1656 2321 1810 2391 quod
1826 2320 2136 2388 habemus,

488 2406 603 2461 nisi
624 2405 876 2462 violento
906 2410 1081 2477 atque
1113 2406 1330 2479 raptori
1374 2424 1619 2479 agamus
1649 2408 1863 2481 gatias,
1913 2414 1970 2465 et
1999 2424 2135 2464 cum

483 2495 712 2549 cunctis
739 2493 1245 2551 benedictionibus
1269 2497 1740 2567 prosequamur?
1763 2498 1938 2554 Docet
1957 2499 2137 2553 Evan-

484 2582 703 2656 gelium
736 2583 925 2653 (Matth
955 2600 1009 2649 v,
1044 2585 1132 2655 40)
1166 2585 1240 2654 ei,
1275 2585 1374 2658 qui
1409 2587 1716 2643 nobiscum
1748 2586 1887 2642 velit
1913 2587 2134 2657 judicio

484 2672 858 2739 contendere,
890 2678 948 2727 et
978 2689 1081 2744 per
1110 2672 1243 2728 lites
1272 2690 1339 2728 ac
1361 2674 1562 2746 jurgia
1589 2676 1818 2730 auferre
1849 2676 2130 2743 tunicam,

484 2759 661 2815 etiam
691 2759 938 2831 pallium
969 2776 1103 2816 esse
1133 2762 1610 2818 concedendum:
1647 2779 1764 2819 non
1812 2758 2167 2836 prsecipit‘,’

485 2852 550 2902 ut
581 2864 828 2920 agamus
855 2849 1094 2921 gratias,
1126 2854 1183 2903 et
1229 2849 1343 2904 laeti
1391 2856 1591 2907 nostra
1636 2853 1971 2923 perdamus.
2013 2858 2135 2909 Hoc

487 2937 638 3005 dico,
674 2955 788 2994 non
820 2939 975 3010 quod
1027 2937 1247 3010 aliquid
1298 2937 1537 2995 sceleris
1581 2940 1640 2995 in
1692 2940 1799 2996 hac
1849 2943 2134 2998 sententia

484 3026 580 3095 sit,
614 3027 716 3082 sed
749 3028 904 3099 quod
940 3027 1157 3099 ubique
1192 3020 1568 3101 ὑπερϐολικῶς
1600 3030 1915 3085 mediocria
1943 3035 2134 3087 trans-

483 3131 604 3184 eas,
638 3121 695 3170 et
749 3133 966 3189 magna
1020 3116 1281 3171 secteris.
1336 3116 1497 3172 Unde
1550 3119 1844 3192 adjungis,
1896 3119 2138 3176 Gloriam

2259 565 2506 604 exuvus.

2327 638 2417 691 30.
2448 637 2706 707 Capitula
2735 636 2947 702 Pelagii
2976 635 3086 689 sibi
3114 634 3427 689 contraria.
3494 663 3562 673 -
3594 632 3921 689 Audimus

2255 730 2315 781 et
2344 730 2585 779 caetera:
2621 748 2645 771 «
2698 724 2973 779 Inimicos
3017 726 3083 777 ut
3147 722 3298 779 728
3344 720 3662 794 proximos
3690 720 3926 794 diligen-

2255 814 2504 884 dos(tit.
2570 829 2731 867 CLXIV
2787 816 2861 866 al.
2932 813 3136 882 evai).
3207 810 3541 881 statimque
3608 826 3921 883 oppressus

2255 902 2603 974 gravissimo
2666 901 2952 971 lethargo,
3018 900 3190 972 ponis
3256 905 3313 955 et
3381 899 3581 954 dicis:
3619 898 3915 955 «Inimico

2255 1006 2560 1061 nunquam
2590 1006 2719 1045 esse
2776 989 3135 1045 credendum
3204 990 3313 1057 (tit.
3347 1005 3508 1054 om,
3541 989 3621 1043 al.
3656 989 3859 1059 cum),
3891 1011 3915 1036 »ι

2252 1080 2408 1150 quod
2444 1079 2555 1135 sibi
2589 1095 2719 1134 esse
2751 1076 3134 1144 contrarium,
3173 1076 3349 1133 etiam
3386 1093 3489 1131 me
3522 1076 3757 1144 silente,
3791 1092 3915 1149 per-

2251 1169 2526 1240 spicuum
2558 1171 2665 1223 est.
2699 1168 2810 1222 Sed
2839 1167 2997 1221 dices
3028 1167 3134 1236 (Al.
3169 1166 3337 1237 dicis)
3399 1170 3736 1237 utrumque
3759 1166 3912 1220 voci-

2250 1255 2363 1311 bus
2416 1256 2728 1328 Scriptura:
2752 1255 3058 1321 contineri,
3104 1272 3222 1311 non
3272 1254 3762 1310 animadvertens
3801 1270 3910 1325 quo

2249 1360 2430 1399 sensu
2460 1344 2520 1399 in
2552 1345 2677 1400 suis
2707 1344 2848 1399 locis
2878 1344 3030 1398 dicta
3061 1342 3198 1400 sint.
3232 1343 3604 1415 Praeceptum
3631 1346 3724 1398 est
3745 1341 3905 1410 mihi,

2250 1438 2313 1487 ut
2343 1431 2587 1505 diligam
2618 1431 2911 1503 inimicos,
2943 1437 3000 1487 et
3048 1448 3210 1488 orem
3262 1449 3367 1504 pro
3401 1432 3905 1504 persecutoribus.

2248 1521 2523 1592 Nunquid
2549 1522 2787 1592 jussum
2819 1527 2926 1588 est,
2962 1525 3027 1577 ut
3079 1521 3162 1576 ita
3213 1519 3486 1593 diligam,
3521 1520 3694 1593 quasi
3726 1520 3909 1593 proxi-

2249 1627 2397 1677 mos,
2430 1613 2487 1666 et
2517 1611 2985 1683 consanguineos
3016 1614 3073 1666 et
3095 1611 3337 1678 amicos,
3367 1614 3437 1666 ut
3458 1611 3623 1665 inter
3638 1608 3907 1665 amulum

2247 1703 2305 1753 et
2337 1699 2733 1755 necessarium
2767 1698 2928 1754 nulla
2959 1699 3244 1755 distantia
3269 1698 3398 1755 sit?
3430 1699 3493 1754 Si
3523 1698 3803 1755 inimicos
3831 1698 3910 1753 di-

2248 1785 2365 1859 ligo
2416 1788 2586 1859 quasi
2646 1788 2972 1860 proximos,
3024 1788 3229 1845 amicis
3260 1787 3407 1859 quid
3463 1787 3727 1861 amplius
3755 1786 3909 1843 exhi-

2245 1875 2395 1931 bebo
2416 1876 2444 1931 ‘I
2472 1878 2586 1931 Aut
2615 1877 2662 1933 si
2696 1877 2803 1932 hoc
2836 1877 3063 1932 dixeras
3083 1878 3128 1942 ³,
3161 1876 3306 1931 illud
3359 1878 3559 1933 facere
3600 1877 3900 1940 debueras,

2246 1979 2319 2019 ne
2348 1965 2639 2021 contraria
2670 1966 2780 2021 sibi
2830 1966 2888 2020 in
2937 1966 3137 2020 eodem
3191 1964 3317 2020 loco
3368 1965 3573 2021 dicere
3603 1964 3898 2033 videreris,

2249 2052 2555 2108 «Inimico
2587 2070 2888 2125 nunquam
2918 2070 3047 2109 esse
3097 2053 3490 2110 credendum.
3530 2076 3552 2103 ι
3606 2054 3715 2109 Sed
3757 2069 3901 2124 quo-

2245 2141 2420 2223 modo
2451 2141 2733 2213 diligatur
2760 2142 3062 2208 inimicus,
3096 2154 3155 2197 et
3183 2141 3277 2198 lex
3307 2143 3488 2197 docet
3519 2141 3712 2213 (Exod.
3745 2157 3899 2207 xxru,

2247 2230 2476 2301 lseq.):
2522 2231 2865 2301 jumentum
2910 2230 3225 2286 adversarii
3271 2230 3320 2285 si
3359 2230 3665 2298 ceciderit,
3716 2229 3901 2285 sublen

2243 2320 2500 2374 vandum
2549 2321 2727 2389 (Deut.
2777 2337 2919 2385 xxu,
2970 2320 3068 2388 4):
3116 2324 3173 2374 et
3220 2319 3587 2391 Apostolus:
3622 2342 3651 2370 «
3684 2318 3746 2373 Si
3774 2333 3899 2374 esu-

2245 2408 2407 2463 rierit
2436 2407 2714 2464 inimicus
2746 2413 2909 2473 tuus,
2943 2408 3073 2463 ciba
3102 2407 3310 2476 illum;
3343 2409 3398 2464 si
3433 2408 3674 2479 sitierit,
3719 2408 3794 2463 da
3819 2406 3895 2461 illi

2245 2502 2469 2569 potum.
2498 2497 2615 2552 Hoc
2646 2497 2801 2553 enim
2836 2497 3077 2564 faciens,
3110 2498 3399 2553 carbones
3454 2497 3615 2571 ignis
3662 2511 3893 2569 congre-

2244 2587 2409 2659 gabis
2441 2603 2619 2658 super
2648 2592 2824 2658 caput
2854 2588 3171 2658 ejus(Rom.
3196 2602 3298 2653 xu,
3320 2587 3419 2658 20)
3447 2605 3460 2655 ;
3494 2608 3523 2636 »
3556 2602 3672 2643 non
3694 2586 3753 2640 in
3784 2600 3895 2640 ma-

2242 2674 2522 2731 ledictum
2582 2680 2641 2730 et
2696 2676 3267 2741 condemnationem,
3317 2678 3386 2729 ut
3414 2674 3683 2746 plerique
3705 2671 3892 2730 existi-

2243 2768 2428 2832 mant,
2498 2765 2598 2819 sed
2646 2765 2704 2818 in
2775 2764 3190 2819 correctionem
3222 2769 3280 2821 et
3344 2764 3801 2835 paenitudinem,
3832 2764 3892 2816 ut

2244 2857 2556 2926 superatus
2609 2854 2931 2921 beneﬁciis,
2978 2858 3250 2909 excoctus
3296 2854 3525 2909 fervore
3575 2850 3888 2921 charitatis,

2242 2941 2518 2998 inimicus
2549 2958 2676 2997 esse
2708 2943 3005 2999 desistat‘.

2318 3032 2406 3086 3|.
2440 3032 2522 3086 An
2578 3048 2812 3103 regnum
2862 3034 3125 3087 cwlorum
3178 3034 3239 3085 in
3289 3033 3465 3087 reteri
3526 3033 3661 3087 Test.
3710 3043 3886 3101 repro-

2242 3123 2490 3176 missum.
2526 3150 2589 3159 οσ-
2640 3120 2820 3175 Addis
2872 3125 3171 3193 prieterea,
3205 3142 3232 3169 ‹‹
3288 3120 3564 3193 Regnum
3615 3119 3882 3175 caelorum

481 3207 717 3261 vestium
739 3209 790 3261 et
821 3209 1269 3262 ornamentorum
1303 3208 1409 3262 Deo
1439 3222 1551 3262 esse
1594 3211 1974 3281 contrariam,
1997 3211 2130 3275 Qum
2161 3199 2205 3266 C
2242 3211 2415 3267 etiam
2451 3211 2507 3265 in
2537 3210 2913 3265 Testamento
2935 3210 3111 3265 veteri
3134 3209 3466 3281 repromitti
3494 3211 3603 3281 (tit.
3622 3207 3882 3278 cxxm);»

482 3299 641 3362 sunt,
675 3310 838 3366 rogo,
872 3294 1192 3349 inimicitia
1223 3299 1426 3351 contra
1454 3300 1657 3364 Deum,
1679 3296 1727 3352 si
1751 3298 2010 3354 tunicam
2035 3299 2133 3354 ha-

482 3382 663 3438 buero
695 3382 1090 3450 mundiorem,
1121 3384 1171 3438 si
1203 3385 1538 3456 episcopus,
1571 3387 1893 3459 presbyter,
1923 3391 1981 3443 et
2007 3389 2129 3443 dia-

483 3486 689 3538 conus,
723 3475 781 3525 et
808 3471 1071 3542 reliquus
1103 3473 1243 3526 ordo
1302 3472 1734 3530 ecclesiasticus
1784 3475 1840 3531 in
1874 3476 2130 3532 admini-

483 3559 765 3615 stratione
784 3559 1204 3615 sacriﬁciorum
1225 3560 1473 3615 candida
1487 3564 1677 3617 veste’
1700 3564 2131 3634 processerint?

482 3649 708 3715 Cavete,
742 3648 959 3717 clerici,
993 3653 1209 3716 cavete,
1262 3650 1570 3717 monachi;
1619 3651 1806 3705 viduae
1854 3658 1911 3708 et
1957 3652 2131 3726 virgi-

481 3754 609 3803 nes,
641 3737 1079 3810 periclitamini,
1114 3739 1227 3793 nisi
1259 3739 1529 3794 sordidas
1558 3756 1659 3795 vos
1700 3745 1873 3812 atque
1904 3758 2133 3814 panno-

480 3843 578 3883 sae
606 3826 819 3899 vulgus
851 3828 1161 3899 aspexerit.
1195 3828 1378 3882 Taceo
1413 3827 1483 3881 de
1533 3828 1876 3885 hominibus
1908 3832 2127 3901 saeculi,

480 3915 698 3988 quibus
726 3921 922 3989 aperte
953 3915 1171 3972 bellum
1204 3915 1503 3984 indicitur,
1536 3922 1593 3973 et
1643 3917 1965 3976 inimicitiae
1994 3938 2131 3978 con-

485 4109 538 4188 si
558 4110 707 4166 forte
738 4127 810 4166 ex
830 4111 1046 4188 iisdem
1064 4112 1507 4188 divitiis_f_ecerit
1527 4115 1824 4172 mandata.
1858 4140 1884 4166 ››
1910 4118 2133 4188 Iniquis

485 4185 545 4236 et
577 4183 984 4255 peccatoribus
1015 4185 1337 4255 deputandi
1395 4191 1561 4241 erant
1588 4203 1656 4242 ex
1711 4204 1913 4243 eorum
1954 4183 2132 4246 sensu

485 4253 838 4325 retentisque
905 4253 1140 4325 ignibus
1208 4258 1508 4322 exurendi,
1576 4260 1808 4315 tametsi
1877 4262 1949 4315 de
2008 4261 2133 4318 suis

484 4323 705 4401 divitiis
739 4323 1494 4401 elecmosynaserogarent,
1527 4334 1583 4383 et
1612 4339 1895 4401 praecepta
1933 4333 2135 4389 omnia

484 4400 684 4474 sancte
715 4397 1097 4474 custodirent.
1124 4397 1473 4468 Hujusmodi
1507 4397 1724 4474 parmas
1746 4397 2135 4474 Hieronymus

485 4471 604 4545 toto
636 4466 745 4522 hoc
778 4467 1030 4545 capitulo
1064 4466 1390 4545 impugnat,
1434 4466 1806 4545 ostenditque
1844 4490 1912 4529 ex
1950 4466 2135 4531 haere-

484 4538 741 4638 ticoruml
769 4540 934 4638 s‘equi
970 4538 1281 4638 sententia,
1312 4547 1408 4638 δι
1460 4559 1630 4638 nemo
1681 4538 2134 4638 unquamuzete‘r-
2173 4574 2218 4638 D

485 4627 622 4666 nam
658 4610 908 4666 salutem
943 4617 1043 4666 aut
1073 4616 1245 4667 antea
1274 4612 1612 4681 obtinuerit,
1660 4610 1991 4681 aut-possit
2037 4619 2137 4674 ob-

485 4633 622 4666 IIIIII
658 4633 908 4666 salutem
943 4633 1043 4666 ant
1073 4633 1245 4667 antea
1274 4633 1612 4681 ODUDUBI‘IL,
1660 4633 1761 4669 aur.
1844 4633 1991 4673 OSSlt
2037 4633 2134 4674 OD-

484 4682 669 4738 tinere
705 4683 759 4737 in
795 4687 1116 4753 posterum.
1147 4683 1379 4739 Clarum
1414 4686 1555 4740 adeo
1587 4691 1675 4742 est
1703 4688 1773 4741 de
1802 4633 2134 4746 1levioribus

483 4753 681 4827 culpis
704 4771 840 4810 eum
874 4754 1055 4826 loqui,
1084 4756 1142 4810 in
1170 4756 1385 4827 quibus
1418 4761 1739 4827 prmventos
1770 4757 2133 4817 Christianos

483 4824 742 4904 haeretici
813 4824 1093 4898 perpetuo
1145 4824 1510 4904 damnandos
1556 4828 1941 4904 blaterabant,
2009 4834 2135 4904 ipse

484 4896 951 4980 salvand‘os'pos’t
963 4899 1597 4980 purgationisApmnam
1621 4901 1905 4980 catholica
1927 4896 2131 4980 seq-sit.

486 4969 548 5023 In
582 4968 884 5043 linebaud
919 4968 1300 5043 dissimules
1327 4968 1389 5043 S.
1421 4972 1751 5043 Aiigustino
1786 4974 1884 5029 lib.
1916 4975 1981 5029 de
2009 4976 2137 5030 Fide

483 5048 535 5094 et
563 5041 855 5110 operibus;
890 5046 945 5095 et
975 5041 1034 5095 in
1068 5040 1405 5096 Enchiridio
1462 5040 1541 5097 de
1557 5042 1707 5109 Fide,
1768 5044 1869 5110 Spe
1916 5050 1965 5100 et
1997 5046 2135 5102 Cha-

485 5111 672 5191 rilate,
706 5111 1121 5191 deditanopera
1171 5117 1522 5191 sententam,
1568 5131 1745 5191 quam
1790 5111 2136 5191 Hieronymo

488 5180 803 5265 adversarii
839 5180 1130 5265 tribuunt,
1180 5184 1512 5265 impugnari
1544 5202 1556 5249 ;
1586 5180 1707 5265 'sed
1760 5180 2137 5265 quando'au-

487 5250 666 5332 cteris
694 5270 932 5338 nomen,
964 5255 1020 5309 in
1058 5272 1232 5338 quem
1263 5250 1551 5338 velitetur,
1576 5250 1886 5338 episcopus
1916 5260 2137 5338 Hippo-

488 5327 696 5403 nensis
723 5327 895 5403 tae_et,
919 5343 1038 5403 non
1070 5327 1187 5382 nisi
1217 5327 1500 5398 injuriose
1532 5327 1737 5399 opinor
1778 5327 1945 5387 'hanc
1985 5327 2139 5387 irivi-

488 5392 648 5470 diam
682 5392 740 5448 in
802 5397 861 5451 S.
919 5398 1219 5470 Doctorem
1266 5392 1783 5470 nostrum,'quem
1823 5403 2141 5460 orthodoxe

488 5463 751 5542 sensisse
767 5468 1171 5542 ostendimus,
1204 5485 1377 5542 posse
1408 5463 1683 5526 converti.

500 5578 503 5581 .
563 5536 579 5570 ι
618 5536 1029 5619 Ι)υο.νειὶοαῐη
1063 5536 1223 5595 mss."
1243 5541 1352 5619 sub
1410 5542 1808 5619 interrogandi
1862 5550 1999 5602 nota
2039 5544 2141 5619 ἐμ·

492 5606 900 5694 φαξιέῳτέρως,
927 5626 1063 5694 num
1086 5615 1363 5694 ρνιτεξρίι,
1385 5617 1503 5694 εἴθ.

561 5679 584 5717 ⁸
616 5676 1051 5755 Hino'arguunt
1080 5676 1317 5757 eruditi,
1348 5676 1489 5745 olim
1509 5684 1929 5760 prlmisEecles
2043 5706 2071 5752 ι
2120 5722 2142 5740 -

2241 3301 2528 3373 ponisque
2557 3299 2896 3355 testimonia
2945 3300 3018 3354 de
3064 3298 3435 3371 apocryphis,
3488 3315 3624 3353 cum
3665 3294 3883 3370 perspi-

2242 3405 2421 3445 cuum
2454 3389 2549 3457 sit,
2588 3404 2832 3461 regnum
2865 3387 3144 3443 caelorum
3176 3388 3440 3459 primum
3490 3387 3551 3443 in
3590 3382 3883 3458 Evangelia

2240 3477 2541 3551 praedicari
2586 3494 2689 3549 per
2731 3477 3018 3533 Joannem
3070 3476 3424 3548 Baptistam,
3480 3482 3540 3533 et
3582 3474 3883 3532 Dominum

2240 3566 2622 3632 Salvatorem,
2656 3571 2713 3621 et
2747 3566 3062 3638 apostolos.
3089 3566 3231 3637 Lege
3263 3565 3596 3638 Evangelia.
3638 3564 3881 3620 Joannes

2240 3655 2503 3727 Baptista
2532 3654 2747 3710 clamat
2778 3655 2836 3709 in
2890 3654 3160 3710 deserto:
3196 3676 3224 3704 «
3272 3654 3685 3710 Pcenitentiam
3718 3649 3879 3723 agite,

2239 3743 2731 3815 appropinquavit
2760 3742 2916 3798 enim
2949 3758 3197 3815 regnum
3228 3742 3513 3799 ccelorum
3563 3741 3765 3814 (Matth.
3801 3752 3880 3804 ru,

2239 3833 2315 3903 2).
2354 3855 2380 3881 ››
2414 3834 2481 3887 Et
2509 3833 2579 3887 de
2629 3831 2925 3887 Salvatore
2976 3832 3261 3904 scriptum
3291 3837 3418 3901 est;
3455 3856 3482 3881 ‹‹
3540 3833 3621 3887 Ex
3648 3847 3714 3886 eo
3742 3832 3878 3884 tem-

2240 3937 2378 3993 pore
2408 3920 2580 3993 cmpit
2612 3922 2923 3993 praedicare
2955 3925 3011 3977 et
3032 3922 3256 3977 dicere:
3280 3922 3690 3977 Pmnitentiam
3714 3916 3874 3990 agite,

2242 4118 2387 4175 culis
2418 4135 2534 4174 non
2584 4116 2715 4174 aliis
2749 4134 2816 4195 ac
2835 4117 3212 4195 saecularibus
3234 4117 3605 4195 indumentis
3650 4111 3876 4195 clericos

2241 4208 2383 4247 usos
2432 4205 2584 4257 esse,
2626 4206 2752 4260 quae
2802 4190 2861 4244 in
2912 4190 3333 4245 sacriﬁciorum
3382 4187 3877 4260 administratione

2244 4262 2557 4335 mundiora
2586 4258 2815 4335 tantum
2845 4267 3041 4317 essent
3056 4278 3123 4317 ac
3142 4261 3418 4335 nitidiora
3446 4279 3461 4330 ;
3485 4261 3572 4317 sic
3587 4258 3744 4335 enim
3760 4269 3877 4335 εᾳηο

2242 4334 2430 4405 didam
2458 4341 2657 4405 vestem
2689 4332 3164 4405 interpretantur.
3198 4334 3405 4405 Confer
3436 4326 3565 4405 qua:
3585 4330 3735 4386 idem
3760 4326 3877 4405 Hig-

2243 4422 2373 4471 ron,
2406 4404 2659 4459 habetin
2682 4394 3134 4460 Commentariis
3160 4405 3218 4459 in
3242 4394 3525 4460 Ezechiel.
3553 4420 3601 4458 c.
3622 4414 3779 4471 XLIV.
3798 4394 3875 4459 17,

2244 4482 2301 4532 et
2331 4493 2457 4547 quas
2490 4475 2974 4548 ibiadnotamus.
3008 4476 3152 4531 Hinc
3184 4481 3337 4532 certe
3386 4476 3610 4548 factum
3642 4470 3872 4548 videtur,

2249 4554 2315 4603 ut
2344 4545 2534 4603 vestes
2565 4545 2675 4600 illis
2710 4546 3012 4603 nitidiores
3042 4552 3217 4619 atque
3247 4548 3501 4619 optimae,
3535 4547 3674 4601 dum
3703 4545 3877 4619 rarius

2249 4624 2634 4695 usurpentur,
2679 4624 2751 4695 et_
2783 4611 3196 4675 custodiuntur
3216 4611 3591 4695 studiosius,
3613 4611 3878 4695 paulatim

2242 4689 2531 4747 evaserint
2561 4689 2910 4761 singulares,
2960 4707 3095 4746 cum
3142 4691 3393 4746 subinde
3415 4689 3743 4761 communis
3760 4693 3876 4761 ves-

2243 4762 2390 4843 tium
2413 4762 2606 4843 arma
2628 4748 2965 4843 mutantur;
2996 4762 3195 4843 sicque
3219 4762 3328 4843 illa:
3352 4748 3876 4843 sacrificiorumid:

2244 4832 2659 4889 ministrationi
2712 4833 3018 4904 assignate:
3068 4832 3205 4889 sint.
3257 4834 3541 4889 Caeterum
3584 4832 3875 4904 notissima

2245 4910 2337 4961 est
2365 4904 2655 4960 C(elestini
2690 4891 2867 4975 papa;
2885 4907 3174 4960 sententia
3200 4922 3213 4960 :
3252 4928 3280 4955 ‹‹
3308 4900 3683 4960 Discernendi
3713 4913 3744 4950 ει
3771 4891 3875 4965 ple-

2248 4978 2337 5043 be,
2369 4976 2457 5030 vel
2487 4976 2711 5030 czeteris
2743 4992 2951 5031 sumus
2981 4978 3263 5045 doctrina,
3297 4993 3411 5031 non
3433 4978 3591 5031 veste
3616 4991 3629 5041 ;
3655 4977 3871 5045 conver-

2248 5038 2492 5121 satione,
2519 5047 2877 5121 non_hab_it_u
2906 5065 2918 5114 ;
2954 5050 3167 5103 mentis
3199 5038 3470 5121 puritate,
3505 5038 3625 5101 non
3650 5038 3821 5097 cultu.
3845 5054 3866 5083 ι

2249 5120 2430 5191 Epist.
2467 5117 2538 5173 ad
2573 5117 2944 5192 episc.‘Vien.
3199 5117 3217 5121 ⁷
3322 5191 3327 5192 ί
3721 5183 3730 5192 ,

2319 5192 2340 5225 ³
2368 5193 2551 5245 Antea
2579 5176 2703 5244 erat
2731 5189 2966 5257 dixeris,
2998 5194 3055 5245 et
3082 5206 3216 5246 mox
3241 5191 3475 5246 videaris
3534 5202 3635 5259 pro
3674 5176 3874 5238 videre-

2248 5263 2328 5315 ris
2358 5261 2743 5333 renuentibus
2778 5278 2918 5317 mss.
3468 5331 3479 5333 _
3642 5327 3652 5333 _
3745 5322 3773 5333 ,,
3817 5314 3852 5333 ,,

2320 5334 2342 5366 δ
2400 5333 2558 5388 Unus
2609 5332 2796 5387 Vatic.
2858 5335 3084 5404 Excocto
3152 5334 3359 5404 frigore
3415 5323 3875 5404 odiihcharitglff

2250 5387 2512 5460 inimicus
2543 5419 2657 5459 esse
2686 5405 2929 5460 desistat.
2985 5387 3344 5459 Alius'ha'ud
3391 5387 3546 5459 satis,
3567 5401 3725 5455 bene.
3766 5387 3875 5460 0411'

2252 5457 2384 5548 ea;
2400 5457 2644 5541 asiae;
2674 5457 2928 5548 ista;
2972 5457 3289 5548 έὴαήίαὶίὲζ
3308 5457 3328 5458 ”
3344 5457 3622 5548 intatae,
3657 5470 3774 5548 etc.
3801 5457 3874 5548 Dp

2251 5532 2637 5620 subsequenti
2671 5532 3315 5622 ﬁeldgiiproposition'e
3345 5545 3531 5604 recole
3561 5532 3618 5601 Si
3639 5532 3875 5615 Δυειιεῖρ

2251 5620 2356 5678 lib.
2388 5620 2455 5677 de
2485 5620 2653 5678 Gesti:
2688 5636 2738 5676 c.
2769 5621 2822 5677 5.

2277 5622 2356 5678 ib.
2388 5621 2455 5677 de
2485 5621 2653 5679 Gesti;
2688 5636 2738 5676 c.
2769 5621 2822 5677 5.
