3972 6380
120 335 218 408 sto
936 337 1330 408 DIALOGUS
1377 337 1693 407 CONTRA
1737 334 2253 405 PELAGIANOS.
2289 373 2366 390 --
2398 344 2550 406 LIB.
2596 337 2645 406 Ι.
3378 344 3502 413 55o

26 491 60 529 ες
121 475 581 549 appropinquavit
609 473 766 533 enim
798 494 1044 550 regnum
1076 479 1353 534 caelorum
1395 480 1602 547 (Matth.
1657 496 1731 544 ιν,
1765 480 1817 544 Α
1854 494 1921 532 ne
1955 479 2099 532 forte
2135 477 2191 531 in
2225 494 2394 549 opere
2462 482 2517 534 te
2573 477 2788 550 aliquis
2843 477 3060 536 dixisse
3114 481 3498 551 existimaret,

121 568 218 636 t7).
248 588 274 615 »
305 566 371 620 Et
419 565 631 621 iterum
677 583 689 619 :
727 590 755 615 «
807 567 1100 623 Circuibat
1146 568 1319 624 Jesus
1374 568 1636 624 civitates
1685 573 1742 623 et
1851 568 2115 623 annectis
2149 583 2161 622 :
2201 567 2416 623 Malum
2449 584 2555 623 nec
2586 569 2963 640 cogitandum
2995 571 3016 604 ⁵
3047 571 3154 642 (tit.
3211 589 3374 637 cxxx,
3443 575 3501 628 αι

26 668 65 707 :2
119 657 272 732 vicos,
302 655 518 710 docens
551 656 605 710 in
634 657 946 740 synagogis
985 658 1105 725 (Αἰ,
1148 659 1479 730 synagoga)
1514 674 1738 723 eorum,
1849 657 2063 726 cxxxn),
2099 680 2124 706 ‹‹
2157 673 2344 727 neque
2377 656 2537 713 illius
2568 659 2868 714 sententiae
2915 661 3242 716 recordaris
3275 678 3288 715 :
3325 685 3353 712 «
3388 663 3502 718 De-

117 752 163 800 et
191 744 502 815 pradicans
536 761 780 817 regnum
813 746 911 800 Dei
949 745 1155 816 (Matth.
1193 764 1270 811 1x,
1300 747 1412 816 35).
1451 769 1476 794 ››
1510 748 1580 801 Et
1607 763 1739 818 apo-
1849 745 1985 799 licta
2017 745 2148 817 quis
2185 745 2455 818 intelligit
2483 747 2511 800 ?
2541 748 2613 802 ab
2645 747 2892 803 occultis
2923 749 3070 804 meis
3095 751 3252 805 τεο
3277 753 3501 806 munda

26 848 62 884 es:
115 832 261 890 stolis
289 833 552 905 precipit
587 851 598 888 :
635 857 663 882 «
697 833 777 889 lte
809 837 865 889 et
897 835 1228 906 prmdicate,
1265 835 1548 900 dicentes,
1597 822 1739 907 quo;
1853 850 1966 899 me,
2004 834 2266 894 Domine.
2297 839 2351 888 et
2372 836 2442 889 ab
2477 835 2683 890 alienis
2716 854 2887 908 parce
2945 855 3108 892 servo
3167 844 3265 894 tuo
3325 842 3495 910 (Ps-al.

26 922 52 972 ὴὲ
117 923 250 978 niam
298 921 754 994 appopinquavit
802 938 1048 994 regnum
1098 922 1374 978 cmlorum
1425 923 1638 992 (Matth.
1682 940 1738 989 ι,
1851 939 1988 979 xvm
2025 923 2112 992 l3)
2149 941 2162 987 ;
2200 945 2226 969 ››
2261 940 2392 978 cum
2426 923 2682 979 Ecclesia
2715 925 2891 980 etiam
2923 943 2990 980 ea
3022 944 3148 998 que
3191 945 3293 998 per
3336 929 3499 999 igno-

45 1057 47 1062 .
119 1012 182 1078 7).
219 1034 242 1058 ››
267 1011 349 1066 ’l‘u
374 1015 569 1066 autem
605 1010 736 1067 illos
771 1011 1121 1068 Manichaee
1151 1028 1344 1078 vocas,
1381 1011 1517 1083 quia
1551 1012 1687 1083 Legi
1721 1013 1734 1044 ¹
1851 1012 2101 1066 rantiam
2127 1011 2613 1083 delinquimus,et
2636 1014 2760 1069 sola
2781 1015 3134 1086 cogitatione
3165 1033 3496 1087 peccamus,

26 1115 54 1167 ςέο
118 1097 462 1171 Evangelium
500 1100 894 1170 praeferentes,
933 1101 990 1155 in
1027 1100 1126 1155 illa
1174 1102 1466 1168 umbram,
1520 1101 1578 1155 in
1632 1101 1741 1155 hoc
1849 1099 2064 1155 delicta
2092 1117 2219 1156 esse
2254 1102 2548 1168 fateatur;
2582 1102 2640 1157 in
2674 1108 2928 1167 tantum,
2984 1113 3049 1160 ut
3106 1105 3329 1161 hostias
3397 1123 3500 1177 pro

26 1205 58 1239 :c-
117 1188 388 1243 veritatem
462 1204 593 1243 esse
651 1188 939 1255 dicamus,
990 1195 1044 1244 et
1094 1207 1206 1245 non
1258 1189 1538 1262 intelligis
1590 1191 1738 1246 729
1849 1191 2044 1244 errare
2065 1190 2274 1259 jubeat
2304 1190 2518 1255 offerri,
2550 1196 2606 1245 et
2635 1193 2892 1261 pontifex
2954 1193 3056 1263 qui
3116 1211 3221 1266 pro
3323 1199 3500 1249 cunto

26 1293 54 1345 af.
116 1277 394 1332 stultitiam
425 1281 591 1331 tuam
625 1277 1003 1350 impudentiae
1037 1278 1580 1350 copulatam.Aliud
1613 1295 1742 1334 esse
1851 1278 2066 1349 populo
2097 1279 2463 1349 deprecatur,
2497 1285 2630 1334 ante
2681 1297 2784 1350 pro
2844 1298 2905 1335 se
2963 1282 3167 1338 offerat
3227 1283 3496 1339 victimas

26 1381 49 1417 ε·
122 1366 212 1435 (At.
241 1367 344 1436 est)
377 1365 662 1422 damnare
693 1367 903 1439 legem,
937 1369 1092 1439 quod
1149 1368 1513 1423 Manichaeus
1563 1367 1736 1423 facit:
1853 1367 2033 1436 (Hebr,
2057 1384 2160 1434 vn,
2187 1369 2299 1437 26),
2337 1367 2435 1439 qui
2464 1374 2616 1422 certe
2639 1386 2964 1440 numquam
2990 1387 3093 1442 pro
3117 1370 3506 1443 aliisjubere-

117 1454 251 1510 aliud
281 1454 388 1528 legi
413 1455 687 1527 praeferre
721 1455 1124 1528 Evangelium,
1147 1473 1274 1528 qua
1299 1456 1617 1528 apostolica
1647 1457 1744 1512 do-
1852 1460 1949 1509 tur
1978 1455 2204 1522 offerre,
2237 1455 2350 1510 nisi
2375 1457 2576 1527 justus
2607 1458 2732 1529 ipse
2761 1466 2936 1527 esset,
2970 1476 3075 1515 nec
3107 1477 3341 1516 rursum
3397 1477 3501 1532 pro

26 1562 55 1596 ;:~
115 1543 282 1598 ctrina
309 1548 411 1600 est.
449 1545 512 1598 In
554 1543 656 1598 illa
686 1545 842 1599 enim
875 1546 1047 1614 servi,
1077 1546 1134 1601 in
1169 1545 1276 1602 hoc
1329 1562 1590 1618 praesens
1631 1546 1742 1601 Do-
1853 1561 1914 1599 se
1946 1545 2197 1600 otl‘errct.
2233 1544 2279 1598 si
2315 1550 2547 1616 peccato
2594 1551 2810 1601 careret
2858 1547 3217 1619 ignorantiae.
3271 1551 3504 1605 Scilicet

27 1650 52 1686 ε
113 1633 291 1687 minus
319 1631 581 1703 loquitur
613 1651 627 1699 ;
661 1633 739 1688 ibi
773 1634 1270 1705 promittitur,hic
1300 1635 1577 1706 impletur
1619 1635 1740 1700 ;ibi
1853 1650 2008 1688 nunc
2039 1633 2182 1687 mihi
2250 1633 2542 1690 latissima
2599 1635 3034 1708 Scripturarum
3093 1639 3281 1710 spatia
3337 1656 3502 1710 pera-

31 1725 47 1775 t
113 1720 279 1785 initia,
309 1721 400 1776 hic
421 1721 702 1794 perfectio
726 1727 815 1778 est
841 1740 852 1778 :
885 1722 941 1778 in
971 1722 1070 1778 illa
1091 1739 1334 1795 operum
1361 1724 1744 1779 fundamenta
1853 1723 2078 1792 grands
2108 1724 2128 1757 ⁶
2160 1729 2298 1777 runt
2333 1767 2344 1777 .
2381 1729 2445 1777 ut
2477 1726 2712 1780 doceam
2746 1742 3002 1781 errorem
3033 1732 3090 1782 et
3111 1728 3501 1800 ignorantiam

26 1813 53 1865 ὶι
105 1808 395 1877 jaciuntur,
449 1809 549 1864 hic
598 1811 731 1866 fidei
780 1815 837 1866 et
885 1812 1084 1884 gratia:
1132 1811 1363 1867 culmen
1412 1812 1738 1884 inponitur.
1773 1852 1822 1916 B
1852 1828 1981 1866 esse
2011 1817 2336 1882 peccatum.

26 1919 48 1955 ε
116 1898 215 1954 Hoc
255 1899 584 1970 posuimus,
643 1904 708 1954 ut
766 1900 984 1972 egregii
1045 1901 1417 1973 praeceptoris
1476 1898 1821 1957 doctrina”
1925 1898 2013 1951 33.
2048 1900 2424 1969 Essepeccata
2471 1903 2816 1970 ignorantiae.
2877 1934 2944 1941 —
3005 1902 3060 1956 ϐ.
3122 1903 3372 1959 Obsecro
3428 1909 3505 1972 te,

26 2007 48 2042 ε
117 1991 536 2042 monstraretur.
583 2059 593 2069 ο
1855 2002 2048 2041 nonne
2077 1987 2289 2059 legisti.
2325 2013 2350 2036 ‹‹
2387 1988 2497 2053 Qui
2539 1990 2750 2044 viderit
2810 1990 3116 2046 mulierem
3168 1993 3238 2047 ad
3290 2010 3505 2049 concu-

174 2075 254 2130 32.
311 2079 664 2148 Praecipuum
722 2079 1070 2148 Pelagiorum
1149 2080 1480 2132 sententiam
1560 2082 1741 2150 impu-
1855 2073 2197 2142 piscendum
2230 2091 2380 2137 eam,
2407 2080 2535 2147 jam
2569 2079 2896 2135 mcechatus
2927 2085 3015 2135 est
3062 2097 3190 2136 eam
3239 2081 3297 2136 in
3333 2083 3509 2136 corde

26 2187 40 2219 ῃ
114 2171 246 2232 gnat.
274 2195 338 2206 —-
365 2165 742 2222 Centesimus
774 2165 984 2222 titulus
1015 2172 1124 2231 est,
1158 2189 1184 2215 ‹‹
1220 2171 1396 2222 Posse
1441 2166 1741 2222 hominem
1855 2179 1960 2218 suo
1989 2164 2195 2233 (Matth.
2229 2183 2282 2231 v,
2307 2166 2394 2236 28)
2426 2165 2454 2219 ‘I
2488 2189 2516 2214 ››
2544 2167 2668 2222 Non
2730 2183 2866 2239 ergo
2926 2167 3088 2224 solus
3141 2174 3416 2242 aspectus
3447 2175 3506 2226 et

119 2252 228 2309 sine
255 2260 486 2326 peccato
515 2271 672 2321 esse,
705 2259 761 2310 et
791 2255 891 2310 Dei
922 2256 1197 2311 mandata
1227 2255 1393 2310 facile
1424 2257 1741 2325 custodire,
1853 2252 2141 2307 incentiva
2171 2253 2442 2308 vitiorum
2479 2260 2826 2326 reputantur
2848 2256 2904 2311 in
2938 2261 3239 2328 peccatum
3271 2275 3292 2318 :
3324 2260 3422 2314 scd
3438 2273 3507 2314 ea

116 2343 175 2396 sit
206 2342 357 2414 velit,
389 2367 416 2393 ››
451 2344 527 2400 de
563 2361 680 2417 quo
711 2345 942 2400 abunde
965 2344 1183 2400 dictum
1235 2350 1340 2400 est,
1367 2344 1627 2418 Cumque
1681 2363 1743 2402 se
1853 2340 2070 2411 quibus
2100 2342 2484 2397 attribuimus
2516 2347 2968 2400 assensum.Aut
2990 2346 3148 2400 enim
3169 2347 3349 2401 vitare
3376 2364 3506 2419 pos-

115 2431 462 2501 irnitatorem,
495 2433 622 2489 imo
653 2433 1005 2505 expletorem
1038 2434 1232 2506 operis
1262 2434 1414 2489 beati
1467 2436 1743 2507 martyris
1853 2446 2060 2484 sumus
2093 2431 2309 2486 malam
2338 2432 2770 2503 cogitatidnem,
2805 2438 2861 2489 et
2906 2441 3330 2506 consequenter
3372 2453 3504 2508 pos-

26 2541 45 2578 γ
113 2521 380 2592 Cypriani,
413 2522 732 2578 scribentis
764 2523 834 2578 ad
869 2522 1181 2588 Quirinum
1229 2523 1379 2594 (mss.
1431 2523 1739 2595 Cirinum),
1854 2536 2062 2574 sumus
2094 2536 2290 2576 carere
2325 2528 2559 2591 peccato
2593 2540 2606 2589 ;
2641 2527 2745 2577 aut
2766 2523 2814 2577 si
2841 2523 3020 2578 vitare
3045 2541 3158 2579 non
3185 2542 3504 2595 possumus

26 2633 45 2669 ξ
114 2625 223 2665 esse
250 2611 515 2682 fateatur,
553 2629 669 2666 non
701 2611 977 2683 intelligit
1011 2629 1071 2669 se
1104 2613 1161 2668 in
1197 2613 1400 2667 eodem
1435 2629 1605 2684 opere
1653 2613 1743 2668 di-
1856 2625 1969 2663 non
2003 2614 2307 2680 reputatur
2339 2611 2394 2664 in
2430 2616 2731 2682 peccatum
2764 2614 2803 2678 7,
2845 2613 2999 2684 quod
3032 2613 3217 2668 caveri
3253 2631 3365 2668 non
3403 2631 3506 2686 po-

27 2721 44 2754 :~
114 2699 242 2755 xisse
271 2700 587 2756 contraria.
623 2698 728 2755 Ille
751 2701 809 2754 in
829 2701 1319 2773 quinquagesimo
1343 2705 1549 2773 quarto
1573 2701 1743 2758 titulo
1857 2703 1987 2753 test.
2023 2700 2082 2762 Α,
2115 2698 2330 2754 Callide
2361 2701 2600 2770 quidem
2631 2702 3085 2773 argumentaris,
3121 2703 3222 2757 sed
3268 2720 3382 2756 non
3417 2703 3508 2756 in-

30 2809 43 2845 ;·
112 2788 245 2843 tertii
277 2789 424 2856 libri,
457 2789 631 2862 ponit
660 2789 957 2845 neminem
989 2791 1116 2846 sine
1147 2792 1321 2846 sorde
1367 2796 1423 2847 et
1452 2791 1579 2846 sine
1611 2808 1740 2863 pec-
1854 2786 2068 2859 telligis
2099 2789 2667 2860 argumentationem
2700 2795 2862 2845 tuam
2891 2796 3095 2846 contra
3121 2808 3320 2846 sacras
3353 2791 3506 2846 Scri-

26 2902 40 2937 3
115 2883 222 2933 cato
249 2894 371 2934 esse
400 2880 442 2945 ³,
475 2878 1019 2951 statimquejungit
1049 2880 1406 2946 testimonia,
1435 2880 1494 2935 in
1527 2881 1744 2951 quibus
1856 2882 2058 2948 pturas
2101 2878 2287 2933 facere
2319 2878 2538 2933 Volunt
2569 2879 2724 2934 enim
2776 2879 3010 2950 eloquia
3067 2880 3506 2952 Scripturarum

117 2967 373 3039 scriptum
404 2973 493 3023 est
528 2969 685 3040 apud
717 2969 829 3023 Job
860 2986 880 3023 :
915 2991 942 3018 ‹‹
989 2969 1128 3034 Quis
1181 2969 1338 3024 enim
1392 2957 1658 3024 mundus
1711 2987 1746 3025 a
1855 2965 2032 3020 etiam
2067 2967 2461 3039 ignorantiam
2495 2967 2711 3023 habere
2743 2973 3046 3039 peccatum
3083 2987 3096 3024 :
3131 2970 3285 3024 unde
3310 2976 3366 3024 et
3392 2969 3505 3024 Job

118 3056 360 3112 sordibus
390 3057 418 3112 ?
448 3074 561 3112 nec
594 3056 642 3110 si
674 3057 852 3113 unius
882 3057 1063 3113 etium
1123 3057 1234 3114 diei
1270 3058 1347 3113 sit
1379 3058 1496 3114 vita
1525 3060 1655 3130 ejus
1685 3060 1743 3113 in
1855 3057 1992 3126 (cap.
2034 3056 2070 3124 ι)
2103 3057 2271 3111 offert
2297 3057 2521 3112 hostias
2555 3073 2692 3128 pros
2742 3058 2879 3112 filiis
2914 3057 3060 3121 suis,
3107 3074 3179 3112 ne
3232 3060 3376 3112 forte
3409 3074 3511 3129 per

26 3169 38 3205 :
116 3149 246 3200 terra
271 3147 404 3216 (Job.
438 3164 563 3216 xxv,
597 3147 673 3216 4).
711 3170 738 3195 ››
774 3147 841 3202 Et
869 3147 927 3201 in
961 3146 1189 3219 psalmo
1242 3148 1694 3219 quiquagesimo
1729 3165 1741 3202 :
1857 3144 2248 3215 ignorantiam
2284 3146 2343 3199 in
2377 3143 2726 3216 cogitatione
2746 3145 3326 3217 peccaverint.thui
3352 3146 3510 3218 iigna

26 3287 28 3296 ,
118 3253 139 3283 ι
167 3235 289 3290 Ecce
317 3235 374 3290 in
407 3235 826 3307 iniquitatibus
859 3242 1176 3307 conceptus
1207 3242 1434 3299 sum,et
1463 3238 1741 3310 in'pecca-
1772 3230 1814 3290 C
1853 3233 2045 3298 cmdit,
2074 3233 2121 3287 si
2155 3234 2342 3289 securi
2385 3250 2448 3288 ac
2483 3235 2632 3288 ferro
2667 3234 2924 3305 fugiente
2970 3235 3040 3289 de
3093 3233 3274 3306 ligno,
3332 3235 3504 3290 homo

26 3349 39 3382 ι·
116 3321 178 3376 tis
206 3325 462 3397 concepit
490 3325 515 3358 ⁸
549 3340 642 3378 me
673 3330 860 3380 mater
889 3342 1021 3380 mea
1070 3325 1242 3396 (Psal.
1289 3343 1325 3381 ι,
1359 3329 1436 3394 6).
1485 3346 1510 3375 η
1572 3327 1642 3380 Et
1688 3326 1748 3380 in
1858 3323 2035 3378 fuerit
2057 3323 2308 3386 occisus,
2343 3339 2578 3395 pergere
2601 3323 2846 3394 jubetur
2877 3323 2946 3378 ad
2995 3323 3197 3378 urbem
3233 3323 3505 3396 fugitivo-

26 3439 36 3442 κ
121 3411 355 3484 Epistola
381 3414 682 3470 Joannis:
723 3437 749 3463 ‹‹
783 3415 839 3470 Si
872 3414 1197 3470 dixerimus
1253 3415 1392 3487 quia
1446 3420 1748 3487 peccatum
1859 3428 1988 3466 rum
2021 3416 2078 3467 et
2107 3412 2314 3466 tandiu
2343 3412 2422 3466 ibi
2468 3429 2618 3479 esse,
2678 3412 2941 3484 quandiu
3002 3413 3274 3468 sacerdos
3322 3412 3507 3468 maxi-

26 3525 36 3562 :
117 3518 212 3556 non
243 3503 552 3570 habemus,
587 3505 981 3576 nosmetipsos
1003 3505 1427 3576 decipimus,et
1455 3506 1670 3560 veritas
1688 3505 1748 3560 in
1859 3517 1993 3556 mus
2027 3500 2313 3556 moriatur
2344 3502 2522 3572 (Deut.
2559 3519 2674 3570 xm,
2703 3503 2756 3569 ἅ,
2806 3502 2885 3572 5),
2917 3501 2976 3555 id
3023 3505 3132 3567 est,
3185 3501 3511 3556 redimatur

26 3615 37 3650 ε
119 3591 264 3648 nobis
290 3610 401 3649 non
433 3598 529 3650 est
558 3594 603 3665 (Ι
631 3595 788 3649 Joan.
826 3611 864 3659 1,
896 3596 974 3664 8).
1011 3618 1038 3643 ››
1070 3595 1154 3649 Tu
1184 3611 1216 3650 e
1247 3595 1474 3649 diverso
1508 3595 1746 3663 asseris,
1860 3590 2148 3662 sanguine
2179 3589 2518 3659 Salvatoris,
2547 3596 2647 3645 aut
2679 3590 2736 3644 in
2767 3589 2942 3645 domo
2975 3589 3372 3662 baptismatis,
3411 3595 3511 3645 aut

26 3707 34 3740 ι
125 3703 144 3727 α
175 3680 338 3738 Posse
369 3683 673 3739 hominem
709 3683 836 3739 sine
871 3687 1104 3756 peccato
1145 3700 1275 3740 esse
1312 3702 1325 3751 ;
1364 3707 1390 3733 ››
1423 3688 1478 3740 et
1525 3689 1592 3739 ut
1641 3684 1750 3739 hoc
1862 3679 1917 3733 in
1954 3679 2314 3752 poenitentia,
2351 3696 2478 3751 quae
2512 3678 2776 3734 imitatur
2834 3679 3210 3750 baptismatis
3256 3679 3510 3749 gratiam

26 3795 33 3828 ε
116 3787 291 3826 verum
324 3772 547 3829 dixisse
572 3772 852 3838 videaris,
884 3773 1085 3828 statim
1130 3773 1453 3845 adjungis.,
1489 3796 1516 3823 «
1551 3775 1618 3828 Et
1648 3773 1748 3829 Dei
1862 3786 1964 3841 per
2010 3768 2366 3824 ineffabilem
2433 3768 2804 3823 clementiam
2848 3767 3185 3834 Salvatoris,
3239 3767 3336 3838 qui
3393 3783 3510 3822 non

26 3895 32 3901 -
118 3861 368 3917 mandata
397 3861 572 3918 facile
604 3862 918 3932 custodire,
950 3862 994 3918 si
1027 3862 1182 3930 velit,
1218 3885 1245 3912 »
1269 3879 1396 3933 quae
1429 3868 1529 3917 aut
1559 3880 1750 3929 rarus,
1860 3858 1985 3913 vult
2014 3859 2203 3931 perire
2233 3875 2591 3930 quemquam
2630 3860 2673 3925 ⁸,
2706 3875 2811 3913 nec
2852 3857 3172 3912 delectatur
3220 3856 3511 3912 mortibus

26 3999 29 4006 .
124 3954 210 4004 aut
237 3950 432 4007 nullus
463 3949 750 4023 implevit.
784 3951 840 4005 Si
874 3952 1032 4007 enim
1065 3951 1258 4008 facilia
1285 3957 1445 4017 sunt,
1477 3953 1692 4007 debent
1720 3969 1754 4008 a
1862 3954 2258 4020 peccatorum,
2291 3948 2392 4002 sed
2429 3951 2491 4002 ut
2522 3952 2936 4002 convertantur
2964 3951 3022 4001 et
3058 3945 3253 4000 vivant
3292 3946 3507 4017 (Ez-ech.

120 4037 366 4108 pluribus
395 4040 703 4096 custodiri.
738 4041 838 4095 Sin
870 4046 1163 4106 autem,ut
1195 4043 1586 4096 concedamus
1619 4041 1748 4108 tibi,
1860 4055 2020 4105 xvm,
2054 4038 2166 4107 23).
2199 4040 2257 4092 C.
2295 4037 2452 4108 Rogo
2483 4054 2610 4108 qum
2642 4041 2731 4091 est
2760 4036 2871 4090 ista
2893 4036 3127 4107 justitia
3158 4041 3222 4090 ut
3269 4037 3326 4090 in
3377 4051 3509 4107 pec-

117 4143 266 4186 rarus
294 4131 612 4203 quisquam
644 4146 712 4185 ea
737 4130 980 4200 implere
1012 4135 1224 4202 potest,
1250 4130 1629 4186 manifestum
1663 4135 1752 4186 est
1861 4133 1988 4182 cato
2021 4132 2222 4182 tenear
2251 4126 2491 4193 erroris,
2524 4127 2696 4195 cujus
2728 4130 2953 4180 reatum
2991 4141 3106 4178 non
3157 4124 3334 4178 habet
3373 4140 3510 4179 con-

118 4233 230 4273 esse
261 4219 499 4275 difficile
533 4221 686 4290 quod
711 4237 909 4274 rarum
942 4222 1244 4292 est.Atque
1276 4225 1339 4275 ut
1369 4219 1478 4275 hoc
1512 4236 1748 4292 augeas,
1861 4216 2150 4273 scientia?
2183 4217 2387 4271 Nescio
2440 4233 2532 4271 me
2579 4231 2846 4287 peccasse
2902 4220 2960 4270 et
3008 4216 3136 4284 ejus
3195 4215 3273 4270 rei
3331 4230 3510 4285 quam

121 4311 170 4360 et
207 4309 670 4381 magnitudinem
705 4315 820 4365 tute
875 4309 1108 4365 virtutis
1148 4310 1605 4381 ostendas,quod
1639 4309 1751 4365 sci-
1862 4307 2083 4377 nescio,
2117 4323 2317 4378 pmnas
2342 4303 2440 4360 luo
2471 4306 2498 4358 ?
2530 4306 2593 4359 Et
2624 4305 2763 4376 quid
2792 4303 2923 4375 plus
2956 4304 3188 4370 faciam,
3221 4303 3268 4358 si
3303 4306 3513 4375 sponte

117 4391 234 4451 licet
253 4397 320 4453 de
352 4399 505 4454 bono
539 4398 902 4454 conscientiae
934 4399 1208 4456 thesauro
1240 4404 1501 4456 eructare
1550 4399 1749 4454 creda-
1861 4413 2172 4468 peccavero
2206 4395 2232 4449 ‘t
2261 4397 2325 4449 Α.
2362 4397 2404 4449 Α
2438 4411 2528 4450 me
2560 4393 2860 4449 sententiae
2890 4397 2947 4448 et
2977 4392 3379 4465 dispositionis
3410 4392 3512 4447 Dei

116 4482 187 4539 ris
217 4487 255 4554 ‘,
289 4488 456 4560 ponis
493 4487 552 4541 in
611 4486 782 4542 titulo
818 4505 829 4542 :
865 4511 892 4537 α
927 4488 1009 4543 Ne
1067 4487 1270 4544 leviter
1326 4488 1563 4560 quidem
1623 4504 1752 4543 esse
1902 4488 1998 4541 3|
2036 4501 2250 4541 causas
2286 4483 2540 4554 requiris
2571 4484 2598 4537 ‘t
2631 4483 2967 4554 Respondet
2995 4481 3186 4537 stulta:
3218 4482 3514 4551 interroga

117 4577 459 4643 peccandum
493 4578 603 4646 (tit.
638 4577 858 4648 cxxm).
892 4599 918 4626 ››
950 4577 1020 4632 Et
1069 4577 1208 4648 quid
1257 4577 1334 4632 sit
1381 4578 1489 4633 hoc
1538 4578 1747 4641 leviter,
1783 4601 1828 4664 D
1865 4575 2006 4632 tioni
2038 4580 2150 4630 tua:
2182 4574 2331 4629 liber
2361 4572 2667 4644 Sapientiae
2701 4590 2713 4627 :
2751 4595 2776 4622 α
2811 4571 3030 4626 Altiora
3059 4576 3114 4625 te
3142 4587 3212 4625 ne
3260 4568 3511 4642 quaesie-

174 4753 189 4786 ¹
222 4753 497 4812 Mendose
520 4771 697 4828 penes
731 4756 1158 4823 Martianaaum,
1193 4755 1456 4829 aliosque
1495 4775 1595 4812 cur
1626 4760 1752 4828 Legi
1863 4825 1872 4830 _
1930 4754 1950 4787 δ
1981 4757 2288 4830 Perperam
2324 4750 2731 4830 Mar_t_iana»us_
2756 4747 3064 4830 peragenda
3111 4744 3510 4802 dissentienti-

115 4829 215 4879 etc.
521 4820 538 4828 ’
1146 4820 1152 4823 ’
1363 4820 1378 4829 ’
1695 4820 1715 4828 ν
1862 4825 1972 4879 bus
2005 4820 2146 4878 mss.
2182 4828 2356 4894 atque
2387 4822 2560 4877 editis
2592 4820 3086 4894 castigatioribus.

175 4898 194 4930 ²
221 4897 500 4972 Corrupte
533 4899 815 4955 hactenus
846 4898 1179 4973 obtinuerat
1207 4902 1327 4973 sine
1354 4905 1568 4972 peccato
1599 4918 1752 4967 posse
1931 4899 1949 4928 τ
1981 4895 2212 4973 Scilicet
2235 4886 2471 4973 formate
2501 4899 2566 4949 ut
2618 4886 2838 4973 aliquid
2901 4908 2931 4945 e
2982 4888 3318 4973 scholarum
3380 4886 3509 4973 pul-

112 4983 230 5025 csse.
262 4962 466 5038 contra
495 4989 672 5041 quam
704 4977 804 5028 aut
833 4972 1154 5044 Cyprianus
1187 4962 1444 5042 scripsit.
1475 4978 1576 5026 aut
1599 4962 1750 5028 'Hie-
1861 4984 1991 5044 Vere
2023 4962 2387 5044 adduchlimus
2438 4967 2494 5044 ir}
2547 4962 2829 5044 medium,
2864 4980 2978 5017 BOD
3027 4963 3357 5044 νηριενζίαιςζ)
3393 4962 3511 5044 Ι),εὲζο

113 5034 378 5114 ronymus
409 5031 680 5111 intendit,
713 5048 815 5099 aut
845 5031 1097 5114 dve‘nique
1128 5031 1442 5114 prazferunt
1473 5050 1749 5099 mss.tum
1862 5041 2016 5094 enim
2049 5041 2173 5114 duo
2198 5036 2491 5114 Pelagiani
2533 5031 2887 5114 confundere
2933 5034 3232 5114 amabant:
3288 5031 3511 5114 Similis

113 5105 316 5190 quibus
349 5132 456 5190 nos
489 5105 730 5190 utimur,
779 5121 903 5190 tum
931 5105 1321 5190 _Co‘r_bo'iensi_s
1371 5132 1524 5190 unus
1575 5132 1750 5186 penes
1861 5117 1948 5166 est
1980 5109 2318 5190 pervulgata
2337 5105 2448 5190 illa
2481 5109 2771 5190 sententia
2809 5109 2866 5162 S.
2914 5105 3228 5190 Augustini
3263 5121 3274 5158 ε
3311 5127 3335 5153 (ί
3371 5105 3512 5190 Οιλίε

114 5176 508 5259 lienedictinos
539 5189 597 5242 S.
632 5176 944 5259 Augustini
977 5187 1248 5259 editores,
1283 5188 1338 5241 in
1374 5176 1590 5259 quibus
1629 5205 1749 5243 om-
1860 5176 2061 5259 peccat
2092 5183 2148 5236 in
2175 5176 2438 5259 quod
2480 5180 2665 5234 caveri
2702 5196 2814 5259 non
2858 5183 3050 5259 potest
3079 5176 3109 5259 ἶ
3137 5199 3162 5225 n
3198 5192 3376 5259 quam
3431 5176 3514 5231 ita

118 5255 278 5332 nibus
306 5259 552 5332 verbium
582 5247 880 5332 posseunon
916 5247 1245 5313 inveniturf
1391 5247 1408 5259 ’
1861 5247 2141 5310 adversus
2175 5247 2620 5332 Pelagianorum
2651 5247 2979 5332 calumnias
3011 5247 3364 5332 defendit,ut
3395 5263 3512 5332 non

181 5328 288 5402 {in
322 5331 552 5386 duobus
582 5321 900 5393 Vaticanis,
935 5333 996 5386 In
1023 5333 1259 5402 peccatis
1285 5332 1500 5402 peperit
1522 5335 1630 5384 etc.
1864 5321 2372 5402 proptereaneget
2419 5322 2507 5378 vel
2541 5321 2821 5402 originale
2854 5324 3177 5402 peccatum,
3210 5321 3362 5390 quod
3399 5321 3511 5402 uti:

133 5405 136 5408 ’
223 5398 399 5484 (Victus
430 5401 568 5457 edit.
603 5408 657 5458 et
683 5392 896 5484 Regia.
919 5392 1062 5467 msf,
1093 5392 1642 5484 ﬂagitia-magia.
1688 5475 1720 5484 ﬂ
1862 5392 2190 5484 Que'caveri
2234 5392 2348 5484 ξιρἿ
2405 5392 2752 5484 potest)“
2815 5392 3227 5484 ηέοοεδίξθίθτξ)
3260 5392 3510 5484 Ῥθσεᾶῑί

174 5471 193 5503 ⁸
223 5470 313 5526 Sic
341 5490 461 5546 ms.
495 5479 670 5545 atque
699 5463 836 5530 editi
869 5463 1110 5546 passim.
1147 5474 1249 5528 PP.
1285 5474 1645 5529 Benedictini
1678 5475 1747 5546 VS.
1863 5463 2386 5546 mat_e_rialis_._\_lide
2408 5463 2556 5546 opus
2588 5470 2906 5546 utrumque
2937 5471 3140 5546 contra
3178 5463 3507 5522 Julianum.

174 5484 193 5503 ³
223 5484 313 5526 διο
348 5490 461 5530 ms.
495 5484 670 5545 atque
699 5484 836 5530 editi
869 5491 1110 5546 passm.
1147 5484 1249 5528 PP.
1285 5484 1645 5529 benedictum
1687 5484 1747 5530 δ.
1863 5484 2207 5525 materians.
2251 5484 2440 5521 γιαθο
2487 5484 2556 5521 us
2588 5484 2906 5537 utrumque
2937 5484 3140 5521 contra
3178 5484 3507 5522 wuanum.

110 5545 415 5625 A‘ngustini
449 5546 719 5625 editores,
753 5547 956 5625 Matura
999 5548 1373 5625 nec_c_ogztc_1ri
1401 5562 1418 5625 _:
1472 5545 1749 5625 nongdis-
1898 5543 1950 5625 A'
1986 5541 2146 5597 Unus
2177 5538 2386 5606 Vatic.,
2423 5484 2529 5607 ΟρΠί
2572 5554 2682 5595 non
2730 5537 2844 5594 vvit"
2887 5536 3114 5612 perdere
3159 5551 3511 5625 quamquam.

111 5610 336 5692 plicaret
365 5615 415 5692 si
443 5610 805 5692 addidissent
833 5617 1024 5676 debere
1057 5660 1073 5692 ,
1105 5610 1235 5674 Viti.
1281 5618 1339 5674 S.
1387 5621 1635 5692 August.
1687 5617 1753 5678 de
1860 5621 1970 5671 etc.

113 5682 271 5746 Gesti:
299 5689 536 5764 Pelagii,
570 5705 698 5766 cap.
729 5692 784 5765 4,
819 5707 983 5762 num,
1018 5682 1104 5750 12.
