3958 6422
410 321 529 399 sat

1648 328 1711 390 S.
1757 320 2071 393 EUSEBH
2113 321 2581 397 HIERONYMI.

3694 317 3813 411 ea

414 464 518 534 ris,
550 466 608 521 et
635 456 874 519 fortiora
897 464 951 517 te
996 475 1068 516 ne
1127 461 1421 516 scrutatus
1480 458 1658 515 fueris
1716 460 1902 529 (Eucti.
1969 476 2055 518 III.
2087 460 2141 526 Α
2170 459 2584 530 ignorantiam,
2619 457 2823 514 exsilio
2847 458 3291 514 condemnatur.
3323 454 3389 514 In
3418 458 3671 516 Levitico
3717 458 3811 516 lex

412 554 561 625 22).»
593 552 664 607 Et
695 550 831 608 alibi
864 567 878 606 :
913 572 942 599 ‹‹
976 548 1106 609 Noli
1137 566 1265 606 esse
1297 550 1533 621 sapiens
1565 548 1910 615 multum,et
1940 548 2059 603 noli

416 640 816 716 argumentari
844 638 979 711 plus
1008 655 1185 709 quam
1217 642 1481 710 oporteat
1508 638 1699 707 (Eccle.
1752 654 1854 700 vn,
1891 637 1998 704 17).
2030 658 2058 685 »

416 733 485 788 Et
514 732 575 787 in
604 731 806 787 eodem
838 727 963 784 loco
995 730 1010 762 ¹
1046 745 1059 782 :
1095 751 1122 778 «
1157 729 1221 783 In
1271 726 1560 799 sapientia
1597 732 1653 781 et
1684 726 1741 780 in
1775 723 2058 797 simplici-

415 823 533 876 tate
561 819 755 875 cordis
788 817 991 889 qasrito
1024 817 1208 872 Deum
1243 816 1397 888 (Sap.
1431 834 1467 883 ι,
1500 816 1576 886 1).
1610 835 1637 864 ››
1665 815 1743 870 Ac
1794 830 1865 868 ne
1916 814 2060 870 forte

413 908 552 965 huic
578 907 864 964 volumini
894 905 1280 973 contradicas,
1313 904 1450 960 audi
1485 903 1852 975 Apostolum,
1887 918 2060 957 evan-

413 996 599 1070 gelica
624 995 994 1067 clangentem
1045 994 1187 1050 tuba
1218 1010 1231 1048 :
1265 1017 1292 1043 ‹‹
1327 992 1369 1048 Ο
1423 992 1669 1048 altitudo
1718 991 2058 1046 divitiarum

414 1085 715 1159 sapientia:
746 1088 804 1141 et
835 1084 1089 1139 scientiae
1123 1083 1241 1149 Dei,
1275 1098 1452 1154 quam
1484 1079 1893 1137 inscrutabilia
1923 1085 2063 1136 sunt

406 1175 635 1248 judicia
664 1175 812 1245 ejus,
846 1178 903 1229 et
922 1171 1357 1245 investigabiles
1378 1173 1400 1205 ²
1420 1171 1523 1226 vim
1539 1170 1702 1241 ejus!
1739 1170 1882 1235 Quis
1905 1170 2059 1226 enim

414 1264 931 1337 cognovitsensum
955 1260 1185 1317 Domini
1214 1263 1242 1316 ‘2
1271 1265 1371 1316 aut
1393 1260 1526 1332 quis
1540 1258 1910 1316 consiliarius
1932 1259 2061 1329 ejus

413 1354 523 1410 fuit
553 1354 726 1424 (Rom.
758 1369 836 1417 xu,
863 1352 953 1418 33,
986 1352 1076 1421 34)
1107 1350 1135 1405 ?
1165 1373 1193 1400 ››
1244 1350 1371 1405 Ista:
1404 1353 1543 1405 sunt
1584 1348 1958 1420 quaestiones,
1990 1347 2062 1403 de

411 1443 629 1515 quibus
662 1446 718 1497 et
748 1441 808 1496 in
840 1439 954 1496 alio
985 1438 1112 1495 loco
1145 1438 1351 1495 scribit
1382 1456 1395 1493 :
1429 1460 1456 1487 (ι
1488 1436 1710 1493 Stultas
1758 1440 1956 1491 autem
2005 1439 2064 1491 et

409 1530 738 1589 ineruditas
769 1528 1125 1602 quaestiones
1158 1528 1375 1593 devita,
1407 1527 1599 1582 sciens
1621 1525 1900 1597 quoniam
1931 1524 2063 1580 lites

411 1624 616 1694 gerant
644 1620 717 1692 (ΙΙ
750 1620 882 1674 Tim.
920 1635 981 1684 ιι,
1030 1617 1142 1689 23).
1198 1640 1224 1665 ››
1274 1617 1344 1671 Et
1380 1613 1762 1671 Ecclesiastes
1803 1614 1896 1683 (de
1945 1629 2060 1685 quo

412 1714 565 1766 certe
592 1707 742 1764 libro
773 1705 935 1761 nulla
983 1709 1073 1761 est
1125 1702 1526 1776 ambiguitas),
1581 1726 1601 1751 α
1644 1701 1796 1767 Dixi,
1847 1702 2058 1773 inquit,

414 1797 647 1870 sapiens
679 1793 920 1860 efﬁciar,
940 1798 997 1849 et
1026 1793 1157 1866 ipsa
1194 1792 1362 1865 longe
1395 1792 1548 1848 facta
1574 1796 1661 1846 est
1692 1808 1722 1846 a
1773 1808 1884 1846 me.
1918 1790 2060 1845 Pro-

412 1886 598 1943 funda
623 1881 1009 1956 prefunditas,
1042 1880 1177 1953 quis
1206 1898 1335 1937 eam
1382 1880 1641 1935 inveniet
1696 1880 1889 1951 (Eecle.
1947 1896 2054 1948 vn,

410 1977 503 2041 24,
531 1973 682 2045 25)?
711 1973 903 2027 »Ame
932 1970 1169 2043 quaeris,
1219 1985 1399 2041 quare
1458 1968 1675 2042 ﬁgulus
1733 1969 1889 2023 aliud
1949 1985 2053 2023 vas

414 2062 616 2120 fecerit
638 2061 696 2117 in
727 2061 1028 2125 honorem,
1061 2059 1219 2115 aliud
1249 2060 1310 2113 in
1341 2057 1779 2126 contumeliam,
1831 2061 1888 2112 et
1937 2074 2053 2111 non

412 2152 499 2209 vis
529 2148 896 2222 acquiescere
942 2147 1143 2217 Paulo,
1205 2164 1309 2220 pro
1366 2163 1472 2204 suo
1515 2146 1762 2203 Domino
1812 2162 2054 2219 respon-

412 2240 572 2298 denti
607 2256 620 2294 :
654 2262 682 2289 ‹‹
714 2238 758 2294 Ο
788 2238 962 2293 homo
989 2238 1001 2292 Ξ
1033 2242 1096 2292 tu
1129 2236 1262 2310 quis
1292 2253 1376 2303 es,
1407 2235 1509 2308 qui
1540 2236 1894 2307 respondeas
1940 2235 2055 2290 Deo

412 2332 588 2404 (Rom.
623 2345 701 2394 ix,
731 2327 855 2394 20)?
887 2348 916 2376 »

480 2420 571 2475 84.
617 2418 849 2490 Opponit
900 2416 1321 2486 Scrz'plurarum
1379 2416 1712 2471 testimonia.
1773 2445 1842 2456 —-
1900 2413 2054 2469 Audi

412 2526 545 2581 ergo
575 2507 829 2563 breviter
856 2504 1195 2561 testimonia
1236 2504 1687 2575 Scripturarum,
1740 2508 1807 2558 ut
1853 2502 2056 2571 stulta,

411 2600 532 2654 imo
560 2596 745 2668 impia
771 2593 1088 2650 sciscitatio
1127 2597 1228 2649 tua
1272 2592 1333 2648 in
1382 2598 1754 2666 perpetuum,
1805 2592 2057 2648 contice-

417 2689 561 2744 scat.
595 2683 877 2756 Loquitur
906 2682 1061 2738 Deus
1085 2682 1143 2736 in
1174 2682 1406 2751 Genesi,
1441 2705 1468 2731 ‹‹
1502 2682 1628 2737 Non
1672 2681 1942 2752 adjiciam
1969 2681 2056 2736 ul-

414 2781 507 2833 tra
536 2770 882 2830 maledicam
909 2776 1073 2827 terrae
1107 2775 1344 2842 propter
1373 2787 1550 2842 opera
1580 2769 2059 2841 hominum,quia

417 2862 685 2938 apposita
707 2864 797 2915 est
844 2875 1010 2915 mens
1042 2858 1298 2914 hominis
1331 2858 1642 2931 diligenter
1698 2859 1770 2913 ad
1815 2857 1972 2912 mala
2024 2875 2059 2913 a

415 2952 668 3028 pueritia
696 2949 845 3017 (Gen.
879 2965 976 3017 VII,
1010 2950 1123 3017 21).
1160 2969 1187 2997 ››
1220 2946 1514 3003 Abraham
1545 2951 1603 3002 et
1640 2947 1799 3016 Sara,
1858 2946 2057 3003 audita

416 3039 860 3116 repromissione
891 3036 995 3092 ﬁlii
1053 3037 1433 3101 Isaac,rident
1486 3036 1544 3091 in
1602 3036 1771 3092 corde
1820 3053 1928 3091 suo
2001 3040 2058 3091 et

412 3134 589 3190 tacita
617 3127 890 3202 cogitatio
921 3143 1035 3182 non
1068 3125 1205 3181 latet
1234 3125 1538 3181 scientiam
1571 3125 1685 3180 Dei.
1711 3129 2056 3201 Arguuntur

414 3222 475 3279 in
506 3221 651 3285 risu,
681 3223 739 3274 et
766 3218 895 3290 ipsa
940 3216 1234 3289 cogitatio,
1281 3214 1449 3286 quasi
1506 3231 1641 3286 pars
1688 3212 2053 3269 inﬁdelitatis
2086 3204 2128 3270 C

413 3307 875 3383 reprehenditur.
937 3307 1208 3361 Attamen
1263 3321 1377 3360 non
1422 3322 1490 3360 ex
1538 3321 1603 3359 eo
1651 3304 1806 3375 quod
1850 3303 2050 3370 risere,

414 3396 750 3455 difﬁdentiae
794 3394 1278 3459 condemnantur,
1311 3395 1412 3449 sed
1453 3410 1519 3448 ex
1568 3410 1634 3448 eo
1666 3393 1819 3465 quod
1856 3397 2055 3462 postea

414 3487 803 3549 crediderunt,
831 3482 1073 3554 justitiee
1106 3482 1362 3554 palmam
1393 3486 1761 3553 acceperunt.
1806 3482 1911 3537 Lot
1954 3499 2051 3537 ne-

415 3578 525 3636 scit
553 3577 615 3631 in
645 3572 957 3630 concubitu
989 3570 1242 3626 ﬁliarum
1272 3571 1413 3643 quid
1447 3570 1663 3638 fecerit,
1695 3576 1755 3625 et
1801 3570 2053 3626 inebria-

412 3673 510 3724 tus
540 3666 613 3722 ab
644 3665 726 3721 eis
761 3679 876 3718 non
897 3660 1073 3716 habet
1104 3659 1324 3715 crimen
1347 3660 1739 3728 conscientim,
1774 3663 1831 3714 et
1856 3663 2052 3715 tamen

412 3773 573 3815 error
598 3754 659 3810 in
688 3752 827 3807 vitio
857 3755 966 3806 est.
1018 3751 1209 3822 Argue
1270 3754 1540 3804 sanctum
1601 3748 1789 3803 virum
1847 3748 2051 3804 Jacob.

415 3860 597 3919 quare
625 3839 836 3899 Rachel
868 3839 1183 3896 formosam
1217 3836 1499 3905 dilexerit,
1529 3853 1631 3908 pro
1663 3854 1781 3910 qua
1836 3841 1892 3893 et
1932 3854 2053 3892 ser-

411 3935 552 3991 vivit
606 3931 791 3988 multo
850 3934 1129 4000 tempore,
1176 3931 1234 3982 et
1280 3927 1339 3981 in
1374 3925 1483 3981 Lizs
1518 3926 1708 3998 primo
1735 3926 2053 3982 concubitu

413 4023 589 4080 fuerit
619 4019 998 4078 contristatus
1030 4035 1044 4085 ;
1076 4020 1132 4073 ct
1178 4015 1481 4089 acquiesce
1512 4016 1747 4071 tandem
1780 4015 2053 4070 humanae

414 4110 734 4184 fragilitati,
766 4124 894 4180 quae
925 4107 1100 4162 etiam
1130 4105 1373 4178 pulchra
1421 4121 1665 4177 corpora
1722 4104 1936 4175 diligit,
1999 4108 2056 4159 et

414 4198 700 4256 deformia
726 4198 1064 4253 detestatur.
1100 4195 1285 4266 Luget
1313 4194 1493 4249 Jacob
1527 4197 1770 4249 mortem
1808 4192 1912 4248 ﬁlii
1962 4194 2052 4250 sui

412 4287 654 4358 Joseph,
687 4291 743 4341 et
774 4283 957 4339 multo
988 4288 1247 4353 tempore
1278 4282 1735 4338 consolationem
1768 4300 1884 4338 non
1917 4282 2055 4338 reci-

412 4377 499 4450 pit
531 4376 681 4433 182
713 4373 992 4436 ﬁliorum,
1025 4371 1452 4442 respondetque
1484 4388 1496 4425 :
1535 4394 1561 4420 «
1601 4371 1826 4443 Lugens
1869 4376 1924 4426 et
1955 4388 2054 4445 ge-

413 4483 602 4534 mens,
629 4465 840 4520 vadam
873 4461 945 4517 ad
974 4460 1268 4515 infernum
1300 4460 1433 4531 (Gen
1482 4476 1695 4526 xxxvii,
1747 4461 1840 4531 35)
1893 4478 1906 4516 ;
1939 4481 1967 4511 η
2000 4464 2057 4517 et

2172 550 2410 620 ponitur
2433 548 2455 582 ³
2486 565 2499 603 :
2535 570 2563 599 «
2604 546 2814 603 Anima
2844 548 2893 603 si
2924 547 3245 619 peccaverit
3266 548 3324 603 in
3355 554 3669 620 conspectu
3699 547 3812 625 Do-

2172 638 2315 692 mini
2352 654 2467 693 non
2499 642 2727 710 sponte,
2760 654 2827 691 ex
2877 637 3155 692 omnibus
3201 636 3505 711 praeceptis
3551 636 3806 707 Domini,

2172 744 2298 799 quae
2330 744 2445 781 non
2478 729 2702 797 oportet
2731 725 2876 793 ﬁeri,
2906 725 3221 797 feceritque
3250 740 3435 780 unum
3456 742 3526 780 ex
3552 724 3659 791 eis,
3689 725 3809 781 sive

2171 814 2429 886 pontifex
2460 815 2652 881 fuerit,
2687 814 2804 869 sive
2844 813 3036 869 omnis
3086 829 3401 887 synagoga,
3448 817 3506 870 et
3549 812 3811 885 reliquus

2116 896 2119 897 ⁷
2170 902 2447 976 p0pulus,
2471 908 2527 960 et
2557 909 2756 975 postea
2788 903 3054 958 didicerit
3083 908 3387 975 peccatum
3416 920 3615 973 suum,
3652 904 3807 975 quod

2168 991 2426 1064 peccavit
2467 1008 2569 1065 per
2598 992 3012 1064 ignorantiam,
3056 992 3256 1047 otl‘eret
3305 1008 3546 1059 munus,
3576 992 3804 1048 hircum

2169 1082 2239 1136 de
2272 1082 2485 1152 capris,
2518 1079 2847 1136 masculum
2870 1080 3351 1137 immaculatum:
3385 1084 3443 1137 et
3485 1086 3659 1154 ponet
3686 1097 3808 1138 ma-

2170 1187 2282 1226 nus
2305 1187 2445 1226 suas
2475 1187 2655 1242 super
2686 1174 2861 1241 caput
2891 1172 3037 1240 ejus,
3083 1169 3504 1243 interﬁcietque
3546 1170 3714 1227 illum
3744 1171 3805 1228 in

2175 1257 2302 1314 loco
2357 1258 2461 1314 ubi
2513 1264 2845 1314 mactantur
2900 1258 3240 1315 holocausta
3286 1275 3481 1315 coram
3538 1259 3804 1329 Domino,

2171 1348 2313 1419 quia
2342 1365 2445 1420 pro
2500 1354 2735 1421 peccato
2790 1354 2880 1403 est
2932 1350 3122 1421 (Levii.
3185 1366 3261 1414 1v,
3292 1350 3327 1404 2
3379 1365 3522 1422 seqq.
3548 1350 3586 1419 ).
3622 1372 3643 1398 ι
3674 1350 3806 1407 Sta-

2169 1437 2389 1509 timquc
2420 1437 2479 1492 in
2509 1440 2891 1509 sequentibus
2926 1454 2937 1493 :
2973 1463 2997 1486 ‹‹
3034 1438 3092 1493 Si
3123 1438 3378 1509 tetigerit
3415 1438 3637 1510 aliquid
3692 1438 3805 1496 im-

2170 1528 2481 1591 mundum,
2513 1529 2665 1599 quod
2701 1546 2815 1583 non
2848 1526 3019 1583 liccat
3055 1532 3316 1600 tangere,
3362 1532 3421 1582 et
3471 1527 3668 1583 iecerit
3703 1544 3808 1601 per

2170 1615 2584 1686 ignorantiam,
2617 1621 2672 1671 et
2719 1621 2921 1688 postea
2965 1615 3252 1683 didicerit,
3306 1616 3425 1672 sive
3476 1616 3810 1689 promiserit

2171 1702 2417 1776 aliquid,
2448 1709 2503 1759 et
2534 1705 2710 1760 fuerit
2758 1704 2999 1773 oblitus,
3048 1706 3455 1777 pronuntiabit
3501 1711 3805 1778 peccatum

2172 1808 2370 1857 suum,
2399 1792 2459 1848 in
2491 1810 2607 1864 quo
2639 1810 2913 1865 peccasse
2944 1812 3003 1850 se
3033 1794 3330 1867 perspicit,
3362 1799 3420 1849 et
3465 1795 3666 1851 offeret
3698 1797 3803 1852 Do-

2167 1881 2325 1938 mino
2356 1898 2460 1954 pro
2491 1882 2583 1939 his
2614 1900 2740 1953 quae
2770 1884 3265 1956 peccavit,agnam
3298 1883 3417 1940 sive
3446 1900 3684 1956 capram
3703 1900 3808 1957 pro

2164 1973 2399 2040 peccato
2445 1988 2551 2026 suo
2589 1972 2743 2042 quod
2793 1972 3070 2043 peccavit,
3118 1978 3177 2027 et
3217 1972 3549 2043 precabitur
3592 1990 3693 2045 pro
3739 1990 3807 2030 eo

2165 2060 2441 2114 sacerdos
2470 2075 2650 2131 super
2679 2067 2935 2131 peccato,
2968 2066 3024 2115 et
3052 2060 3382 2116 dimittetur
3400 2061 3453 2118 ei
3484 2065 3813 2133 peccatum,

2163 2146 2265 2203 Sin
2296 2152 2492 2203 autem
2525 2166 2640 2204 non
2672 2148 3038 2221 praevaluerit
3064 2166 3277 2205 manus
3307 2150 3457 2220 ejus,
3497 2155 3564 2205 ut
3601 2151 3807 2209 offerat

2166 2252 2330 2292 ovem
2362 2254 2466 2309 pro
2520 2239 2781 2310 peccatis
2837 2239 2962 2294 suis
3021 2238 3239 2311 quibus
3295 2238 3626 2310 peccavit‘,
3657 2240 3809 2297 duos

2163 2328 2443 2397 turtures,
2476 2330 2579 2382 aut
2607 2327 2755 2382 duos
2787 2326 2979 2399 pullos
3008 2326 3414 2383 columbarum
3467 2328 3670 2384 offeret
3696 2332 3808 2385 Do-

2167 2414 2326 2472 mino
2362 2432 2546 2471 unum
2579 2433 2683 2488 pro
2714 2421 2967 2489 peccato,
2999 2421 3058 2473 et
3086 2434 3269 2472 unum
3303 2417 3361 2472 in
3392 2416 3804 2477 holocaustum

2165 2509 2222 2558 et
2252 2505 2505 2575 portabit
2532 2522 2601 2561 ea
2641 2506 2713 2562 ad
2745 2506 3190 2571 sacerdotem,et
3210 2508 3410 2563 offeret
3444 2508 3722 2566 sacerdos
3750 2510 3809 2569 id

2166 2593 2320 2664 quod
2349 2610 2452 2666 pro
2484 2599 2717 2666 peccato
2747 2600 2835 2650 est
2867 2596 3144 2667 primum,
3176 2600 3234 2651 et
3261 2599 3321 2650 in
3372 2596 3497 2668 ipso
3540 2600 3813 2656 reconci-

2164 2685 2408 2741 liabitur
2431 2700 2535 2756 pro
2569 2690 2803 2755 peccato
2836 2685 2990 2755 quod
3023 2684 3361 2755 peccavit,et
3390 2684 3724 2743 dimittetur
3750 2690 3807 2745 ei

2167 2776 2338 2845 (Leuit
2368 2791 2424 2840 v,
2456 2773 2490 2827 3
2520 2774 2710 2843 seqq.).
2766 2795 2792 2821 ››
2850 2773 3182 2845 (lateraque
3231 2772 3324 2829 his
3379 2773 3617 2846 similia,
3679 2792 3809 2849 quae

2165 2862 2365 2917 studio
2397 2860 2705 2915 brevitatis
2736 2860 2963 2925 omitto,
3021 2877 3092 2915 ne
3144 2861 3447 2917 fastidium
3501 2865 3810 2923 stomacho

2166 2956 2267 3007 tuo
2299 2947 2602 3006 faciam.ln
2632 2948 3127 3020 consequentibus
3159 2965 3394 3022 quoque
3422 2955 3621 3007 narrat
3652 2952 3813 3028 Moy-

2165 3060 2259 3098 ses
2294 3041 2452 3113 (Ibz'cl.
2488 3039 2633 3105 vm).
2658 3039 2811 3110 quod
2846 3038 2903 3092 in
2935 3038 3369 3095 consecratione
3392 3040 3582 3097 Aaron
3630 3048 3688 3099 et
3742 3046 3811 3102 ﬁ-

2166 3132 2377 3187 liorum
2409 3130 2537 3199 ejus
2569 3129 2847 3184 obtulerit
2874 3127 3122 3183 vitulum
3155 3146 3258 3200 pro
3309 3135 3566 3201 peccato,
3614 3138 3672 3188 et
3701 3151 3810 3207 po-

2166 3220 2349 3276 suerit
2378 3221 2564 3273 Aaron
2587 3222 2646 3272 et
2677 3217 2779 3271 ﬁlii
2811 3218 2938 3287 ejus
2971 3234 3182 3272 manus
3215 3234 3392 3290 super
3438 3235 3596 3288 eum,
3628 3238 3810 3295 super

2164 3314 2339 3381 caput
2367 3305 2633 3362 videlicet
2664 3305 2850 3371 vituli,
2877 3305 2975 3376 qui
3005 3310 3130 3360 erat
3153 3323 3256 3377 pro
3297 3312 3553 3378 peccato,
3583 3313 3643 3363 et
3686 3327 3812 3368 rna-

2164 3396 2406 3454 ctaverit
2435 3400 2656 3461 eum,et
2686 3396 2884 3450 tulerit
2916 3397 2985 3451 de
3016 3396 3144 3465 ejus
3186 3394 3558 3466 sanguine.et
3589 3414 3806 3469 posue-

2167 3487 2242 3541 rit
2273 3501 2449 3557 super
2480 3500 2699 3538 rornua
2730 3482 2935 3538 altaris
2974 3483 3033 3538 in
3077 3482 3322 3538 circuitu
3362 3483 3542 3556 digito
3589 3503 3697 3543 suo
3729 3491 3814 3544 at-

2165 3594 2278 3652 que
2306 3574 2485 3631 altare
2518 3572 2905 3627 mundaverit.
2963 3570 3239 3627 Similiter
3294 3572 3352 3626 in
3414 3574 3564 3630 733
3621 3575 3808 3633 ariete

2164 3662 2533 3732 tecerit,etde
2559 3661 2844 3735 sanguine
2875 3663 3003 3733 ejus
3032 3662 3290 3735 tetigerit
3319 3662 3643 3720 auriculam
3674 3666 3809 3736 ejus

2165 3757 2483 3819 dexteram,
2535 3756 2592 3806 et
2644 3767 2887 3806 manum
2928 3738 3256 3815 (dexteram,
3305 3754 3363 3806 et
3404 3753 3811 3811 summitatem

2165 3842 2331 3916 pedis
2360 3839 2568 3895 dextri.
2604 3841 2671 3894 Et
2701 3845 2834 3911 post
2866 3839 3054 3895 multa
3082 3839 3217 3905 alia,
3252 3857 3377 3913 qua:
3425 3859 3658 3898 narrare
3689 3842 3817 3900 lon-

2164 3932 2476 4005 gissimum
2504 3932 2611 3997 est,
2643 3928 3003 3984 enumeratis
3035 3929 3249 3984 diebus
3282 3934 3505 4003 septem
3558 3931 3642 3987 ita
3671 3932 3818 4007 legi-

2166 4040 2300 4078 mus
2334 4038 2345 4077 ;
2384 4042 2411 4069 ‹‹
2442 4020 2674 4073 Factum
2708 4022 2796 4072 est
2826 4034 3058 4089 quoque
3089 4018 3181 4074 die
3212 4024 3431 4084 octavo,
3485 4026 3542 4076 et
3587 4023 3818 4079 vocavit

2165 4111 2390 4183 Moyses
2425 4110 2632 4174 Aaron,
2663 4112 2719 4163 et
2766 4106 2917 4163 ﬁlios
2970 4109 3119 4177 ejus,
3179 4114 3235 4163 et
3291 4125 3497 4166 omnes
3550 4112 3817 4177 seniores

2165 4199 2362 4267 Israel,
2398 4203 2454 4254 et
2482 4196 2628 4253 dixit
2656 4197 2727 4252 ad
2759 4198 2985 4252 Aaron:
3018 4195 3180 4253 Tolle
3209 4197 3458 4257 vitulum
3495 4200 3567 4256 de
3608 4199 3807 4259 bobus

2166 4306 2270 4362 pro
2302 4285 2552 4360 peccatis
2583 4285 2699 4353 (Αι.
2734 4286 3011 4357 peccato),
3043 4291 3099 4340 et
3140 4286 3382 4342 arietem
3428 4288 3487 4345 in
3540 4288 3818 4347 holocau-

2167 4384 2324 4434 stum
2368 4373 2836 4442 immaculatum,
2882 4378 2937 4430 et
2989 4374 3194 4431 otl'eres
3242 4392 3341 4431 eos
3391 4376 3451 4432 in
3491 4384 3814 4452 conspectu

2170 4465 2397 4523 Domini
2433 4481 2446 4520 :
2481 4470 2539 4520 et
2570 4462 2901 4519 senioribus
2928 4463 3105 4521 Israel
3138 4465 3599 4537 loquere,dicens
3633 4485 3647 4523 :
3681 4469 3818 4525 Tol-

412 4553 621 4627 probat
648 4569 709 4608 se
740 4547 1205 4643 hominemﬁum
1229 4547 1422 4643 justus
1449 4547 1836 4643 ignoratquid
1860 4550 2052 4643 actum
2084 4578 2133 4643 Β
2165 4557 2267 4612 lite
2299 4554 2530 4611 hircum
2561 4554 2632 4608 de
2666 4552 2856 4625 capris
2886 4570 3072 4609 unum
3130 4571 3234 4626 pro
3292 4560 3548 4626 peccato,
3580 4561 3638 4613 et
3666 4557 3822 4615 vitu-

412 4644 489 4700 sit
520 4643 591 4699 de
610 4643 776 4715 justo
809 4639 926 4695 filio
953 4637 1192 4709 Joseph.
1230 4638 1290 4691 In
1324 4636 1515 4692 Exodo
1576 4636 1861 4708 scriptum
1913 4642 2004 4693 est
2038 4656 2050 4693 :

2164 4646 2285 4701 lum
2315 4641 2762 4699 immaculatum
2794 4642 3134 4698 anniculum
3163 4642 3222 4699 in
3248 4643 3680 4702 holocaustum.
3715 4648 3821 4703 Di-

414 4756 443 4783 ‹‹
475 4732 537 4790 Si
568 4728 921 4806 percusserit
952 4726 1164 4800 aliquis
1180 4725 1604 4799 quempiam,et
1634 4730 1901 4783 mortuus
1924 4727 2053 4783 fue-
2162 4734 2362 4805 xitque
2393 4732 2617 4804 Moyses
2648 4731 2718 4786 ad
2752 4737 2942 4786 Aaron
2980 4747 2992 4785 ;
3024 4732 3246 4788 Accedo
3277 4733 3347 4789 ad
3408 4733 3587 4792 altare
3636 4741 3699 4792 et
3727 4736 3819 4794 fac

419 4823 517 4889 rit,
547 4825 735 4878 morte
774 4819 1078 4875 moriatur.
1127 4816 1226 4871 Sin
1281 4819 1476 4871 autem
1534 4832 1649 4870 non
1697 4815 1917 4881 volens,
1952 4817 2051 4871 sed
2166 4840 2269 4895 pro
2303 4826 2539 4894 peccato
2587 4824 2688 4875 tuo
2720 4821 2907 4889 (Levit.
2960 4836 3038 4888 ix,
3072 4824 3095 4875 1
3130 4822 3319 4894 scqq,),
3379 4845 3407 4872 ››
3447 4831 3503 4879 et
3550 4825 3812 4897 reliqua.

417 4912 571 4968 Deus
600 4908 847 4966 tradidit
875 4922 1007 4962 eum
1038 4906 1099 4959 in
1131 4904 1407 4959 manibus
1436 4904 1585 4974 ejus,
1615 4903 1763 4959 dabo
1813 4903 1921 4958 tibi
1970 4901 2053 4958 lo-
2167 4936 2193 4962 α
2230 4912 2609 4981 Rursumque
2633 4909 2877 4965 elevavit
2904 4911 3094 4965 Aaron
3125 4927 3336 4967 manus
3362 4929 3501 4968 suas
3523 4929 3825 4987 ευρειιρο-

423 5017 581 5067 cum,
614 4999 686 5056 ad
717 5014 893 5071 quem
927 4994 1224 5066 confugiat
1249 4993 1347 5066 qui
1382 4992 1660 5048 occiderit
1690 4994 1883 5062 (Exod.
1936 5008 2053 5061 xxi,

2173 4999 2393 5072 pulum,
2422 5004 2480 5055 et
2512 4998 2805 5054 benedixit
2845 4997 2947 5054 eis.
2972 5000 3393 5072 Descenditque
3412 5017 3545 5057 cum
3580 5003 3825 5061 fecisset

417 5089 506 5159 12,
540 5090 651 5161 13).
687 5111 714 5138 υ
748 5088 812 5145 In
828 5102 943 5159 quo
966 5082 1287 5141 notandum
1311 5085 1419 5137 θετι-
1440 5082 1592 5153 (100d
1620 5081 1773 5137 D6118
1816 5080 2057 5137 tradidit
2168 5106 2272 5160 pro
2303 5092 2538 5161 peccato
2569 5091 2651 5159 et,
2674 5085 3015 5143 holocausto
3063 5092 3121 5144 ct
3175 5088 3420 5146 salutari
3476 5091 3659 5163 (Ibid..
3720 5092 3820 5163 2t,

419 5178 718 5235 hominem
752 5178 810 5234 in
861 5191 1074 5233 manus
1120 5174 1269 5244 eius,
1320 5175 1377 5226 εἴ
1422 5169 1519 5227 ille
1549 5171 1651 5242 qni
1690 5170 1907 5228 OCCidit
1952 5187 2056 5242 P9P
2162 5180 2275 5248 2‘2).
2311 5200 2338 5230 ››
2373 5176 2581 5234 Mulier
2607 5180 2846 5250 generat
2874 5176 3087 5234 liberos
3114 5177 3241 5252 lege
3289 5180 3541 5237 naturali
3600 5187 3659 5239 et
3711 5182 3825 5240 im-

2167 5378 2263 5458 vix
2299 5375 2469 5458 cred_i_
2480 5390 2657 5458 posse
2686 5375 3093 5447 investigabiles
3110 5392 3213 5450 pro
3244 5376 3711 5449 ininvestz'gabiles
3741 5375 3826 5436 le-

2170 5456 2327 5507 ctum
2363 5467 2395 5503 a
2426 5452 2795 5519 Hieronymo.
3528 5488 3537 5493 .

2240 5524 2261 5556 θ
2291 5523 2350 5576 In
2384 5519 2557 5574 veteri
2591 5520 2730 5579 edit,
2761 5520 2883 5574 Lex
2910 5522 3221 5590 exponitur.

2238 5596 2438 5658 ‘Mss.,
2483 5592 2591 5647 Pro
2617 5601 2833 5666 peccato
2861 5608 2976 5666 suo
3003 5609 3107 5665 quo
3144 5594 3403 5666 peccavit,
3450 5595 3825 5666 assentiente

2168 5666 2367 5724 Gaaeco
2397 5668 2579 5733 textu,
2618 5661 2751 5745 Περὶ
2797 5667 2899 5735 τῆς
2952 5661 3243 5742 ﬁgulo-citae
3294 5664 3819 5749 α·3τοῦ,ἤςῆμαρτε,

500 5400 518 5435 ι
546 5390 837 5468 Victorius
865 5392 932 5445 Et
951 5392 1016 5468 in
1059 5389 1171 5444 alio
1193 5387 1332 5468 “loco
1378 5384 1652 5468 reponit:
1677 5401 1816 5468 nam
1861 5383 2056 5468 Eccle-

430 5463 647 5521 siastici
676 5478 882 5531 unum,
915 5460 1159 5517 alterum
1191 5457 1501 5531 Sapientiae
1518 5457 1921 5531 testimonium
1945 5462 2049 5531 est.

426 5541 504 5593 At
533 5535 705 5589 modo
757 5530 893 5588 liber
920 5535 1211 5604 Sapientia:
1258 5530 1471 5585 dicitur
1517 5530 1864 5603 Hieronymo
1915 5530 2060 5586 liber

429 5604 845 5668 Ecclesiastici.

491 5680 514 5716 ¹
540 5676 693 5738 Alibi
727 5676 1101 5742 adnotamus,
1133 5674 1232 5731 ubi
1260 5671 1586 5730 versiculus
1623 5670 1732 5728 iste
1785 5670 2056 5741 occurrit,
