3958 6462
165 438 311 546 $53,

984 482 1372 547 DIALOGUS
1417 480 1737 546 CONTRA
1775 481 2292 546 PELAGIANOS.
2325 516 2405 531 —
2431 483 2577 547 LIB.
2626 485 2677 546 Ι.

3412 342 3515 375 γ’..

3418 484 3540 546 554

164 617 354 675 munda
387 621 497 685 est,
531 616 581 675 si
613 616 939 675 masculum
961 617 1271 690 pepererit,
1295 616 1503 673 diebus
1527 617 1778 689 quadra-
1808 615 1861 681 Α
1893 632 2007 671 non
2044 617 2350 673 mundabit
2391 635 2580 685 reum,
2613 641 2641 669 »
2695 617 2849 690 quod
2905 616 3128 672 scilicet
3175 616 3355 674 etiam
3390 620 3541 691 post

162 707 333 781 ginta;
364 707 411 764 si
442 708 746 779 feminam,
780 706 984 764 diebus
1015 708 1328 779 octoginta.
1357 712 1586 763 Accusa
1606 708 1775 762 Crea-

163 801 343 868 torem,
370 814 476 854 cur
504 798 876 854 immundum
932 795 1254 869 quidquam
1308 796 1570 852 nominet
1619 795 1775 867 quod

158 885 273 958 ipse
296 886 565 943 condidit.
604 888 673 942 Et
701 903 817 942 non
836 885 1028 942 solum
1051 885 1180 957 ipsa
1197 886 1503 942 immunda
1522 890 1630 951 est,
1675 885 1777 940 sed

158 978 212 1035 et
233 990 391 1032 omne
428 976 584 1048 quod
636 975 937 1046 tetigerit:
989 997 1016 1025 «
1065 976 1328 1047 Cumque
1366 975 1512 1044 dies,
1561 973 1773 1046 inquit,

156 1064 491 1137 purgationis
522 1065 652 1135 ejus
697 1063 975 1137 completi
1024 1064 1243 1120 iuerint
1291 1080 1470 1136 super
1506 1062 1627 1118 ﬁlio
1676 1068 1779 1118 aut

158 1152 283 1219 filia,
310 1154 502 1209 oti‘eret
542 1169 761 1226 agnum
812 1152 1157 1209 anniculam
1198 1151 1669 1218 immaculatum,
1720 1156 1778 1206 et

158 1240 358 1314 pullum
390 1241 820 1309 columbarum,
843 1247 903 1298 et
934 1246 1221 1298 turturem
1254 1259 1358 1314 pro
1389 1245 1649 1313 peccato,
1703 1241 1775 1296 ad

158 1330 345 1389 ostium
377 1330 740 1389 tabernaculi
773 1331 1094 1389 testimonii
1121 1330 1408 1388 sacerdoti
1434 1332 1472 1401 ί,
1505 1330 1603 1402 qui
1646 1330 1778 1385 offe-

155 1424 233 1478 ret
256 1437 317 1478 ea
340 1420 395 1477 in
428 1425 745 1495 conspectu
775 1420 1030 1490 Domini,
1058 1425 1115 1476 et
1136 1420 1396 1493 expiabit
1426 1436 1530 1492 pro
1572 1436 1639 1474 ea
1684 1436 1774 1475 sa-

156 1511 547 1583 cerdos(Levit.
591 1528 695 1578 x11,
744 1512 779 1567 6
824 1514 1016 1583 seqq.).
1063 1533 1090 1559 ››
1140 1510 1221 1566 De
1264 1510 1493 1582 leproso
1543 1525 1776 1581 quoque

154 1599 362 1667 dicitur,
389 1600 544 1673 quod
577 1600 638 1655 in
670 1600 762 1656 die
793 1599 1159 1672 purgationis
1189 1600 1317 1670 ejus
1345 1600 1625 1655 offeratur
1671 1615 1776 1670 pro

153 1704 215 1745 eo
242 1689 463 1745 victima
489 1706 594 1762 pro
646 1695 904 1762 peccato,
953 1691 1187 1761 duoque
1233 1693 1493 1744 turtures
1546 1694 1605 1743 et
1660 1689 1776 1743 duo

149 1777 285 1851 pulli
313 1777 710 1836 columbarum
746 1796 758 1835 :
792 1796 951 1835 unus
982 1796 1087 1851 pro
1126 1782 1385 1851 peccato,
1419 1776 1572 1833 alius
1592 1777 1649 1833 in
1674 1776 1775 1833 ho-

148 1867 456 1924 locaustum
505 1870 699 1938 (Leuit.
745 1886 858 1937 xiv,
886 1868 1124 1939 ttseq.).
1168 1869 1233 1922 Et
1287 1869 1387 1939 qui
1433 1867 1654 1922 ﬂuxum
1692 1884 1776 1922 se-

150 1956 309 2017 minis
337 1957 575 2030 patitur,
604 1958 806 2014 eodem
830 1957 1098 2013 sacriﬁcii
1135 1957 1339 2012 ordine
1389 1972 1491 2028 pro
1541 1960 1775 2028 peccato
1804 1990 1853 2057 B

147 2051 200 2103 et
227 2046 553 2103 holocausto
584 2046 869 2103 liberatur
893 2046 1084 2117 (Leuit.
1118 2064 1218 2111 xu,
1259 2047 1294 2099 7
1343 2046 1535 2117 seqq.).
1588 2047 1657 2101 Et
1703 2046 1775 2101 ad

146 2138 451 2192 extremum
483 2135 736 2192 infertur
768 2153 780 2190 :
808 2158 835 2185 ‹‹
862 2135 1192 2213 Timoratos
1215 2134 1387 2190 facite
1411 2134 1563 2191 ﬁlios
1599 2134 1774 2191 Israel

146 2226 213 2283 ab
267 2224 654 2282 immunditiis
686 2225 831 2290 suis,
853 2230 909 2281 et
931 2241 1047 2280 non
1070 2224 1394 2280 morientur
1415 2241 1518 2296 pro
1540 2228 1776 2296 peccato

143 2331 266 2381 suo,
296 2314 341 2370 si
373 2314 899 2371 contaminaverint
942 2313 1389 2370 tabernaculum
1442 2312 1775 2369 testamenti

142 2405 324 2475 (Lavit.
356 2422 446 2473 xv,
480 2405 594 2477 31).
632 2427 659 2453 ι)
693 2404 808 2477 Ipsi
835 2420 1068 2477 quoque
1098 2411 1291 2460 Aaron
1324 2403 1679 2477 praecipitur,
1714 2409 1779 2458 ut

140 2510 251 2550 non
271 2494 425 2549 omni
462 2502 719 2566 tempore
774 2493 1139 2565 ingrediatur
1188 2494 1247 2548 in
1288 2494 1501 2550 Sancta
1554 2497 1780 2549 sancto-

137 2600 287 2651 rum,
318 2600 389 2639 ne
422 2584 567 2638 forte
606 2582 915 2640 moriatur.
958 2607 986 2633 ‹‹
1047 2585 1333 2655 Cumque,
1380 2585 1480 2649 ait,
1528 2582 1779 2639 voluerit

134 2674 364 2741 intrare,
397 2673 597 2729 otlerat
618 2672 868 2729 vitulum
896 2690 998 2745 pro
1030 2676 1284 2745 peccato,
1316 2678 1371 2727 et
1426 2673 1665 2728 arietem
1716 2672 1775 2726 in

134 2763 562 2829 holocaustum,
595 2762 860 2834 duosque
889 2761 1085 2817 hircos
1116 2761 1364 2833 accipiat
1393 2763 1464 2817 ab
1505 2763 1776 2818 universo

134 2851 384 2927 populo;
419 2869 601 2908 unum
631 2868 700 2908 ex
731 2852 817 2908 eis
847 2851 1052 2908 oti‘erat
1084 2868 1187 2924 pro
1248 2856 1481 2924 peccato
1532 2870 1659 2920 suo,
1720 2856 1779 2907 et

135 2959 314 2999 unum
346 2957 450 3014 pro
480 2945 717 3013 peccato
748 2940 971 3014 pepuli,
1006 2946 1063 2997 et
1102 2940 1342 2996 arietem
1390 2941 1450 2996 in
1502 2941 1776 2997 holocau-

134 3036 288 3089 stum
319 3033 513 3100 (Levit.
544 3047 657 3100 xvr,
688 3034 724 3086 2
763 3030 953 3103 seqq.).
994 3053 1014 3079 ι
1072 3031 1227 3087 784
1268 3030 1430 3086 Alter
1477 3030 1775 3087 hircorum

133 3125 340 3178 cuncta
369 3125 605 3193 peccata
634 3120 883 3192 suscipit
931 3119 1131 3192 populi
1176 3119 1234 3174 in
1284 3125 1489 3192 typum
1543 3120 1777 3175 Domini

132 3210 465 3276 Salvatoris,
497 3214 554 3266 et
582 3210 747 3266 eﬂert
768 3210 827 3265 in
860 3208 1239 3266 solitudinem
1267 3227 1282 3276 ;
1315 3214 1372 3265 et
1402 3210 1485 3265 sic
1516 3209 1780 3281 placatur

134 3307 287 3358 Deus
315 3300 475 3357 omni
506 3298 892 3354 multitudini.
924 3300 1009 3354 Ad
1043 3304 1367 3355 extremum
1392 3299 1640 3354 dicitur:
1669 3322 1695 3347 ‹‹
1719 3299 1775 3353 Si

131 3390 447 3448 comederit
477 3388 652 3444 homo
681 3389 752 3443 de
791 3388 1170 3445 sanctiﬁcatis
1217 3406 1320 3460 per
1359 3388 1774 3460 ignorantiam,
1805 3368 1849 3436 C

125 3480 461 3553 imputatur
490 3477 540 3533 ei
570 3476 852 3550 iniquitas
883 3481 1057 3550 atque
1089 3477 1391 3545 delictum,
1416 3483 1473 3533 et
1504 3479 1619 3534 voti
1648 3494 1782 3533 reus

128 3568 239 3625 erit
270 3569 462 3641 (Leuit.
494 3584 597 3633 xu,
642 3567 752 3637 14).
821 3593 843 3620 ι)
908 3565 1074 3623 Unde
1122 3571 1181 3623 et
1220 3569 1539 3640 Apostolus
1586 3572 1785 3623 monet

132 3656 567 3714 Eucharistiam
598 3655 829 3711 Domini
857 3673 992 3712 cum
1024 3656 1295 3712 cautione
1317 3657 1687 3726 sumendam,
1714 3673 1784 3712 ne

132 3749 192 3803 in
215 3745 768 3804 condemnationem
792 3746 963 3803 nobis
980 3762 1290 3802 sumamus
1309 3751 1482 3818 atque
1491 3746 1784 3817 judicium

125 3838 177 3906 (1
206 3837 315 3893 Cor
349 3854 430 3902 x1,
460 3836 550 3900 27,
584 3835 695 3905 28),
728 3835 787 3890 Si
818 3835 1134 3891 damnatur
1160 3835 1219 3890 in
1259 3834 1386 3907 lege
1433 3835 1788 3908 ignorantia,

127 3930 361 3999 quanto
394 3925 584 3996 magis
616 3924 675 3979 in
699 3924 999 3997 evangelio
1030 3924 1425 3981 conscientia!

201 4018 299 4072 35'.
332 4017 419 4071 Ex
446 4016 810 4071 Numerorum
839 4014 999 4070 libro.
1032 4045 1102 4055 ——-
1129 4014 1524 4070 Transeamus
1564 4015 1637 4069 ad
1670 4014 1788 4070 Nu-

128 4122 357 4174 meros,
391 4109 449 4161 et
468 4105 540 4160 ob
563 4103 1061 4160 contentiosorum
1086 4104 1517 4176 impudentiam
1542 4104 1794 4159 refutan-

128 4197 301 4265 dam,
330 4210 570 4251 summa
601 4210 845 4266 quaeque
875 4210 1207 4265 carpamus.
1230 4193 1537 4249 Nazarteus
1591 4198 1792 4249 sancto

127 4286 301 4344 crine
328 4284 707 4351 venerabilis,
741 4282 982 4340 alterius
1012 4282 1208 4339 subita
1230 4287 1415 4339 morte
1442 4281 1790 4351 maculatur,

125 4382 185 4433 et
216 4391 439 4433 omnes
468 4373 594 4430 dies
647 4372 1104 4429 consecrationis
1146 4373 1275 4444 ejus
1324 4372 1598 4445 przeteriti
1647 4372 1797 4428 irriti

128 4466 344 4524 ﬁunt:
378 4468 701 4537 posteaque
732 4478 836 4534 pro
876 4479 941 4518 eo
982 4462 1307 4518 offeruntur
1355 4462 1471 4518 duo
1516 4466 1794 4528 turtures,

124 4563 180 4611 et
215 4556 348 4611 duo
371 4552 520 4627 pulli
572 4552 1002 4624 columbarum,
1062 4568 1217 4608 unus
1268 4568 1372 4624 pro
1423 4556 1679 4623 peccato,
1742 4555 1800 4607 et

122 4644 282 4701 alter
319 4644 383 4700 in
418 4641 853 4699 holocaustum.
885 4642 950 4698 In
1002 4642 1094 4698 die
1137 4658 1370 4714 quoque
1419 4657 1794 4697 consumma-

1886 705 2336 777 indulgentiam,
2368 726 2503 764 reus
2536 708 2612 764 sit
2633 707 2880 781 propriae
2934 706 3324 763 conscientiae.
3368 706 3538 764 Cum-

1889 812 2020 867 que,
2039 797 2139 862 ait,
2159 796 2513 868 ignoraverit
2534 798 2809 870 populus,
2832 803 2888 853 et
2906 797 3104 852 fecerit
3124 814 3309 852 unum
3334 813 3405 853 ex
3442 796 3538 854 his

1888 900 2017 955 qua:
2037 886 2222 941 facere
2243 903 2356 942 non
2376 887 2596 954 debuit,
2616 892 2749 960 post
2770 886 3247 943 caeremoniarum
3286 885 3535 960 longum

1887 974 2153 1029 ordinem
2185 976 2434 1031 infertur
2463 981 2517 1032 et
2548 976 2761 1032 dicitur
2792 993 2805 1033 :
2845 998 2873 1026 (ς
2903 976 3112 1032 Oﬁ‘erte
3144 975 3376 1031 hircum
3437 993 3533 1033 ca-

1891 1080 2130 1135 prarum
2188 1082 2292 1137 pro
2346 1070 2600 1138 peccato,
2663 1072 2719 1121 et
2772 1065 3027 1138 placabit
3096 1064 3367 1121 sacerdos
3426 1082 3533 1138 pro

1889 1153 2049 1207 omni
2083 1171 2380 1228 synagoga
2411 1155 2665 1210 ﬁliorum
2699 1154 2897 1224 Israel,
2930 1159 2986 1209 et
3016 1154 3431 1227 propitiabitur
3481 1154 3534 1210 ei

1886 1241 2189 1310 Dominus,
2233 1243 2371 1315 quia
2420 1243 2751 1317 ignorantia
2799 1248 2932 1299 est:
2990 1249 3048 1298 et
3097 1243 3209 1315 ipsi
3289 1240 3533 1301 offerent

1886 1330 2237 1387 oblationem
2271 1350 2439 1388 suam
2470 1333 2526 1387 in
2559 1333 2913 1389 sacriﬁcium
2959 1332 3204 1388 Domino
3254 1350 3359 1405 pro
3406 1350 3534 1406 pec-

1887 1425 2015 1475 cato
2048 1438 2154 1477 suo
2197 1421 2255 1475 in
2301 1426 2613 1494 conspectu
2664 1421 2813 1492 ejus,
2865 1421 3146 1493 quoniam
3195 1421 3534 1479 nescierunt

1887 1512 2070 1579 (Num.
2103 1528 2202 1578 vn,
2242 1514 2331 1580 28,
2376 1512 2537 1581 29).»
2586 1511 2787 1582 Ibique
2834 1510 3110 1567 additur:
3164 1534 3190 1561 ‹‹
3234 1512 3289 1567 Si
3334 1512 3535 1572 anima

1889 1616 2005 1654 una
2026 1600 2349 1671 peccaverit
2402 1618 2505 1671 per
2560 1601 2974 1672 ignorantiam,
3036 1601 3237 1656 offeret
3294 1618 3530 1675 capram

1887 1689 2221 1744 anniculam
2245 1706 2347 1760 pro
2380 1694 2612 1761 peccato
2642 1689 2981 1761 ignorantia:
3025 1706 3220 1745 coram
3262 1690 3531 1759 Domino,

1887 1784 1943 1833 et
1973 1778 2380 1850 deprecabitur
2410 1796 2512 1851 pro
2545 1796 2612 1835 ea
2639 1780 2912 1834 sacerdos
2945 1796 3010 1833 eo
3043 1780 3197 1851 quod
3230 1780 3536 1852 ignorave-

1888 1868 1982 1936 rit,
2035 1885 2137 1940 pro
2186 1874 2421 1940 peccato
2478 1867 2820 1940 ignorantiae
2879 1885 3076 1924 coram
3134 1869 3404 1940 Domino,
3479 1874 3537 1927 et

1886 1957 2112 2029 rogabit
2142 1974 2243 2029 pro
2276 1974 2361 2025 ea,
2410 1963 2466 2013 et
2517 1958 2930 2031 propitiabitur
2976 1958 3026 2013 ei
3086 1958 3275 2031 (Lavit.
3331 1977 3405 2028 1v,
3465 1961 3537 2014 27

1886 2049 2055 2119 seqq.)
2090 2071 2116 2096 ››
2151 2048 2213 2102 In
2246 2047 2519 2103 Kalendis
2553 2047 2920 2120 singulorum
2958 2048 3250 2103 mensium
3297 2048 3537 2105 ott‘ertur

1886 2138 2088 2192 hircus
2119 2154 2428 2208 caprarum
2463 2154 2565 2208 pro
2604 2141 2838 2209 peccato
2887 2137 3155 2192 Domino.
3210 2138 3273 2193 In
3308 2139 3533 2195 Pascha

1887 2243 2119 2298 quoque
2150 2226 2398 2297 perdies
2431 2232 2580 2295 octo,
2616 2243 2649 2281 a
2678 2226 2769 2282 die
2802 2226 3026 2281 decimo
3057 2231 3264 2298 quarto
3314 2228 3537 2286 mensis

1886 2317 2057 2387 primi
2094 2333 2280 2387 usque
2309 2316 2382 2370 ad
2445 2316 2613 2371 735‘
2644 2315 2989 2370 vicesimum
3043 2315 3300 2387 primum
3352 2317 3534 2389 diem,

1887 2405 2236 2461 sacriﬁcium
2275 2423 2372 2477 pro
2404 2410 2637 2476 peccato
2679 2409 2783 2460 est.
2832 2406 2891 2459 ln
2949 2404 3285 2461 Pentecoste
3333 2405 3534 2463 hircus

1887 2513 1989 2567 pro
2022 2498 2257 2567 peccato
2288 2496 2545 2561 oﬂ‘ertur,
2578 2499 2635 2549 et
2658 2493 2715 2547 in
2736 2493 3007 2549 Kalendis
3030 2494 3249 2549 mensis
3268 2494 3533 2568 septimi,

1888 2586 2119 2657 quando
2164 2584 2440 2639 tubarum
2501 2583 2741 2655 clangor
2788 2581 3063 2649 concinit,
3122 2584 3323 2639 eadem
3384 2584 3536 2640 hirci

1886 2692 1989 2747 pro
2014 2679 2245 2747 peccato
2277 2672 2476 2745 religio
2508 2677 2903 2729 conservatur.
2927 2671 3024 2727 Die
3047 2689 3279 2744 quoque
3299 2672 3527 2730 decimo

1886 2766 2149 2835 ejusdem
2209 2764 2431 2818 mensis
2480 2761 2736 2833 septimi,
2798 2762 3032 2833 quando
3081 2761 3379 2832 jejunium
3445 2766 3534 2819 est

1887 2871 2074 2926 usque
2095 2855 2165 2909 ad
2196 2869 2523 2925 vesperam,
2558 2853 2797 2907 offertur
2825 2851 3027 2906 hircus
3074 2868 3384 2924 caprarum
3429 2869 3534 2925 pro

1886 2948 2141 3015 peccato,
2174 2948 2382 3015 praeter
2412 2959 2545 2998 eum
2574 2941 2825 3008 hircum,
2851 2940 3105 3012 quiante
3128 2941 3534 2997 holocaustum

1887 3051 1991 3105 pro
2014 3037 2249 3103 peccato
2307 3049 2376 3087 ex
2422 3032 2545 3101 lege
2587 3034 2895 3087 mactatur.
2936 3030 2998 3083 In
3041 3029 3249 3085 diebus
3299 3047 3535 3103 quoque

1886 3122 2274 3194 Scenopegim,
2310 3122 2544 3193 quando
2570 3119 2899 3191 ﬁgebantur
2920 3118 3311 3186 tabernacula,
3360 3136 3394 3174 a
3441 3120 3536 3176 die

1885 3213 2110 3267 decimo
2143 3211 2347 3282 quinto
2372 3209 2636 3279 ejusdem
2670 3207 2890 3263 mensis
2944 3206 3177 3279 septimi
3222 3224 3408 3279 usque
3457 3209 3531 3264 ad

1887 3301 2040 3357 diem
2070 3300 2415 3356 viceSImum
2469 3298 2816 3362 secundum,
2869 3297 3020 3352 inter
3068 3295 3212 3352 alias
3261 3297 3531 3354 victimas

1891 3408 2121 3462 semper
2170 3406 2273 3461 pro
2332 3392 2562 3461 peccato
2622 3388 2821 3442 hircus
2855 3387 3224 3453 offerebatur,
3275 3390 3339 3441 ut
3383 3386 3531 3443 illud

1892 3480 2205 3552 impleatur
2242 3478 2395 3535 beati
2428 3477 2653 3533 David:
2716 3499 2742 3526 ‹‹
2803 3476 2927 3531 Tibi
2997 3475 3104 3531 soli
3151 3477 3428 3548 peccavit,
3485 3480 3543 3534 et

1893 3569 2115 3625 malum
2138 3586 2332 3625 coram
2365 3573 2421 3624 te
2454 3569 2579 3637 l'eei,
2614 3567 3041 3638 utjustiticeris
3074 3566 3132 3621 in
3167 3566 3541 3623 sermonibus

1893 3661 2034 3725 tuis,
2063 3665 2119 3715 et
2144 3659 2345 3721 vincas
2376 3675 2507 3714 cum
2535 3656 2825 3729 judicaris
2881 3656 3055 3728 (Psal.
3119 3672 3168 3721 ι,
3216 3656 3294 3725 5).
3348 3678 3375 3703 ››
3430 3656 3543 3711 Sex

1896 3750 2097 3805 civitas
2136 3748 2435 3821 eliguntur
2473 3747 2661 3803 exsilii
2714 3762 2938 3814 eorum,
2971 3745 3069 3815 qui
3123 3761 3237 3798 non
3310 3747 3537 3816 sponte,

1896 3840 1997 3895 sed
2031 3856 2134 3907 per
2163 3838 2577 3911 ignorantiam,
2610 3836 2696 3891 vel
2723 3837 2882 3907 jactu
2913 3833 3144 3906 lapidis,
3187 3832 3273 3887 vel
3325 3831 3541 3903 impul-

1898 3928 2061 3985 sione
2090 3942 2324 3994 manus,
2349 3926 2605 3995 veljoco,
2645 3924 2731 3980 vel
2792 3922 3027 3977 lascivia
3074 3924 3295 3994 absque
3344 3919 3541 3976 inimi-

1900 4017 2075 4084 citiis,
2106 4015 2446 4071 infelicitate
2478 4014 2665 4084 magis
2694 4029 2868 4085 quam
2910 4011 3208 4066 voluntate
3267 4025 3544 4082 peccave-

1902 4109 2058 4175 runt,
2091 4109 2148 4160 et
2170 4108 2359 4159 tamen
2394 4120 2506 4157 non
2542 4103 2763 4172 absque
2795 4100 3042 4156 crimine
3066 4103 3224 4169 sunt,
3267 4101 3408 4154 dum
3457 4115 3545 4154 re-

1900 4195 2171 4267 legantur
2201 4194 2260 4247 in
2292 4198 2659 4265 perpetuum,
2702 4195 2760 4245 et
2790 4196 2921 4245 ante
2952 4191 3337 4246 constitutum
3370 4188 3549 4262 diem,

1904 4302 2009 4341 nec
2041 4283 2487 4356 supplicatione,
2519 4299 2623 4337 nec
2655 4281 2837 4353 pretio
2887 4297 3090 4335 eorum
3138 4279 3389 4336 reversio
3438 4279 3548 4335 im-

1905 4374 2117 4448 petrari
2149 4377 2205 4428 et
2226 4371 2432 4427 redimi
2460 4376 2670 4443 potest.

1976 4465 2181 4519 36.111:
2222 4464 2652 4517 Deziteronomz'o.
2688 4493 2753 4503 —
2802 4462 2864 4517 In
2933 4459 3401 4525 Deuteronomio,
3455 4457 3559 4530 qui

1907 4554 2056 4609 liber
2086 4553 2508 4625 praeteritorum
2542 4551 2906 4607 enumeratio
2955 4554 3064 4613 est,
3117 4550 3425 4620 perspicue
3460 4548 3557 4603 de-

1910 4648 2295 4707 monstratur,
2325 4658 2436 4696 non
2473 4642 2531 4695 in
2558 4641 2834 4712 operibus
2858 4639 3077 4695 nostris
3110 4644 3284 4710 atque
3306 4636 3553 4707 iustitia,

122 4734 318 4790 tionis
354 4734 487 4803 eius
516 4731 972 4805 oli‘erturagnus
1004 4731 1061 4786 in
1082 4732 1420 4787 holocausto
1445 4735 1500 4786 et
1522 4747 1673 4802 agna
1696 4747 1798 4801 pro
1830 4747 1875 4812 ι)
1909 4734 2009 4789 sed
2042 4734 2141 4788 Dei
2170 4731 2569 4787 misericordia
2614 4747 2718 4785 nos
2768 4728 3123 4796 conservari,
3178 4727 3404 4783 dicente
3449 4730 3559 4781 Do-

120 4827 405 4895 peccato.
440 4823 510 4877 Et
540 4826 673 4894 post
702 4821 890 4877 multa
918 4820 1203 4894 scriptum
1227 4825 1313 4876 est
1345 4821 1509 4891 (Num
1536 4837 1653 4887 xiv,
1709 4820 1799 4887 l7,
1918 4823 2077 4879 mino
2109 4840 2212 4895 per
2241 4823 2478 4893 Moysen
2514 4836 2527 4876 :
2566 4843 2591 4869 ‹‹
2623 4820 2704 4875 Ne
2735 4819 2896 4873 dicas
2926 4818 2982 4872 in
3033 4817 3205 4872 corde
3251 4822 3373 4886 tuo,
3424 4830 3561 4870 cum

120 4914 219 4986 18)
260 4931 278 4969 :
318 4935 353 4963 «
412 4911 482 4967 Et
539 4927 695 4967 nunc
749 4910 1159 4983 magniﬁcetur
1206 4909 1494 4965 fortitudo
1554 4909 1807 4975 Domini,
1916 4913 2266 4969 subverterit
2297 4929 2395 4966 eos
2426 4910 2709 4966 Dominus
2751 4909 2905 4963 Deus
2953 4912 3094 4962 tuus
3146 4923 3179 4961 a
3227 4905 3370 4961 facie
3419 4908 3563 4962 tua:

120 5002 289 5057 sicut
326 5000 568 5056 locutus
591 5004 680 5056 est
696 5001 736 5069 ²,
769 4998 992 5063 dlcens,
1025 4998 1311 5055 Dominus
1341 4997 1706 5070 Ionganimis
1754 5002 1811 5054 et
1918 5006 1978 5061 In
2006 5002 2248 5075 justitia
2280 5018 2409 5056 mea
2440 4999 2767 5055 introduxit
2792 5015 2885 5053 me
2921 4996 3231 5061 Dominus,
3264 5000 3329 5049 ut
3376 4995 3571 5067 ροεεί..

116 5091 343 5147 multae
377 5088 815 5157 misericordias,
853 5089 1123 5145 auferens
1167 5086 1536 5159 iniquitatem
1582 5091 1639 5142 et
1681 5103 1810 5143 sce-
1917 5096 2086 5150 deam
2120 5098 2332 5148 terram
2394 5091 2563 5158 hanc,
2625 5089 2765 5161 quia
2824 5090 2880 5143 in
2944 5087 3246 5158 impietate
3306 5084 3569 5157 gentium

116 5179 278 5251 lem:
313 5184 383 5237 et
426 5181 723 5235 mundatis
769 5195 885 5234 Ποη
939 5178 1111 5233 faetet
1160 5177 1566 5244 innocentem;
1622 5198 1649 5225 ν
1703 5193 1805 5247 Ι)Γο
1919 5186 2163 5239 istarum
2198 5182 2480 5238 Dominus
2512 5182 2822 5235 consumet
2854 5195 2952 5233 eos
2997 5194 3030 5231 a
3082 5176 3227 5230 facie
3258 5179 3399 5231 tua:
3453 5191 3571 5231 non

114 5287 241 5343 quo
278 5269 673 5342 septuaginta
694 5267 1059 5341 interpretati
1090 5271 1250 5334 sunt,
1294 5286 1316 5313 α
1348 5266 1418 5321 Et
1469 5265 1804 5322 emundans
1918 5274 1978 5329 in
2005 5274 2235 5345 justitia
2262 5277 2378 5339 tua,
2415 5276 2470 5327 et
2499 5271 2814 5325 directione
2848 5268 2934 5337 [Al
2957 5285 2974 5321 .-
3008 5266 3355 5337 defectione]
3379 5265 3573 5322 cordis

156 5397 211 5487 ’ί
246 5395 459 5452 Vatic.
493 5394 823 5463 testamenti,
855 5397 1139 5450 renuente
1190 5392 1386 5449 Graeco
1443 5394 1540 5445 τοῦ
1604 5410 1809 5466 μαρτυ-

115 5488 276 5545 μεθ’).

184 5560 210 5597 ³
243 5558 548 5615 Mendose
577 5561 748 5612 antea
770 5559 896 5612 erat
922 5555 1096 5611 etiam
1130 5555 1189 5609 in
1249 5571 1394 5610 mss.
1449 5554 1662 5610 locutus
1710 5560 1810 5609 est.

110 5631 364 5687 Textus
403 5646 456 5685 cs
492 5629 664 5684 habet
693 5629 751 5683 in
789 5626 1003 5699 linguis
1036 5627 1333 5683 omnibus.
1389 5632 1497 5681 Pro
1551 5625 1815 5680 subnexa

110 5705 447 5761 sententia
467 5711 520 5757 ct
549 5702 823 5756 mandans
855 5718 969 5754 non
998 5703 1166 5771 faciet
1201 5702 1562 5763 innocentem,
1604 5714 1811 5771 quam.

108 5793 259 5833 cum
331 5772 897 5847 Septuagintavirali
948 5768 1431 5847 interpretatione
1466 5768 1700 5847 confer,
1751 5768 1812 5847 in

107 5840 520 5908 versione'ex
548 5840 809 5915 Hebraeo,
845 5840 1351 5919 quemadmodum
1374 5847 1434 5901 et
1462 5842 1522 5903 in
1559 5840 1814 5917 Vulgata

484 5977 759 6041 PA'I‘BOL.
827 5971 1052 6048 XXIII.
3184 5949 3266 6015 1⁸

1920 5402 2152 5472 legitur,
2186 5399 2509 5467 nullumque
2540 5399 2827 5472 innoxium
2860 5394 3261 5472 derelinquens.
3324 5393 3380 5472 In
3422 5391 3572 5472 ‘ipso

1922 5456 2160 5554 Hebraeo
2186 5474 2366 5554 textu,
2399 5456 2532 5554 rist
2576 5456 2650 5551 δέ)
2690 5475 2850 5554 ζτμη,
2885 5483 3025 5549 aure
3054 5456 3271 5554 reddas
3327 5468 3377 5518 rt
3410 5456 3569 5554 inito-

1920 5549 2080 5602 .m'mn
2110 5538 2476 5614 [(ινίεηδεςηοη
2497 5544 2659 5611 faciet
2696 5538 3009 5614 illnoa'z‘uni.
3054 5538 3109 5591 In
3143 5538 3341 5614 (lrmco
3375 5541 3571 5614 alitem

1922 5617 2010 5672 κχὶ
2042 5606 2362 5689 Mhagis-git?)
2400 5606 2763 5685 ﬁ'S'zalmp-e?
2809 5609 2899 5661 τὸν
2963 5606 3176 5682 Evr/ev,
3233 5610 3293 5661 Et
3340 5610 3575 5663 mundu-

1924 5695 2066 5747 tz'mzc
2099 5682 2203 5744 non.
2235 5682 2522 5741 minutio/ii!
2555 5682 2705 5739 ream
2729 5701 2747 5743 ;
2781 5702 2905 5754 qua-
2954 5684 3153 5735 υιιιιιὶιι
3198 5682 3373 5754 simul
3435 5698 3575 5754 cen-

1925 5766 2145 5831 tuli,ut
2166 5760 2710 5833 quamuversionem
2769 5752 3172 5833 Hieronymus
3210 5753 3301 5833 hic
3352 5752 3573 5819 laudet,

1924 5824 2512 5912 quamve‘intelligat,
2545 5844 2885 5905 expressam
2919 5843 2949 5883 e
2982 5824 3126 5883 LXX
3149 5824 3403 5897 judices.
