  <div class='ocr_page' id='page_1' title='image "/cluster/home/n/w/nwhite01/storage/ocr_20150623/23/umn.31951d034773078/288.png"; bbox 0 0 3958 6432; ppageno 0'>
   <div class='ocr_carea' id='block_1_1' title="bbox 173 370 378 473">
    <p class='ocr_par' dir='ltr' id='par_1_1' title="bbox 173 370 378 473">
     <span class='ocr_line' id='line_1_1' title="bbox 173 370 378 473; baseline -0.005 0"><span class='ocrx_word' id='word_1_1' title='bbox 173 396 191 431; x_wconf 55' lang='grc' dir='ltr'><em>ὐ</em></span> <span class='ocrx_word' id='word_1_2' title='bbox 252 370 378 473; x_wconf 60' lang='grc'>’857</span> 
     </span>
    </p>
   </div>
   <div class='ocr_carea' id='block_1_2' title="bbox 1104 390 2782 481">
    <p class='ocr_par' dir='ltr' id='par_1_2' title="bbox 1104 390 2782 481">
     <span class='ocr_line' id='line_1_2' title="bbox 1104 390 2782 481; baseline 0 -3"><span class='ocrx_word' id='word_1_3' title='bbox 1104 400 1495 481; x_wconf 65' lang='lat' dir='ltr'><strong>mammis</strong></span> <span class='ocrx_word' id='word_1_4' title='bbox 1538 392 1865 481; x_wconf 55' lang='grc' dir='ltr'><strong>(ποιητιὶά</strong></span> <span class='ocrx_word' id='word_1_5' title='bbox 1897 390 2409 479; x_wconf 74' lang='lat' dir='ltr'><strong>PELAGIA’Nos.</strong></span> <span class='ocrx_word' id='word_1_6' title='bbox 2432 448 2511 463; x_wconf 95' lang='grc'><strong>-</strong></span> <span class='ocrx_word' id='word_1_7' title='bbox 2539 412 2686 479; x_wconf 90' lang='lat' dir='ltr'><strong>LIB.</strong></span> <span class='ocrx_word' id='word_1_8' title='bbox 2733 416 2782 479; x_wconf 80' lang='grc' dir='ltr'>ι.</span> 
     </span>
    </p>
   </div>
   <div class='ocr_carea' id='block_1_3' title="bbox 3468 356 3573 395">
    <p class='ocr_par' dir='ltr' id='par_1_3' title="bbox 3468 356 3573 395">
     <span class='ocr_line' id='line_1_3' title="bbox 3468 356 3573 395; baseline 0 -8"><span class='ocrx_word' id='word_1_9' title='bbox 3468 357 3494 387; x_wconf 67' lang='grc' dir='ltr'><strong>γ</strong></span> 
     </span>
    </p>
   </div>
   <div class='ocr_carea' id='block_1_4' title="bbox 3522 414 3670 485">
    <p class='ocr_par' dir='ltr' id='par_1_4' title="bbox 3522 414 3670 485">
     <span class='ocr_line' id='line_1_4' title="bbox 3522 414 3670 485; baseline 0 0"><span class='ocrx_word' id='word_1_10' title='bbox 3522 414 3529 418; x_wconf 60' lang='grc'>’</span> <span class='ocrx_word' id='word_1_11' title='bbox 3542 421 3670 485; x_wconf 72' lang='lat'><strong>558</strong></span> 
     </span>
    </p>
   </div>
   <div class='ocr_carea' id='block_1_5' title="bbox 258 538 3667 625">
    <p class='ocr_par' dir='ltr' id='par_1_5' title="bbox 258 538 3667 625">
     <span class='ocr_line' id='line_1_5' title="bbox 258 538 3667 625; baseline 0.004 -25"><span class='ocrx_word' id='word_1_12' title='bbox 258 543 501 602; x_wconf 87' lang='lat' dir='ltr'><strong>Domini</strong></span> <span class='ocrx_word' id='word_1_13' title='bbox 544 538 973 604; x_wconf 71' lang='lat' dir='ltr'><strong>transferretur</strong></span> <span class='ocrx_word' id='word_1_14' title='bbox 1029 548 1379 617; x_wconf 80' lang='lat' dir='ltr'><strong>Jerusalem,</strong></span> <span class='ocrx_word' id='word_1_15' title='bbox 1431 554 1487 606; x_wconf 90' lang='lat' dir='ltr'><strong>et</strong></span> <span class='ocrx_word' id='word_1_16' title='bbox 1542 550 1910 606; x_wconf 85' lang='lat' dir='ltr'><strong>lascivientes</strong></span> <span class='ocrx_word' id='word_1_17' title='bbox 1938 551 1995 618; x_wconf 80' lang='grc' dir='ltr'><strong>Α</strong></span> <span class='ocrx_word' id='word_1_18' title='bbox 2025 553 2081 604; x_wconf 89' lang='lat' dir='ltr'><strong>et</strong></span> <span class='ocrx_word' id='word_1_19' title='bbox 2112 566 2229 605; x_wconf 90' lang='lat' dir='ltr'><strong>non</strong></span> <span class='ocrx_word' id='word_1_20' title='bbox 2259 548 2509 606; x_wconf 81' lang='lat' dir='ltr'><strong>audies?</strong></span> <span class='ocrx_word' id='word_1_21' title='bbox 2540 550 2915 608; x_wconf 88' lang='lat' dir='ltr'><strong>Vociferabor</strong></span> <span class='ocrx_word' id='word_1_22' title='bbox 2960 550 3031 606; x_wconf 89' lang='lat' dir='ltr'><strong>ad</strong></span> <span class='ocrx_word' id='word_1_23' title='bbox 3082 553 3137 607; x_wconf 87' lang='lat' dir='ltr'><strong>te</strong></span> <span class='ocrx_word' id='word_1_24' title='bbox 3179 549 3297 608; x_wconf 85' lang='lat' dir='ltr'>vim</span> <span class='ocrx_word' id='word_1_25' title='bbox 3330 554 3578 625; x_wconf 84' lang='lat' dir='ltr'><strong>patiens,</strong></span> <span class='ocrx_word' id='word_1_26' title='bbox 3609 558 3667 616; x_wconf 84' lang='lat' dir='ltr'><strong>et</strong></span> 
     </span>
    </p>
   </div>
   <div class='ocr_carea' id='block_1_6' title="bbox 258 633 1908 709">
    <p class='ocr_par' dir='ltr' id='par_1_6' title="bbox 258 633 1908 709">
     <span class='ocr_line' id='line_1_6' title="bbox 258 633 1908 709; baseline 0.002 -19"><span class='ocrx_word' id='word_1_27' title='bbox 258 633 440 691; x_wconf 88' lang='lat' dir='ltr'><strong>boves</strong></span> <span class='ocrx_word' id='word_1_28' title='bbox 470 633 801 707; x_wconf 82' lang='lat' dir='ltr'><strong>plaustrum</strong></span> <span class='ocrx_word' id='word_1_29' title='bbox 842 635 903 693; x_wconf 93' lang='lat' dir='ltr'><strong>in</strong></span> <span class='ocrx_word' id='word_1_30' title='bbox 951 641 1170 709; x_wconf 89' lang='lat' dir='ltr'><strong>partem</strong></span> <span class='ocrx_word' id='word_1_31' title='bbox 1225 638 1465 695; x_wconf 89' lang='lat' dir='ltr'><strong>alteram</strong></span> <span class='ocrx_word' id='word_1_32' title='bbox 1499 639 1908 708; x_wconf 83' lang='lat' dir='ltr'><strong>declinassent,</strong></span> 
     </span>
    </p>
   </div>
   <div class='ocr_carea' id='block_1_7' title="bbox 259 722 1908 785">
    <p class='ocr_par' dir='ltr' id='par_1_7' title="bbox 259 722 1908 785">
     <span class='ocr_line' id='line_1_7' title="bbox 259 722 1908 785; baseline 0.003 -7"><span class='ocrx_word' id='word_1_33' title='bbox 259 722 427 779; x_wconf 86' lang='lat' dir='ltr'><strong>misit</strong></span> <span class='ocrx_word' id='word_1_34' title='bbox 459 741 704 781; x_wconf 90' lang='lat' dir='ltr'><strong>manum</strong></span> <span class='ocrx_word' id='word_1_35' title='bbox 762 730 828 782; x_wconf 91' lang='lat' dir='ltr'><strong>ut</strong></span> <span class='ocrx_word' id='word_1_36' title='bbox 878 730 1235 784; x_wconf 83' lang='lat' dir='ltr'><strong>sustentaret</strong></span> <span class='ocrx_word' id='word_1_37' title='bbox 1288 727 1630 785; x_wconf 83' lang='lat' dir='ltr'><strong>inclinatam</strong></span> <span class='ocrx_word' id='word_1_38' title='bbox 1692 746 1908 784; x_wconf 89' lang='lat' dir='ltr'><strong>arcam.</strong></span> 
     </span>
    </p>
   </div>
   <div class='ocr_carea' id='block_1_8' title="bbox 264 812 1910 888">
    <p class='ocr_par' dir='ltr' id='par_1_8' title="bbox 264 812 1910 888">
     <span class='ocr_line' id='line_1_8' title="bbox 264 812 1910 888; baseline 0.002 -19"><span class='ocrx_word' id='word_1_39' title='bbox 264 812 419 870; x_wconf 71' lang='lat'><strong>738</strong></span> <span class='ocrx_word' id='word_1_40' title='bbox 451 814 776 887; x_wconf 81' lang='lat' dir='ltr'><strong>Statimque</strong></span> <span class='ocrx_word' id='word_1_41' title='bbox 805 815 1111 888; x_wconf 86' lang='lat' dir='ltr'><strong>sequitur:</strong></span> <span class='ocrx_word' id='word_1_42' title='bbox 1165 840 1193 868; x_wconf 90' lang='grc'><strong>‹‹</strong></span> <span class='ocrx_word' id='word_1_43' title='bbox 1227 817 1417 873; x_wconf 86' lang='lat' dir='ltr'><strong>Iratus</strong></span> <span class='ocrx_word' id='word_1_44' title='bbox 1468 823 1558 873; x_wconf 90' lang='lat' dir='ltr'><strong>est</strong></span> <span class='ocrx_word' id='word_1_45' title='bbox 1602 818 1765 872; x_wconf 88' lang='lat' dir='ltr'><strong>furor</strong></span> <span class='ocrx_word' id='word_1_46' title='bbox 1794 818 1910 873; x_wconf 79' lang='lat' dir='ltr'><strong>Do~</strong></span> 
     </span>
    </p>
   </div>
   <div class='ocr_carea' id='block_1_9' title="bbox 262 901 1910 977">
    <p class='ocr_par' dir='ltr' id='par_1_9' title="bbox 262 901 1910 977">
     <span class='ocr_line' id='line_1_9' title="bbox 262 901 1910 977; baseline 0.001 -19"><span class='ocrx_word' id='word_1_47' title='bbox 262 901 413 958; x_wconf 88' lang='lat' dir='ltr'>mini</span> <span class='ocrx_word' id='word_1_48' title='bbox 471 902 532 958; x_wconf 92' lang='lat' dir='ltr'><strong>in</strong></span> <span class='ocrx_word' id='word_1_49' title='bbox 588 902 781 971; x_wconf 87' lang='lat' dir='ltr'><strong>Ozam,</strong></span> <span class='ocrx_word' id='word_1_50' title='bbox 840 907 897 960; x_wconf 90' lang='lat' dir='ltr'><strong>et</strong></span> <span class='ocrx_word' id='word_1_51' title='bbox 952 905 1243 976; x_wconf 88' lang='lat' dir='ltr'><strong>percussit</strong></span> <span class='ocrx_word' id='word_1_52' title='bbox 1295 922 1430 961; x_wconf 92' lang='lat' dir='ltr'><strong>eum</strong></span> <span class='ocrx_word' id='word_1_53' title='bbox 1486 906 1641 961; x_wconf 89' lang='lat' dir='ltr'><strong>Deus</strong></span> <span class='ocrx_word' id='word_1_54' title='bbox 1693 904 1774 961; x_wconf 90' lang='lat' dir='ltr'>ibi</span> <span class='ocrx_word' id='word_1_55' title='bbox 1807 922 1910 977; x_wconf 91' lang='lat' dir='ltr'><strong>pro</strong></span> 
     </span>
    </p>
   </div>
   <div class='ocr_carea' id='block_1_10' title="bbox 260 991 1909 1065">
    <p class='ocr_par' dir='ltr' id='par_1_10' title="bbox 260 991 1909 1065">
     <span class='ocr_line' id='line_1_10' title="bbox 260 991 1909 1065; baseline 0.002 -19"><span class='ocrx_word' id='word_1_56' title='bbox 260 991 612 1064; x_wconf 82' lang='lat' dir='ltr'><strong>ignorantia,</strong></span> <span class='ocrx_word' id='word_1_57' title='bbox 640 996 696 1048; x_wconf 92' lang='lat' dir='ltr'><strong>et</strong></span> <span class='ocrx_word' id='word_1_58' title='bbox 724 996 992 1051; x_wconf 87' lang='lat' dir='ltr'><strong>mortuus</strong></span> <span class='ocrx_word' id='word_1_59' title='bbox 1022 998 1111 1050; x_wconf 90' lang='lat' dir='ltr'><strong>est</strong></span> <span class='ocrx_word' id='word_1_60' title='bbox 1143 995 1320 1065; x_wconf 83' lang='lat' dir='ltr'><strong>juxta</strong></span> <span class='ocrx_word' id='word_1_61' title='bbox 1372 1011 1567 1051; x_wconf 90' lang='lat' dir='ltr'><strong>arcam</strong></span> <span class='ocrx_word' id='word_1_62' title='bbox 1607 994 1730 1051; x_wconf 88' lang='lat' dir='ltr'><strong>Dei.</strong></span> <span class='ocrx_word' id='word_1_63' title='bbox 1765 994 1909 1050; x_wconf 91' lang='lat' dir='ltr'><strong>Con-</strong></span> 
     </span>
    </p>
   </div>
   <div class='ocr_carea' id='block_1_11' title="bbox 254 1079 1911 1155">
    <p class='ocr_par' dir='ltr' id='par_1_11' title="bbox 254 1079 1911 1155">
     <span class='ocr_line' id='line_1_11' title="bbox 254 1079 1911 1155; baseline 0.002 -20"><span class='ocrx_word' id='word_1_64' title='bbox 254 1079 644 1152; x_wconf 85' lang='lat' dir='ltr'><strong>tristatusque</strong></span> <span class='ocrx_word' id='word_1_65' title='bbox 704 1081 903 1149; x_wconf 86' lang='lat' dir='ltr'><strong>David,</strong></span> <span class='ocrx_word' id='word_1_66' title='bbox 963 1083 1120 1155; x_wconf 90' lang='lat' dir='ltr'><strong>quod</strong></span> <span class='ocrx_word' id='word_1_67' title='bbox 1197 1087 1567 1155; x_wconf 86' lang='lat' dir='ltr'><strong>percusserat</strong></span> <span class='ocrx_word' id='word_1_68' title='bbox 1624 1083 1911 1139; x_wconf 88' lang='lat' dir='ltr'><strong>Dominus</strong></span> 
     </span>
    </p>
   </div>
   <div class='ocr_carea' id='block_1_12' title="bbox 256 1167 1909 1239">
    <p class='ocr_par' dir='ltr' id='par_1_12' title="bbox 256 1167 1909 1239">
     <span class='ocr_line' id='line_1_12' title="bbox 256 1167 1909 1239; baseline 0.002 -16"><span class='ocrx_word' id='word_1_69' title='bbox 256 1167 457 1236; x_wconf 89' lang='lat' dir='ltr'><strong>Ozam,</strong></span> <span class='ocrx_word' id='word_1_70' title='bbox 489 1168 689 1225; x_wconf 89' lang='lat' dir='ltr'><strong>timuit</strong></span> <span class='ocrx_word' id='word_1_71' title='bbox 716 1171 1033 1227; x_wconf 89' lang='lat' dir='ltr'><strong>Dominum</strong></span> <span class='ocrx_word' id='word_1_72' title='bbox 1083 1172 1141 1226; x_wconf 91' lang='lat' dir='ltr'><strong>in</strong></span> <span class='ocrx_word' id='word_1_73' title='bbox 1192 1172 1294 1228; x_wconf 91' lang='lat' dir='ltr'><strong>illa</strong></span> <span class='ocrx_word' id='word_1_74' title='bbox 1339 1171 1454 1239; x_wconf 89' lang='lat' dir='ltr'><strong>die,</strong></span> <span class='ocrx_word' id='word_1_75' title='bbox 1505 1176 1563 1227; x_wconf 91' lang='lat' dir='ltr'><strong>et</strong></span> <span class='ocrx_word' id='word_1_76' title='bbox 1606 1172 1723 1227; x_wconf 90' lang='lat' dir='ltr'><strong>ait:</strong></span> <span class='ocrx_word' id='word_1_77' title='bbox 1758 1174 1909 1238; x_wconf 89' lang='lat' dir='ltr'><strong>Quo-</strong></span> 
     </span>
    </p>
   </div>
   <div class='ocr_carea' id='block_1_13' title="bbox 257 1257 1909 1331">
    <p class='ocr_par' dir='ltr' id='par_1_13' title="bbox 257 1257 1909 1331">
     <span class='ocr_line' id='line_1_13' title="bbox 257 1257 1909 1331; baseline 0.002 -18"><span class='ocrx_word' id='word_1_78' title='bbox 257 1258 431 1314; x_wconf 91' lang='lat' dir='ltr'><strong>modo</strong></span> <span class='ocrx_word' id='word_1_79' title='bbox 488 1257 850 1331; x_wconf 87' lang='lat' dir='ltr'><strong>ingredietur</strong></span> <span class='ocrx_word' id='word_1_80' title='bbox 906 1261 978 1316; x_wconf 90' lang='lat' dir='ltr'><strong>ad</strong></span> <span class='ocrx_word' id='word_1_81' title='bbox 1036 1277 1129 1316; x_wconf 91' lang='lat' dir='ltr'><strong>me</strong></span> <span class='ocrx_word' id='word_1_82' title='bbox 1182 1278 1317 1317; x_wconf 89' lang='lat' dir='ltr'><strong>arca</strong></span> <span class='ocrx_word' id='word_1_83' title='bbox 1374 1261 1608 1317; x_wconf 89' lang='lat' dir='ltr'><strong>Domini</strong></span> <span class='ocrx_word' id='word_1_84' title='bbox 1666 1262 1741 1330; x_wconf 88' lang='lat' dir='ltr'><strong>(II</strong></span> <span class='ocrx_word' id='word_1_85' title='bbox 1778 1262 1909 1331; x_wconf 82' lang='lat' dir='ltr'><strong>Reg.</strong></span> 
     </span>
    </p>
   </div>
   <div class='ocr_carea' id='block_1_14' title="bbox 252 1346 1909 1423">
    <p class='ocr_par' dir='ltr' id='par_1_14' title="bbox 252 1346 1909 1423">
     <span class='ocr_line' id='line_1_14' title="bbox 252 1346 1909 1423; baseline 0.002 -22"><span class='ocrx_word' id='word_1_86' title='bbox 252 1362 332 1415; x_wconf 80' lang='lat' dir='ltr'><strong>vx,</strong></span> <span class='ocrx_word' id='word_1_87' title='bbox 364 1348 419 1413; x_wconf 89' lang='lat'><strong>7,</strong></span> <span class='ocrx_word' id='word_1_88' title='bbox 451 1346 552 1419; x_wconf 84' lang='lat'><strong>8)?</strong></span> <span class='ocrx_word' id='word_1_89' title='bbox 584 1370 607 1400; x_wconf 76' lang='grc' dir='ltr'><strong><em>ι</em></strong></span> <span class='ocrx_word' id='word_1_90' title='bbox 644 1347 826 1403; x_wconf 85' lang='lat' dir='ltr'><strong>David</strong></span> <span class='ocrx_word' id='word_1_91' title='bbox 848 1349 1051 1420; x_wconf 90' lang='lat' dir='ltr'><strong>justus</strong></span> <span class='ocrx_word' id='word_1_92' title='bbox 1101 1354 1158 1405; x_wconf 91' lang='lat' dir='ltr'><strong>et</strong></span> <span class='ocrx_word' id='word_1_93' title='bbox 1203 1350 1489 1423; x_wconf 86' lang='lat' dir='ltr'><strong>prepheta</strong></span> <span class='ocrx_word' id='word_1_94' title='bbox 1518 1354 1576 1405; x_wconf 92' lang='lat' dir='ltr'><strong>et</strong></span> <span class='ocrx_word' id='word_1_95' title='bbox 1605 1354 1818 1405; x_wconf 88' lang='lat' dir='ltr'><strong>unctus</strong></span> <span class='ocrx_word' id='word_1_96' title='bbox 1849 1349 1909 1405; x_wconf 91' lang='lat' dir='ltr'><strong>in</strong></span> 
     </span>
    </p>
   </div>
   <div class='ocr_carea' id='block_1_15' title="bbox 250 1436 1909 1512">
    <p class='ocr_par' dir='ltr' id='par_1_15' title="bbox 250 1436 1909 1512">
     <span class='ocr_line' id='line_1_15' title="bbox 250 1436 1909 1512; baseline 0.001 -21"><span class='ocrx_word' id='word_1_97' title='bbox 250 1451 451 1509; x_wconf 84' lang='lat' dir='ltr'><strong>regem</strong></span> <span class='ocrx_word' id='word_1_98' title='bbox 482 1436 653 1507; x_wconf 78' lang='lat' dir='ltr'><strong>(Psal.</strong></span> <span class='ocrx_word' id='word_1_99' title='bbox 690 1441 921 1507; x_wconf 82' lang='lat' dir='ltr'><strong>Lxxvn),</strong></span> <span class='ocrx_word' id='word_1_100' title='bbox 957 1456 1134 1510; x_wconf 86' lang='lat' dir='ltr'><strong>quem</strong></span> <span class='ocrx_word' id='word_1_101' title='bbox 1168 1438 1344 1512; x_wconf 86' lang='lat' dir='ltr'><strong>elegit</strong></span> <span class='ocrx_word' id='word_1_102' title='bbox 1372 1438 1657 1494; x_wconf 90' lang='lat' dir='ltr'><strong>Dominus</strong></span> <span class='ocrx_word' id='word_1_103' title='bbox 1700 1455 1909 1493; x_wconf 91' lang='lat' dir='ltr'><strong>secun-</strong></span> 
     </span>
    </p>
   </div>
   <div class='ocr_carea' id='block_1_16' title="bbox 258 1527 1908 1599">
    <p class='ocr_par' dir='ltr' id='par_1_16' title="bbox 258 1527 1908 1599">
     <span class='ocr_line' id='line_1_16' title="bbox 258 1527 1908 1599; baseline 0 -18"><span class='ocrx_word' id='word_1_104' title='bbox 258 1527 404 1582; x_wconf 89' lang='lat' dir='ltr'><strong>dum</strong></span> <span class='ocrx_word' id='word_1_105' title='bbox 432 1542 533 1583; x_wconf 88' lang='lat' dir='ltr'><strong>cor</strong></span> <span class='ocrx_word' id='word_1_106' title='bbox 560 1543 758 1594; x_wconf 91' lang='lat' dir='ltr'><strong>suum,</strong></span> <span class='ocrx_word' id='word_1_107' title='bbox 792 1532 856 1582; x_wconf 90' lang='lat' dir='ltr'><strong>ut</strong></span> <span class='ocrx_word' id='word_1_108' title='bbox 887 1528 1101 1584; x_wconf 87' lang='lat' dir='ltr'><strong>faceret</strong></span> <span class='ocrx_word' id='word_1_109' title='bbox 1129 1532 1371 1585; x_wconf 85' lang='lat' dir='ltr'><strong>cunctas</strong></span> <span class='ocrx_word' id='word_1_110' title='bbox 1400 1528 1731 1584; x_wconf 84' lang='lat' dir='ltr'><strong>voluntates</strong></span> <span class='ocrx_word' id='word_1_111' title='bbox 1757 1528 1908 1599; x_wconf 86' lang='lat' dir='ltr'><strong>ejus,</strong></span> 
     </span>
    </p>
   </div>
   <div class='ocr_carea' id='block_1_17' title="bbox 259 1613 1909 1690">
    <p class='ocr_par' dir='ltr' id='par_1_17' title="bbox 259 1613 1909 1690">
     <span class='ocr_line' id='line_1_17' title="bbox 259 1613 1909 1690; baseline 0.001 -21"><span class='ocrx_word' id='word_1_112' title='bbox 259 1618 327 1669; x_wconf 90' lang='lat' dir='ltr'><strong>ut</strong></span> <span class='ocrx_word' id='word_1_113' title='bbox 352 1615 508 1671; x_wconf 86' lang='lat' dir='ltr'><strong>videt</strong></span> <span class='ocrx_word' id='word_1_114' title='bbox 532 1613 930 1688; x_wconf 87' lang='lat' dir='ltr'><strong>ignorantiam</strong></span> <span class='ocrx_word' id='word_1_115' title='bbox 962 1617 1193 1673; x_wconf 91' lang='lat' dir='ltr'><strong>Domini</strong></span> <span class='ocrx_word' id='word_1_116' title='bbox 1241 1617 1435 1674; x_wconf 84' lang='lat' dir='ltr'><strong>furore</strong></span> <span class='ocrx_word' id='word_1_117' title='bbox 1467 1616 1759 1690; x_wconf 88' lang='lat' dir='ltr'><strong>punitam,</strong></span> <span class='ocrx_word' id='word_1_118' title='bbox 1792 1621 1909 1671; x_wconf 90' lang='lat' dir='ltr'><strong>ter-</strong></span> 
     </span>
    </p>
   </div>
   <div class='ocr_carea' id='block_1_18' title="bbox 260 1704 1909 1779">
    <p class='ocr_par' dir='ltr' id='par_1_18' title="bbox 260 1704 1909 1779">
     <span class='ocr_line' id='line_1_18' title="bbox 260 1704 1909 1779; baseline 0.001 -20"><span class='ocrx_word' id='word_1_119' title='bbox 260 1706 423 1759; x_wconf 85' lang='lat' dir='ltr'><strong>retur</strong></span> <span class='ocrx_word' id='word_1_120' title='bbox 451 1707 624 1776; x_wconf 87' lang='lat' dir='ltr'><strong>atque</strong></span> <span class='ocrx_word' id='word_1_121' title='bbox 651 1704 940 1773; x_wconf 86' lang='lat' dir='ltr'><strong>tristatur,</strong></span> <span class='ocrx_word' id='word_1_122' title='bbox 964 1722 1071 1762; x_wconf 91' lang='lat' dir='ltr'><strong>nec</strong></span> <span class='ocrx_word' id='word_1_123' title='bbox 1096 1706 1305 1779; x_wconf 73' lang='lat' dir='ltr'><strong>quaerit</strong></span> <span class='ocrx_word' id='word_1_124' title='bbox 1324 1722 1564 1762; x_wconf 89' lang='lat' dir='ltr'><strong>causam</strong></span> <span class='ocrx_word' id='word_1_125' title='bbox 1587 1723 1620 1761; x_wconf 90' lang='lat' dir='ltr'><strong>a</strong></span> <span class='ocrx_word' id='word_1_126' title='bbox 1640 1705 1909 1771; x_wconf 83' lang='lat' dir='ltr'><strong>Domino,</strong></span> 
     </span>
    </p>
   </div>
   <div class='ocr_carea' id='block_1_19' title="bbox 259 1793 1909 1868">
    <p class='ocr_par' dir='ltr' id='par_1_19' title="bbox 259 1793 1909 1868">
     <span class='ocr_line' id='line_1_19' title="bbox 259 1793 1909 1868; baseline 0 -20"><span class='ocrx_word' id='word_1_127' title='bbox 259 1808 441 1864; x_wconf 88' lang='lat' dir='ltr'><strong>quare</strong></span> <span class='ocrx_word' id='word_1_128' title='bbox 471 1793 576 1864; x_wconf 87' lang='grc' dir='ltr'><strong>(Αι.</strong></span> <span class='ocrx_word' id='word_1_129' title='bbox 610 1797 748 1865; x_wconf 91' lang='lat' dir='ltr'><strong>qua)</strong></span> <span class='ocrx_word' id='word_1_130' title='bbox 780 1794 1137 1865; x_wconf 88' lang='lat' dir='ltr'><strong>percusserit</strong></span> <span class='ocrx_word' id='word_1_131' title='bbox 1181 1795 1571 1868; x_wconf 87' lang='lat' dir='ltr'><strong>ignorantem,</strong></span> <span class='ocrx_word' id='word_1_132' title='bbox 1607 1795 1706 1850; x_wconf 92' lang='lat' dir='ltr'><strong>scd</strong></span> <span class='ocrx_word' id='word_1_133' title='bbox 1740 1794 1909 1849; x_wconf 84' lang='lat' dir='ltr'><strong>simi-</strong></span> 
     </span>
    </p>
   </div>
   <div class='ocr_carea' id='block_1_20' title="bbox 255 1880 1914 1959">
    <p class='ocr_par' dir='ltr' id='par_1_20' title="bbox 255 1880 1914 1959">
     <span class='ocr_line' id='line_1_20' title="bbox 255 1880 1914 1959; baseline 0.001 -22"><span class='ocrx_word' id='word_1_134' title='bbox 255 1880 373 1937; x_wconf 90' lang='lat' dir='ltr'><strong>lem</strong></span> <span class='ocrx_word' id='word_1_135' title='bbox 406 1882 759 1959; x_wconf 88' lang='lat' dir='ltr'><strong>sententiam</strong></span> <span class='ocrx_word' id='word_1_136' title='bbox 791 1883 1204 1953; x_wconf 90' lang='lat' dir='ltr'><strong>pertremiseit.</strong></span> <span class='ocrx_word' id='word_1_137' title='bbox 1241 1884 1522 1956; x_wconf 70' lang='lat' dir='ltr'><strong>Praecepit</strong></span> <span class='ocrx_word' id='word_1_138' title='bbox 1547 1883 1726 1939; x_wconf 91' lang='lat' dir='ltr'><strong>David</strong></span> <span class='ocrx_word' id='word_1_139' title='bbox 1758 1882 1914 1955; x_wconf 91' lang='lat' dir='ltr'><strong>prin-</strong></span> 
     </span>
    </p>
   </div>
   <div class='ocr_carea' id='block_1_21' title="bbox 254 1970 1913 2045">
    <p class='ocr_par' dir='ltr' id='par_1_21' title="bbox 254 1970 1913 2045">
     <span class='ocr_line' id='line_1_21' title="bbox 254 1970 1913 2045; baseline 0.001 -19"><span class='ocrx_word' id='word_1_140' title='bbox 254 1970 372 2044; x_wconf 88' lang='lat' dir='ltr'><strong>cipi</strong></span> <span class='ocrx_word' id='word_1_141' title='bbox 401 1971 690 2027; x_wconf 85' lang='lat' dir='ltr'><strong>exercitus</strong></span> <span class='ocrx_word' id='word_1_142' title='bbox 717 1971 888 2037; x_wconf 88' lang='lat' dir='ltr'><strong>Joab,</strong></span> <span class='ocrx_word' id='word_1_143' title='bbox 921 1978 986 2028; x_wconf 90' lang='lat' dir='ltr'><strong>ut</strong></span> <span class='ocrx_word' id='word_1_144' title='bbox 1014 1976 1283 2029; x_wconf 90' lang='lat' dir='ltr'><strong>numeret</strong></span> <span class='ocrx_word' id='word_1_145' title='bbox 1311 1972 1593 2045; x_wconf 89' lang='lat' dir='ltr'><strong>populum</strong></span> <span class='ocrx_word' id='word_1_146' title='bbox 1621 1990 1635 2041; x_wconf 91' lang='lat'><strong>;</strong></span> <span class='ocrx_word' id='word_1_147' title='bbox 1678 1972 1913 2027; x_wconf 88' lang='lat' dir='ltr'><strong>statim-</strong></span> 
     </span>
    </p>
   </div>
   <div class='ocr_carea' id='block_1_22' title="bbox 254 2060 1912 2134">
    <p class='ocr_par' dir='ltr' id='par_1_22' title="bbox 254 2060 1912 2134">
     <span class='ocr_line' id='line_1_22' title="bbox 254 2060 1912 2134; baseline -0.001 -19"><span class='ocrx_word' id='word_1_148' title='bbox 254 2075 369 2132; x_wconf 90' lang='lat' dir='ltr'><strong>que</strong></span> <span class='ocrx_word' id='word_1_149' title='bbox 417 2060 719 2133; x_wconf 90' lang='lat' dir='ltr'><strong>Scriptura</strong></span> <span class='ocrx_word' id='word_1_150' title='bbox 768 2067 1226 2118; x_wconf 87' lang='lat' dir='ltr'><strong>commemorat:</strong></span> <span class='ocrx_word' id='word_1_151' title='bbox 1280 2086 1307 2112; x_wconf 92' lang='grc'><strong>‹‹</strong></span> <span class='ocrx_word' id='word_1_152' title='bbox 1359 2067 1426 2117; x_wconf 83' lang='lat' dir='ltr'><strong>Et</strong></span> <span class='ocrx_word' id='word_1_153' title='bbox 1476 2061 1768 2134; x_wconf 90' lang='lat' dir='ltr'><strong>percussit</strong></span> <span class='ocrx_word' id='word_1_154' title='bbox 1814 2078 1912 2117; x_wconf 91' lang='lat' dir='ltr'><strong>cor</strong></span> 
     </span>
    </p>
   </div>
   <div class='ocr_carea' id='block_1_23' title="bbox 204 2148 1911 2227">
    <p class='ocr_par' dir='ltr' id='par_1_23' title="bbox 204 2148 1911 2227">
     <span class='ocr_line' id='line_1_23' title="bbox 204 2148 1911 2227; baseline 0.001 -23"><span class='ocrx_word' id='word_1_155' title='bbox 204 2154 211 2165; x_wconf 86' lang='lat'><em>’</em></span> <span class='ocrx_word' id='word_1_156' title='bbox 256 2165 435 2227; x_wconf 87' lang='lat' dir='ltr'><strong>suum</strong></span> <span class='ocrx_word' id='word_1_157' title='bbox 468 2148 670 2218; x_wconf 87' lang='lat' dir='ltr'><strong>David,</strong></span> <span class='ocrx_word' id='word_1_158' title='bbox 700 2154 757 2205; x_wconf 93' lang='lat' dir='ltr'><strong>et</strong></span> <span class='ocrx_word' id='word_1_159' title='bbox 785 2149 929 2206; x_wconf 87' lang='lat' dir='ltr'><strong>dixit</strong></span> <span class='ocrx_word' id='word_1_160' title='bbox 960 2151 1032 2206; x_wconf 89' lang='lat' dir='ltr'><strong>ad</strong></span> <span class='ocrx_word' id='word_1_161' title='bbox 1065 2151 1417 2207; x_wconf 91' lang='lat' dir='ltr'><strong>Dominum:</strong></span> <span class='ocrx_word' id='word_1_162' title='bbox 1453 2150 1683 2207; x_wconf 90' lang='lat' dir='ltr'><strong>Peccavi</strong></span> <span class='ocrx_word' id='word_1_163' title='bbox 1732 2150 1911 2205; x_wconf 88' lang='lat' dir='ltr'><strong>vehe-</strong></span> 
     </span>
    </p>
   </div>
   <div class='ocr_carea' id='block_1_24' title="bbox 258 2238 1908 2310">
    <p class='ocr_par' dir='ltr' id='par_1_24' title="bbox 258 2238 1908 2310">
     <span class='ocr_line' id='line_1_24' title="bbox 258 2238 1908 2310; baseline 0.001 -17"><span class='ocrx_word' id='word_1_164' title='bbox 258 2243 501 2305; x_wconf 88' lang='lat' dir='ltr'><strong>menter,</strong></span> <span class='ocrx_word' id='word_1_165' title='bbox 538 2238 676 2310; x_wconf 88' lang='lat' dir='ltr'><strong>quia</strong></span> <span class='ocrx_word' id='word_1_166' title='bbox 732 2239 842 2295; x_wconf 90' lang='lat' dir='ltr'><strong>hoc</strong></span> <span class='ocrx_word' id='word_1_167' title='bbox 892 2240 1000 2296; x_wconf 85' lang='lat' dir='ltr'><strong>feci</strong></span> <span class='ocrx_word' id='word_1_168' title='bbox 1039 2242 1115 2309; x_wconf 90' lang='lat' dir='ltr'><strong>(II</strong></span> <span class='ocrx_word' id='word_1_169' title='bbox 1167 2242 1293 2310; x_wconf 82' lang='lat' dir='ltr'><strong>Reg.</strong></span> <span class='ocrx_word' id='word_1_170' title='bbox 1350 2257 1503 2308; x_wconf 70' lang='lat' dir='ltr'><strong>xxxv,</strong></span> <span class='ocrx_word' id='word_1_171' title='bbox 1553 2240 1662 2310; x_wconf 78' lang='lat' dir='ltr'><strong>lO).</strong></span> <span class='ocrx_word' id='word_1_172' title='bbox 1702 2261 1729 2288; x_wconf 84' lang='lat'>»</span> <span class='ocrx_word' id='word_1_173' title='bbox 1762 2241 1908 2296; x_wconf 89' lang='lat' dir='ltr'><strong>Cum</strong></span> 
     </span>
    </p>
   </div>
   <div class='ocr_carea' id='block_1_25' title="bbox 200 2314 1907 2402">
    <p class='ocr_par' dir='ltr' id='par_1_25' title="bbox 200 2314 1907 2402">
     <span class='ocr_line' id='line_1_25' title="bbox 200 2314 1907 2402; baseline -0.001 -19"><span class='ocrx_word' id='word_1_174' title='bbox 200 2314 231 2345; x_wconf 73' lang='grc'><em>”</em></span> <span class='ocrx_word' id='word_1_175' title='bbox 254 2327 492 2397; x_wconf 88' lang='lat' dir='ltr'><strong>juberet</strong></span> <span class='ocrx_word' id='word_1_176' title='bbox 522 2332 587 2383; x_wconf 89' lang='lat' dir='ltr'><strong>ut</strong></span> <span class='ocrx_word' id='word_1_177' title='bbox 618 2329 801 2395; x_wconf 88' lang='lat' dir='ltr'><strong>fieret,</strong></span> <span class='ocrx_word' id='word_1_178' title='bbox 835 2329 1037 2401; x_wconf 90' lang='lat' dir='ltr'><strong>utique</strong></span> <span class='ocrx_word' id='word_1_179' title='bbox 1095 2330 1236 2402; x_wconf 90' lang='lat' dir='ltr'><strong>quid</strong></span> <span class='ocrx_word' id='word_1_180' title='bbox 1286 2330 1522 2396; x_wconf 88' lang='lat' dir='ltr'><strong>diceret,</strong></span> <span class='ocrx_word' id='word_1_181' title='bbox 1563 2328 1907 2400; x_wconf 81' lang='lat' dir='ltr'><strong>ignorabat;</strong></span> 
     </span>
    </p>
   </div>
   <div class='ocr_carea' id='block_1_26' title="bbox 257 2416 1910 2491">
    <p class='ocr_par' dir='ltr' id='par_1_26' title="bbox 257 2416 1910 2491">
     <span class='ocr_line' id='line_1_26' title="bbox 257 2416 1910 2491; baseline 0 -20"><span class='ocrx_word' id='word_1_182' title='bbox 257 2420 316 2471; x_wconf 92' lang='lat' dir='ltr'><strong>et</strong></span> <span class='ocrx_word' id='word_1_183' title='bbox 344 2420 543 2473; x_wconf 90' lang='lat' dir='ltr'><strong>tamen</strong></span> <span class='ocrx_word' id='word_1_184' title='bbox 594 2432 655 2474; x_wconf 90' lang='lat' dir='ltr'><strong>se</strong></span> <span class='ocrx_word' id='word_1_185' title='bbox 702 2416 829 2491; x_wconf 92' lang='lat' dir='ltr'><strong>ipse</strong></span> <span class='ocrx_word' id='word_1_186' title='bbox 880 2419 1272 2491; x_wconf 87' lang='lat' dir='ltr'><strong>reprehendit,</strong></span> <span class='ocrx_word' id='word_1_187' title='bbox 1329 2424 1385 2491; x_wconf 83' lang='lat' dir='ltr'><strong>et</strong></span> <span class='ocrx_word' id='word_1_188' title='bbox 1433 2435 1536 2491; x_wconf 87' lang='lat' dir='ltr'><strong>pro</strong></span> <span class='ocrx_word' id='word_1_189' title='bbox 1588 2418 1698 2473; x_wconf 90' lang='lat' dir='ltr'><strong>hac</strong></span> <span class='ocrx_word' id='word_1_190' title='bbox 1738 2417 1910 2489; x_wconf 90' lang='lat' dir='ltr'><strong>culpa</strong></span> 
     </span>
    </p>
   </div>
   <div class='ocr_carea' id='block_1_27' title="bbox 253 2505 1909 2580">
    <p class='ocr_par' dir='ltr' id='par_1_27' title="bbox 253 2505 1909 2580">
     <span class='ocr_line' id='line_1_27' title="bbox 253 2505 1909 2580; baseline -0.001 -18"><span class='ocrx_word' id='word_1_191' title='bbox 253 2505 630 2578; x_wconf 84' lang='lat' dir='ltr'><strong>septuaginta</strong></span> <span class='ocrx_word' id='word_1_192' title='bbox 675 2506 862 2563; x_wconf 91' lang='lat' dir='ltr'><strong>millia</strong></span> <span class='ocrx_word' id='word_1_193' title='bbox 909 2507 1217 2564; x_wconf 84' lang='lat' dir='ltr'><strong>hominum</strong></span> <span class='ocrx_word' id='word_1_194' title='bbox 1251 2507 1446 2580; x_wconf 87' lang='lat' dir='ltr'><strong>angeli</strong></span> <span class='ocrx_word' id='word_1_195' title='bbox 1500 2506 1696 2580; x_wconf 82' lang='lat' dir='ltr'><strong>gladio</strong></span> <span class='ocrx_word' id='word_1_196' title='bbox 1728 2506 1909 2562; x_wconf 83' lang='lat' dir='ltr'><strong>truci—</strong></span> 
     </span>
    </p>
   </div>
   <div class='ocr_carea' id='block_1_28' title="bbox 258 2593 1911 2669">
    <p class='ocr_par' dir='ltr' id='par_1_28' title="bbox 258 2593 1911 2669">
     <span class='ocr_line' id='line_1_28' title="bbox 258 2593 1911 2669; baseline 0.001 -20"><span class='ocrx_word' id='word_1_197' title='bbox 258 2593 493 2650; x_wconf 88' lang='lat' dir='ltr'><strong>dantur.</strong></span> <span class='ocrx_word' id='word_1_198' title='bbox 553 2593 829 2651; x_wconf 90' lang='lat' dir='ltr'><strong>Salomon</strong></span> <span class='ocrx_word' id='word_1_199' title='bbox 890 2596 1197 2669; x_wconf 87' lang='lat' dir='ltr'><strong>completis</strong></span> <span class='ocrx_word' id='word_1_200' title='bbox 1265 2596 1469 2669; x_wconf 88' lang='lat' dir='ltr'><strong>templi</strong></span> <span class='ocrx_word' id='word_1_201' title='bbox 1527 2595 1911 2663; x_wconf 81' lang='lat' dir='ltr'><strong>caeremoniis,</strong></span> 
     </span>
    </p>
   </div>
   <div class='ocr_carea' id='block_1_29' title="bbox 260 2682 1906 2756">
    <p class='ocr_par' dir='ltr' id='par_1_29' title="bbox 260 2682 1906 2756">
     <span class='ocr_line' id='line_1_29' title="bbox 260 2682 1906 2756; baseline 0.001 -17"><span class='ocrx_word' id='word_1_202' title='bbox 260 2685 545 2755; x_wconf 87' lang='lat' dir='ltr'><strong>utrasque</strong></span> <span class='ocrx_word' id='word_1_203' title='bbox 602 2682 831 2756; x_wconf 87' lang='lat' dir='ltr'><strong>palmas</strong></span> <span class='ocrx_word' id='word_1_204' title='bbox 889 2686 1137 2741; x_wconf 91' lang='lat' dir='ltr'><strong>tetendit</strong></span> <span class='ocrx_word' id='word_1_205' title='bbox 1193 2687 1264 2742; x_wconf 89' lang='lat' dir='ltr'><strong>ad</strong></span> <span class='ocrx_word' id='word_1_206' title='bbox 1325 2686 1660 2752; x_wconf 92' lang='lat' dir='ltr'><strong>Dominum,</strong></span> <span class='ocrx_word' id='word_1_207' title='bbox 1702 2692 1759 2741; x_wconf 87' lang='lat' dir='ltr'><strong>et</strong></span> <span class='ocrx_word' id='word_1_208' title='bbox 1787 2685 1906 2741; x_wconf 89' lang='lat' dir='ltr'><strong>ait:</strong></span> 
     </span>
    </p>
   </div>
   <div class='ocr_carea' id='block_1_30' title="bbox 260 2772 1909 2848">
    <p class='ocr_par' dir='ltr' id='par_1_30' title="bbox 260 2772 1909 2848">
     <span class='ocr_line' id='line_1_30' title="bbox 260 2772 1909 2848; baseline 0.001 -20"><span class='ocrx_word' id='word_1_209' title='bbox 260 2794 289 2822; x_wconf 90' lang='grc'><strong>‹‹</strong></span> <span class='ocrx_word' id='word_1_210' title='bbox 322 2772 468 2828; x_wconf 93' lang='lat' dir='ltr'><strong>Cum</strong></span> <span class='ocrx_word' id='word_1_211' title='bbox 502 2774 827 2845; x_wconf 89' lang='lat' dir='ltr'><strong>peccaverit</strong></span> <span class='ocrx_word' id='word_1_212' title='bbox 855 2774 959 2830; x_wconf 89' lang='lat' dir='ltr'><strong>tibi</strong></span> <span class='ocrx_word' id='word_1_213' title='bbox 988 2774 1263 2848; x_wconf 87' lang='lat' dir='ltr'><strong>populus.</strong></span> <span class='ocrx_word' id='word_1_214' title='bbox 1296 2793 1412 2831; x_wconf 91' lang='lat' dir='ltr'><strong>non</strong></span> <span class='ocrx_word' id='word_1_215' title='bbox 1442 2778 1531 2831; x_wconf 91' lang='lat' dir='ltr'><strong>est</strong></span> <span class='ocrx_word' id='word_1_216' title='bbox 1552 2773 1707 2831; x_wconf 91' lang='lat' dir='ltr'><strong>enim</strong></span> <span class='ocrx_word' id='word_1_217' title='bbox 1734 2774 1909 2829; x_wconf 91' lang='lat' dir='ltr'><strong>homo</strong></span> 
     </span>
    </p>
   </div>
   <div class='ocr_carea' id='block_1_31' title="bbox 259 2861 1912 2937">
    <p class='ocr_par' dir='ltr' id='par_1_31' title="bbox 259 2861 1912 2937">
     <span class='ocr_line' id='line_1_31' title="bbox 259 2861 1912 2937; baseline 0.002 -21"><span class='ocrx_word' id='word_1_218' title='bbox 259 2861 361 2934; x_wconf 91' lang='lat' dir='ltr'><strong>qui</strong></span> <span class='ocrx_word' id='word_1_219' title='bbox 390 2878 506 2917; x_wconf 89' lang='lat' dir='ltr'><strong>non</strong></span> <span class='ocrx_word' id='word_1_220' title='bbox 538 2864 737 2935; x_wconf 85' lang='lat' dir='ltr'><strong>peccet</strong></span> <span class='ocrx_word' id='word_1_221' title='bbox 766 2865 863 2935; x_wconf 88' lang='lat' dir='ltr'><strong><em>(III</em></strong></span> <span class='ocrx_word' id='word_1_222' title='bbox 890 2866 1018 2935; x_wconf 86' lang='lat' dir='ltr'><strong>Reg.</strong></span> <span class='ocrx_word' id='word_1_223' title='bbox 1050 2882 1173 2933; x_wconf 85' lang='lat' dir='ltr'><strong>vm,</strong></span> <span class='ocrx_word' id='word_1_224' title='bbox 1226 2866 1335 2937; x_wconf 81' lang='grc'>46).</span> <span class='ocrx_word' id='word_1_225' title='bbox 1367 2888 1395 2915; x_wconf 86' lang='grc'><strong>››</strong></span> <span class='ocrx_word' id='word_1_226' title='bbox 1446 2865 1595 2920; x_wconf 88' lang='lat' dir='ltr'><strong>Ahia</strong></span> <span class='ocrx_word' id='word_1_227' title='bbox 1626 2863 1912 2936; x_wconf 85' lang='lat' dir='ltr'><strong>propheta</strong></span> 
     </span>
    </p>
   </div>
   <div class='ocr_carea' id='block_1_32' title="bbox 261 2950 1907 3018">
    <p class='ocr_par' dir='ltr' id='par_1_32' title="bbox 261 2950 1907 3018">
     <span class='ocr_line' id='line_1_32' title="bbox 261 2950 1907 3018; baseline 0 -11"><span class='ocrx_word' id='word_1_228' title='bbox 261 2950 865 3008; x_wconf 80' lang='lat' dir='ltr'><strong>Silonites&#39;nesciebat</strong></span> <span class='ocrx_word' id='word_1_229' title='bbox 896 2953 967 3008; x_wconf 91' lang='lat' dir='ltr'><strong>ad</strong></span> <span class='ocrx_word' id='word_1_230' title='bbox 1000 2970 1061 3009; x_wconf 90' lang='lat' dir='ltr'><strong>se</strong></span> <span class='ocrx_word' id='word_1_231' title='bbox 1082 2954 1276 3010; x_wconf 88' lang='lat' dir='ltr'><strong>venire</strong></span> <span class='ocrx_word' id='word_1_232' title='bbox 1301 2969 1538 3010; x_wconf 91' lang='lat' dir='ltr'><strong>uxorem</strong></span> <span class='ocrx_word' id='word_1_233' title='bbox 1558 2953 1869 3009; x_wconf 85' lang='lat' dir='ltr'><strong>Jeroboam</strong></span> <span class='ocrx_word' id='word_1_234' title='bbox 1894 2976 1907 3018; x_wconf 87' lang='lat'><strong>;</strong></span> 
     </span>
    </p>
   </div>
   <div class='ocr_carea' id='block_1_33' title="bbox 261 3039 1909 3115">
    <p class='ocr_par' dir='ltr' id='par_1_33' title="bbox 261 3039 1909 3115">
     <span class='ocr_line' id='line_1_33' title="bbox 261 3039 1909 3115; baseline 0.001 -21"><span class='ocrx_word' id='word_1_235' title='bbox 261 3039 524 3113; x_wconf 85' lang='lat' dir='ltr'><strong>dixitque</strong></span> <span class='ocrx_word' id='word_1_236' title='bbox 558 3040 689 3113; x_wconf 74' lang='lat' dir='ltr'><strong>(At.</strong></span> <span class='ocrx_word' id='word_1_237' title='bbox 739 3041 869 3097; x_wconf 88' lang='lat' dir='ltr'><strong>add.</strong></span> <span class='ocrx_word' id='word_1_238' title='bbox 924 3042 997 3115; x_wconf 93' lang='lat' dir='ltr'><strong>ei)</strong></span> <span class='ocrx_word' id='word_1_239' title='bbox 1055 3042 1387 3099; x_wconf 91' lang='lat' dir='ltr'><strong>Dominus:</strong></span> <span class='ocrx_word' id='word_1_240' title='bbox 1438 3043 1580 3098; x_wconf 89' lang='lat' dir='ltr'><strong>Ecce</strong></span> <span class='ocrx_word' id='word_1_241' title='bbox 1638 3058 1782 3098; x_wconf 91' lang='lat' dir='ltr'><strong>uxor</strong></span> <span class='ocrx_word' id='word_1_242' title='bbox 1808 3041 1909 3097; x_wconf 90' lang='lat' dir='ltr'><strong>Je-</strong></span> 
     </span>
    </p>
   </div>
   <div class='ocr_carea' id='block_1_34' title="bbox 251 3128 1908 3204">
    <p class='ocr_par' dir='ltr' id='par_1_34' title="bbox 251 3128 1908 3204">
     <span class='ocr_line' id='line_1_34' title="bbox 251 3128 1908 3204; baseline 0.001 -20"><span class='ocrx_word' id='word_1_243' title='bbox 251 3128 493 3185; x_wconf 90' lang='lat' dir='ltr'><strong>roboam</strong></span> <span class='ocrx_word' id='word_1_244' title='bbox 525 3129 903 3203; x_wconf 89' lang='lat' dir='ltr'><strong>ingredietur,</strong></span> <span class='ocrx_word' id='word_1_245' title='bbox 936 3134 1002 3187; x_wconf 93' lang='lat' dir='ltr'><strong>ut</strong></span> <span class='ocrx_word' id='word_1_246' title='bbox 1033 3137 1252 3204; x_wconf 79' lang='lat' dir='ltr'><strong>quaerat</strong></span> <span class='ocrx_word' id='word_1_247' title='bbox 1302 3132 1477 3187; x_wconf 90' lang='lat' dir='ltr'><strong>verba</strong></span> <span class='ocrx_word' id='word_1_248' title='bbox 1505 3148 1539 3187; x_wconf 90' lang='lat' dir='ltr'><strong>a</strong></span> <span class='ocrx_word' id='word_1_249' title='bbox 1566 3136 1623 3188; x_wconf 90' lang='lat' dir='ltr'><strong>te</strong></span> <span class='ocrx_word' id='word_1_250' title='bbox 1655 3148 1757 3204; x_wconf 91' lang='lat' dir='ltr'><strong>pro</strong></span> <span class='ocrx_word' id='word_1_251' title='bbox 1790 3129 1908 3186; x_wconf 83' lang='lat' dir='ltr'><strong>filio</strong></span> 
     </span>
    </p>
   </div>
   <div class='ocr_carea' id='block_1_35' title="bbox 253 3218 1908 3293">
    <p class='ocr_par' dir='ltr' id='par_1_35' title="bbox 253 3218 1908 3293">
     <span class='ocr_line' id='line_1_35' title="bbox 253 3218 1908 3293; baseline 0.001 -19"><span class='ocrx_word' id='word_1_252' title='bbox 253 3233 363 3274; x_wconf 89' lang='lat' dir='ltr'><strong>suo</strong></span> <span class='ocrx_word' id='word_1_253' title='bbox 394 3218 495 3290; x_wconf 91' lang='lat' dir='ltr'><strong>qui</strong></span> <span class='ocrx_word' id='word_1_254' title='bbox 525 3224 786 3291; x_wconf 67' lang='lat' dir='ltr'><strong>aegrotat,</strong></span> <span class='ocrx_word' id='word_1_255' title='bbox 814 3221 980 3291; x_wconf 82' lang='lat' dir='ltr'><strong>juxta</strong></span> <span class='ocrx_word' id='word_1_256' title='bbox 1026 3220 1136 3276; x_wconf 92' lang='lat' dir='ltr'><strong>hoc</strong></span> <span class='ocrx_word' id='word_1_257' title='bbox 1184 3226 1242 3277; x_wconf 92' lang='lat' dir='ltr'><strong>et</strong></span> <span class='ocrx_word' id='word_1_258' title='bbox 1282 3222 1453 3293; x_wconf 87' lang='lat' dir='ltr'><strong>juxta</strong></span> <span class='ocrx_word' id='word_1_259' title='bbox 1498 3221 1607 3277; x_wconf 92' lang='lat' dir='ltr'><strong>hoc</strong></span> <span class='ocrx_word' id='word_1_260' title='bbox 1650 3219 1908 3293; x_wconf 89' lang='lat' dir='ltr'><strong>loqueris</strong></span> 
     </span>
    </p>
   </div>
   <div class='ocr_carea' id='block_1_36' title="bbox 251 3293 1976 3380">
    <p class='ocr_par' dir='ltr' id='par_1_36' title="bbox 251 3293 1976 3380">
     <span class='ocr_line' id='line_1_36' title="bbox 251 3293 1976 3380; baseline -0.001 -19"><span class='ocrx_word' id='word_1_261' title='bbox 251 3305 363 3376; x_wconf 84' lang='grc' dir='ltr'><strong>[Αι.</strong></span> <span class='ocrx_word' id='word_1_262' title='bbox 394 3304 677 3378; x_wconf 88' lang='lat' dir='ltr'><strong>loquaris]</strong></span> <span class='ocrx_word' id='word_1_263' title='bbox 708 3308 782 3363; x_wconf 89' lang='lat' dir='ltr'><strong>ad</strong></span> <span class='ocrx_word' id='word_1_264' title='bbox 813 3323 941 3363; x_wconf 88' lang='lat' dir='ltr'><strong>eam</strong></span> <span class='ocrx_word' id='word_1_265' title='bbox 993 3309 1097 3378; x_wconf 90' lang='lat' dir='ltr'><strong><em>(III</em></strong></span> <span class='ocrx_word' id='word_1_266' title='bbox 1142 3311 1266 3379; x_wconf 81' lang='lat' dir='ltr'><strong>Reg.</strong></span> <span class='ocrx_word' id='word_1_267' title='bbox 1317 3325 1433 3376; x_wconf 84' lang='lat' dir='ltr'><strong>xw,</strong></span> <span class='ocrx_word' id='word_1_268' title='bbox 1483 3310 1559 3380; x_wconf 88' lang='lat'><strong>5).</strong></span> <span class='ocrx_word' id='word_1_269' title='bbox 1599 3330 1626 3357; x_wconf 87' lang='lat'>»</span> <span class='ocrx_word' id='word_1_270' title='bbox 1677 3307 1904 3363; x_wconf 90' lang='lat' dir='ltr'><strong>Eliseus</strong></span> <span class='ocrx_word' id='word_1_271' title='bbox 1934 3293 1976 3359; x_wconf 87' lang='lat' dir='ltr'><strong>C</strong></span> 
     </span>
    </p>
   </div>
   <div class='ocr_carea' id='block_1_37' title="bbox 222 3394 1907 3469">
    <p class='ocr_par' dir='ltr' id='par_1_37' title="bbox 222 3394 1907 3469">
     <span class='ocr_line' id='line_1_37' title="bbox 222 3394 1907 3469; baseline 0.001 -18"><span class='ocrx_word' id='word_1_272' title='bbox 222 3394 496 3451; x_wconf 79' lang='lat' dir='ltr'><strong>‘sedebat</strong></span> <span class='ocrx_word' id='word_1_273' title='bbox 526 3395 584 3451; x_wconf 91' lang='lat' dir='ltr'><strong>in</strong></span> <span class='ocrx_word' id='word_1_274' title='bbox 632 3400 852 3464; x_wconf 90' lang='lat' dir='ltr'><strong>monte,</strong></span> <span class='ocrx_word' id='word_1_275' title='bbox 912 3397 1072 3452; x_wconf 88' lang='lat' dir='ltr'><strong>venit</strong></span> <span class='ocrx_word' id='word_1_276' title='bbox 1127 3397 1199 3453; x_wconf 89' lang='lat' dir='ltr'><strong>ad</strong></span> <span class='ocrx_word' id='word_1_277' title='bbox 1258 3413 1391 3452; x_wconf 89' lang='lat' dir='ltr'><strong>eum</strong></span> <span class='ocrx_word' id='word_1_278' title='bbox 1450 3395 1681 3465; x_wconf 88' lang='lat' dir='ltr'><strong>mulier,</strong></span> <span class='ocrx_word' id='word_1_279' title='bbox 1736 3398 1907 3469; x_wconf 87' lang='lat' dir='ltr'><strong>cujus</strong></span> 
     </span>
    </p>
   </div>
   <div class='ocr_carea' id='block_1_38' title="bbox 251 3482 1906 3558">
    <p class='ocr_par' dir='ltr' id='par_1_38' title="bbox 251 3482 1906 3558">
     <span class='ocr_line' id='line_1_38' title="bbox 251 3482 1906 3558; baseline 0.001 -20"><span class='ocrx_word' id='word_1_280' title='bbox 251 3482 414 3539; x_wconf 83' lang='lat' dir='ltr'><strong>ﬁlius</strong></span> <span class='ocrx_word' id='word_1_281' title='bbox 441 3488 712 3541; x_wconf 88' lang='lat' dir='ltr'><strong>mortuus</strong></span> <span class='ocrx_word' id='word_1_282' title='bbox 743 3489 888 3556; x_wconf 89' lang='lat' dir='ltr'><strong>erat,</strong></span> <span class='ocrx_word' id='word_1_283' title='bbox 921 3489 979 3541; x_wconf 93' lang='lat' dir='ltr'><strong>et</strong></span> <span class='ocrx_word' id='word_1_284' title='bbox 1008 3484 1337 3558; x_wconf 85' lang='lat' dir='ltr'><strong>amplexata</strong></span> <span class='ocrx_word' id='word_1_285' title='bbox 1365 3486 1542 3557; x_wconf 87' lang='lat' dir='ltr'><strong>pedes</strong></span> <span class='ocrx_word' id='word_1_286' title='bbox 1570 3487 1720 3556; x_wconf 89' lang='lat' dir='ltr'><strong>ejus,</strong></span> <span class='ocrx_word' id='word_1_287' title='bbox 1753 3486 1906 3541; x_wconf 89' lang='lat' dir='ltr'><strong>voci-</strong></span> 
     </span>
    </p>
   </div>
   <div class='ocr_carea' id='block_1_39' title="bbox 250 3573 1905 3647">
    <p class='ocr_par' dir='ltr' id='par_1_39' title="bbox 250 3573 1905 3647">
     <span class='ocr_line' id='line_1_39' title="bbox 250 3573 1905 3647; baseline 0.001 -19"><span class='ocrx_word' id='word_1_288' title='bbox 250 3573 491 3631; x_wconf 83' lang='lat' dir='ltr'><strong>feratur.</strong></span> <span class='ocrx_word' id='word_1_289' title='bbox 526 3573 859 3647; x_wconf 85' lang='lat' dir='ltr'><strong>Repellente</strong></span> <span class='ocrx_word' id='word_1_290' title='bbox 890 3579 1086 3630; x_wconf 88' lang='lat' dir='ltr'><strong>autem</strong></span> <span class='ocrx_word' id='word_1_291' title='bbox 1117 3592 1247 3631; x_wconf 88' lang='lat' dir='ltr'><strong>eam</strong></span> <span class='ocrx_word' id='word_1_292' title='bbox 1284 3574 1459 3642; x_wconf 91' lang='lat' dir='ltr'><strong>Giezi,</strong></span> <span class='ocrx_word' id='word_1_293' title='bbox 1491 3574 1638 3631; x_wconf 86' lang='lat' dir='ltr'><strong>dixit</strong></span> <span class='ocrx_word' id='word_1_294' title='bbox 1669 3575 1740 3631; x_wconf 89' lang='lat' dir='ltr'><strong>ad</strong></span> <span class='ocrx_word' id='word_1_295' title='bbox 1772 3592 1905 3631; x_wconf 91' lang='lat' dir='ltr'><strong>eum</strong></span> 
     </span>
    </p>
   </div>
   <div class='ocr_carea' id='block_1_40' title="bbox 251 3662 1907 3737">
    <p class='ocr_par' dir='ltr' id='par_1_40' title="bbox 251 3662 1907 3737">
     <span class='ocr_line' id='line_1_40' title="bbox 251 3662 1907 3737; baseline 0.002 -20"><span class='ocrx_word' id='word_1_296' title='bbox 251 3662 340 3718; x_wconf 89' lang='lat' dir='ltr'><strong>vir</strong></span> <span class='ocrx_word' id='word_1_297' title='bbox 373 3663 507 3720; x_wconf 89' lang='lat' dir='ltr'><strong>Dei:</strong></span> <span class='ocrx_word' id='word_1_298' title='bbox 545 3686 572 3713; x_wconf 88' lang='grc'><strong>‹‹</strong></span> <span class='ocrx_word' id='word_1_299' title='bbox 606 3663 845 3720; x_wconf 90' lang='lat' dir='ltr'><strong>Dimitte</strong></span> <span class='ocrx_word' id='word_1_300' title='bbox 902 3680 1053 3732; x_wconf 88' lang='lat' dir='ltr'><strong>eam,</strong></span> <span class='ocrx_word' id='word_1_301' title='bbox 1116 3664 1396 3736; x_wconf 89' lang='lat' dir='ltr'><strong>quoniam</strong></span> <span class='ocrx_word' id='word_1_302' title='bbox 1451 3665 1650 3720; x_wconf 89' lang='lat' dir='ltr'><strong>anima</strong></span> <span class='ocrx_word' id='word_1_303' title='bbox 1688 3666 1816 3737; x_wconf 90' lang='lat' dir='ltr'><strong>ejus</strong></span> <span class='ocrx_word' id='word_1_304' title='bbox 1848 3665 1907 3720; x_wconf 92' lang='lat' dir='ltr'><strong>in</strong></span> 
     </span>
    </p>
   </div>
   <div class='ocr_carea' id='block_1_41' title="bbox 254 3752 1906 3824">
    <p class='ocr_par' dir='ltr' id='par_1_41' title="bbox 254 3752 1906 3824">
     <span class='ocr_line' id='line_1_41' title="bbox 254 3752 1906 3824; baseline 0.003 -18"><span class='ocrx_word' id='word_1_305' title='bbox 254 3752 648 3808; x_wconf 86' lang='lat' dir='ltr'><strong>amaritudine</strong></span> <span class='ocrx_word' id='word_1_306' title='bbox 679 3756 786 3821; x_wconf 91' lang='lat' dir='ltr'><strong>est,</strong></span> <span class='ocrx_word' id='word_1_307' title='bbox 820 3756 878 3808; x_wconf 91' lang='lat' dir='ltr'><strong>et</strong></span> <span class='ocrx_word' id='word_1_308' title='bbox 918 3753 1201 3809; x_wconf 90' lang='lat' dir='ltr'><strong>Dominus</strong></span> <span class='ocrx_word' id='word_1_309' title='bbox 1249 3753 1457 3809; x_wconf 88' lang='lat' dir='ltr'><strong>celavit</strong></span> <span class='ocrx_word' id='word_1_310' title='bbox 1486 3771 1520 3809; x_wconf 90' lang='lat' dir='ltr'><strong>a</strong></span> <span class='ocrx_word' id='word_1_311' title='bbox 1550 3771 1665 3824; x_wconf 90' lang='lat' dir='ltr'><strong>me,</strong></span> <span class='ocrx_word' id='word_1_312' title='bbox 1701 3759 1762 3809; x_wconf 89' lang='lat' dir='ltr'><strong>ut</strong></span> <span class='ocrx_word' id='word_1_313' title='bbox 1793 3771 1906 3811; x_wconf 91' lang='lat' dir='ltr'><strong>non</strong></span> 
     </span>
    </p>
   </div>
   <div class='ocr_carea' id='block_1_42' title="bbox 226 3841 1406 3914">
    <p class='ocr_par' dir='ltr' id='par_1_42' title="bbox 226 3841 1406 3914">
     <span class='ocr_line' id='line_1_42' title="bbox 226 3841 1406 3914; baseline -0.003 -18"><span class='ocrx_word' id='word_1_314' title='bbox 226 3841 628 3899; x_wconf 80' lang='lat' dir='ltr'><strong>&#39;annuntiaret</strong></span> <span class='ocrx_word' id='word_1_315' title='bbox 658 3842 803 3898; x_wconf 91' lang='lat' dir='ltr'><strong>mihi</strong></span> <span class='ocrx_word' id='word_1_316' title='bbox 836 3842 929 3913; x_wconf 72' lang='lat' dir='ltr'><strong>(Il’</strong></span> <span class='ocrx_word' id='word_1_317' title='bbox 962 3844 1084 3914; x_wconf 78' lang='lat' dir='ltr'><strong>Reg.</strong></span> <span class='ocrx_word' id='word_1_318' title='bbox 1123 3860 1195 3909; x_wconf 80' lang='grc' dir='ltr'><strong>ιν,</strong></span> <span class='ocrx_word' id='word_1_319' title='bbox 1228 3843 1342 3913; x_wconf 86' lang='grc'>27).</span> <span class='ocrx_word' id='word_1_320' title='bbox 1378 3866 1406 3893; x_wconf 89' lang='grc'><strong>››</strong></span> 
     </span>
    </p>
   </div>
   <div class='ocr_carea' id='block_1_43' title="bbox 224 3931 1909 4003">
    <p class='ocr_par' dir='ltr' id='par_1_43' title="bbox 224 3931 1909 4003">
     <span class='ocr_line' id='line_1_43' title="bbox 224 3931 1909 4003; baseline 0.002 -18"><span class='ocrx_word' id='word_1_321' title='bbox 224 3936 231 3941; x_wconf 87' lang='grc'><strong>’</strong></span> <span class='ocrx_word' id='word_1_322' title='bbox 324 3931 413 3985; x_wconf 87' lang='lat'><strong>39.</strong></span> <span class='ocrx_word' id='word_1_323' title='bbox 441 3932 524 3986; x_wconf 74' lang='lat' dir='ltr'><strong>Ex</strong></span> <span class='ocrx_word' id='word_1_324' title='bbox 552 3931 692 3987; x_wconf 83' lang='lat' dir='ltr'><strong>libro</strong></span> <span class='ocrx_word' id='word_1_325' title='bbox 720 3932 931 3987; x_wconf 82' lang='lat' dir='ltr'><strong>dierum</strong></span> <span class='ocrx_word' id='word_1_326' title='bbox 962 3936 1015 3987; x_wconf 79' lang='lat' dir='ltr'><strong>et</strong></span> <span class='ocrx_word' id='word_1_327' title='bbox 1044 3933 1352 4003; x_wconf 73' lang='lat' dir='ltr'><strong>Pi&#39;ophetz&#39;s.</strong></span> <span class='ocrx_word' id='word_1_328' title='bbox 1386 3964 1455 3973; x_wconf 91' lang='lat'><strong><em>—</em></strong></span> <span class='ocrx_word' id='word_1_329' title='bbox 1505 3932 1566 3986; x_wconf 91' lang='lat' dir='ltr'><strong>In</strong></span> <span class='ocrx_word' id='word_1_330' title='bbox 1614 3931 1762 3988; x_wconf 91' lang='lat' dir='ltr'><strong>libro</strong></span> <span class='ocrx_word' id='word_1_331' title='bbox 1789 3932 1909 3989; x_wconf 89' lang='lat' dir='ltr'><strong>die-</strong></span> 
     </span>
    </p>
   </div>
   <div class='ocr_carea' id='block_1_44' title="bbox 250 4018 1912 4093">
    <p class='ocr_par' dir='ltr' id='par_1_44' title="bbox 250 4018 1912 4093">
     <span class='ocr_line' id='line_1_44' title="bbox 250 4018 1912 4093; baseline 0.001 -18"><span class='ocrx_word' id='word_1_332' title='bbox 250 4035 386 4075; x_wconf 89' lang='lat' dir='ltr'><strong>rum</strong></span> <span class='ocrx_word' id='word_1_333' title='bbox 417 4020 708 4093; x_wconf 90' lang='lat' dir='ltr'><strong>legimus:</strong></span> <span class='ocrx_word' id='word_1_334' title='bbox 745 4044 772 4071; x_wconf 85' lang='lat'><strong>«</strong></span> <span class='ocrx_word' id='word_1_335' title='bbox 810 4022 1070 4077; x_wconf 89' lang='lat' dir='ltr'><strong>Fuerunt</strong></span> <span class='ocrx_word' id='word_1_336' title='bbox 1100 4021 1205 4077; x_wconf 79' lang='lat' dir='ltr'><strong>filii</strong></span> <span class='ocrx_word' id='word_1_337' title='bbox 1237 4021 1409 4078; x_wconf 88' lang='lat' dir='ltr'><strong>Sobal</strong></span> <span class='ocrx_word' id='word_1_338' title='bbox 1438 4018 1624 4093; x_wconf 86' lang='lat' dir='ltr'><strong>patris</strong></span> <span class='ocrx_word' id='word_1_339' title='bbox 1646 4021 1912 4077; x_wconf 88' lang='lat' dir='ltr'><strong>Cariath-</strong></span> 
     </span>
    </p>
   </div>
   <div class='ocr_carea' id='block_1_45' title="bbox 244 4108 1908 4184">
    <p class='ocr_par' dir='ltr' id='par_1_45' title="bbox 244 4108 1908 4184">
     <span class='ocr_line' id='line_1_45' title="bbox 244 4108 1908 4184; baseline 0 -19"><span class='ocrx_word' id='word_1_340' title='bbox 244 4108 453 4182; x_wconf 89' lang='lat' dir='ltr'><strong>jarim,</strong></span> <span class='ocrx_word' id='word_1_341' title='bbox 489 4110 590 4183; x_wconf 92' lang='lat' dir='ltr'><strong>qui</strong></span> <span class='ocrx_word' id='word_1_342' title='bbox 622 4110 1092 4184; x_wconf 73' lang='lat' dir='ltr'><strong>prophetabant1</strong></span> <span class='ocrx_word' id='word_1_343' title='bbox 1122 4128 1193 4167; x_wconf 89' lang='lat' dir='ltr'><strong>ex</strong></span> <span class='ocrx_word' id='word_1_344' title='bbox 1232 4109 1476 4166; x_wconf 92' lang='lat' dir='ltr'><strong>dimidio</strong></span> <span class='ocrx_word' id='word_1_345' title='bbox 1527 4112 1573 4182; x_wconf 90' lang='grc' dir='ltr'><strong>(ι</strong></span> <span class='ocrx_word' id='word_1_346' title='bbox 1618 4112 1812 4166; x_wconf 85' lang='lat' dir='ltr'><strong>Paral.</strong></span> <span class='ocrx_word' id='word_1_347' title='bbox 1848 4128 1908 4181; x_wconf 66' lang='grc' dir='ltr'><strong>ιιτ</strong></span> 
     </span>
    </p>
   </div>
   <div class='ocr_carea' id='block_1_46' title="bbox 252 4199 1911 4271">
    <p class='ocr_par' dir='ltr' id='par_1_46' title="bbox 252 4199 1911 4271">
     <span class='ocr_line' id='line_1_46' title="bbox 252 4199 1911 4271; baseline 0.001 -16"><span class='ocrx_word' id='word_1_348' title='bbox 252 4199 370 4271; x_wconf 86' lang='grc'>52).</span> <span class='ocrx_word' id='word_1_349' title='bbox 413 4222 440 4248; x_wconf 85' lang='grc'><strong>››</strong></span> <span class='ocrx_word' id='word_1_350' title='bbox 470 4201 539 4256; x_wconf 89' lang='lat' dir='ltr'><strong>Et</strong></span> <span class='ocrx_word' id='word_1_351' title='bbox 568 4202 817 4256; x_wconf 91' lang='lat' dir='ltr'><strong>iterum:</strong></span> <span class='ocrx_word' id='word_1_352' title='bbox 854 4224 882 4251; x_wconf 85' lang='lat'><strong><em>«</em></strong></span> <span class='ocrx_word' id='word_1_353' title='bbox 918 4199 1045 4256; x_wconf 88' lang='lat' dir='ltr'>Filii</span> <span class='ocrx_word' id='word_1_354' title='bbox 1096 4206 1293 4257; x_wconf 87' lang='lat' dir='ltr'><strong>autem</strong></span> <span class='ocrx_word' id='word_1_355' title='bbox 1343 4199 1537 4255; x_wconf 91' lang='lat' dir='ltr'><strong>Salma</strong></span> <span class='ocrx_word' id='word_1_356' title='bbox 1584 4200 1767 4271; x_wconf 83' lang='lat' dir='ltr'><strong>patris</strong></span> <span class='ocrx_word' id='word_1_357' title='bbox 1807 4200 1911 4257; x_wconf 90' lang='lat' dir='ltr'><strong>Be-</strong></span> 
     </span>
    </p>
   </div>
   <div class='ocr_carea' id='block_1_47' title="bbox 251 4286 1913 4362">
    <p class='ocr_par' dir='ltr' id='par_1_47' title="bbox 251 4286 1913 4362">
     <span class='ocr_line' id='line_1_47' title="bbox 251 4286 1913 4362; baseline 0.001 -19"><span class='ocrx_word' id='word_1_358' title='bbox 251 4286 471 4345; x_wconf 88' lang='lat' dir='ltr'><strong>thleem</strong></span> <span class='ocrx_word' id='word_1_359' title='bbox 502 4294 559 4345; x_wconf 91' lang='lat' dir='ltr'><strong>et</strong></span> <span class='ocrx_word' id='word_1_360' title='bbox 588 4289 939 4362; x_wconf 89' lang='lat' dir='ltr'><strong>Netophathi</strong></span> <span class='ocrx_word' id='word_1_361' title='bbox 991 4306 1205 4345; x_wconf 89' lang='lat' dir='ltr'><strong>corona</strong></span> <span class='ocrx_word' id='word_1_362' title='bbox 1252 4290 1468 4345; x_wconf 90' lang='lat' dir='ltr'><strong>domus</strong></span> <span class='ocrx_word' id='word_1_363' title='bbox 1511 4288 1682 4356; x_wconf 85' lang='lat' dir='ltr'><strong>Joab,</strong></span> <span class='ocrx_word' id='word_1_364' title='bbox 1725 4295 1782 4344; x_wconf 89' lang='lat' dir='ltr'><strong>et</strong></span> <span class='ocrx_word' id='word_1_365' title='bbox 1813 4290 1913 4362; x_wconf 90' lang='lat' dir='ltr'><strong>qui</strong></span> 
     </span>
    </p>
   </div>
   <div class='ocr_carea' id='block_1_48' title="bbox 252 4377 1910 4450">
    <p class='ocr_par' dir='ltr' id='par_1_48' title="bbox 252 4377 1910 4450">
     <span class='ocr_line' id='line_1_48' title="bbox 252 4377 1910 4450; baseline 0.001 -17"><span class='ocrx_word' id='word_1_366' title='bbox 252 4377 705 4450; x_wconf 87' lang='lat' dir='ltr'><strong>prophetabant,</strong></span> <span class='ocrx_word' id='word_1_367' title='bbox 740 4396 809 4435; x_wconf 87' lang='lat' dir='ltr'><strong>ex</strong></span> <span class='ocrx_word' id='word_1_368' title='bbox 839 4379 1088 4435; x_wconf 90' lang='lat' dir='ltr'><strong>dimidio</strong></span> <span class='ocrx_word' id='word_1_369' title='bbox 1121 4378 1305 4446; x_wconf 90' lang='lat' dir='ltr'><strong>Zarai,</strong></span> <span class='ocrx_word' id='word_1_370' title='bbox 1343 4401 1371 4428; x_wconf 84' lang='lat'><strong>»</strong></span> <span class='ocrx_word' id='word_1_371' title='bbox 1423 4383 1480 4435; x_wconf 90' lang='lat' dir='ltr'><strong>et</strong></span> <span class='ocrx_word' id='word_1_372' title='bbox 1510 4384 1716 4434; x_wconf 68' lang='lat' dir='ltr'><strong>caetera</strong></span> <span class='ocrx_word' id='word_1_373' title='bbox 1746 4379 1910 4450; x_wconf 82' lang='lat' dir='ltr'><strong>(Ibid.</strong></span> 
     </span>
    </p>
   </div>
   <div class='ocr_carea' id='block_1_49' title="bbox 245 4466 1914 4541">
    <p class='ocr_par' dir='ltr' id='par_1_49' title="bbox 245 4466 1914 4541">
     <span class='ocr_line' id='line_1_49' title="bbox 245 4466 1914 4541; baseline 0.001 -18"><span class='ocrx_word' id='word_1_374' title='bbox 245 4467 366 4539; x_wconf 69' lang='grc'>54).</span> <span class='ocrx_word' id='word_1_375' title='bbox 415 4466 696 4525; x_wconf 76' lang='lat' dir='ltr'><strong>Similiter</strong></span> <span class='ocrx_word' id='word_1_376' title='bbox 745 4469 947 4540; x_wconf 88' lang='lat' dir='ltr'><strong>utique</strong></span> <span class='ocrx_word' id='word_1_377' title='bbox 995 4470 1184 4525; x_wconf 85' lang='lat' dir='ltr'><strong>sancti</strong></span> <span class='ocrx_word' id='word_1_378' title='bbox 1233 4472 1401 4524; x_wconf 90' lang='lat' dir='ltr'><strong>erant</strong></span> <span class='ocrx_word' id='word_1_379' title='bbox 1454 4468 1554 4541; x_wconf 92' lang='lat' dir='ltr'><strong>qui</strong></span> <span class='ocrx_word' id='word_1_380' title='bbox 1604 4468 1914 4541; x_wconf 88' lang='lat' dir='ltr'><strong>propheta-</strong></span> 
     </span>
    </p>
   </div>
   <div class='ocr_carea' id='block_1_50' title="bbox 236 4557 1917 4631">
    <p class='ocr_par' dir='ltr' id='par_1_50' title="bbox 236 4557 1917 4631">
     <span class='ocr_line' id='line_1_50' title="bbox 236 4557 1917 4631; baseline 0.001 -18"><span class='ocrx_word' id='word_1_381' title='bbox 236 4557 425 4628; x_wconf 54' lang='lat' dir='ltr'><strong>‘bant,</strong></span> <span class='ocrx_word' id='word_1_382' title='bbox 457 4562 512 4614; x_wconf 89' lang='lat' dir='ltr'><strong>et</strong></span> <span class='ocrx_word' id='word_1_383' title='bbox 534 4561 733 4615; x_wconf 89' lang='lat' dir='ltr'><strong>tamen</strong></span> <span class='ocrx_word' id='word_1_384' title='bbox 764 4559 1079 4629; x_wconf 82' lang='lat' dir='ltr'><strong>perfectam</strong></span> <span class='ocrx_word' id='word_1_385' title='bbox 1112 4576 1227 4615; x_wconf 91' lang='lat' dir='ltr'><strong>non</strong></span> <span class='ocrx_word' id='word_1_386' title='bbox 1271 4563 1615 4615; x_wconf 86' lang='lat' dir='ltr'><strong>meruerunt</strong></span> <span class='ocrx_word' id='word_1_387' title='bbox 1656 4558 1917 4631; x_wconf 90' lang='lat' dir='ltr'><strong>accipere</strong></span> 
     </span>
    </p>
   </div>
   <div class='ocr_carea' id='block_1_51' title="bbox 2020 637 3665 715">
    <p class='ocr_par' dir='ltr' id='par_1_51' title="bbox 2020 637 3665 715">
     <span class='ocr_line' id='line_1_51' title="bbox 2020 637 3665 715; baseline 0.004 -21"><span class='ocrx_word' id='word_1_388' title='bbox 2020 654 2137 694; x_wconf 91' lang='lat' dir='ltr'><strong>non</strong></span> <span class='ocrx_word' id='word_1_389' title='bbox 2169 637 2470 695; x_wconf 81' lang='lat' dir='ltr'><strong>salvebis?</strong></span> <span class='ocrx_word' id='word_1_390' title='bbox 2501 640 2689 703; x_wconf 91' lang='lat' dir='ltr'><strong>Quare</strong></span> <span class='ocrx_word' id='word_1_391' title='bbox 2738 640 3045 696; x_wconf 85' lang='lat' dir='ltr'><strong>ostendisti</strong></span> <span class='ocrx_word' id='word_1_392' title='bbox 3093 640 3240 696; x_wconf 90' lang='lat' dir='ltr'>mihi</span> <span class='ocrx_word' id='word_1_393' title='bbox 3288 641 3665 715; x_wconf 91' lang='lat' dir='ltr'><strong>iniquitatem</strong></span> 
     </span>
    </p>
   </div>
   <div class='ocr_carea' id='block_1_52' title="bbox 2020 728 3668 801">
    <p class='ocr_par' dir='ltr' id='par_1_52' title="bbox 2020 728 3668 801">
     <span class='ocr_line' id='line_1_52' title="bbox 2020 728 3668 801; baseline 0.006 -20"><span class='ocrx_word' id='word_1_394' title='bbox 2020 732 2076 782; x_wconf 85' lang='lat' dir='ltr'><strong>et</strong></span> <span class='ocrx_word' id='word_1_395' title='bbox 2106 728 2387 796; x_wconf 85' lang='lat' dir='ltr'><strong>laborem,</strong></span> <span class='ocrx_word' id='word_1_396' title='bbox 2419 729 2616 784; x_wconf 80' lang='lat' dir='ltr'><strong>videre</strong></span> <span class='ocrx_word' id='word_1_397' title='bbox 2646 731 2903 801; x_wconf 80' lang='lat' dir='ltr'><strong>praedam</strong></span> <span class='ocrx_word' id='word_1_398' title='bbox 2931 734 2985 785; x_wconf 89' lang='lat' dir='ltr'><strong>et</strong></span> <span class='ocrx_word' id='word_1_399' title='bbox 3014 731 3364 801; x_wconf 88' lang='lat' dir='ltr'><strong>injustitiam</strong></span> <span class='ocrx_word' id='word_1_400' title='bbox 3388 733 3414 787; x_wconf 84' lang='lat'><strong><em>?</em></strong></span> <span class='ocrx_word' id='word_1_401' title='bbox 3452 733 3668 792; x_wconf 86' lang='lat' dir='ltr'><strong>Contra</strong></span> 
     </span>
    </p>
   </div>
   <div class='ocr_carea' id='block_1_53' title="bbox 2021 817 3664 892">
    <p class='ocr_par' dir='ltr' id='par_1_53' title="bbox 2021 817 3664 892">
     <span class='ocr_line' id='line_1_53' title="bbox 2021 817 3664 892; baseline 0.006 -21"><span class='ocrx_word' id='word_1_402' title='bbox 2021 834 2114 872; x_wconf 91' lang='lat' dir='ltr'><strong>me</strong></span> <span class='ocrx_word' id='word_1_403' title='bbox 2145 817 2363 872; x_wconf 87' lang='lat' dir='ltr'><strong>factum</strong></span> <span class='ocrx_word' id='word_1_404' title='bbox 2392 822 2481 873; x_wconf 90' lang='lat' dir='ltr'><strong>est</strong></span> <span class='ocrx_word' id='word_1_405' title='bbox 2501 819 2796 889; x_wconf 91' lang='lat' dir='ltr'><strong>judicium</strong></span> <span class='ocrx_word' id='word_1_406' title='bbox 2828 823 2885 874; x_wconf 91' lang='lat' dir='ltr'><strong>et</strong></span> <span class='ocrx_word' id='word_1_407' title='bbox 2922 819 3301 875; x_wconf 87' lang='lat' dir='ltr'><strong>contradictio</strong></span> <span class='ocrx_word' id='word_1_408' title='bbox 3334 823 3664 892; x_wconf 87' lang='lat' dir='ltr'><strong>potentior:</strong></span> 
     </span>
    </p>
   </div>
   <div class='ocr_carea' id='block_1_54' title="bbox 2018 905 3669 981">
    <p class='ocr_par' dir='ltr' id='par_1_54' title="bbox 2018 905 3669 981">
     <span class='ocr_line' id='line_1_54' title="bbox 2018 905 3669 981; baseline 0.004 -21"><span class='ocrx_word' id='word_1_409' title='bbox 2018 909 2256 977; x_wconf 88' lang='lat' dir='ltr'><strong>propter</strong></span> <span class='ocrx_word' id='word_1_410' title='bbox 2285 905 2408 961; x_wconf 70' lang='lat' dir='ltr'><strong>haec</strong></span> <span class='ocrx_word' id='word_1_411' title='bbox 2438 905 2691 963; x_wconf 89' lang='lat' dir='ltr'><strong>lacerata</strong></span> <span class='ocrx_word' id='word_1_412' title='bbox 2719 912 2809 964; x_wconf 90' lang='lat' dir='ltr'><strong>est</strong></span> <span class='ocrx_word' id='word_1_413' title='bbox 2836 906 2927 964; x_wconf 89' lang='lat' dir='ltr'><strong>lex</strong></span> <span class='ocrx_word' id='word_1_414' title='bbox 2957 928 2969 976; x_wconf 89' lang='lat'><strong>;</strong></span> <span class='ocrx_word' id='word_1_415' title='bbox 3011 912 3067 963; x_wconf 93' lang='lat' dir='ltr'><strong>et</strong></span> <span class='ocrx_word' id='word_1_416' title='bbox 3115 926 3230 964; x_wconf 92' lang='lat' dir='ltr'><strong>non</strong></span> <span class='ocrx_word' id='word_1_417' title='bbox 3278 910 3540 981; x_wconf 89' lang='lat' dir='ltr'><strong>pervenit</strong></span> <span class='ocrx_word' id='word_1_418' title='bbox 3569 928 3669 968; x_wconf 91' lang='lat' dir='ltr'><strong>us-</strong></span> 
     </span>
    </p>
   </div>
   <div class='ocr_carea' id='block_1_55' title="bbox 2021 994 3669 1070">
    <p class='ocr_par' dir='ltr' id='par_1_55' title="bbox 2021 994 3669 1070">
     <span class='ocr_line' id='line_1_55' title="bbox 2021 994 3669 1070; baseline 0.004 -20"><span class='ocrx_word' id='word_1_419' title='bbox 2021 1011 2134 1067; x_wconf 89' lang='lat' dir='ltr'><strong>que</strong></span> <span class='ocrx_word' id='word_1_420' title='bbox 2157 996 2230 1050; x_wconf 88' lang='lat' dir='ltr'><strong>ad</strong></span> <span class='ocrx_word' id='word_1_421' title='bbox 2262 994 2439 1051; x_wconf 83' lang='lat' dir='ltr'><strong>ﬁnem</strong></span> <span class='ocrx_word' id='word_1_422' title='bbox 2463 997 2796 1068; x_wconf 90' lang='lat' dir='ltr'><strong>judicium:</strong></span> <span class='ocrx_word' id='word_1_423' title='bbox 2831 998 2971 1069; x_wconf 88' lang='lat' dir='ltr'><strong>quia</strong></span> <span class='ocrx_word' id='word_1_424' title='bbox 2999 998 3217 1069; x_wconf 88' lang='lat' dir='ltr'><strong>impius</strong></span> <span class='ocrx_word' id='word_1_425' title='bbox 3258 1000 3535 1070; x_wconf 70' lang='lat' dir='ltr'><strong>praevalet</strong></span> <span class='ocrx_word' id='word_1_426' title='bbox 3566 1002 3669 1057; x_wconf 89' lang='lat' dir='ltr'><strong>ad-</strong></span> 
     </span>
    </p>
   </div>
   <div class='ocr_carea' id='block_1_56' title="bbox 2017 1085 3671 1162">
    <p class='ocr_par' dir='ltr' id='par_1_56' title="bbox 2017 1085 3671 1162">
     <span class='ocr_line' id='line_1_56' title="bbox 2017 1085 3671 1162; baseline 0.004 -24"><span class='ocrx_word' id='word_1_427' title='bbox 2017 1100 2223 1139; x_wconf 89' lang='lat' dir='ltr'><strong>versus</strong></span> <span class='ocrx_word' id='word_1_428' title='bbox 2254 1085 2510 1155; x_wconf 91' lang='lat' dir='ltr'><strong>justum,</strong></span> <span class='ocrx_word' id='word_1_429' title='bbox 2545 1090 2850 1158; x_wconf 87' lang='lat' dir='ltr'><strong>propterea</strong></span> <span class='ocrx_word' id='word_1_430' title='bbox 2879 1088 3177 1159; x_wconf 89' lang='lat' dir='ltr'><strong>egreditur</strong></span> <span class='ocrx_word' id='word_1_431' title='bbox 3205 1088 3502 1159; x_wconf 90' lang='lat' dir='ltr'><strong>judicium</strong></span> <span class='ocrx_word' id='word_1_432' title='bbox 3533 1106 3671 1162; x_wconf 90' lang='lat' dir='ltr'><strong>per-</strong></span> 
     </span>
    </p>
   </div>
   <div class='ocr_carea' id='block_1_57' title="bbox 2018 1174 3670 1251">
    <p class='ocr_par' dir='ltr' id='par_1_57' title="bbox 2018 1174 3670 1251">
     <span class='ocr_line' id='line_1_57' title="bbox 2018 1174 3670 1251; baseline 0.004 -24"><span class='ocrx_word' id='word_1_433' title='bbox 2018 1189 2251 1228; x_wconf 90' lang='lat' dir='ltr'><strong>versum</strong></span> <span class='ocrx_word' id='word_1_434' title='bbox 2288 1174 2522 1244; x_wconf 70' lang='lat' dir='ltr'><strong>(Habeo.</strong></span> <span class='ocrx_word' id='word_1_435' title='bbox 2558 1192 2595 1241; x_wconf 77' lang='grc' dir='ltr'><strong>ι,</strong></span> <span class='ocrx_word' id='word_1_436' title='bbox 2631 1176 2774 1243; x_wconf 68' lang='grc'>1-4).</span> <span class='ocrx_word' id='word_1_437' title='bbox 2800 1197 2827 1224; x_wconf 86' lang='grc'><strong>››</strong></span> <span class='ocrx_word' id='word_1_438' title='bbox 2892 1176 2997 1231; x_wconf 91' lang='lat' dir='ltr'><strong>Pro</strong></span> <span class='ocrx_word' id='word_1_439' title='bbox 3058 1193 3174 1247; x_wconf 91' lang='lat' dir='ltr'><strong>quo</strong></span> <span class='ocrx_word' id='word_1_440' title='bbox 3226 1194 3288 1232; x_wconf 91' lang='lat' dir='ltr'><strong>se</strong></span> <span class='ocrx_word' id='word_1_441' title='bbox 3318 1177 3443 1249; x_wconf 88' lang='lat' dir='ltr'><strong>ipse</strong></span> <span class='ocrx_word' id='word_1_442' title='bbox 3474 1195 3670 1251; x_wconf 88' lang='lat' dir='ltr'><strong>repre-</strong></span> 
     </span>
    </p>
   </div>
   <div class='ocr_carea' id='block_1_58' title="bbox 2018 1262 3673 1335">
    <p class='ocr_par' dir='ltr' id='par_1_58' title="bbox 2018 1262 3673 1335">
     <span class='ocr_line' id='line_1_58' title="bbox 2018 1262 3673 1335; baseline 0.004 -18"><span class='ocrx_word' id='word_1_443' title='bbox 2018 1262 2284 1319; x_wconf 90' lang='lat' dir='ltr'><strong>hendens</strong></span> <span class='ocrx_word' id='word_1_444' title='bbox 2315 1262 2469 1333; x_wconf 91' lang='lat' dir='ltr'><strong>quod</strong></span> <span class='ocrx_word' id='word_1_445' title='bbox 2498 1277 2602 1333; x_wconf 91' lang='lat' dir='ltr'><strong>per</strong></span> <span class='ocrx_word' id='word_1_446' title='bbox 2634 1262 3024 1335; x_wconf 86' lang='lat' dir='ltr'><strong>ignorantiam</strong></span> <span class='ocrx_word' id='word_1_447' title='bbox 3074 1265 3151 1320; x_wconf 89' lang='lat' dir='ltr'><strong>sit</strong></span> <span class='ocrx_word' id='word_1_448' title='bbox 3180 1263 3432 1334; x_wconf 91' lang='lat' dir='ltr'><strong>locutus,</strong></span> <span class='ocrx_word' id='word_1_449' title='bbox 3467 1267 3673 1323; x_wconf 90' lang='lat' dir='ltr'><strong>scribit</strong></span> 
     </span>
    </p>
   </div>
   <div class='ocr_carea' id='block_1_59' title="bbox 2019 1350 3673 1428">
    <p class='ocr_par' dir='ltr' id='par_1_59' title="bbox 2019 1350 3673 1428">
     <span class='ocr_line' id='line_1_59' title="bbox 2019 1350 3673 1428; baseline 0.003 -23"><span class='ocrx_word' id='word_1_450' title='bbox 2019 1350 2324 1406; x_wconf 89' lang='lat' dir='ltr'><strong>Canticum</strong></span> <span class='ocrx_word' id='word_1_451' title='bbox 2358 1351 2729 1423; x_wconf 59' lang='lat' dir='ltr'><strong>poenitentia.</strong></span> <span class='ocrx_word' id='word_1_452' title='bbox 2763 1352 2821 1407; x_wconf 90' lang='lat' dir='ltr'><strong>Si</strong></span> <span class='ocrx_word' id='word_1_453' title='bbox 2851 1357 3153 1424; x_wconf 86' lang='lat' dir='ltr'><strong>peccatum</strong></span> <span class='ocrx_word' id='word_1_454' title='bbox 3189 1370 3304 1408; x_wconf 92' lang='lat' dir='ltr'><strong>non</strong></span> <span class='ocrx_word' id='word_1_455' title='bbox 3344 1360 3469 1410; x_wconf 89' lang='lat' dir='ltr'><strong>erat</strong></span> <span class='ocrx_word' id='word_1_456' title='bbox 3498 1355 3673 1428; x_wconf 87' lang='lat' dir='ltr'><strong>igno-</strong></span> 
     </span>
    </p>
   </div>
   <div class='ocr_carea' id='block_1_60' title="bbox 2020 1438 3671 1513">
    <p class='ocr_par' dir='ltr' id='par_1_60' title="bbox 2020 1438 3671 1513">
     <span class='ocr_line' id='line_1_60' title="bbox 2020 1438 3671 1513; baseline 0.004 -19"><span class='ocrx_word' id='word_1_457' title='bbox 2020 1438 2232 1506; x_wconf 88' lang='lat' dir='ltr'><strong>rantia,</strong></span> <span class='ocrx_word' id='word_1_458' title='bbox 2256 1441 2551 1512; x_wconf 78' lang='lat' dir='ltr'><strong>superfluo</strong></span> <span class='ocrx_word' id='word_1_459' title='bbox 2574 1440 2778 1496; x_wconf 87' lang='lat' dir='ltr'><strong>scribit</strong></span> <span class='ocrx_word' id='word_1_460' title='bbox 2805 1440 3021 1497; x_wconf 90' lang='lat' dir='ltr'><strong>librum</strong></span> <span class='ocrx_word' id='word_1_461' title='bbox 3045 1442 3452 1513; x_wconf 72' lang='lat' dir='ltr'><strong>paenitudinis,</strong></span> <span class='ocrx_word' id='word_1_462' title='bbox 3475 1447 3533 1499; x_wconf 91' lang='lat' dir='ltr'><strong>et</strong></span> <span class='ocrx_word' id='word_1_463' title='bbox 3549 1444 3671 1501; x_wconf 86' lang='lat' dir='ltr'><strong>ina-</strong></span> 
     </span>
    </p>
   </div>
   <div class='ocr_carea' id='block_1_61' title="bbox 2020 1528 3669 1601">
    <p class='ocr_par' dir='ltr' id='par_1_61' title="bbox 2020 1528 3669 1601">
     <span class='ocr_line' id='line_1_61' title="bbox 2020 1528 3669 1601; baseline 0.004 -18"><span class='ocrx_word' id='word_1_464' title='bbox 2020 1528 2174 1584; x_wconf 93' lang='lat' dir='ltr'><strong>niter</strong></span> <span class='ocrx_word' id='word_1_465' title='bbox 2201 1528 2384 1584; x_wconf 89' lang='lat' dir='ltr'><strong>voluit</strong></span> <span class='ocrx_word' id='word_1_466' title='bbox 2412 1528 2470 1583; x_wconf 91' lang='lat' dir='ltr'><strong>id</strong></span> <span class='ocrx_word' id='word_1_467' title='bbox 2500 1529 2720 1601; x_wconf 91' lang='lat' dir='ltr'><strong>lugere,</strong></span> <span class='ocrx_word' id='word_1_468' title='bbox 2754 1531 2908 1601; x_wconf 90' lang='lat' dir='ltr'><strong>quod</strong></span> <span class='ocrx_word' id='word_1_469' title='bbox 2948 1535 3250 1601; x_wconf 90' lang='lat' dir='ltr'><strong>peccatum</strong></span> <span class='ocrx_word' id='word_1_470' title='bbox 3303 1549 3419 1587; x_wconf 90' lang='lat' dir='ltr'><strong>non</strong></span> <span class='ocrx_word' id='word_1_471' title='bbox 3469 1532 3669 1590; x_wconf 88' lang='lat' dir='ltr'><strong>habet.</strong></span> 
     </span>
    </p>
   </div>
   <div class='ocr_carea' id='block_1_62' title="bbox 2022 1617 3673 1691">
    <p class='ocr_par' dir='ltr' id='par_1_62' title="bbox 2022 1617 3673 1691">
     <span class='ocr_line' id='line_1_62' title="bbox 2022 1617 3673 1691; baseline 0.003 -18"><span class='ocrx_word' id='word_1_472' title='bbox 2022 1618 2083 1673; x_wconf 93' lang='lat' dir='ltr'><strong>In</strong></span> <span class='ocrx_word' id='word_1_473' title='bbox 2115 1617 2376 1673; x_wconf 91' lang='lat' dir='ltr'><strong>Ezechiel</strong></span> <span class='ocrx_word' id='word_1_474' title='bbox 2404 1622 2660 1673; x_wconf 86' lang='lat' dir='ltr'><strong>extrema</strong></span> <span class='ocrx_word' id='word_1_475' title='bbox 2692 1623 2875 1690; x_wconf 89' lang='lat' dir='ltr'><strong>parte,</strong></span> <span class='ocrx_word' id='word_1_476' title='bbox 2909 1619 3008 1674; x_wconf 90' lang='lat' dir='ltr'><strong>ubi</strong></span> <span class='ocrx_word' id='word_1_477' title='bbox 3040 1636 3143 1691; x_wconf 89' lang='lat' dir='ltr'><strong>per</strong></span> <span class='ocrx_word' id='word_1_478' title='bbox 3172 1620 3482 1676; x_wconf 75' lang='lat' dir='ltr'><strong>aedilicium</strong></span> <span class='ocrx_word' id='word_1_479' title='bbox 3515 1626 3673 1678; x_wconf 89' lang='lat' dir='ltr'><strong>tem-</strong></span> 
     </span>
    </p>
   </div>
   <div class='ocr_carea' id='block_1_63' title="bbox 2021 1705 3672 1780">
    <p class='ocr_par' dir='ltr' id='par_1_63' title="bbox 2021 1705 3672 1780">
     <span class='ocr_line' id='line_1_63' title="bbox 2021 1705 3672 1780; baseline 0.004 -20"><span class='ocrx_word' id='word_1_480' title='bbox 2021 1705 2100 1777; x_wconf 90' lang='lat' dir='ltr'><strong>pli</strong></span> <span class='ocrx_word' id='word_1_481' title='bbox 2130 1706 2187 1761; x_wconf 91' lang='lat' dir='ltr'><strong>in</strong></span> <span class='ocrx_word' id='word_1_482' title='bbox 2222 1710 2421 1762; x_wconf 73' lang='lat' dir='ltr'><strong>monte</strong></span> <span class='ocrx_word' id='word_1_483' title='bbox 2448 1706 2569 1772; x_wconf 90' lang='lat' dir='ltr'><strong>siti,</strong></span> <span class='ocrx_word' id='word_1_484' title='bbox 2600 1707 2868 1762; x_wconf 62' lang='lat' dir='ltr'><strong>Ecclesiae</strong></span> <span class='ocrx_word' id='word_1_485' title='bbox 2917 1707 3105 1763; x_wconf 88' lang='lat' dir='ltr'><strong>multa</strong></span> <span class='ocrx_word' id='word_1_486' title='bbox 3155 1713 3287 1780; x_wconf 87' lang='lat' dir='ltr'><strong>post</strong></span> <span class='ocrx_word' id='word_1_487' title='bbox 3339 1710 3551 1767; x_wconf 62' lang='lat' dir='ltr'><strong>sarcula</strong></span> <span class='ocrx_word' id='word_1_488' title='bbox 3581 1711 3672 1766; x_wconf 77' lang='lat' dir='ltr'><strong>fu~</strong></span> 
     </span>
    </p>
   </div>
   <div class='ocr_carea' id='block_1_64' title="bbox 2019 1797 3673 1870">
    <p class='ocr_par' dir='ltr' id='par_1_64' title="bbox 2019 1797 3673 1870">
     <span class='ocr_line' id='line_1_64' title="bbox 2019 1797 3673 1870; baseline 0.003 -21"><span class='ocrx_word' id='word_1_489' title='bbox 2019 1799 2163 1850; x_wconf 79' lang='lat' dir='ltr'><strong>turze</strong></span> <span class='ocrx_word' id='word_1_490' title='bbox 2192 1800 2562 1851; x_wconf 89' lang='lat' dir='ltr'><strong>sacramenta</strong></span> <span class='ocrx_word' id='word_1_491' title='bbox 2590 1801 2925 1864; x_wconf 87' lang='lat' dir='ltr'><strong>narrantur,</strong></span> <span class='ocrx_word' id='word_1_492' title='bbox 2959 1797 3149 1868; x_wconf 87' lang='lat' dir='ltr'><strong>primo</strong></span> <span class='ocrx_word' id='word_1_493' title='bbox 3193 1803 3250 1853; x_wconf 88' lang='lat' dir='ltr'><strong>et</strong></span> <span class='ocrx_word' id='word_1_494' title='bbox 3298 1800 3547 1870; x_wconf 91' lang='lat' dir='ltr'><strong>septimo</strong></span> <span class='ocrx_word' id='word_1_495' title='bbox 3579 1799 3673 1854; x_wconf 90' lang='lat' dir='ltr'><strong>die</strong></span> 
     </span>
    </p>
   </div>
   <div class='ocr_carea' id='block_1_65' title="bbox 2020 1884 3672 1958">
    <p class='ocr_par' dir='ltr' id='par_1_65' title="bbox 2020 1884 3672 1958">
     <span class='ocr_line' id='line_1_65' title="bbox 2020 1884 3672 1958; baseline 0.002 -19"><span class='ocrx_word' id='word_1_496' title='bbox 2020 1884 2244 1940; x_wconf 88' lang='lat' dir='ltr'><strong>mensis</strong></span> <span class='ocrx_word' id='word_1_497' title='bbox 2275 1884 2450 1956; x_wconf 91' lang='lat' dir='ltr'><strong>primi</strong></span> <span class='ocrx_word' id='word_1_498' title='bbox 2481 1885 2811 1940; x_wconf 77' lang='lat' dir='ltr'><strong>offeruntur</strong></span> <span class='ocrx_word' id='word_1_499' title='bbox 2839 1885 3088 1940; x_wconf 75' lang='lat' dir='ltr'><strong>victimae</strong></span> <span class='ocrx_word' id='word_1_500' title='bbox 3138 1903 3242 1957; x_wconf 90' lang='lat' dir='ltr'><strong>pro</strong></span> <span class='ocrx_word' id='word_1_501' title='bbox 3295 1891 3530 1958; x_wconf 89' lang='lat' dir='ltr'><strong>peccato</strong></span> <span class='ocrx_word' id='word_1_502' title='bbox 3564 1888 3672 1958; x_wconf 78' lang='grc' dir='ltr'><strong>[Αἱ.</strong></span> 
     </span>
    </p>
   </div>
   <div class='ocr_carea' id='block_1_66' title="bbox 2021 1973 3675 2049">
    <p class='ocr_par' dir='ltr' id='par_1_66' title="bbox 2021 1973 3675 2049">
     <span class='ocr_line' id='line_1_66' title="bbox 2021 1973 3675 2049; baseline 0.002 -21"><span class='ocrx_word' id='word_1_503' title='bbox 2021 1973 2298 2044; x_wconf 84' lang='lat' dir='ltr'><strong>peccatis]</strong></span> <span class='ocrx_word' id='word_1_504' title='bbox 2330 1974 2617 2040; x_wconf 90' lang='lat' dir='ltr'><strong>omnium,</strong></span> <span class='ocrx_word' id='word_1_505' title='bbox 2664 1974 2723 2028; x_wconf 94' lang='lat' dir='ltr'><strong>in</strong></span> <span class='ocrx_word' id='word_1_506' title='bbox 2773 1990 2889 2045; x_wconf 92' lang='lat' dir='ltr'><strong>quo</strong></span> <span class='ocrx_word' id='word_1_507' title='bbox 2937 1990 3040 2046; x_wconf 88' lang='lat' dir='ltr'><strong>per</strong></span> <span class='ocrx_word' id='word_1_508' title='bbox 3087 1991 3342 2031; x_wconf 89' lang='lat' dir='ltr'><strong>errorem</strong></span> <span class='ocrx_word' id='word_1_509' title='bbox 3374 1980 3476 2032; x_wconf 90' lang='lat' dir='ltr'><strong>aut</strong></span> <span class='ocrx_word' id='word_1_510' title='bbox 3504 1977 3675 2049; x_wconf 91' lang='lat' dir='ltr'><strong>igno-</strong></span> 
     </span>
    </p>
   </div>
   <div class='ocr_carea' id='block_1_67' title="bbox 2020 2062 3675 2136">
    <p class='ocr_par' dir='ltr' id='par_1_67' title="bbox 2020 2062 3675 2136">
     <span class='ocr_line' id='line_1_67' title="bbox 2020 2062 3675 2136; baseline 0.004 -21"><span class='ocrx_word' id='word_1_511' title='bbox 2020 2062 2268 2116; x_wconf 85' lang='lat' dir='ltr'><strong>rantiam</strong></span> <span class='ocrx_word' id='word_1_512' title='bbox 2302 2066 2707 2134; x_wconf 84' lang='lat' dir='ltr'><strong>peccaverunt.</strong></span> <span class='ocrx_word' id='word_1_513' title='bbox 2758 2063 2990 2135; x_wconf 88' lang='lat' dir='ltr'><strong>Septem</strong></span> <span class='ocrx_word' id='word_1_514' title='bbox 3041 2080 3275 2136; x_wconf 90' lang='lat' dir='ltr'><strong>quoque</strong></span> <span class='ocrx_word' id='word_1_515' title='bbox 3322 2065 3531 2120; x_wconf 89' lang='lat' dir='ltr'><strong>diebus</strong></span> <span class='ocrx_word' id='word_1_516' title='bbox 3567 2066 3675 2122; x_wconf 86' lang='lat' dir='ltr'><strong>Pa-</strong></span> 
     </span>
    </p>
   </div>
   <div class='ocr_carea' id='block_1_68' title="bbox 2021 2149 3676 2227">
    <p class='ocr_par' dir='ltr' id='par_1_68' title="bbox 2021 2149 3676 2227">
     <span class='ocr_line' id='line_1_68' title="bbox 2021 2149 3676 2227; baseline 0.003 -22"><span class='ocrx_word' id='word_1_517' title='bbox 2021 2149 2197 2217; x_wconf 81' lang='lat' dir='ltr'><strong>schae,</strong></span> <span class='ocrx_word' id='word_1_518' title='bbox 2228 2149 2431 2205; x_wconf 89' lang='lat' dir='ltr'><strong>hircus</strong></span> <span class='ocrx_word' id='word_1_519' title='bbox 2457 2167 2689 2223; x_wconf 91' lang='lat' dir='ltr'><strong>semper</strong></span> <span class='ocrx_word' id='word_1_520' title='bbox 2718 2167 2821 2223; x_wconf 91' lang='lat' dir='ltr'><strong>pro</strong></span> <span class='ocrx_word' id='word_1_521' title='bbox 2871 2158 3106 2223; x_wconf 90' lang='lat' dir='ltr'><strong>peccato</strong></span> <span class='ocrx_word' id='word_1_522' title='bbox 3138 2156 3449 2209; x_wconf 89' lang='lat' dir='ltr'><strong>mactatur.</strong></span> <span class='ocrx_word' id='word_1_523' title='bbox 3485 2154 3676 2227; x_wconf 89' lang='lat' dir='ltr'><strong>Septi-</strong></span> 
     </span>
    </p>
   </div>
   <div class='ocr_carea' id='block_1_69' title="bbox 2020 2238 3675 2315">
    <p class='ocr_par' dir='ltr' id='par_1_69' title="bbox 2020 2238 3675 2315">
     <span class='ocr_line' id='line_1_69' title="bbox 2020 2238 3675 2315; baseline 0.005 -22"><span class='ocrx_word' id='word_1_524' title='bbox 2020 2238 2101 2293; x_wconf 91' lang='lat' dir='ltr'>mi</span> <span class='ocrx_word' id='word_1_525' title='bbox 2129 2240 2352 2295; x_wconf 90' lang='lat' dir='ltr'><strong>mensis</strong></span> <span class='ocrx_word' id='word_1_526' title='bbox 2382 2240 2589 2311; x_wconf 89' lang='lat' dir='ltr'><strong>quinta</strong></span> <span class='ocrx_word' id='word_1_527' title='bbox 2634 2240 2863 2295; x_wconf 90' lang='lat' dir='ltr'><strong>decima</strong></span> <span class='ocrx_word' id='word_1_528' title='bbox 2909 2241 3023 2307; x_wconf 89' lang='lat' dir='ltr'><strong>die,</strong></span> <span class='ocrx_word' id='word_1_529' title='bbox 3073 2241 3227 2296; x_wconf 90' lang='lat' dir='ltr'><strong>idem</strong></span> <span class='ocrx_word' id='word_1_530' title='bbox 3274 2259 3378 2313; x_wconf 87' lang='lat' dir='ltr'><strong>pro</strong></span> <span class='ocrx_word' id='word_1_531' title='bbox 3419 2243 3675 2315; x_wconf 89' lang='lat' dir='ltr'><strong>peccatis</strong></span> 
     </span>
    </p>
   </div>
   <div class='ocr_carea' id='block_1_70' title="bbox 2020 2328 3670 2403">
    <p class='ocr_par' dir='ltr' id='par_1_70' title="bbox 2020 2328 3670 2403">
     <span class='ocr_line' id='line_1_70' title="bbox 2020 2328 3670 2403; baseline 0.003 -20"><span class='ocrx_word' id='word_1_532' title='bbox 2020 2328 2434 2385; x_wconf 83' lang='lat' dir='ltr'><strong>sacriﬁciorum</strong></span> <span class='ocrx_word' id='word_1_533' title='bbox 2470 2330 2609 2384; x_wconf 90' lang='lat' dir='ltr'><strong>ordo</strong></span> <span class='ocrx_word' id='word_1_534' title='bbox 2642 2328 2986 2385; x_wconf 87' lang='lat' dir='ltr'><strong>celebratur.</strong></span> <span class='ocrx_word' id='word_1_535' title='bbox 3012 2331 3079 2384; x_wconf 89' lang='lat' dir='ltr'><strong>Et</strong></span> <span class='ocrx_word' id='word_1_536' title='bbox 3102 2335 3230 2401; x_wconf 78' lang='lat' dir='ltr'><strong>post</strong></span> <span class='ocrx_word' id='word_1_537' title='bbox 3255 2330 3369 2386; x_wconf 88' lang='lat' dir='ltr'><strong>alia</strong></span> <span class='ocrx_word' id='word_1_538' title='bbox 3394 2330 3670 2403; x_wconf 87' lang='lat' dir='ltr'><strong>plurima,</strong></span> 
     </span>
    </p>
   </div>
   <div class='ocr_carea' id='block_1_71' title="bbox 2021 2418 3672 2492">
    <p class='ocr_par' dir='ltr' id='par_1_71' title="bbox 2021 2418 3672 2492">
     <span class='ocr_line' id='line_1_71' title="bbox 2021 2418 3672 2492; baseline 0.002 -20"><span class='ocrx_word' id='word_1_539' title='bbox 2021 2434 2145 2488; x_wconf 79' lang='lat' dir='ltr'><strong>quae</strong></span> <span class='ocrx_word' id='word_1_540' title='bbox 2176 2434 2291 2472; x_wconf 87' lang='lat' dir='ltr'><strong>non</strong></span> <span class='ocrx_word' id='word_1_541' title='bbox 2342 2423 2430 2472; x_wconf 91' lang='lat' dir='ltr'><strong>est</strong></span> <span class='ocrx_word' id='word_1_542' title='bbox 2480 2418 2653 2472; x_wconf 88' lang='lat' dir='ltr'><strong>istius</strong></span> <span class='ocrx_word' id='word_1_543' title='bbox 2705 2419 2986 2489; x_wconf 90' lang='lat' dir='ltr'><strong>temporis</strong></span> <span class='ocrx_word' id='word_1_544' title='bbox 3039 2418 3339 2490; x_wconf 87' lang='lat' dir='ltr'><strong>replicare,</strong></span> <span class='ocrx_word' id='word_1_545' title='bbox 3383 2421 3672 2492; x_wconf 91' lang='lat' dir='ltr'><strong>scriptum</strong></span> 
     </span>
    </p>
   </div>
   <div class='ocr_carea' id='block_1_72' title="bbox 2021 2506 3674 2575">
    <p class='ocr_par' dir='ltr' id='par_1_72' title="bbox 2021 2506 3674 2575">
     <span class='ocr_line' id='line_1_72' title="bbox 2021 2506 3674 2575; baseline 0.002 -14"><span class='ocrx_word' id='word_1_546' title='bbox 2021 2511 2145 2561; x_wconf 89' lang='lat' dir='ltr'><strong>est:</strong></span> <span class='ocrx_word' id='word_1_547' title='bbox 2182 2528 2209 2556; x_wconf 87' lang='grc'><strong>‹‹</strong></span> <span class='ocrx_word' id='word_1_548' title='bbox 2243 2507 2379 2561; x_wconf 88' lang='lat' dir='ltr'><strong>Erat</strong></span> <span class='ocrx_word' id='word_1_549' title='bbox 2408 2510 2603 2561; x_wconf 85' lang='lat' dir='ltr'><strong>autem</strong></span> <span class='ocrx_word' id='word_1_550' title='bbox 2637 2506 2717 2561; x_wconf 93' lang='lat' dir='ltr'><strong>ibi</strong></span> <span class='ocrx_word' id='word_1_551' title='bbox 2750 2506 2913 2561; x_wconf 90' lang='lat' dir='ltr'><strong>locus</strong></span> <span class='ocrx_word' id='word_1_552' title='bbox 2945 2507 3016 2561; x_wconf 88' lang='lat' dir='ltr'><strong>ad</strong></span> <span class='ocrx_word' id='word_1_553' title='bbox 3066 2507 3461 2575; x_wconf 89' lang='lat' dir='ltr'><strong>Occidentem,</strong></span> <span class='ocrx_word' id='word_1_554' title='bbox 3498 2508 3674 2564; x_wconf 86' lang='lat' dir='ltr'><strong>dixit-</strong></span> 
     </span>
    </p>
   </div>
   <div class='ocr_carea' id='block_1_73' title="bbox 2021 2594 3675 2667">
    <p class='ocr_par' dir='ltr' id='par_1_73' title="bbox 2021 2594 3675 2667">
     <span class='ocr_line' id='line_1_73' title="bbox 2021 2594 3675 2667; baseline 0.002 -18"><span class='ocrx_word' id='word_1_555' title='bbox 2021 2612 2133 2667; x_wconf 89' lang='lat' dir='ltr'><strong>que</strong></span> <span class='ocrx_word' id='word_1_556' title='bbox 2165 2596 2235 2651; x_wconf 90' lang='lat' dir='ltr'><strong>ad</strong></span> <span class='ocrx_word' id='word_1_557' title='bbox 2270 2612 2401 2650; x_wconf 89' lang='lat' dir='ltr'><strong>me:</strong></span> <span class='ocrx_word' id='word_1_558' title='bbox 2450 2596 2565 2650; x_wconf 87' lang='lat' dir='ltr'><strong>Iste</strong></span> <span class='ocrx_word' id='word_1_559' title='bbox 2616 2600 2708 2650; x_wconf 91' lang='lat' dir='ltr'><strong>est</strong></span> <span class='ocrx_word' id='word_1_560' title='bbox 2764 2594 2947 2664; x_wconf 91' lang='lat' dir='ltr'><strong>locus,</strong></span> <span class='ocrx_word' id='word_1_561' title='bbox 3005 2596 3101 2651; x_wconf 91' lang='lat' dir='ltr'><strong>ubi</strong></span> <span class='ocrx_word' id='word_1_562' title='bbox 3159 2613 3405 2667; x_wconf 88' lang='lat' dir='ltr'><strong>coquere</strong></span> <span class='ocrx_word' id='word_1_563' title='bbox 3459 2598 3675 2653; x_wconf 90' lang='lat' dir='ltr'><strong>debent</strong></span> 
     </span>
    </p>
   </div>
   <div class='ocr_carea' id='block_1_74' title="bbox 2019 2684 3675 2758">
    <p class='ocr_par' dir='ltr' id='par_1_74' title="bbox 2019 2684 3675 2758">
     <span class='ocr_line' id='line_1_74' title="bbox 2019 2684 3675 2758; baseline 0.002 -19"><span class='ocrx_word' id='word_1_564' title='bbox 2019 2684 2351 2739; x_wconf 88' lang='lat' dir='ltr'><strong>sacerdotes</strong></span> <span class='ocrx_word' id='word_1_565' title='bbox 2385 2685 2637 2740; x_wconf 90' lang='lat' dir='ltr'><strong>hostiam</strong></span> <span class='ocrx_word' id='word_1_566' title='bbox 2671 2702 2774 2756; x_wconf 89' lang='lat' dir='ltr'><strong>pro</strong></span> <span class='ocrx_word' id='word_1_567' title='bbox 2826 2690 3062 2756; x_wconf 85' lang='lat' dir='ltr'><strong>peccato</strong></span> <span class='ocrx_word' id='word_1_568' title='bbox 3118 2689 3175 2739; x_wconf 91' lang='lat' dir='ltr'><strong>et</strong></span> <span class='ocrx_word' id='word_1_569' title='bbox 3206 2703 3308 2757; x_wconf 92' lang='lat' dir='ltr'><strong>pro</strong></span> <span class='ocrx_word' id='word_1_570' title='bbox 3342 2686 3675 2758; x_wconf 87' lang='lat' dir='ltr'><strong>ignorantia</strong></span> 
     </span>
    </p>
   </div>
   <div class='ocr_carea' id='block_1_75' title="bbox 2020 2773 3674 2845">
    <p class='ocr_par' dir='ltr' id='par_1_75' title="bbox 2020 2773 3674 2845">
     <span class='ocr_line' id='line_1_75' title="bbox 2020 2773 3674 2845; baseline 0.003 -17"><span class='ocrx_word' id='word_1_571' title='bbox 2020 2773 2234 2845; x_wconf 69' lang='lat' dir='ltr'><strong>(Ezech.</strong></span> <span class='ocrx_word' id='word_1_572' title='bbox 2266 2791 2415 2841; x_wconf 84' lang='lat' dir='ltr'><strong>XLVI,</strong></span> <span class='ocrx_word' id='word_1_573' title='bbox 2447 2774 2559 2844; x_wconf 87' lang='lat'><strong>20).</strong></span> <span class='ocrx_word' id='word_1_574' title='bbox 2606 2797 2631 2823; x_wconf 91' lang='grc'><strong>››</strong></span> <span class='ocrx_word' id='word_1_575' title='bbox 2680 2775 2966 2830; x_wconf 86' lang='lat' dir='ltr'><strong>Jeremias</strong></span> <span class='ocrx_word' id='word_1_576' title='bbox 3014 2774 3277 2845; x_wconf 85' lang='lat' dir='ltr'><strong>loquitur</strong></span> <span class='ocrx_word' id='word_1_577' title='bbox 3324 2776 3396 2830; x_wconf 87' lang='lat' dir='ltr'><strong>ad</strong></span> <span class='ocrx_word' id='word_1_578' title='bbox 3448 2779 3674 2833; x_wconf 87' lang='lat' dir='ltr'><strong>Deum:</strong></span> 
     </span>
    </p>
   </div>
   <div class='ocr_carea' id='block_1_76' title="bbox 2022 2863 3677 2935">
    <p class='ocr_par' dir='ltr' id='par_1_76' title="bbox 2022 2863 3677 2935">
     <span class='ocr_line' id='line_1_76' title="bbox 2022 2863 3677 2935; baseline 0.002 -17"><span class='ocrx_word' id='word_1_579' title='bbox 2022 2886 2047 2912; x_wconf 89' lang='grc'><strong>‹‹</strong></span> <span class='ocrx_word' id='word_1_580' title='bbox 2078 2864 2222 2930; x_wconf 91' lang='lat' dir='ltr'><strong>Scio,</strong></span> <span class='ocrx_word' id='word_1_581' title='bbox 2271 2863 2528 2931; x_wconf 84' lang='lat' dir='ltr'><strong>domine,</strong></span> <span class='ocrx_word' id='word_1_582' title='bbox 2590 2865 2739 2919; x_wconf 78' lang='grc'><strong>740</strong></span> <span class='ocrx_word' id='word_1_583' title='bbox 2790 2864 2946 2935; x_wconf 91' lang='lat' dir='ltr'><strong>quod</strong></span> <span class='ocrx_word' id='word_1_584' title='bbox 3000 2881 3114 2919; x_wconf 92' lang='lat' dir='ltr'><strong>non</strong></span> <span class='ocrx_word' id='word_1_585' title='bbox 3161 2868 3249 2919; x_wconf 85' lang='lat' dir='ltr'><strong>est</strong></span> <span class='ocrx_word' id='word_1_586' title='bbox 3289 2864 3546 2919; x_wconf 89' lang='lat' dir='ltr'><strong>hominis</strong></span> <span class='ocrx_word' id='word_1_587' title='bbox 3582 2864 3677 2921; x_wconf 88' lang='lat' dir='ltr'><strong>via</strong></span> 
     </span>
    </p>
   </div>
   <div class='ocr_carea' id='block_1_77' title="bbox 2019 2951 3670 3026">
    <p class='ocr_par' dir='ltr' id='par_1_77' title="bbox 2019 2951 3670 3026">
     <span class='ocr_line' id='line_1_77' title="bbox 2019 2951 3670 3026; baseline -0.001 -18"><span class='ocrx_word' id='word_1_588' title='bbox 2019 2953 2184 3024; x_wconf 86' lang='lat' dir='ltr'><strong>ejus:</strong></span> <span class='ocrx_word' id='word_1_589' title='bbox 2220 2969 2327 3007; x_wconf 90' lang='lat' dir='ltr'><strong>nec</strong></span> <span class='ocrx_word' id='word_1_590' title='bbox 2356 2951 2463 3007; x_wconf 91' lang='lat' dir='ltr'><strong>viri</strong></span> <span class='ocrx_word' id='word_1_591' title='bbox 2494 2958 2603 3019; x_wconf 88' lang='lat' dir='ltr'><strong>est,</strong></span> <span class='ocrx_word' id='word_1_592' title='bbox 2659 2958 2722 3007; x_wconf 91' lang='lat' dir='ltr'><strong>ut</strong></span> <span class='ocrx_word' id='word_1_593' title='bbox 2770 2952 3030 3008; x_wconf 86' lang='lat' dir='ltr'><strong>ambulet</strong></span> <span class='ocrx_word' id='word_1_594' title='bbox 3079 2959 3135 3008; x_wconf 90' lang='lat' dir='ltr'><strong>et</strong></span> <span class='ocrx_word' id='word_1_595' title='bbox 3187 2952 3401 3025; x_wconf 88' lang='lat' dir='ltr'><strong>dirigat</strong></span> <span class='ocrx_word' id='word_1_596' title='bbox 3431 2969 3670 3026; x_wconf 89' lang='lat' dir='ltr'><strong>gressus</strong></span> 
     </span>
    </p>
   </div>
   <div class='ocr_carea' id='block_1_78' title="bbox 2020 3042 3674 3113">
    <p class='ocr_par' dir='ltr' id='par_1_78' title="bbox 2020 3042 3674 3113">
     <span class='ocr_line' id='line_1_78' title="bbox 2020 3042 3674 3113; baseline 0.001 -17"><span class='ocrx_word' id='word_1_597' title='bbox 2020 3058 2157 3097; x_wconf 90' lang='lat' dir='ltr'><strong>suos</strong></span> <span class='ocrx_word' id='word_1_598' title='bbox 2190 3042 2408 3112; x_wconf 78' lang='lat' dir='ltr'><strong>(Jerem.</strong></span> <span class='ocrx_word' id='word_1_599' title='bbox 2441 3059 2496 3105; x_wconf 89' lang='lat' dir='ltr'><strong>x,</strong></span> <span class='ocrx_word' id='word_1_600' title='bbox 2528 3042 2639 3112; x_wconf 88' lang='lat'><strong>23).</strong></span> <span class='ocrx_word' id='word_1_601' title='bbox 2672 3042 2925 3113; x_wconf 89' lang='lat' dir='ltr'><strong>Ideoque</strong></span> <span class='ocrx_word' id='word_1_602' title='bbox 2956 3057 3201 3113; x_wconf 88' lang='lat' dir='ltr'><strong>pravum</strong></span> <span class='ocrx_word' id='word_1_603' title='bbox 3234 3045 3323 3095; x_wconf 86' lang='lat' dir='ltr'><strong>est</strong></span> <span class='ocrx_word' id='word_1_604' title='bbox 3354 3057 3454 3096; x_wconf 91' lang='lat' dir='ltr'><strong>cor</strong></span> <span class='ocrx_word' id='word_1_605' title='bbox 3482 3042 3674 3097; x_wconf 91' lang='lat' dir='ltr'><strong>homi-</strong></span> 
     </span>
    </p>
   </div>
   <div class='ocr_carea' id='block_1_79' title="bbox 2021 3128 3673 3201">
    <p class='ocr_par' dir='ltr' id='par_1_79' title="bbox 2021 3128 3673 3201">
     <span class='ocr_line' id='line_1_79' title="bbox 2021 3128 3673 3201; baseline 0.001 -17"><span class='ocrx_word' id='word_1_606' title='bbox 2021 3130 2132 3197; x_wconf 91' lang='lat' dir='ltr'><strong>nis,</strong></span> <span class='ocrx_word' id='word_1_607' title='bbox 2168 3135 2225 3185; x_wconf 90' lang='lat' dir='ltr'><strong>ct</strong></span> <span class='ocrx_word' id='word_1_608' title='bbox 2252 3130 2651 3197; x_wconf 86' lang='lat' dir='ltr'><strong>inscrutabile,</strong></span> <span class='ocrx_word' id='word_1_609' title='bbox 2685 3135 2741 3185; x_wconf 91' lang='lat' dir='ltr'><strong>et</strong></span> <span class='ocrx_word' id='word_1_610' title='bbox 2769 3130 2902 3201; x_wconf 90' lang='lat' dir='ltr'><strong>quis</strong></span> <span class='ocrx_word' id='word_1_611' title='bbox 2933 3133 3243 3200; x_wconf 88' lang='lat' dir='ltr'><strong>cognoscet</strong></span> <span class='ocrx_word' id='word_1_612' title='bbox 3272 3128 3418 3184; x_wconf 87' lang='lat' dir='ltr'><strong>illud</strong></span> <span class='ocrx_word' id='word_1_613' title='bbox 3451 3131 3673 3200; x_wconf 81' lang='lat' dir='ltr'><strong>(Jerem.</strong></span> 
     </span>
    </p>
   </div>
   <div class='ocr_carea' id='block_1_80' title="bbox 2018 3218 3672 3290">
    <p class='ocr_par' dir='ltr' id='par_1_80' title="bbox 2018 3218 3672 3290">
     <span class='ocr_line' id='line_1_80' title="bbox 2018 3218 3672 3290; baseline 0 -16"><span class='ocrx_word' id='word_1_614' title='bbox 2018 3236 2156 3287; x_wconf 84' lang='lat' dir='ltr'><strong>xvu,</strong></span> <span class='ocrx_word' id='word_1_615' title='bbox 2189 3219 2289 3290; x_wconf 82' lang='lat'><strong>9)?</strong></span> <span class='ocrx_word' id='word_1_616' title='bbox 2319 3240 2347 3270; x_wconf 84' lang='lat'><strong>»</strong></span> <span class='ocrx_word' id='word_1_617' title='bbox 2386 3219 2447 3273; x_wconf 92' lang='lat' dir='ltr'><strong>ln</strong></span> <span class='ocrx_word' id='word_1_618' title='bbox 2500 3218 2825 3274; x_wconf 89' lang='lat' dir='ltr'><strong>Proverbiis</strong></span> <span class='ocrx_word' id='word_1_619' title='bbox 2877 3218 3169 3290; x_wconf 87' lang='lat' dir='ltr'><strong>legimus:</strong></span> <span class='ocrx_word' id='word_1_620' title='bbox 3219 3241 3245 3266; x_wconf 87' lang='grc'><strong>‹‹</strong></span> <span class='ocrx_word' id='word_1_621' title='bbox 3281 3219 3383 3273; x_wconf 89' lang='lat' dir='ltr'><strong>Est</strong></span> <span class='ocrx_word' id='word_1_622' title='bbox 3419 3218 3513 3273; x_wconf 89' lang='lat' dir='ltr'><strong>via</strong></span> <span class='ocrx_word' id='word_1_623' title='bbox 3544 3235 3672 3290; x_wconf 69' lang='lat' dir='ltr'><strong>quin</strong></span> 
     </span>
    </p>
   </div>
   <div class='ocr_carea' id='block_1_81' title="bbox 2018 3307 3675 3379">
    <p class='ocr_par' dir='ltr' id='par_1_81' title="bbox 2018 3307 3675 3379">
     <span class='ocr_line' id='line_1_81' title="bbox 2018 3307 3675 3379; baseline 0.001 -16"><span class='ocrx_word' id='word_1_624' title='bbox 2018 3309 2246 3364; x_wconf 87' lang='lat' dir='ltr'><strong>videtur</strong></span> <span class='ocrx_word' id='word_1_625' title='bbox 2277 3311 2433 3362; x_wconf 88' lang='lat' dir='ltr'><strong>recta</strong></span> <span class='ocrx_word' id='word_1_626' title='bbox 2489 3324 2617 3363; x_wconf 89' lang='lat' dir='ltr'><strong>esse</strong></span> <span class='ocrx_word' id='word_1_627' title='bbox 2675 3308 2829 3379; x_wconf 87' lang='lat' dir='ltr'><strong>apud</strong></span> <span class='ocrx_word' id='word_1_628' title='bbox 2886 3307 3178 3374; x_wconf 85' lang='lat' dir='ltr'><strong>homines,</strong></span> <span class='ocrx_word' id='word_1_629' title='bbox 3238 3313 3295 3363; x_wconf 89' lang='lat' dir='ltr'><strong>et</strong></span> <span class='ocrx_word' id='word_1_630' title='bbox 3352 3307 3675 3365; x_wconf 86' lang='lat' dir='ltr'><strong>novissima</strong></span> 
     </span>
    </p>
   </div>
   <div class='ocr_carea' id='block_1_82' title="bbox 2017 3396 3672 3469">
    <p class='ocr_par' dir='ltr' id='par_1_82' title="bbox 2017 3396 3672 3469">
     <span class='ocr_line' id='line_1_82' title="bbox 2017 3396 3672 3469; baseline 0.001 -16"><span class='ocrx_word' id='word_1_631' title='bbox 2017 3399 2144 3469; x_wconf 91' lang='lat' dir='ltr'><strong>ejus</strong></span> <span class='ocrx_word' id='word_1_632' title='bbox 2191 3396 2437 3452; x_wconf 90' lang='lat' dir='ltr'><strong>veniunt</strong></span> <span class='ocrx_word' id='word_1_633' title='bbox 2492 3397 2551 3452; x_wconf 91' lang='lat' dir='ltr'><strong>in</strong></span> <span class='ocrx_word' id='word_1_634' title='bbox 2623 3398 2981 3469; x_wconf 90' lang='lat' dir='ltr'><strong>profundum</strong></span> <span class='ocrx_word' id='word_1_635' title='bbox 3041 3397 3254 3452; x_wconf 89' lang='lat' dir='ltr'><strong>inferni</strong></span> <span class='ocrx_word' id='word_1_636' title='bbox 3309 3398 3494 3468; x_wconf 75' lang='lat' dir='ltr'><strong>(Prov.</strong></span> <span class='ocrx_word' id='word_1_637' title='bbox 3555 3414 3672 3467; x_wconf 75' lang='lat' dir='ltr'><strong>xxv,</strong></span> 
     </span>
    </p>
   </div>
   <div class='ocr_carea' id='block_1_83' title="bbox 2023 3486 3673 3559">
    <p class='ocr_par' dir='ltr' id='par_1_83' title="bbox 2023 3486 3673 3559">
     <span class='ocr_line' id='line_1_83' title="bbox 2023 3486 3673 3559; baseline 0.001 -17"><span class='ocrx_word' id='word_1_638' title='bbox 2023 3489 2134 3559; x_wconf 78' lang='lat'><strong>12).</strong></span> <span class='ocrx_word' id='word_1_639' title='bbox 2191 3509 2218 3537; x_wconf 82' lang='grc'><strong>››</strong></span> <span class='ocrx_word' id='word_1_640' title='bbox 2280 3488 2423 3542; x_wconf 88' lang='lat' dir='ltr'><strong>Ecce</strong></span> <span class='ocrx_word' id='word_1_641' title='bbox 2477 3492 2533 3542; x_wconf 93' lang='lat' dir='ltr'><strong>et</strong></span> <span class='ocrx_word' id='word_1_642' title='bbox 2590 3486 2684 3542; x_wconf 91' lang='lat' dir='ltr'><strong>hic</strong></span> <span class='ocrx_word' id='word_1_643' title='bbox 2744 3486 3052 3542; x_wconf 87' lang='lat' dir='ltr'><strong>manifeste</strong></span> <span class='ocrx_word' id='word_1_644' title='bbox 3129 3487 3462 3559; x_wconf 87' lang='lat' dir='ltr'><strong>ignorantia</strong></span> <span class='ocrx_word' id='word_1_645' title='bbox 3534 3504 3673 3543; x_wconf 89' lang='lat' dir='ltr'><strong>con-</strong></span> 
     </span>
    </p>
   </div>
   <div class='ocr_carea' id='block_1_84' title="bbox 2016 3575 3674 3653">
    <p class='ocr_par' dir='ltr' id='par_1_84' title="bbox 2016 3575 3674 3653">
     <span class='ocr_line' id='line_1_84' title="bbox 2016 3575 3674 3653; baseline -0.001 -22"><span class='ocrx_word' id='word_1_646' title='bbox 2016 3577 2353 3641; x_wconf 90' lang='lat' dir='ltr'><strong>demnatur,</strong></span> <span class='ocrx_word' id='word_1_647' title='bbox 2407 3593 2540 3632; x_wconf 90' lang='lat' dir='ltr'><strong>cum</strong></span> <span class='ocrx_word' id='word_1_648' title='bbox 2588 3575 2747 3630; x_wconf 85' lang='lat' dir='ltr'><strong>aliud</strong></span> <span class='ocrx_word' id='word_1_649' title='bbox 2796 3580 2963 3648; x_wconf 89' lang='lat' dir='ltr'><strong>putat</strong></span> <span class='ocrx_word' id='word_1_650' title='bbox 3010 3575 3206 3643; x_wconf 91' lang='lat' dir='ltr'><strong>homo,</strong></span> <span class='ocrx_word' id='word_1_651' title='bbox 3251 3579 3308 3653; x_wconf 83' lang='lat' dir='ltr'><strong>et</strong></span> <span class='ocrx_word' id='word_1_652' title='bbox 3338 3577 3449 3631; x_wconf 90' lang='lat' dir='ltr'><strong>sub</strong></span> <span class='ocrx_word' id='word_1_653' title='bbox 3482 3576 3674 3649; x_wconf 75' lang='lat' dir='ltr'><strong>Specie</strong></span> 
     </span>
    </p>
   </div>
   <div class='ocr_carea' id='block_1_85' title="bbox 2015 3664 3676 3735">
    <p class='ocr_par' dir='ltr' id='par_1_85' title="bbox 2015 3664 3676 3735">
     <span class='ocr_line' id='line_1_85' title="bbox 2015 3664 3676 3735; baseline -0.001 -14"><span class='ocrx_word' id='word_1_654' title='bbox 2015 3666 2277 3723; x_wconf 82' lang='lat' dir='ltr'><strong>veritatis</strong></span> <span class='ocrx_word' id='word_1_655' title='bbox 2309 3666 2381 3721; x_wconf 91' lang='lat' dir='ltr'><strong>ad</strong></span> <span class='ocrx_word' id='word_1_656' title='bbox 2415 3666 2643 3720; x_wconf 87' lang='lat' dir='ltr'><strong>inferna</strong></span> <span class='ocrx_word' id='word_1_657' title='bbox 2672 3664 2983 3720; x_wconf 89' lang='lat' dir='ltr'><strong>delabitur.</strong></span> <span class='ocrx_word' id='word_1_658' title='bbox 3025 3684 3044 3712; x_wconf 71' lang='grc' dir='ltr'><strong>α</strong></span> <span class='ocrx_word' id='word_1_659' title='bbox 3082 3664 3297 3733; x_wconf 63' lang='lat' dir='ltr'><strong>Multa},</strong></span> <span class='ocrx_word' id='word_1_660' title='bbox 3333 3664 3545 3735; x_wconf 90' lang='lat' dir='ltr'><strong>inquit,</strong></span> <span class='ocrx_word' id='word_1_661' title='bbox 3574 3681 3676 3720; x_wconf 92' lang='lat' dir='ltr'><strong>co-</strong></span> 
     </span>
    </p>
   </div>
   <div class='ocr_carea' id='block_1_86' title="bbox 2017 3754 3676 3829">
    <p class='ocr_par' dir='ltr' id='par_1_86' title="bbox 2017 3754 3676 3829">
     <span class='ocr_line' id='line_1_86' title="bbox 2017 3754 3676 3829; baseline -0.001 -18"><span class='ocrx_word' id='word_1_662' title='bbox 2017 3756 2329 3829; x_wconf 82' lang='lat' dir='ltr'><strong>gitationes</strong></span> <span class='ocrx_word' id='word_1_663' title='bbox 2358 3756 2418 3810; x_wconf 92' lang='lat' dir='ltr'><strong>in</strong></span> <span class='ocrx_word' id='word_1_664' title='bbox 2444 3756 2617 3811; x_wconf 90' lang='lat' dir='ltr'><strong>corde</strong></span> <span class='ocrx_word' id='word_1_665' title='bbox 2648 3754 2908 3809; x_wconf 87' lang='lat' dir='ltr'><strong>hominis</strong></span> <span class='ocrx_word' id='word_1_666' title='bbox 2943 3755 3127 3825; x_wconf 84' lang='lat' dir='ltr'><strong>(Prov.</strong></span> <span class='ocrx_word' id='word_1_667' title='bbox 3186 3770 3301 3824; x_wconf 73' lang='lat' dir='ltr'><strong>XIX,</strong></span> <span class='ocrx_word' id='word_1_668' title='bbox 3346 3755 3478 3824; x_wconf 78' lang='lat'><strong>21);</strong></span> <span class='ocrx_word' id='word_1_669' title='bbox 3514 3776 3541 3803; x_wconf 86' lang='lat'>»</span> <span class='ocrx_word' id='word_1_670' title='bbox 3574 3754 3676 3808; x_wconf 91' lang='lat' dir='ltr'><strong>sed</strong></span> 
     </span>
    </p>
   </div>
   <div class='ocr_carea' id='block_1_87' title="bbox 2020 3843 3679 3914">
    <p class='ocr_par' dir='ltr' id='par_1_87' title="bbox 2020 3843 3679 3914">
     <span class='ocr_line' id='line_1_87' title="bbox 2020 3843 3679 3914; baseline -0.001 -14"><span class='ocrx_word' id='word_1_671' title='bbox 2020 3862 2136 3901; x_wconf 90' lang='lat' dir='ltr'><strong>non</strong></span> <span class='ocrx_word' id='word_1_672' title='bbox 2167 3849 2365 3899; x_wconf 90' lang='lat' dir='ltr'><strong>tamen</strong></span> <span class='ocrx_word' id='word_1_673' title='bbox 2399 3843 2560 3899; x_wconf 90' lang='lat' dir='ltr'><strong>illius</strong></span> <span class='ocrx_word' id='word_1_674' title='bbox 2580 3843 2873 3909; x_wconf 87' lang='lat' dir='ltr'><strong>voluntas,</strong></span> <span class='ocrx_word' id='word_1_675' title='bbox 2899 3860 3024 3914; x_wconf 77' lang='lat' dir='ltr'><strong>qua:</strong></span> <span class='ocrx_word' id='word_1_676' title='bbox 3051 3843 3271 3896; x_wconf 85' lang='lat' dir='ltr'><strong>incerta</strong></span> <span class='ocrx_word' id='word_1_677' title='bbox 3296 3846 3352 3896; x_wconf 92' lang='lat' dir='ltr'><strong>et</strong></span> <span class='ocrx_word' id='word_1_678' title='bbox 3378 3843 3679 3898; x_wconf 76' lang='lat' dir='ltr'><strong>fluctuans</strong></span> 
     </span>
    </p>
   </div>
   <div class='ocr_carea' id='block_1_88' title="bbox 2019 3929 3679 4005">
    <p class='ocr_par' dir='ltr' id='par_1_88' title="bbox 2019 3929 3679 4005">
     <span class='ocr_line' id='line_1_88' title="bbox 2019 3929 3679 4005; baseline -0.002 -16"><span class='ocrx_word' id='word_1_679' title='bbox 2019 3939 2195 4005; x_wconf 87' lang='lat' dir='ltr'><strong>atque</strong></span> <span class='ocrx_word' id='word_1_680' title='bbox 2254 3933 2561 3989; x_wconf 90' lang='lat' dir='ltr'><strong>mutabilis</strong></span> <span class='ocrx_word' id='word_1_681' title='bbox 2621 3937 2729 3997; x_wconf 88' lang='lat' dir='ltr'><strong>est,</strong></span> <span class='ocrx_word' id='word_1_682' title='bbox 2781 3930 3022 3987; x_wconf 70' lang='lat' dir='ltr'><strong>sed&#39;Dei</strong></span> <span class='ocrx_word' id='word_1_683' title='bbox 3070 3929 3383 3986; x_wconf 84' lang='lat' dir='ltr'><strong>consilium</strong></span> <span class='ocrx_word' id='word_1_684' title='bbox 3431 3931 3679 3986; x_wconf 89' lang='lat' dir='ltr'><strong>obtinet.</strong></span> 
     </span>
    </p>
   </div>
   <div class='ocr_carea' id='block_1_89' title="bbox 2020 4019 3685 4093">
    <p class='ocr_par' dir='ltr' id='par_1_89' title="bbox 2020 4019 3685 4093">
     <span class='ocr_line' id='line_1_89' title="bbox 2020 4019 3685 4093; baseline 0.002 -21"><span class='ocrx_word' id='word_1_685' title='bbox 2020 4022 2241 4090; x_wconf 78' lang='lat' dir='ltr'><strong>«Quis,</strong></span> <span class='ocrx_word' id='word_1_686' title='bbox 2277 4022 2488 4093; x_wconf 89' lang='lat' dir='ltr'><strong>inquit,</strong></span> <span class='ocrx_word' id='word_1_687' title='bbox 2540 4020 2889 4093; x_wconf 89' lang='lat' dir='ltr'><strong>gloriabitur</strong></span> <span class='ocrx_word' id='word_1_688' title='bbox 2938 4024 3166 4075; x_wconf 84' lang='lat' dir='ltr'><strong>castum</strong></span> <span class='ocrx_word' id='word_1_689' title='bbox 3215 4036 3277 4075; x_wconf 86' lang='lat' dir='ltr'><strong>se</strong></span> <span class='ocrx_word' id='word_1_690' title='bbox 3327 4019 3543 4075; x_wconf 90' lang='lat' dir='ltr'><strong>habere</strong></span> <span class='ocrx_word' id='word_1_691' title='bbox 3584 4036 3685 4075; x_wconf 92' lang='lat' dir='ltr'><strong>cor</strong></span> 
     </span>
    </p>
   </div>
   <div class='ocr_carea' id='block_1_90' title="bbox 2021 4109 3686 4182">
    <p class='ocr_par' dir='ltr' id='par_1_90' title="bbox 2021 4109 3686 4182">
     <span class='ocr_line' id='line_1_90' title="bbox 2021 4109 3686 4182; baseline -0.001 -15"><span class='ocrx_word' id='word_1_692' title='bbox 2021 4112 2211 4182; x_wconf 85' lang='lat' dir='ltr'><strong>(Prov.</strong></span> <span class='ocrx_word' id='word_1_693' title='bbox 2252 4128 2345 4177; x_wconf 81' lang='lat' dir='ltr'><strong>xx,</strong></span> <span class='ocrx_word' id='word_1_694' title='bbox 2378 4110 2482 4180; x_wconf 82' lang='lat'><strong>9)?</strong></span> <span class='ocrx_word' id='word_1_695' title='bbox 2518 4133 2543 4158; x_wconf 87' lang='grc'><strong>››</strong></span> <span class='ocrx_word' id='word_1_696' title='bbox 2600 4133 2625 4158; x_wconf 89' lang='grc'><strong>‹‹</strong></span> <span class='ocrx_word' id='word_1_697' title='bbox 2667 4110 2735 4164; x_wconf 83' lang='lat' dir='ltr'><strong>Et</strong></span> <span class='ocrx_word' id='word_1_698' title='bbox 2795 4109 2928 4181; x_wconf 90' lang='lat' dir='ltr'><strong>quis</strong></span> <span class='ocrx_word' id='word_1_699' title='bbox 2983 4110 3236 4165; x_wconf 82' lang='lat' dir='ltr'><strong>conﬁdet</strong></span> <span class='ocrx_word' id='word_1_700' title='bbox 3293 4110 3589 4165; x_wconf 88' lang='lat' dir='ltr'><strong>mundum</strong></span> <span class='ocrx_word' id='word_1_701' title='bbox 3623 4125 3686 4166; x_wconf 83' lang='lat' dir='ltr'><strong>se</strong></span> 
     </span>
    </p>
   </div>
   <div class='ocr_carea' id='block_1_91' title="bbox 2020 4198 3686 4272">
    <p class='ocr_par' dir='ltr' id='par_1_91' title="bbox 2020 4198 3686 4272">
     <span class='ocr_line' id='line_1_91' title="bbox 2020 4198 3686 4272; baseline -0.002 -16"><span class='ocrx_word' id='word_1_702' title='bbox 2020 4217 2150 4256; x_wconf 86' lang='lat' dir='ltr'><strong>esse</strong></span> <span class='ocrx_word' id='word_1_703' title='bbox 2192 4218 2226 4255; x_wconf 91' lang='lat' dir='ltr'><strong>a</strong></span> <span class='ocrx_word' id='word_1_704' title='bbox 2280 4198 2564 4272; x_wconf 83' lang='lat' dir='ltr'><strong>peccato?</strong></span> <span class='ocrx_word' id='word_1_705' title='bbox 2617 4198 2814 4254; x_wconf 89' lang='lat' dir='ltr'><strong>Dulcis</strong></span> <span class='ocrx_word' id='word_1_706' title='bbox 2866 4205 2954 4255; x_wconf 90' lang='lat' dir='ltr'><strong>est</strong></span> <span class='ocrx_word' id='word_1_707' title='bbox 2998 4200 3154 4253; x_wconf 90' lang='lat' dir='ltr'><strong>enim</strong></span> <span class='ocrx_word' id='word_1_708' title='bbox 3196 4199 3458 4256; x_wconf 87' lang='lat' dir='ltr'><strong>hominis</strong></span> <span class='ocrx_word' id='word_1_709' title='bbox 3514 4198 3686 4272; x_wconf 91' lang='lat' dir='ltr'><strong>panis</strong></span> 
     </span>
    </p>
   </div>
   <div class='ocr_carea' id='block_1_92' title="bbox 2023 4287 3688 4360">
    <p class='ocr_par' dir='ltr' id='par_1_92' title="bbox 2023 4287 3688 4360">
     <span class='ocr_line' id='line_1_92' title="bbox 2023 4287 3688 4360; baseline -0.002 -14"><span class='ocrx_word' id='word_1_710' title='bbox 2023 4289 2334 4355; x_wconf 90' lang='lat' dir='ltr'><strong>mendacii,</strong></span> <span class='ocrx_word' id='word_1_711' title='bbox 2367 4293 2425 4344; x_wconf 91' lang='lat' dir='ltr'><strong>et</strong></span> <span class='ocrx_word' id='word_1_712' title='bbox 2453 4294 2653 4360; x_wconf 86' lang='lat' dir='ltr'><strong>postea</strong></span> <span class='ocrx_word' id='word_1_713' title='bbox 2682 4287 3024 4360; x_wconf 86' lang='lat' dir='ltr'><strong>implebitur</strong></span> <span class='ocrx_word' id='word_1_714' title='bbox 3071 4305 3135 4343; x_wconf 86' lang='lat' dir='ltr'><strong>os</strong></span> <span class='ocrx_word' id='word_1_715' title='bbox 3186 4290 3313 4360; x_wconf 80' lang='lat' dir='ltr'><strong>ejus</strong></span> <span class='ocrx_word' id='word_1_716' title='bbox 3353 4288 3606 4345; x_wconf 88' lang='lat' dir='ltr'><strong>calculo.</strong></span> <span class='ocrx_word' id='word_1_717' title='bbox 3642 4292 3688 4343; x_wconf 75' lang='grc' dir='ltr'><strong>Α</strong></span> 
     </span>
    </p>
   </div>
   <div class='ocr_carea' id='block_1_93' title="bbox 2024 4376 3689 4450">
    <p class='ocr_par' dir='ltr' id='par_1_93' title="bbox 2024 4376 3689 4450">
     <span class='ocr_line' id='line_1_93' title="bbox 2024 4376 3689 4450; baseline -0.001 -16"><span class='ocrx_word' id='word_1_718' title='bbox 2024 4378 2270 4434; x_wconf 91' lang='lat' dir='ltr'><strong>Domino</strong></span> <span class='ocrx_word' id='word_1_719' title='bbox 2302 4394 2545 4450; x_wconf 87' lang='lat' dir='ltr'><strong>gressus</strong></span> <span class='ocrx_word' id='word_1_720' title='bbox 2578 4376 2834 4434; x_wconf 90' lang='lat' dir='ltr'><strong>hominis</strong></span> <span class='ocrx_word' id='word_1_721' title='bbox 2878 4377 3234 4450; x_wconf 90' lang='lat' dir='ltr'><strong>diriguntur,</strong></span> <span class='ocrx_word' id='word_1_722' title='bbox 3280 4378 3552 4433; x_wconf 89' lang='lat' dir='ltr'><strong>mortalis</strong></span> <span class='ocrx_word' id='word_1_723' title='bbox 3584 4393 3689 4433; x_wconf 89' lang='lat' dir='ltr'><strong>au-</strong></span> 
     </span>
    </p>
   </div>
   <div class='ocr_carea' id='block_1_94' title="bbox 2022 4466 3694 4538">
    <p class='ocr_par' dir='ltr' id='par_1_94' title="bbox 2022 4466 3694 4538">
     <span class='ocr_line' id='line_1_94' title="bbox 2022 4466 3694 4538; baseline -0.001 -15"><span class='ocrx_word' id='word_1_724' title='bbox 2022 4473 2141 4523; x_wconf 86' lang='lat' dir='ltr'><strong>tem</strong></span> <span class='ocrx_word' id='word_1_725' title='bbox 2176 4467 2470 4538; x_wconf 90' lang='lat' dir='ltr'><strong>quomodo</strong></span> <span class='ocrx_word' id='word_1_726' title='bbox 2527 4466 2677 4522; x_wconf 90' lang='lat' dir='ltr'><strong>scire</strong></span> <span class='ocrx_word' id='word_1_727' title='bbox 2725 4467 2939 4538; x_wconf 90' lang='lat' dir='ltr'><strong>poterit</strong></span> <span class='ocrx_word' id='word_1_728' title='bbox 2981 4468 3103 4522; x_wconf 75' lang='lat' dir='ltr'><strong>vias</strong></span> <span class='ocrx_word' id='word_1_729' title='bbox 3136 4471 3324 4523; x_wconf 79' lang='lat' dir='ltr'><strong>suas?</strong></span> <span class='ocrx_word' id='word_1_730' title='bbox 3370 4467 3574 4523; x_wconf 91' lang='lat' dir='ltr'><strong>Omnis</strong></span> <span class='ocrx_word' id='word_1_731' title='bbox 3603 4466 3694 4522; x_wconf 90' lang='lat' dir='ltr'><strong>vir</strong></span> 
     </span>
    </p>
   </div>
   <div class='ocr_carea' id='block_1_95' title="bbox 2025 4554 3694 4628">
    <p class='ocr_par' dir='ltr' id='par_1_95' title="bbox 2025 4554 3694 4628">
     <span class='ocr_line' id='line_1_95' title="bbox 2025 4554 3694 4628; baseline 0.001 -17"><span class='ocrx_word' id='word_1_732' title='bbox 2025 4556 2252 4611; x_wconf 86' lang='lat' dir='ltr'><strong>videtur</strong></span> <span class='ocrx_word' id='word_1_733' title='bbox 2303 4554 2411 4609; x_wconf 89' lang='lat' dir='ltr'><strong>sibi</strong></span> <span class='ocrx_word' id='word_1_734' title='bbox 2454 4556 2682 4627; x_wconf 85' lang='lat' dir='ltr'><strong>justus,</strong></span> <span class='ocrx_word' id='word_1_735' title='bbox 2735 4557 2836 4610; x_wconf 88' lang='lat' dir='ltr'><strong>sed</strong></span> <span class='ocrx_word' id='word_1_736' title='bbox 2890 4557 3129 4628; x_wconf 89' lang='lat' dir='ltr'><strong>corrigit</strong></span> <span class='ocrx_word' id='word_1_737' title='bbox 3176 4556 3370 4622; x_wconf 86' lang='lat' dir='ltr'><strong>corda,</strong></span> <span class='ocrx_word' id='word_1_738' title='bbox 3427 4555 3694 4612; x_wconf 87' lang='lat' dir='ltr'><strong>omnium</strong></span> 
     </span>
    </p>
   </div>
   <div class='ocr_carea' id='block_1_96' title="bbox 246 4643 3698 4733">
    <p class='ocr_par' dir='ltr' id='par_1_96' title="bbox 246 4643 3698 4733">
     <span class='ocr_line' id='line_1_96' title="bbox 246 4643 3698 4733; baseline -0 -32"><span class='ocrx_word' id='word_1_739' title='bbox 246 4644 628 4719; x_wconf 90' lang='lat' dir='ltr'><strong>prophetiam</strong></span> <span class='ocrx_word' id='word_1_740' title='bbox 657 4664 669 4703; x_wconf 94' lang='lat'><strong>:</strong></span> <span class='ocrx_word' id='word_1_741' title='bbox 706 4664 1080 4721; x_wconf 88' lang='lat' dir='ltr'><strong>nequaquam</strong></span> <span class='ocrx_word' id='word_1_742' title='bbox 1113 4649 1183 4703; x_wconf 92' lang='lat' dir='ltr'><strong>de</strong></span> <span class='ocrx_word' id='word_1_743' title='bbox 1215 4649 1410 4703; x_wconf 90' lang='lat' dir='ltr'><strong>futuro</strong></span> <span class='ocrx_word' id='word_1_744' title='bbox 1442 4648 1767 4703; x_wconf 86' lang='lat' dir='ltr'><strong>secundum</strong></span> <span class='ocrx_word' id='word_1_745' title='bbox 1798 4652 1915 4704; x_wconf 89' lang='lat' dir='ltr'><strong>tro-</strong></span> <span class='ocrx_word' id='word_1_746' title='bbox 1949 4669 1992 4733; x_wconf 70' lang='grc' dir='ltr'>ι)</span> <span class='ocrx_word' id='word_1_747' title='bbox 2027 4646 2202 4702; x_wconf 88' lang='lat' dir='ltr'><strong>Deus.</strong></span> <span class='ocrx_word' id='word_1_748' title='bbox 2241 4644 2419 4699; x_wconf 85' lang='lat' dir='ltr'><strong>Filius</strong></span> <span class='ocrx_word' id='word_1_749' title='bbox 2453 4643 2647 4733; x_wconf 89' lang='lat' dir='ltr'><strong>malus</strong></span> <span class='ocrx_word' id='word_1_750' title='bbox 2669 4645 2901 4733; x_wconf 86' lang='lat' dir='ltr'><strong>justum</strong></span> <span class='ocrx_word' id='word_1_751' title='bbox 2961 4662 3021 4699; x_wconf 89' lang='lat' dir='ltr'><strong>se</strong></span> <span class='ocrx_word' id='word_1_752' title='bbox 3075 4645 3209 4733; x_wconf 82' lang='lat' dir='ltr'><strong>facit</strong></span> <span class='ocrx_word' id='word_1_753' title='bbox 3234 4646 3273 4711; x_wconf 71' lang='grc'><strong>³,</strong></span> <span class='ocrx_word' id='word_1_754' title='bbox 3308 4649 3363 4698; x_wconf 90' lang='lat' dir='ltr'><strong>et</strong></span> <span class='ocrx_word' id='word_1_755' title='bbox 3396 4661 3510 4699; x_wconf 91' lang='lat' dir='ltr'><strong>non</strong></span> <span class='ocrx_word' id='word_1_756' title='bbox 3541 4643 3698 4733; x_wconf 86' lang='lat' dir='ltr'><strong>lavat</strong></span> 
     </span>
    </p>
   </div>
   <div class='ocr_carea' id='block_1_97' title="bbox 246 4733 1915 4810">
    <p class='ocr_par' dir='ltr' id='par_1_97' title="bbox 246 4733 1915 4810">
     <span class='ocr_line' id='line_1_97' title="bbox 246 4733 1915 4810; baseline 0.001 -19"><span class='ocrx_word' id='word_1_757' title='bbox 246 4733 737 4809; x_wconf 80' lang='lat' dir='ltr'><strong>pologiamzsed</strong></span> <span class='ocrx_word' id='word_1_758' title='bbox 795 4736 1328 4810; x_wconf 65' lang='lat' dir='ltr'><strong>impraesentiarum</strong></span> <span class='ocrx_word' id='word_1_759' title='bbox 1381 4737 1553 4807; x_wconf 87' lang='lat' dir='ltr'><strong>juxta</strong></span> <span class='ocrx_word' id='word_1_760' title='bbox 1609 4736 1915 4793; x_wconf 89' lang='lat' dir='ltr'><strong>historiam</strong></span> 
     </span>
    </p>
   </div>
   <div class='ocr_carea' id='block_1_98' title="bbox 245 4824 1924 4899">
    <p class='ocr_par' dir='ltr' id='par_1_98' title="bbox 245 4824 1924 4899">
     <span class='ocr_line' id='line_1_98' title="bbox 245 4824 1924 4899; baseline 0.002 -19"><span class='ocrx_word' id='word_1_761' title='bbox 245 4824 697 4898; x_wconf 86' lang='lat' dir='ltr'><strong>prophetantes.</strong></span> <span class='ocrx_word' id='word_1_762' title='bbox 752 4826 1024 4883; x_wconf 89' lang='lat' dir='ltr'><strong>Habacue</strong></span> <span class='ocrx_word' id='word_1_763' title='bbox 1071 4826 1359 4899; x_wconf 88' lang='lat' dir='ltr'><strong>propheta</strong></span> <span class='ocrx_word' id='word_1_764' title='bbox 1407 4826 1714 4881; x_wconf 88' lang='lat' dir='ltr'><strong>Canticum</strong></span> <span class='ocrx_word' id='word_1_765' title='bbox 1749 4844 1924 4883; x_wconf 90' lang='lat' dir='ltr'><strong>suum</strong></span> 
     </span>
    </p>
   </div>
   <div class='ocr_carea' id='block_1_99' title="bbox 252 4914 1925 4989">
    <p class='ocr_par' dir='ltr' id='par_1_99' title="bbox 252 4914 1925 4989">
     <span class='ocr_line' id='line_1_99' title="bbox 252 4914 1925 4989; baseline 0.001 -20"><span class='ocrx_word' id='word_1_766' title='bbox 252 4915 368 4970; x_wconf 87' lang='lat' dir='ltr'><strong>hoc</strong></span> <span class='ocrx_word' id='word_1_767' title='bbox 402 4914 669 4971; x_wconf 89' lang='lat' dir='ltr'><strong>inscribit</strong></span> <span class='ocrx_word' id='word_1_768' title='bbox 712 4915 921 4971; x_wconf 91' lang='lat' dir='ltr'><strong>titulo:</strong></span> <span class='ocrx_word' id='word_1_769' title='bbox 986 4937 1016 4965; x_wconf 84' lang='lat'><strong><em>«</em></strong></span> <span class='ocrx_word' id='word_1_770' title='bbox 1047 4914 1243 4972; x_wconf 86' lang='lat' dir='ltr'><strong>Oratio</strong></span> <span class='ocrx_word' id='word_1_771' title='bbox 1303 4914 1575 4971; x_wconf 88' lang='lat' dir='ltr'><strong>Habacue</strong></span> <span class='ocrx_word' id='word_1_772' title='bbox 1630 4915 1925 4989; x_wconf 67' lang='lat' dir='ltr'><strong>propheta:</strong></span> 
     </span>
    </p>
   </div>
   <div class='ocr_carea' id='block_1_100' title="bbox 258 5004 1924 5078">
    <p class='ocr_par' dir='ltr' id='par_1_100' title="bbox 258 5004 1924 5078">
     <span class='ocr_line' id='line_1_100' title="bbox 258 5004 1924 5078; baseline 0.001 -18"><span class='ocrx_word' id='word_1_773' title='bbox 258 5017 371 5077; x_wconf 88' lang='lat' dir='ltr'><strong>pro</strong></span> <span class='ocrx_word' id='word_1_774' title='bbox 398 5004 866 5077; x_wconf 84' lang='lat' dir='ltr'><strong>ignorationibus</strong></span> <span class='ocrx_word' id='word_1_775' title='bbox 907 5006 1014 5077; x_wconf 82' lang='grc' dir='ltr'><strong>[Αι.</strong></span> <span class='ocrx_word' id='word_1_776' title='bbox 1060 5004 1495 5078; x_wconf 86' lang='lat' dir='ltr'><strong>ignorantibus]</strong></span> <span class='ocrx_word' id='word_1_777' title='bbox 1553 5006 1776 5075; x_wconf 67' lang='lat' dir='ltr'><strong>(Hebae.</strong></span> <span class='ocrx_word' id='word_1_778' title='bbox 1839 5023 1924 5074; x_wconf 80' lang='grc' dir='ltr'>ιιι,</span> 
     </span>
    </p>
   </div>
   <div class='ocr_carea' id='block_1_101' title="bbox 257 5093 1924 5166">
    <p class='ocr_par' dir='ltr' id='par_1_101' title="bbox 257 5093 1924 5166">
     <span class='ocr_line' id='line_1_101' title="bbox 257 5093 1924 5166; baseline 0.001 -16"><span class='ocrx_word' id='word_1_779' title='bbox 257 5094 340 5166; x_wconf 79' lang='grc'>1).</span> <span class='ocrx_word' id='word_1_780' title='bbox 379 5115 409 5143; x_wconf 83' lang='grc'>››</span> <span class='ocrx_word' id='word_1_781' title='bbox 437 5093 689 5151; x_wconf 90' lang='lat' dir='ltr'><strong>Locutus</strong></span> <span class='ocrx_word' id='word_1_782' title='bbox 725 5094 883 5151; x_wconf 92' lang='lat' dir='ltr'><strong>enim</strong></span> <span class='ocrx_word' id='word_1_783' title='bbox 918 5094 1109 5151; x_wconf 87' lang='lat' dir='ltr'><strong>fuerat</strong></span> <span class='ocrx_word' id='word_1_784' title='bbox 1137 5095 1418 5150; x_wconf 88' lang='lat' dir='ltr'><strong>audacter</strong></span> <span class='ocrx_word' id='word_1_785' title='bbox 1464 5094 1537 5150; x_wconf 90' lang='lat' dir='ltr'><strong>ad</strong></span> <span class='ocrx_word' id='word_1_786' title='bbox 1587 5095 1924 5161; x_wconf 90' lang='lat' dir='ltr'><strong>Dominum,</strong></span> 
     </span>
    </p>
   </div>
   <div class='ocr_carea' id='block_1_102' title="bbox 256 5181 1925 5257">
    <p class='ocr_par' dir='ltr' id='par_1_102' title="bbox 256 5181 1925 5257">
     <span class='ocr_line' id='line_1_102' title="bbox 256 5181 1925 5257; baseline 0.001 -17"><span class='ocrx_word' id='word_1_787' title='bbox 256 5186 322 5240; x_wconf 86' lang='lat' dir='ltr'><strong>et</strong></span> <span class='ocrx_word' id='word_1_788' title='bbox 352 5182 616 5240; x_wconf 86' lang='lat' dir='ltr'><strong>dixerat:</strong></span> <span class='ocrx_word' id='word_1_789' title='bbox 656 5184 806 5242; x_wconf 73' lang='lat'><strong>189</strong></span> <span class='ocrx_word' id='word_1_790' title='bbox 841 5206 869 5235; x_wconf 85' lang='lat'><strong>«</strong></span> <span class='ocrx_word' id='word_1_791' title='bbox 909 5184 1251 5257; x_wconf 89' lang='lat' dir='ltr'><strong>Usquequo,</strong></span> <span class='ocrx_word' id='word_1_792' title='bbox 1310 5181 1575 5255; x_wconf 89' lang='lat' dir='ltr'><strong>Domine,</strong></span> <span class='ocrx_word' id='word_1_793' title='bbox 1638 5183 1925 5254; x_wconf 88' lang='lat' dir='ltr'><strong>clamabo,</strong></span> 
     </span>
    </p>
   </div>
   <div class='ocr_carea' id='block_1_103' title="bbox 340 5396 1931 5473">
    <p class='ocr_par' dir='ltr' id='par_1_103' title="bbox 340 5396 1931 5473">
     <span class='ocr_line' id='line_1_103' title="bbox 340 5396 1931 5473; baseline 0.001 -20"><span class='ocrx_word' id='word_1_794' title='bbox 340 5399 359 5432; x_wconf 84' lang='grc'>¹</span> <span class='ocrx_word' id='word_1_795' title='bbox 394 5396 519 5473; x_wconf 95' lang='lat' dir='ltr'><strong>D_uo</strong></span> <span class='ocrx_word' id='word_1_796' title='bbox 545 5414 690 5473; x_wconf 84' lang='lat' dir='ltr'><strong>mss.</strong></span> <span class='ocrx_word' id='word_1_797' title='bbox 724 5398 818 5456; x_wconf 91' lang='lat' dir='ltr'><strong>hic</strong></span> <span class='ocrx_word' id='word_1_798' title='bbox 849 5403 905 5456; x_wconf 90' lang='lat' dir='ltr'><strong>et</strong></span> <span class='ocrx_word' id='word_1_799' title='bbox 934 5398 1110 5473; x_wconf 92' lang='lat' dir='ltr'><strong>paulo</strong></span> <span class='ocrx_word' id='word_1_800' title='bbox 1142 5400 1276 5472; x_wconf 89' lang='lat' dir='ltr'><strong>post</strong></span> <span class='ocrx_word' id='word_1_801' title='bbox 1306 5396 1521 5453; x_wconf 92' lang='lat' dir='ltr'><strong>minori</strong></span> <span class='ocrx_word' id='word_1_802' title='bbox 1553 5413 1799 5454; x_wconf 81' lang='lat' dir='ltr'><strong>numero</strong></span> <span class='ocrx_word' id='word_1_803' title='bbox 1835 5400 1931 5470; x_wconf 54' lang='lat' dir='ltr'><strong>qui</strong></span> 
     </span>
    </p>
   </div>
   <div class='ocr_carea' id='block_1_104' title="bbox 266 5471 659 5545">
    <p class='ocr_par' dir='ltr' id='par_1_104' title="bbox 266 5471 659 5545">
     <span class='ocr_line' id='line_1_104' title="bbox 266 5471 659 5545; baseline 0 0"><span class='ocrx_word' id='word_1_804' title='bbox 266 5471 659 5545; x_wconf 48' lang='lat' dir='ltr'><strong>prpahaabet:</strong></span> 
     </span>
    </p>
   </div>
   <div class='ocr_carea' id='block_1_105' title="bbox 338 5539 1932 5615">
    <p class='ocr_par' dir='ltr' id='par_1_105' title="bbox 338 5539 1932 5615">
     <span class='ocr_line' id='line_1_105' title="bbox 338 5539 1932 5615; baseline 0.002 -18"><span class='ocrx_word' id='word_1_805' title='bbox 338 5539 579 5615; x_wconf 67' lang='lat' dir='ltr'><strong>“Pctus</strong></span> <span class='ocrx_word' id='word_1_806' title='bbox 608 5541 702 5597; x_wconf 91' lang='lat' dir='ltr'><strong>hic</strong></span> <span class='ocrx_word' id='word_1_807' title='bbox 749 5541 914 5598; x_wconf 91' lang='lat' dir='ltr'><strong>locus</strong></span> <span class='ocrx_word' id='word_1_808' title='bbox 963 5560 1033 5599; x_wconf 83' lang='lat' dir='ltr'><strong>ex</strong></span> <span class='ocrx_word' id='word_1_809' title='bbox 1081 5540 1221 5597; x_wconf 78' lang='lat' dir='ltr'><strong>LXX</strong></span> <span class='ocrx_word' id='word_1_810' title='bbox 1269 5540 1533 5615; x_wconf 85' lang='lat' dir='ltr'><strong>versione</strong></span> <span class='ocrx_word' id='word_1_811' title='bbox 1583 5539 1932 5615; x_wconf 90' lang='lat' dir='ltr'><strong>desumptus</strong></span> 
     </span>
    </p>
   </div>
   <div class='ocr_carea' id='block_1_106' title="bbox 252 5612 1934 5687">
    <p class='ocr_par' dir='ltr' id='par_1_106' title="bbox 252 5612 1934 5687">
     <span class='ocr_line' id='line_1_106' title="bbox 252 5612 1934 5687; baseline 0 -16"><span class='ocrx_word' id='word_1_812' title='bbox 252 5613 582 5687; x_wconf 29' lang='lat' dir='ltr'><strong>hineﬁinde</strong></span> <span class='ocrx_word' id='word_1_813' title='bbox 611 5618 720 5677; x_wconf 87' lang='lat' dir='ltr'><strong>est,</strong></span> <span class='ocrx_word' id='word_1_814' title='bbox 753 5631 869 5687; x_wconf 85' lang='lat' dir='ltr'><strong>non</strong></span> <span class='ocrx_word' id='word_1_815' title='bbox 901 5618 965 5670; x_wconf 90' lang='lat' dir='ltr'><strong>ut</strong></span> <span class='ocrx_word' id='word_1_816' title='bbox 986 5614 1270 5670; x_wconf 89' lang='lat' dir='ltr'><strong>hodierna</strong></span> <span class='ocrx_word' id='word_1_817' title='bbox 1296 5612 1614 5687; x_wconf 67' lang='lat' dir='ltr'><strong>praeferunt</strong></span> <span class='ocrx_word' id='word_1_818' title='bbox 1637 5612 1934 5687; x_wconf 77' lang='lat' dir='ltr'><strong>exempla-</strong></span> 
     </span>
    </p>
   </div>
   <div class='ocr_carea' id='block_1_107' title="bbox 250 5684 1931 5757">
    <p class='ocr_par' dir='ltr' id='par_1_107' title="bbox 250 5684 1931 5757">
     <span class='ocr_line' id='line_1_107' title="bbox 250 5684 1931 5757; baseline 0.001 -12"><span class='ocrx_word' id='word_1_819' title='bbox 250 5686 374 5745; x_wconf 83' lang='lat' dir='ltr'><strong>ria.</strong></span> <span class='ocrx_word' id='word_1_820' title='bbox 414 5686 593 5742; x_wconf 89' lang='lat' dir='ltr'><strong>Porro</strong></span> <span class='ocrx_word' id='word_1_821' title='bbox 622 5684 971 5751; x_wconf 85' lang='lat' dir='ltr'><strong>versiculus,</strong></span> <span class='ocrx_word' id='word_1_822' title='bbox 1002 5686 1185 5743; x_wconf 71' lang='lat' dir='ltr'><strong>Filius</strong></span> <span class='ocrx_word' id='word_1_823' title='bbox 1218 5685 1396 5740; x_wconf 76' lang='lat' dir='ltr'><strong>malus</strong></span> <span class='ocrx_word' id='word_1_824' title='bbox 1415 5684 1630 5757; x_wconf 69' lang='lat' dir='ltr'><strong>justum</strong></span> <span class='ocrx_word' id='word_1_825' title='bbox 1671 5701 1728 5742; x_wconf 82' lang='lat' dir='ltr'><strong>se</strong></span> <span class='ocrx_word' id='word_1_826' title='bbox 1773 5684 1931 5757; x_wconf 65' lang='lat' dir='ltr'><strong>facit,</strong></span> 
     </span>
    </p>
   </div>
   <div class='ocr_carea' id='block_1_108' title="bbox 251 5756 1934 5834">
    <p class='ocr_par' dir='ltr' id='par_1_108' title="bbox 251 5756 1934 5834">
     <span class='ocr_line' id='line_1_108' title="bbox 251 5756 1934 5834; baseline -0.003 -10"><span class='ocrx_word' id='word_1_827' title='bbox 251 5766 379 5825; x_wconf 82' lang='lat' dir='ltr'><strong>etc.</strong></span> <span class='ocrx_word' id='word_1_828' title='bbox 408 5758 584 5820; x_wconf 85' lang='lat' dir='ltr'><strong>aliter</strong></span> <span class='ocrx_word' id='word_1_829' title='bbox 611 5759 684 5818; x_wconf 88' lang='lat' dir='ltr'><strong>ab</strong></span> <span class='ocrx_word' id='word_1_830' title='bbox 716 5757 1048 5834; x_wconf 81' lang='lat' dir='ltr'><strong>Augustino</strong></span> <span class='ocrx_word' id='word_1_831' title='bbox 1097 5757 1316 5833; x_wconf 85' lang='lat' dir='ltr'><strong>legitur</strong></span> <span class='ocrx_word' id='word_1_832' title='bbox 1346 5757 1516 5832; x_wconf 87' lang='lat' dir='ltr'><strong>epist.</strong></span> <span class='ocrx_word' id='word_1_833' title='bbox 1547 5756 1653 5816; x_wconf 85' lang='lat'><strong>93:</strong></span> <span class='ocrx_word' id='word_1_834' title='bbox 1690 5779 1716 5811; x_wconf 89' lang='grc'><strong>‹‹</strong></span> <span class='ocrx_word' id='word_1_835' title='bbox 1751 5756 1934 5820; x_wconf 85' lang='lat' dir='ltr'><strong>Filius</strong></span> 
     </span>
    </p>
   </div>
   <div class='ocr_carea' id='block_1_109' title="bbox 2033 4731 3690 4799">
    <p class='ocr_par' dir='ltr' id='par_1_109' title="bbox 2033 4731 3690 4799">
     <span class='ocr_line' id='line_1_109' title="bbox 2033 4731 3690 4799; baseline -0.001 -9"><span class='ocrx_word' id='word_1_836' title='bbox 2033 4735 2254 4790; x_wconf 86' lang='lat' dir='ltr'><strong>exitum</strong></span> <span class='ocrx_word' id='word_1_837' title='bbox 2288 4750 2483 4788; x_wconf 89' lang='lat' dir='ltr'><strong>suum.</strong></span> <span class='ocrx_word' id='word_1_838' title='bbox 2518 4732 2700 4787; x_wconf 90' lang='lat' dir='ltr'><strong>Filius</strong></span> <span class='ocrx_word' id='word_1_839' title='bbox 2733 4731 2925 4788; x_wconf 89' lang='lat' dir='ltr'><strong>malus</strong></span> <span class='ocrx_word' id='word_1_840' title='bbox 2974 4732 3231 4788; x_wconf 82' lang='lat' dir='ltr'><strong>excelsos</strong></span> <span class='ocrx_word' id='word_1_841' title='bbox 3262 4734 3436 4788; x_wconf 85' lang='lat' dir='ltr'><strong>habet</strong></span> <span class='ocrx_word' id='word_1_842' title='bbox 3467 4731 3690 4799; x_wconf 91' lang='lat' dir='ltr'><strong>oculos,</strong></span> 
     </span>
    </p>
   </div>
   <div class='ocr_carea' id='block_1_110' title="bbox 2034 4821 3693 4896">
    <p class='ocr_par' dir='ltr' id='par_1_110' title="bbox 2034 4821 3693 4896">
     <span class='ocr_line' id='line_1_110' title="bbox 2034 4821 3693 4896; baseline -0.002 -16"><span class='ocrx_word' id='word_1_843' title='bbox 2034 4829 2091 4880; x_wconf 90' lang='lat' dir='ltr'><strong>et</strong></span> <span class='ocrx_word' id='word_1_844' title='bbox 2122 4823 2413 4896; x_wconf 84' lang='lat' dir='ltr'><strong>palpebris</strong></span> <span class='ocrx_word' id='word_1_845' title='bbox 2462 4822 2585 4877; x_wconf 91' lang='lat' dir='ltr'><strong>suis</strong></span> <span class='ocrx_word' id='word_1_846' title='bbox 2633 4822 2909 4877; x_wconf 88' lang='lat' dir='ltr'><strong>elevatur.</strong></span> <span class='ocrx_word' id='word_1_847' title='bbox 2964 4823 3059 4877; x_wconf 84' lang='lat' dir='ltr'><strong>Est</strong></span> <span class='ocrx_word' id='word_1_848' title='bbox 3107 4822 3264 4877; x_wconf 91' lang='lat' dir='ltr'><strong>enim</strong></span> <span class='ocrx_word' id='word_1_849' title='bbox 3309 4822 3535 4893; x_wconf 89' lang='lat' dir='ltr'><strong>justus,</strong></span> <span class='ocrx_word' id='word_1_850' title='bbox 3589 4821 3693 4893; x_wconf 90' lang='lat' dir='ltr'><strong>qui</strong></span> 
     </span>
    </p>
   </div>
   <div class='ocr_carea' id='block_1_111' title="bbox 2036 4908 3692 4986">
    <p class='ocr_par' dir='ltr' id='par_1_111' title="bbox 2036 4908 3692 4986">
     <span class='ocr_line' id='line_1_111' title="bbox 2036 4908 3692 4986; baseline -0.001 -18"><span class='ocrx_word' id='word_1_851' title='bbox 2036 4913 2185 4986; x_wconf 89' lang='lat' dir='ltr'><strong>perit</strong></span> <span class='ocrx_word' id='word_1_852' title='bbox 2214 4914 2273 4968; x_wconf 91' lang='lat' dir='ltr'><strong>in</strong></span> <span class='ocrx_word' id='word_1_853' title='bbox 2298 4912 2535 4983; x_wconf 89' lang='lat' dir='ltr'><strong>justitia</strong></span> <span class='ocrx_word' id='word_1_854' title='bbox 2590 4929 2698 4967; x_wconf 88' lang='lat' dir='ltr'><strong>sua</strong></span> <span class='ocrx_word' id='word_1_855' title='bbox 2754 4913 2936 4983; x_wconf 89' lang='lat' dir='ltr'><strong>(Prov.</strong></span> <span class='ocrx_word' id='word_1_856' title='bbox 2998 4928 3089 4977; x_wconf 80' lang='lat' dir='ltr'><strong>xx,</strong></span> <span class='ocrx_word' id='word_1_857' title='bbox 3146 4913 3212 4965; x_wconf 81' lang='grc'>16</span> <span class='ocrx_word' id='word_1_858' title='bbox 3240 4912 3431 4983; x_wconf 65' lang='lat' dir='ltr'><strong>seqq.)</strong></span> <span class='ocrx_word' id='word_1_859' title='bbox 3465 4934 3491 4960; x_wconf 89' lang='grc'><strong>››</strong></span> <span class='ocrx_word' id='word_1_860' title='bbox 3527 4908 3692 4966; x_wconf 88' lang='lat' dir='ltr'><strong>Unde</strong></span> 
     </span>
    </p>
   </div>
   <div class='ocr_carea' id='block_1_112' title="bbox 2036 5000 3691 5071">
    <p class='ocr_par' dir='ltr' id='par_1_112' title="bbox 2036 5000 3691 5071">
     <span class='ocr_line' id='line_1_112' title="bbox 2036 5000 3691 5071; baseline -0.001 -13"><span class='ocrx_word' id='word_1_861' title='bbox 2036 5004 2251 5058; x_wconf 90' lang='lat' dir='ltr'><strong>dicitur</strong></span> <span class='ocrx_word' id='word_1_862' title='bbox 2308 5003 2379 5057; x_wconf 82' lang='lat' dir='ltr'><strong>ad</strong></span> <span class='ocrx_word' id='word_1_863' title='bbox 2438 5017 2610 5057; x_wconf 89' lang='lat' dir='ltr'><strong>eum:</strong></span> <span class='ocrx_word' id='word_1_864' title='bbox 2677 5023 2703 5049; x_wconf 77' lang='grc' dir='ltr'>α</span> <span class='ocrx_word' id='word_1_865' title='bbox 2761 5000 2841 5055; x_wconf 86' lang='lat' dir='ltr'><strong>Ne</strong></span> <span class='ocrx_word' id='word_1_866' title='bbox 2896 5001 2978 5055; x_wconf 88' lang='lat' dir='ltr'><strong>sis</strong></span> <span class='ocrx_word' id='word_1_867' title='bbox 3018 5001 3220 5071; x_wconf 89' lang='lat' dir='ltr'><strong>justus</strong></span> <span class='ocrx_word' id='word_1_868' title='bbox 3272 5000 3691 5071; x_wconf 87' lang='lat' dir='ltr'><strong>multum,nec</strong></span> 
     </span>
    </p>
   </div>
   <div class='ocr_carea' id='block_1_113' title="bbox 2036 5089 3693 5164">
    <p class='ocr_par' dir='ltr' id='par_1_113' title="bbox 2036 5089 3693 5164">
     <span class='ocr_line' id='line_1_113' title="bbox 2036 5089 3693 5164; baseline 0 -17"><span class='ocrx_word' id='word_1_869' title='bbox 2036 5092 2207 5164; x_wconf 89' lang='lat' dir='ltr'><strong>quasi</strong></span> <span class='ocrx_word' id='word_1_870' title='bbox 2247 5109 2349 5163; x_wconf 91' lang='lat' dir='ltr'><strong>per</strong></span> <span class='ocrx_word' id='word_1_871' title='bbox 2379 5089 2729 5162; x_wconf 89' lang='lat' dir='ltr'><strong>sapientiam</strong></span> <span class='ocrx_word' id='word_1_872' title='bbox 2791 5107 3016 5161; x_wconf 73' lang='lat' dir='ltr'><strong>qumras</strong></span> <span class='ocrx_word' id='word_1_873' title='bbox 3074 5089 3393 5160; x_wconf 77' lang='lat' dir='ltr'><strong>superflua,</strong></span> <span class='ocrx_word' id='word_1_874' title='bbox 3443 5105 3515 5145; x_wconf 89' lang='lat' dir='ltr'><strong>ne</strong></span> <span class='ocrx_word' id='word_1_875' title='bbox 3546 5090 3693 5147; x_wconf 87' lang='lat' dir='ltr'><strong>forte</strong></span> 
     </span>
    </p>
   </div>
   <div class='ocr_carea' id='block_1_114' title="bbox 2038 5177 3693 5254">
    <p class='ocr_par' dir='ltr' id='par_1_114' title="bbox 2038 5177 3693 5254">
     <span class='ocr_line' id='line_1_114' title="bbox 2038 5177 3693 5254; baseline 0 -17"><span class='ocrx_word' id='word_1_876' title='bbox 2038 5183 2440 5254; x_wconf 87' lang='lat' dir='ltr'><strong>obstupescas.</strong></span> <span class='ocrx_word' id='word_1_877' title='bbox 2493 5182 2863 5251; x_wconf 70' lang='lat' dir='ltr'><strong>Qucecunque</strong></span> <span class='ocrx_word' id='word_1_878' title='bbox 2910 5179 3066 5234; x_wconf 87' lang='lat' dir='ltr'><strong>enim</strong></span> <span class='ocrx_word' id='word_1_879' title='bbox 3110 5177 3463 5235; x_wconf 84' lang='lat' dir='ltr'><strong>laboraverit</strong></span> <span class='ocrx_word' id='word_1_880' title='bbox 3519 5179 3693 5237; x_wconf 89' lang='lat' dir='ltr'><strong>homo</strong></span> 
     </span>
    </p>
   </div>
   <div class='ocr_carea' id='block_1_115' title="bbox 2041 5393 3695 5468">
    <p class='ocr_par' dir='ltr' id='par_1_115' title="bbox 2041 5393 3695 5468">
     <span class='ocr_line' id='line_1_115' title="bbox 2041 5393 3695 5468; baseline -0.002 -14"><span class='ocrx_word' id='word_1_881' title='bbox 2041 5397 2231 5454; x_wconf 90' lang='lat' dir='ltr'><strong>malus</strong></span> <span class='ocrx_word' id='word_1_882' title='bbox 2256 5396 2379 5468; x_wconf 89' lang='lat' dir='ltr'><strong>ipse</strong></span> <span class='ocrx_word' id='word_1_883' title='bbox 2402 5394 2709 5465; x_wconf 88' lang='lat' dir='ltr'><strong>sejustum</strong></span> <span class='ocrx_word' id='word_1_884' title='bbox 2734 5394 2892 5468; x_wconf 87' lang='lat' dir='ltr'><strong>dicit,</strong></span> <span class='ocrx_word' id='word_1_885' title='bbox 2914 5393 3134 5450; x_wconf 81' lang='lat' dir='ltr'><strong>exitum</strong></span> <span class='ocrx_word' id='word_1_886' title='bbox 3151 5400 3354 5468; x_wconf 77' lang='lat' dir='ltr'><strong>autem</strong></span> <span class='ocrx_word' id='word_1_887' title='bbox 3380 5412 3553 5451; x_wconf 90' lang='lat' dir='ltr'><strong>suum</strong></span> <span class='ocrx_word' id='word_1_888' title='bbox 3577 5412 3695 5452; x_wconf 90' lang='lat' dir='ltr'><strong>non</strong></span> 
     </span>
    </p>
   </div>
   <div class='ocr_carea' id='block_1_116' title="bbox 2042 5466 3697 5541">
    <p class='ocr_par' dir='ltr' id='par_1_116' title="bbox 2042 5466 3697 5541">
     <span class='ocr_line' id='line_1_116' title="bbox 2042 5466 3697 5541; baseline 0 -16"><span class='ocrx_word' id='word_1_889' title='bbox 2042 5467 2246 5526; x_wconf 86' lang='lat' dir='ltr'><strong>abluit.</strong></span> <span class='ocrx_word' id='word_1_890' title='bbox 2279 5466 2311 5517; x_wconf 66' lang='lat'><strong>3)</strong></span> <span class='ocrx_word' id='word_1_891' title='bbox 2343 5467 2523 5541; x_wconf 79' lang='lat' dir='ltr'><strong>Abest</strong></span> <span class='ocrx_word' id='word_1_892' title='bbox 2552 5471 2745 5541; x_wconf 83' lang='lat' dir='ltr'><strong>autem</strong></span> <span class='ocrx_word' id='word_1_893' title='bbox 2779 5466 3242 5541; x_wconf 87' lang='lat' dir='ltr'><strong>isteversiculus</strong></span> <span class='ocrx_word' id='word_1_894' title='bbox 3268 5485 3308 5541; x_wconf 79' lang='lat' dir='ltr'><strong>a</strong></span> <span class='ocrx_word' id='word_1_895' title='bbox 3335 5467 3697 5541; x_wconf 83' lang='lat' dir='ltr'><strong>Vulgata,et</strong></span> 
     </span>
    </p>
   </div>
   <div class='ocr_carea' id='block_1_117' title="bbox 2042 5539 3694 5623">
    <p class='ocr_par' dir='ltr' id='par_1_117' title="bbox 2042 5539 3694 5623">
     <span class='ocr_line' id='line_1_117' title="bbox 2042 5539 3694 5623; baseline -0.001 -26"><span class='ocrx_word' id='word_1_896' title='bbox 2042 5543 2101 5597; x_wconf 93' lang='lat' dir='ltr'><strong>in</strong></span> <span class='ocrx_word' id='word_1_897' title='bbox 2133 5542 2349 5623; x_wconf 63' lang='lat' dir='ltr'><strong>Graeco.</strong></span> <span class='ocrx_word' id='word_1_898' title='bbox 2380 5539 2663 5623; x_wconf 74' lang='lat' dir='ltr'><strong>inseritur</strong></span> <span class='ocrx_word' id='word_1_899' title='bbox 2692 5554 2817 5609; x_wconf 88' lang='lat' dir='ltr'><strong>cap.</strong></span> <span class='ocrx_word' id='word_1_900' title='bbox 2850 5540 3047 5623; x_wconf 54' lang='lat' dir='ltr'><strong>fz’i,ﬁet</strong></span> <span class='ocrx_word' id='word_1_901' title='bbox 3087 5541 3196 5593; x_wconf 79' lang='lat' dir='ltr'><strong>sui)</strong></span> <span class='ocrx_word' id='word_1_902' title='bbox 3231 5539 3343 5623; x_wconf 67' lang='lat' dir='ltr'><strong>alio</strong></span> <span class='ocrx_word' id='word_1_903' title='bbox 3376 5543 3564 5623; x_wconf 75' lang='lat' dir='ltr'><strong>capite</strong></span> <span class='ocrx_word' id='word_1_904' title='bbox 3603 5540 3694 5623; x_wconf 78' lang='lat'><strong>30,</strong></span> 
     </span>
    </p>
   </div>
   <div class='ocr_carea' id='block_1_118' title="bbox 2040 5610 3694 5681">
    <p class='ocr_par' dir='ltr' id='par_1_118' title="bbox 2040 5610 3694 5681">
     <span class='ocr_line' id='line_1_118' title="bbox 2040 5610 3694 5681; baseline -0.001 -13"><span class='ocrx_word' id='word_1_905' title='bbox 2040 5630 2211 5669; x_wconf 89' lang='lat' dir='ltr'><strong>versu</strong></span> <span class='ocrx_word' id='word_1_906' title='bbox 2243 5610 2610 5675; x_wconf 89' lang='lat' dir='ltr'><strong>duodecimo,</strong></span> <span class='ocrx_word' id='word_1_907' title='bbox 2640 5627 2815 5681; x_wconf 89' lang='lat' dir='ltr'><strong>quem</strong></span> <span class='ocrx_word' id='word_1_908' title='bbox 2850 5611 2906 5666; x_wconf 93' lang='lat' dir='ltr'><strong>in</strong></span> <span class='ocrx_word' id='word_1_909' title='bbox 2939 5612 3134 5666; x_wconf 61' lang='lat' dir='ltr'><strong>Graeco</strong></span> <span class='ocrx_word' id='word_1_910' title='bbox 3168 5613 3385 5667; x_wconf 88' lang='lat' dir='ltr'><strong>confer.</strong></span> <span class='ocrx_word' id='word_1_911' title='bbox 3422 5610 3484 5667; x_wconf 84' lang='lat' dir='ltr'><strong>In</strong></span> <span class='ocrx_word' id='word_1_912' title='bbox 3515 5610 3694 5668; x_wconf 83' lang='lat' dir='ltr'><strong>veteri</strong></span> 
     </span>
    </p>
   </div>
   <div class='ocr_carea' id='block_1_119' title="bbox 2042 5681 3691 5757">
    <p class='ocr_par' dir='ltr' id='par_1_119' title="bbox 2042 5681 3691 5757">
     <span class='ocr_line' id='line_1_119' title="bbox 2042 5681 3691 5757; baseline -0.001 -14"><span class='ocrx_word' id='word_1_913' title='bbox 2042 5686 2296 5743; x_wconf 87' lang='lat' dir='ltr'><strong>editione</strong></span> <span class='ocrx_word' id='word_1_914' title='bbox 2346 5681 2527 5757; x_wconf 71' lang='lat' dir='ltr'><strong>verba</strong></span> <span class='ocrx_word' id='word_1_915' title='bbox 2590 5681 2693 5737; x_wconf 81' lang='lat' dir='ltr'><strong>Sed</strong></span> <span class='ocrx_word' id='word_1_916' title='bbox 2748 5686 2975 5754; x_wconf 77' lang='lat' dir='ltr'><strong>corripit</strong></span> <span class='ocrx_word' id='word_1_917' title='bbox 3034 5683 3197 5749; x_wconf 59' lang='lat' dir='ltr'><strong>corda</strong></span> <span class='ocrx_word' id='word_1_918' title='bbox 3255 5686 3499 5741; x_wconf 82' lang='lat' dir='ltr'><strong>omnium</strong></span> <span class='ocrx_word' id='word_1_919' title='bbox 3530 5686 3691 5757; x_wconf 64' lang='lat' dir='ltr'><strong>Deus,</strong></span> 
     </span>
    </p>
   </div>
   <div class='ocr_carea' id='block_1_120' title="bbox 2044 5754 3298 5832">
    <p class='ocr_par' dir='ltr' id='par_1_120' title="bbox 2044 5754 3298 5832">
     <span class='ocr_line' id='line_1_120' title="bbox 2044 5754 3298 5832; baseline -0.001 -16"><span class='ocrx_word' id='word_1_920' title='bbox 2044 5758 2159 5830; x_wconf 87' lang='lat' dir='ltr'><strong>his,</strong></span> <span class='ocrx_word' id='word_1_921' title='bbox 2191 5755 2357 5815; x_wconf 79' lang='lat' dir='ltr'><strong>Laval</strong></span> <span class='ocrx_word' id='word_1_922' title='bbox 2386 5754 2597 5813; x_wconf 65' lang='lat' dir='ltr'><strong>exitum</strong></span> <span class='ocrx_word' id='word_1_923' title='bbox 2625 5771 2806 5827; x_wconf 78' lang='lat' dir='ltr'><strong>suum,</strong></span> <span class='ocrx_word' id='word_1_924' title='bbox 2841 5760 3298 5832; x_wconf 84' lang='lat' dir='ltr'><strong>postponuntur.</strong></span> 
     </span>
    </p>
   </div>
  </div>
