3958 6386
274 436 277 445 .
334 424 390 456 -ιγ

345 357 464 453 ξιρθ
1531 446 1537 453 ο
1590 361 1654 421 s.
1702 355 2014 439 EUSEBII
2055 354 2499 440 ainaouxui
3596 346 3751 418 emo

345 464 411 548 ut
437 492 717 566 requirat,
745 508 861 549 non
891 488 1161 548 inveniet.
1198 490 1255 547 Si
1298 491 1507 547 dixerit
1537 491 1772 563 sapiens
1804 508 1865 547 se
1896 491 1985 546 in-
2015 490 2070 558 Α
2098 490 2406 547 hominum
2464 489 2751 561 repletum
2812 491 2899 544 est
2973 482 3196 544 malitia
3250 482 3445 556 (Eccle.
3502 496 3606 547 vn.
3656 481 3748 545 ,16

326 578 629 655 'telligere,
662 580 914 655 reperire
945 598 1059 637 non
1115 581 1340 653 poterit.
1383 582 1493 638 Cor
1543 580 1698 637 enim
1731 580 1987 637 ﬁliorum
2098 579 2325 651 seqq.)‘.
2359 602 2387 627 ιι

419 714 714 782 1,Visillars,
747 714 839 770 ed.
872 714 1075 771 addit:
1108 715 1349 785 Explicit
1394 714 1534 769 liber
1566 716 1811 785 primus.
1848 714 1991 778 Qui-

348 787 460 863 bus
488 787 679 843 verbis
699 786 978 860 appendit
998 784 1261 842 notulam
1290 802 1301 840 :
1328 808 1356 835 ‹‹
1384 785 1507 842 Duo
1528 784 1796 843 Vaticani
1822 803 1991 857 mss.,

2100 721 2245 777 Finit
2273 722 2568 791 superioris
2626 719 2759 775 libri
2806 735 2940 790 pars
2989 720 3195 790 prima.
3253 716 3453 789 Incipit
3506 711 3757 788 ejusdem

2097 809 2228 863 pars
2258 794 2453 847 altera.
2491 816 2512 843 ι
2550 792 2709 846 Enrr.

2932 943 3733 985 --------·-τ-

1530 1084 1862 1173 LIBER
1922 1085 2563 1176 SECUNDUS.

1849 1243 2257 1257 ————_

455 1346 680 1405 7414.
711 1343 1051 1413 Sacrificium
1096 1358 1197 1413 pro
1244 1343 1582 1412 ignorantia,
1630 1357 1834 1407 errore,
1884 1346 1993 1397 etc.

350 1470 418 1481 —
448 1438 677 1494 Canos.
712 1432 897 1489 Multa
926 1432 1165 1503 quidem
1188 1430 1259 1485 de
1281 1430 1598 1502 Scripturis
1625 1431 1845 1485 sanctis
1877 1447 1996 1486 me-

350 1526 592 1583 moriter
636 1522 985 1595 copioseque
1037 1518 1257 1587 dixisti,
1307 1523 1365 1574 et
1421 1518 1589 1590 quasi
1641 1519 1996 1590 quibusdam

348 1615 606 1672 nubibus
629 1614 645 1647 ¹
678 1611 904 1668 clarum
937 1608 1105 1664 nisus
1132 1624 1195 1664 es
1224 1607 1486 1663 veritatis
1518 1607 1719 1663 lumen
1751 1609 1995 1679 operire,

2107 1344 2318 1399 dicere.
2381 1344 2436 1399 C.
2498 1344 2614 1400 Hoc
2670 1343 2930 1416 intelligo
2983 1344 3139 1415 quod
3194 1341 3475 1416 loqueris,
3533 1346 3592 1399 et
3633 1337 3759 1405 non

2107 1433 2263 1503 quod
2291 1437 2470 1488 taces.
2498 1435 2559 1487 A.
2593 1434 2807 1490 Tacere
2835 1433 2941 1488 tibi
2972 1433 3191 1498 videor,
3224 1431 3324 1505 qui
3356 1431 3538 1488 tantis
3565 1448 3765 1501 exem-

2108 1520 2222 1593 plis
2267 1521 2472 1576 docere
2514 1526 2570 1575 te
2614 1519 2794 1588 volui,
2837 1535 3075 1591 peccare
3119 1519 3413 1575 hominem
3452 1536 3559 1592 per
3588 1518 3763 1592 igno-

2107 1609 2486 1665 rantiam:et
2516 1627 2618 1681 pro
2668 1614 2923 1682 peccato,
2978 1613 3043 1664 ut
3100 1607 3158 1662 in
3218 1607 3343 1678 lege
3399 1607 3644 1674 hostias,
3674 1608 3762 1669 ita

348 1705 452 1762 sed
474 1702 623 1775 quid
655 1701 726 1756 ad
762 1714 885 1767 rem
905 1699 933 1752 ‘2
990 1697 1092 1752 His
1148 1695 1302 1752 enim
1360 1697 1586 1751 cunctis
1641 1696 1997 1752 testimoniis
2027 1720 2074 1784 B
2105 1702 2164 1753 et
2191 1698 2249 1753 in
2284 1697 2592 1771 Evangelio
2622 1698 2977 1755 offerendam
3008 1696 3430 1770 paenitudinem
3451 1697 3478 1752 ?

348 1791 565 1850 videris
622 1787 931 1845 hominum
978 1802 1254 1842 accusare
1297 1789 1591 1852 naturam,
1645 1802 1710 1839 ac
1759 1802 1861 1857 per
1892 1786 1997 1840 hoc

349 1878 632 1937 invidiam
661 1877 876 1932 referre
905 1875 964 1930 in
996 1875 1203 1941 Deum,
1236 1874 1285 1929 si
1316 1874 1464 1929 tales
1494 1874 1761 1929 homines
1802 1874 1997 1929 condi-

353 1969 460 2037 dit,
492 1971 558 2024 ut
586 1965 874 2023 oblivione
904 1969 961 2020 et
991 1963 1332 2036 ignorantiae
1383 1968 1617 2035 peccato
1657 1980 1852 2019 carere
1876 1967 1997 2019 'non

354 2057 601 2132 possint.
633 2060 711 2110 Ex
734 2070 849 2127 quo
872 2053 1246 2126 perspicuum
1269 2058 1378 2121 est,
1401 2053 1698 2109 hominem
1721 2071 1913 2126 posse,
1948 2053 1999 2109 si

350 2146 618 2219 voluerit,
652 2161 768 2201 non
799 2158 1057 2215 peccare.
1111 2143 1172 2197 Id
1224 2142 1380 2198 enim
1426 2143 1579 2211 fecit,
1632 2143 1786 2214 quod
1817 2143 1999 2198 vitare

353 2252 470 2293 non
504 2232 710 2307 potuit.
746 2232 849 2287 Ubi
883 2235 1079 2288 autem
1110 2231 1373 2286 aufertur
1399 2230 1781 2303 possibilitas,
1815 2233 1999 2287 aufer-

352 2330 450 2381 tur
477 2326 535 2381 et
588 2322 819 2391 vitium,
878 2337 1049 2377 nemo
1106 2319 1262 2375 enim
1322 2320 1381 2375 in
1434 2338 1501 2376 eo
1553 2321 1998 2388 condemnatur,

351 2414 509 2486 quod
556 2413 743 2470 facere
786 2427 902 2467 non
951 2410 1158 2482 potuit.
1211 2412 1395 2465 A'rric.
1443 2411 1604 2481 Saepe
1643 2410 1760 2465 dixi
1793 2414 1849 2465 te
1882 2426 1998 2465 non

349 2501 673 2574 intelligere
703 2504 948 2556 conatus
978 2516 1162 2567 meos,
1191 2514 1298 2554 nec
1328 2499 1696 2554 considerare
1727 2499 1865 2570 quid
1902 2514 1999 2554 ar-

350 2590 750 2664 gumenteris;
785 2589 887 2644 sed
919 2588 1061 2659 quid
1092 2594 1244 2643 Deus
1265 2589 1532 2658 jusserit.
1561 2588 1665 2642 Pro
1689 2586 1996 2655 oblivione,

349 2696 547 2736 errore
573 2682 630 2734 et
657 2677 1011 2750 ignorantia,
1042 2676 1209 2748 quasi
1240 2693 1344 2748 pro
1384 2680 1619 2747 peccato
1677 2677 2002 2732 offeruntur

350 2766 679 2826 sacriﬁcia:
714 2766 835 2822 sive
864 2765 975 2821 hoc
1008 2764 1157 2820 male
1182 2767 1351 2836 juxta
1386 2770 1462 2833 te,
1514 2766 1634 2819 sive
1684 2766 1829 2820 bene
1862 2765 1999 2836 jux-

352 2862 557 2924 ta'me,
591 2856 748 2912 Deus
777 2854 1068 2927 praecepit.
1121 2854 1315 2909 Meum
1364 2859 1454 2909 est
1503 2854 1811 2909 observare
1842 2854 1998 2925 quod

348 2946 571 3018 jussit;
603 2949 772 3001 tuum
806 2944 901 2999 Dei
924 2943 1097 3014 jussa
1140 2942 1582 3015 reprehendere.
1615 2946 1676 3000 Ο.
1712 2942 2000 3010 Quoniam

355 3035 473 3091 vim
505 3035 648 3091 facis
677 3033 996 3106 perspicuae
1034 3031 1282 3098 veritati,
1328 3036 1384 3089 et
1433 3048 1523 3087 me
1554 3033 1739 3087 trahis
1771 3033 1842 3088 ad
1875 3032 1999 3088 bla-

358 3091 709 3198 sphemiam,
741 3091 1057 3179 concedam
1092 3121 1195 3177 tibi
1227 3091 1335 3177 hoc
1382 3122 1441 3177 in
1491 3123 1669 3178 veteri
1702 3121 1827 3195 lege
1858 3139 2002 3195 prae-
2033 3091 2076 3157 (ί

360 3218 617 3287 ceptum,
641 3213 712 3269 de
732 3229 849 3284 qua
867 3213 1148 3285 scriptum
1174 3216 1293 3268 est:
1319 3234 1347 3262 ‹‹
1374 3212 1580 3268 Vetera
1601 3212 1966 3268 transierunt
1988 3229 2000 3267 :

362 3319 494 3360 ecce
523 3303 677 3359 facta
706 3306 846 3358 sunt
873 3301 1071 3358 omnia
1099 3318 1247 3358 nova
1275 3323 1303 3353 »
1337 3303 1410 3371 (II
1435 3302 1556 3358 Cor.
1602 3320 1653 3368 v,
1705 3302 1811 3372 17).
1844 3302 2004 3357 Nun-

365 3391 506 3463 quid
537 3395 598 3447 et
625 3391 697 3453 de
729 3390 1037 3462 Evangelia
1068 3390 1283 3462 poteris
1305 3391 1414 3446 hoc
1436 3392 1777 3463 approbare,
1809 3396 1874 3446 ut
1904 3408 2006 3462 pu-

364 3479 563 3537 niatur
586 3478 881 3550 quispiam
910 3496 1013 3551 pro
1057 3496 1123 3535 eo
1153 3480 1310 3551 quod
1359 3481 1599 3545 nesciat,
1633 3485 1689 3535 et
1716 3485 1849 3535 ante
1883 3497 2003 3551 pm-

362 3585 471 3624 nas
499 3567 645 3636 luat,
677 3585 853 3640 quam
884 3584 1017 3623 reus
1045 3568 1123 3624 sit
1162 3568 1527 3624 conscientiae
1579 3570 1683 3640 [Αἱ.
1731 3570 2003 3641 ignoran-

363 3658 477 3729 tiae]
500 3658 528 3713 ?
557 3658 618 3715 A.
652 3658 838 3713 Deum
866 3657 1229 3731 ignoramus,
1263 3658 1615 3713 Manichacus
1656 3657 1825 3714 nobis
1867 3675 2005 3713 con-

363 3747 548 3820 surgit
578 3750 836 3819 repente,
875 3746 976 3819 qui
1031 3745 1218 3819 legem
1250 3746 1391 3802 dicit
1439 3747 1736 3812 abolitam,
1766 3751 1822 3802 et
1851 3747 2005 3803 solos

362 3837 505 3893 Novi
536 3836 895 3893 Testamenti
927 3836 1199 3909 legendos
1241 3836 1441 3892 libros.
1496 3837 1554 3891 C.
1606 3835 1754 3901 Quid
1785 3837 1939 3893 enim
1973 3853 2006 3892 a

363 3942 458 3983 me
485 3925 782 3998 audivisti,
814 3931 879 3982 ut
908 3926 1017 3982 hoc
1048 3930 1316 3982 autuines
1336 3926 1364 3980 ?
1410 3927 1477 3981 Et
1520 3926 1608 3981 lex
1638 3926 1794 3981 enim
1826 3925 2003 3998 patri-

363 4016 476 4072 bus
505 4016 659 4085 data,
693 4033 797 4089 pro
827 4020 1086 4088 tempore
1130 4017 1295 4087 justa
1339 4020 1395 4071 et
1441 4021 1647 4071 sancta
1690 4020 1798 4081 est,
1830 4020 1886 4071 et
1916 4031 2005 4071 ve-

362 4104 560 4159 niente
587 4103 880 4176 Evangelii
914 4105 1283 4175 perfectione,
1334 4105 1538 4160 viliora
1580 4110 1905 4160 cessarunt.
1940 4107 2002 4160 A.

362 4194 512 4263 Ergo
543 4207 913 4263 nequaquam
944 4193 1375 4248 observandum
1405 4198 1513 4258 est,
1538 4194 1690 4265 quod
1714 4193 1838 4265 lege
1859 4210 2005 4265 prae-

364 4277 627 4352 cipitur?
658 4278 715 4334 C.
746 4277 1017 4343 Quaedam
1052 4281 1437 4348 observanda,
1470 4283 1737 4353 quaedam
1770 4288 2004 4355 praeter-

362 4366 650 4423 mittenda
679 4371 840 4424 sunt.
882 4373 954 4424 Α.
987 4369 1272 4434 Quoniam
1321 4373 1376 4425 te
1418 4370 1581 4425 video
1622 4387 1749 4427 esse
1786 4372 2005 4427 doctis-

2175 1881 2229 1931 2.
2264 1879 2585 1949 Exemplum
2614 1895 2646 1933 ε
2674 1879 2738 1933 Ν.
2774 1878 2824 1932 1'.
2883 1878 2945 1931 in
3002 1877 3244 1948 Apostoli
3294 1891 3551 1949 persona.
3586 1906 3659 1920 —-
3689 1876 3754 1934 C.

2108 1971 2187 2021 Da
2235 1967 2637 2022 testimonium
2682 1966 2822 2021 Novi
2869 1966 3273 2034 lnstrumenti,
3321 1965 3423 2021 ubi
3466 1982 3649 2033 error,
3690 1969 3759 2047 et

2110 2056 2456 2127 ignorantia,
2490 2060 2547 2111 et
2574 2054 3021 2126 impossibilitas
3068 2054 3331 2111 mandati
3382 2058 3650 2112 teneatur
3691 2054 3757 2110 in

2108 2144 2371 2200 crimine.
2404 2146 2467 2199 A.
2497 2144 2620 2199 Non
2652 2160 2887 2200 necesse
2917 2147 3007 2199 est
3035 2142 3223 2200 multa
3253 2143 3530 2216 proferre.
3558 2142 3757 2203 Unum

2108 2233 2421 2303 proferam,
2452 2232 2547 2288 cui
2579 2238 2733 2287 certe
2781 2230 3175 2287 contradicere
3220 2247 3336 2286 non
3367 2230 3606 2302 poteris.
3640 2230 3760 2287 Vas

2109 2320 2406 2376 electionis
2439 2321 2742 2393 perspicue
2793 2318 3095 2392 loquitur:
3160 2343 3181 2368 ι
3244 2319 3556 2375 Consentio
3594 2319 3759 2397 enim

2109 2409 2221 2481 legi
2254 2410 2352 2465 Dei
2379 2412 2549 2481 juxta
2578 2408 2914 2465 interiorem
2961 2408 3284 2464 hominem.
3330 2407 3511 2464 Video
3556 2413 3758 2471 autem

2109 2498 2285 2554 aliam
2315 2498 2503 2570 legem
2535 2499 2594 2553 in
2645 2498 2928 2554 membris
2978 2498 3145 2565 meis,
3190 2501 3612 2570 repugnantem
3642 2495 3760 2575 legi

2110 2587 2322 2642 mentis
2354 2604 2518 2653 meae,
2563 2591 2619 2643 et
2661 2587 3049 2659 captivantem
3099 2602 3191 2642 me
3237 2584 3297 2642 in
3344 2585 3474 2660 lege
3508 2585 3757 2659 peccati,

2110 2693 2236 2748 quae
2272 2682 2361 2731 est
2391 2677 2449 2731 in
2480 2676 2761 2732 membris
2800 2676 2969 2731 meis.
3020 2676 3192 2732 Miser
3237 2692 3342 2747 ego
3390 2674 3587 2742 homo,
3621 2674 3759 2748 quis

2111 2782 2203 2820 me
2234 2765 2505 2821 liberabit
2529 2767 2600 2821 de
2630 2782 2868 2837 corpore
2899 2764 3103 2821 mortis
3149 2763 3329 2835 hujus
3354 2762 3382 2818 ‘2
3423 2762 3621 2819 Gratia
3649 2764 3754 2820 Dei

2112 2871 2213 2925 per
2242 2855 2446 2910 Jesum
2480 2854 2777 2910 Christum
2808 2854 3122 2910 Dominum
3155 2858 3421 2909 nostrum
3453 2851 3628 2925 (Rom.
3650 2870 3755 2922 vn,

2109 2946 2181 2996 22
2209 2960 2353 3015 seqq.
2389 2943 2425 3013 ).
2474 2965 2501 2991 »
2549 2943 2603 2999 C.
2648 2942 2945 2999 Protulisti
2990 2941 3417 3008 testimonium,
3460 2941 3617 3014 quod
3647 2958 3756 3014 pro

2118 3049 2208 3087 me
2239 3033 2395 3088 facit.
2431 3032 2682 3089 Liberati
2740 3049 2874 3105 ergo
2928 3033 2998 3088 de
3055 3048 3291 3104 corpore
3320 3031 3501 3101 huius
3549 3031 3758 3088 mortis

2114 3138 2216 3193 per
2245 3122 2492 3195 gratiam
2542 3121 2772 3177 Domini
2826 3121 3009 3177 nostri
3056 3122 3197 3177 Jesu
3251 3120 3488 3188 Christi,
3533 3135 3760 3194 nequa-

2115 3227 2292 3282 quam
2324 3210 2477 3267 ultra
2525 3227 2761 3283 peccare
2805 3211 3107 3266 debemus.
3141 3212 3202 3266 A.
3237 3209 3488 3265 Liberati
3518 3209 3759 3285 quidem

2116 3317 2322 3355 sumus
2355 3300 2645 3371 baptismo
2678 3298 3015 3355 Salvatoris.
3048 3298 3163 3355 Sed
3212 3299 3269 3353 id
3303 3298 3447 3354 mihi
3478 3297 3758 3367 edissere,

2115 3406 2293 3460 quare
2341 3388 2585 3445 dixerit:
2633 3413 2659 3438 «
2704 3388 2886 3443 Videa
2914 3388 3091 3443 aliam
3141 3387 3329 3461 legem
3373 3387 3433 3444 in
3475 3386 3759 3444 membris

2115 3479 2261 3533 meis
2285 3484 2710 3551 repugnantem
2731 3477 2843 3551 legi
2866 3477 3082 3533 mentis
3103 3494 3265 3544 meze,
3289 3481 3347 3533 et
3368 3477 3757 3551 captivantem

2115 3584 2207 3623 me
2238 3568 2296 3623 in
2326 3568 2452 3640 lege
2485 3566 2723 3640 peccati,
2759 3584 2884 3640 quae
2944 3567 3002 3621 in
3057 3566 3334 3623 membris
3389 3565 3536 3623 meis
3581 3569 3690 3624 est.
3729 3591 3751 3620 ι

2113 3658 2246 3721 Quae
2277 3662 2366 3713 est
2395 3657 2508 3713 ista
2554 3656 2645 3713 lex
2687 3673 2939 3729 regnans
2967 3655 3028 3711 in
3060 3656 3342 3713 membris
3388 3655 3669 3724 hominis,
3701 3658 3761 3733 et

2115 3763 2451 3819 repugnans
2481 3746 2593 3819 legi
2628 3746 2840 3803 mentis
2872 3748 2999 3817 ejus
3018 3746 3045 3801 ‘I
3063 3745 3369 3819 Responde
3389 3745 3757 3819 simpliciter.

2115 3837 2294 3891 Taces
2314 3835 2342 3890 ?
2369 3835 2518 3891 Audi
2551 3838 2823 3891 eumdem
2855 3834 3201 3908 Apostolum
3224 3834 3591 3908 apertissime
3611 3851 3761 3908 prm-

2115 3925 2444 3980 dicantem:
2488 3944 2510 3972 ι
2568 3925 2729 3991 Quod
2786 3924 2942 3981 enim
2999 3941 3228 3998 operor,
3288 3942 3403 3980 non
3449 3939 3759 3997 cognosco.

2114 4014 2237 4069 Non
2269 4014 2424 4069 enim
2452 4015 2607 4086 quod
2639 4014 2787 4081 volo,
2820 4030 3061 4087 operor:
3118 4015 3219 4070 sed
3274 4013 3427 4086 quod
3462 4012 3581 4082 odi,
3612 4012 3761 4069 illud

2115 4103 2283 4159 facio.
2316 4104 2417 4159 Sin
2450 4108 2646 4159 autem
2675 4104 2830 4176 quod
2863 4102 3018 4171 nolo,
3066 4102 3175 4159 hoc
3229 4103 3401 4174 facio,
3456 4102 3761 4181 consentio

2114 4192 2249 4265 legi,
2283 4194 2563 4265 quoniam
2595 4192 2748 4248 bona
2797 4195 2904 4248 est.
2959 4192 3126 4248 Nunc
3155 4196 3352 4249 autem
3383 4207 3761 4267 nequaquam

2114 4299 2218 4354 ego
2251 4297 2458 4354 cperor
2486 4279 2651 4350 illud,
2684 4282 2784 4338 sed
2834 4282 2990 4354 quod
3032 4281 3091 4337 in
3140 4299 3232 4338 me
3277 4281 3524 4350 habitat,
3564 4297 3764 4354 pecca-

2114 4377 2262 4426 tum.
2296 4372 2426 4427 Scio
2453 4371 2610 4427 enim
2659 4372 2813 4444 quod
2861 4389 2975 4428 non
3018 4370 3245 4428 habitat
3291 4371 3351 4427 in
3399 4387 3493 4427 me
3530 4370 3639 4427 hoc
3669 4374 3763 4428 est

362 4456 604 4523 simum,
639 4457 732 4513 dic
765 4456 906 4511 mihi
936 4473 1061 4529 quae
1092 4459 1164 4514 de
1194 4458 1386 4514 Veteri
1416 4460 1785 4516 Testamento
1811 4461 2006 4517 obser-
2036 4459 2081 4525 D
2112 4461 2171 4517 in
2199 4477 2369 4517 carne
2401 4478 2549 4529 mea,
2601 4460 2842 4516 bonum.
2902 4459 3065 4516 Velle
3120 4459 3275 4516 enim
3332 4459 3559 4532 adjacet
3587 4450 3761 4530 mihi,

358 4559 493 4602 vare
525 4544 792 4611 debeam,
823 4550 881 4602 et
910 4563 1037 4618 quae
1074 4546 1423 4620 relinquere.
1480 4548 1535 4604 C.
1588 4549 1861 4606 Mandata
1900 4549 2000 4604 ob-

357 4650 587 4692 servare
618 4636 920 4704 debemus,
957 4653 1083 4708 qua;
1116 4638 1188 4693 ad
1219 4638 1397 4693 vitam
1425 4642 1480 4693 et
1502 4654 1693 4693 mores
1713 4638 2004 4710 pertinent

356 4724 752 4798 corrigendos,
793 4729 863 4781 de
908 4726 1123 4798 quibus
1167 4726 1385 4782 dictum
1428 4732 1548 4782 est:
1603 4750 1630 4777 ‹‹
1661 4728 2000 4783 Mandatum

355 4814 585 4870 Domini
617 4813 878 4871 lucidum
902 4814 1249 4871 illuminans
1271 4814 1469 4871 oculos
1500 4815 1676 4887 (Psal.
1699 4833 1858 4884 xvm,
1888 4817 2000 4887 9).»

353 4903 487 4967 Quae
514 4908 713 4960 autem
747 4905 820 4960 ad
867 4904 1239 4960 caeremonias
1289 4905 1478 4977 Legis,
1511 4909 1566 4959 et
1596 4905 1745 4961 ritus
1773 4904 1996 4961 sacriﬁ-

351 4993 577 5050 ciorum
620 4994 932 5066 pertinent,
982 4992 1366 5065 relinquenda
1417 4998 1575 5050 sunt.
1634 4996 1696 5050 Α.
1757 4995 1997 5068 Ignosce

351 5081 518 5149 mihi,
550 5100 685 5138 cum
744 5082 892 5155 legis
950 5083 1102 5139 742
1147 5087 1206 5138 et
1263 5083 1529 5139 omnium
1562 5084 1995 5156 Scripturarum

353 5171 656 5228 scientiam
711 5173 968 5244 jactites,
1014 5188 1130 5228 non
1179 5172 1596 5229 animadvertis
1641 5173 1780 5245 quid
1824 5173 1995 5229 velim

422 5314 439 5347 ¹
472 5314 640 5382 Quasi
688 5314 1012 5385 quibusdam
1064 5316 1322 5371 nubibus.
1374 5317 1594 5371 Sensus
1651 5316 1889 5372 omnino
1934 5316 1997 5371 li-

351 5385 776 5458 quidusgquem
805 5386 1058 5441 retinent
1078 5403 1231 5458 mss.
1259 5388 1486 5442 codices
1511 5405 1523 5442 :
1558 5387 1724 5443 illum
1752 5388 1995 5444 minime

351 5456 599 5513 assecuti
621 5456 927 5511 Mai-ianus
954 5462 1010 5512 et
1038 5457 1157 5525 alii,
1205 5458 1314 5514 hoc
1359 5461 1532 5513 modo
1582 5460 1771 5529 legere
1797 5460 1994 5515 volne-

351 5538 525 5585 runt:
584 5530 649 5583 Et
698 5530 859 5599 quasi
900 5530 1221 5598 quibusdam
1268 5531 1521 5586 discussis
1567 5535 1824 5601 nubibus,
1885 5534 1995 5587 cla-

348 5617 476 5675 rum
500 5616 649 5657 visus
677 5616 732 5675 es
760 5601 1020 5657 veritatis
1041 5601 1225 5657 lumen
1244 5604 1480 5675 aperire.
1507 5603 1785 5662 Eassmus
1818 5604 1995 5662 habet

351 5674 499 5736 visus
527 5688 633 5749 pro
660 5673 835 5731 nisus.

2116 4552 2341 4622 operari
2374 4556 2567 4606 autem
2625 4550 2844 4605 bonum
2904 4566 3021 4605 non
3082 4549 3333 4605 invenio.
3393 4549 3520 4605 Non
3576 4550 3759 4617 enim,

2113 4640 2267 4711 quod
2302 4640 2451 4707 volo,
2484 4639 2728 4705 bonum,
2759 4639 2869 4695 hoc
2924 4656 3069 4712 ago:
3105 4639 3203 4695 sed
3238 4639 3394 4712 quod
3443 4637 3599 4706 nolo,
3631 4655 3761 4695 ma-

2112 4728 2256 4795 lum,
2316 4728 2426 4783 hoc
2483 4727 2647 4782 facio.
2709 4728 2769 4783 Si
2831 4733 3027 4784 autem
3080 4729 3237 4800 quod
3299 4726 3453 4797 nolo,
3513 4727 3621 4784 hoc
3650 4742 3760 4801 ego

2112 4819 2281 4886 facio,
2342 4834 2717 4890 nequaquam
2773 4834 2879 4889 ego
2937 4834 3145 4890 operor
3198 4816 3365 4884 illud,
3430 4817 3533 4874 sed
3601 4815 3759 4890 quod

2108 4905 2333 4961 habitat
2361 4905 2420 4962 in
2471 4922 2565 4961 me
2614 4912 2917 4979 peccatum
2974 4909 3147 4978 (Rom.
3207 4924 3307 4975 vu,
3367 4923 3439 4963 xv
3495 4908 3692 4979 seqq.).
3725 4926 3759 4955 »

2107 4996 2164 5051 C.
2201 4994 2377 5051 Miror
2416 4999 2472 5051 te
2529 4995 2829 5053 hominem
2888 4998 3233 5069 prudentem
3293 4996 3376 5052 sic
3433 4994 3762 5067 intelligere

2105 5084 2473 5159 Apostolum,
2509 5091 2573 5141 ut
2625 5102 2758 5141 eum
2816 5103 2884 5141 ex
2944 5103 3191 5157 persona
3249 5103 3358 5143 sua
3376 5086 3417 5154 ⁸,
3452 5088 3510 5142 et
3539 5102 3656 5142 non
3687 5101 3759 5157 ex

2113 5174 2363 5231 aliorum
2395 5175 2515 5231 haec
2550 5177 2699 5231 πει
2749 5175 2939 5231 dicere
2989 5176 3227 5233 sentias.
3261 5175 3370 5239 Qui
3412 5175 3571 5231 enim
3610 5191 3756 5232 con-

2174 5318 2370 5374 ‘Vide
2402 5320 2462 5375 S.
2523 5320 2938 5392 Augustinum,
2996 5320 3069 5392 in,
3114 5321 3405 5376 Retractat.
3465 5322 3523 5376 et
3569 5319 3753 5391 Opere

2103 5393 2291 5463 contra
2318 5389 2851 5463 Jurlianum'primo,
2884 5392 3004 5463 ubi
3057 5389 3215 5447 hunc
3270 5407 3532 5463 sensum,
3572 5389 3754 5463 quem

2106 5462 2394 5535 Pelagiani
2426 5465 2730 5535 proposito
2761 5462 2919 5517 Pauli
2951 5462 3075 5517 loco
3106 5464 3463 5531 tribuebant,
3487 5462 3546 5520 et
3572 5462 3752 5535 quem

2103 5533 2228 5606 ipse
2262 5552 2316 5587 in
2352 5534 2639 5606 prioribus
2672 5535 2795 5590 suis
2828 5535 3368 5593 elucubrationibus
3408 5533 3754 5594 fuerat—am-

2102 5605 2391 5682 plexatus,
2421 5605 2693 5680 pluribus
2722 5606 3049 5681 impugnat.
