3958 6440
236 405 359 480 θοι

1087 415 1475 484 DIALOGUS
1518 419 1832 484 CONTRA
1871 414 2394 487 PELAGIANOS.
2423 455 2503 472 —
2532 423 2683 489 LIB.
2726 423 2802 488 II.

3527 396 3647 485 ses

246 548 500 608 scientia
525 549 598 608 in‘
622 565 684 610 se
717 548 1007 627 loquentis
1037 549 1252 611 Christi
1291 554 1472 614 libere
1527 553 1848 632 proclamat
1881 578 1893 616 :
1926 559 1981 628 Α
2013 582 2038 610 ‹‹
2095 558 2246 616 Sunt
2287 559 2390 618 viae
2439 577 2564 636 qua:
2611 563 2882 620 videntur
2930 556 3052 617 viro
3091 555 3290 632 justte,
3331 554 3653 618 novissima

246 663 275 692 «
304 643 392 698 An
425 643 891 715 experimentum
924 645 1184 717 quaeritis
1216 648 1472 719 ejus,qui
1497 649 1553 704 in
1589 666 1681 706 me
1711 649 1896 722 loqui-

241 733 342 787 tur
372 731 645 790 Christus
673 735 745 803 (II
771 737 889 790 Cor.
945 752 1078 790 xm.
1130 736 1185 808 3)
1215 737 1243 791 ‘I
1276 759 1303 786 »
1335 742 1392 792 et
1438 738 1496 792 in
1559 737 1672 795 alio
1716 740 1841 796 loco
1875 758 1887 795 :

245 841 271 873 ι
302 821 561 879 cursum
593 824 1015 892 consummavi,
1051 825 1226 880 fidem
1268 827 1510 897 servavi,
1567 829 1637 884 de
1686 834 1890 885 caetero

237 911 500 984 reposita
537 915 624 967 est
661 912 807 967 mihi
855 929 1070 969 corona
1109 915 1354 985 justitizn
1407 917 1480 987 (II
1528 919 1661 974 Tim.
1723 936 1800 973 1v.
1832 921 1887 984 7,

237 998 349 1070 8);
385 1021 413 1050 »
441 1000 552 1056 iste
581 1000 687 1056 hoc
717 1001 788 1057 de
819 1018 882 1057 se
911 1003 1100 1058 dicere
1132 1007 1358 1075 poterat
1391 1022 1404 1060 :
1439 1029 1467 1055 ‹‹
1516 1007 1754 1079 Operari
1787 1009 1888 1064 bo-

235 1105 382 1145 num
413 1105 530 1146 non
560 1089 790 1146 invenio
815 1091 843 1146 ‘?
880 1114 900 1141 ιι
937 1098 1016 1160 et,
1047 1115 1074 1141 «
1107 1091 1231 1148 Non
1265 1095 1421 1165 quod
1454 1095 1606 1166 volo,
1642 1097 1884 1165 bonum,

235 1177 348 1234 hoc
378 1178 572 1236 facio:
608 1180 708 1235 sed
767 1181 921 1252 quod
982 1180 1135 1250 nolo,
1197 1182 1441 1250 malum,
1495 1185 1602 1240 hoc
1655 1201 1762 1258 ago
1798 1187 1824 1241 ?
1859 1210 1886 1236 ››

237 1267 385 1334 Quid
417 1267 565 1324 illud
597 1272 721 1325 erat
749 1269 907 1339 boni,
942 1272 1097 1342 quod
1127 1271 1358 1328 volebat
1406 1274 1614 1342 facere,
1667 1281 1723 1330 et
1771 1293 1886 1330 non

235 1360 465 1430 poterat
493 1358 522 1412 ‘I
549 1358 620 1414 Et
641 1358 784 1430 quid
816 1358 958 1415 illud
990 1365 1116 1416 erat
1156 1361 1315 1430 mali,
1353 1365 1508 1435 quod
1546 1363 1796 1433 nolebat,
1831 1370 1887 1420 et

229 1449 430 1503 tamen
460 1448 641 1504 vitare
672 1464 786 1503 non
819 1453 1046 1522 poterat
1073 1451 1100 1504 ?
1129 1451 1277 1524 Ergo
1309 1469 1424 1507 non
1475 1470 1544 1508 ex
1574 1470 1682 1509 sua
1755 1470 1884 1527 per-

237 1553 386 1594 sona
411 1537 521 1593 hoc
553 1536 713 1605 dicit,
765 1539 867 1594 sed
916 1556 983 1594 ex
1031 1555 1284 1611 persona
1333 1543 1564 1614 generis
1615 1542 1884 1612 humani,

239 1627 368 1698 qua:
399 1625 551 1683 vitiis
581 1627 848 1699 subjacet
879 1627 952 1683 ob
979 1629 1173 1685 carnis
1206 1630 1605 1704 fragilitatem.

310 1716 363 1770 3.
390 1716 474 1771 Ea:
518 1717 674 1789 cujus
711 1711 949 1789 persona
1009 1719 1216 1774 Paulus
1273 1722 1479 1777 locutus
1530 1725 1602 1778 sit
1632 1723 1888 1795 aliudque

236 1806 357 1877 ejus
407 1806 799 1862 testimonium.
833 1837 902 1847 —-
933 1812 1000 1862 A.
1035 1811 1250 1864 Parum
1283 1810 1428 1865 mihi
1461 1810 1641 1880 tollis,
1691 1818 1755 1868 ut
1802 1819 1886 1868 to-

232 1896 362 1949 tum
393 1894 640 1951 tribuas.
674 1897 791 1968 Ego
821 1895 978 1952 enim
1012 1914 1197 1953 unum
1221 1898 1542 1968 hominem,
1579 1900 1716 1957 licet
1743 1904 1890 1974 Apo-

231 1981 476 2051 stolum,
513 1982 777 2058 intelligo
809 1981 914 2058 [Αἱ.
950 1985 1372 2060 intelligebam]
1423 1990 1730 2061 subjacere
1761 2009 1890 2064 pec-

234 2076 386 2142 cato,
419 2075 484 2128 tu
515 2075 703 2129 totum
735 2073 1064 2133 humanum
1115 2093 1303 2149 genus
1347 2080 1583 2134 asseris.
1633 2083 1794 2146 Quod
1841 2083 1889 2138 si

232 2177 442 2217 verum
472 2165 560 2218 est
580 2162 641 2218 in
672 2179 900 2236 genere,
934 2168 1204 2220 tenemus
1235 2169 1290 2221 et
1321 2167 1600 2238 speciem.
1640 2169 1784 2226 Nam
1835 2175 1891 2225 et

229 2249 548 2324 Apostolus
579 2251 756 2309 homo
788 2256 876 2309 est
902 2271 924 2316 ,·
956 2258 1013 2309 et
1033 2254 1083 2310 si
1113 2254 1289 2310 homo
1321 2261 1432 2323 est,
1463 2256 1550 2312 vel
1605 2258 1675 2314 de
1731 2258 1885 2328 aliis,

227 2339 322 2397 vel
355 2340 425 2396 de
455 2355 517 2397 se
550 2341 720 2413 quasi
753 2341 928 2398 homo
958 2342 1220 2415 loquitur
1252 2361 1263 2397 :
1299 2345 1524 2401 «Miser
1555 2361 1659 2417 ego
1691 2347 1885 2413 homo,

233 2429 370 2502 quis
396 2446 491 2486 me
519 2428 792 2486 liberabit
821 2432 891 2487 de
921 2448 1160 2504 corpore
1207 2434 1415 2490 mortis
1471 2435 1653 2507 hujus
1710 2439 1883 2503 (Rom.

228 2519 334 2587 111',
388 2518 540 2590 24)?
575 2542 595 2569 ι
649 2520 719 2575 Et
771 2537 845 2575 ;‹‹
894 2521 1180 2585 Quoniam
1224 2539 1338 2578 non
1389 2523 1616 2579 habitat
1658 2524 1717 2580 in
1771 2543 1884 2592 me,

230 2607 343 2664 hoc
376 2611 487 2675 est,
528 2607 589 2664 in
630 2623 803 2665 carne
856 2626 1005 2677 mea,
1052 2611 1274 2667 bonum
1326 2612 1480 2683 (Ibid.
1543 2614 1653 2684 48),
1688 2636 1716 2664 ››
1751 2617 1886 2670 Cor-

227 2696 511 2768 ruptibile
535 2697 692 2753 enim
717 2715 928 2770 corpus
952 2704 1229 2772 aggravat
1251 2700 1567 2773 animam,«
1600 2703 1887 2774 Deprimit

227 2789 468 2842 terrena
498 2785 784 2842 habitatio
815 2803 1056 2843 sensum
1092 2788 1279 2845 multa
1319 2796 1624 2848 curantem
1661 2796 1674 2826 ¹
1706 2793 1879 2863 (Rom.

225 2893 310 2945 Ix,
339 2875 452 2948 45).
486 2897 514 2927 ››
549 2875 610 2931 C.
645 2876 739 2932 Sic
770 2875 1226 2950 loqueris,quasi
1261 2895 1367 2953 ego
1395 2880 1503 2936 hoc
1531 2898 1598 2936 ex
1630 2899 1885 2954 persona

225 2953 461 3038 generis
491 2963 738 3022 humani
795 2965 1101 3038 accipiam,
1124 2971 1180 3022 et
1208 2985 1322 3023 non
1355 2985 1423 3023 ex
1450 2953 1701 3041 persona
1746 2987 1878 3042 pec-

226 3053 446 3110 catoris
479 3053 584 3125 [Αι.
616 3056 1034 3127 peccatorum].
1066 3057 1131 3111 A.
1166 3057 1235 3111 Et
1266 3058 1398 3128 quis
1428 3057 1535 3112 tibi
1585 3059 1694 3115 hoc
1744 3077 1880 3115 con-

229 3135 420 3211 cedet,
472 3147 538 3198 ut
608 3159 677 3198 ex
758 3159 1008 3215 persona
1063 3147 1383 3218 peccatcris
1439 3147 1550 3203 hoc
1605 3147 1881 3220 loquatur

229 3231 548 3306 Apostolus
576 3232 604 3286 ?
631 3232 690 3288 Si
722 3232 878 3288 enim
908 3249 978 3289 ex
1008 3251 1259 3306 persona
1289 3237 1612 3308 peccatoris
1643 3237 1751 3293 hoc
1782 3255 1876 3293 ac-

2004 654 2201 705 autem
2263 668 2465 707 earum
2528 652 2849 725 respiciunt
2923 651 2982 706 in
3041 649 3405 723 profundum
3435 645 3651 706 interni

2005 740 2185 810 (Prov.
2218 757 2332 808 xw,
2365 741 2455 809 42)
2488 761 2504 808 ;
2539 765 2556 790 η
2593 747 2651 798 et
2683 743 2890 798 iterum
2927 759 2938 796 :
2977 764 3004 792 «
3038 741 3242 797 Omnis
3291 740 3378 796 vir
3424 739 3654 796 videtur

2003 828 2114 884 sibi
2139 830 2362 901 justus,
2397 832 2551 888 Deus
2599 838 2792 888 autem
2856 833 3031 888 corda
3087 830 3396 887 hominum
3445 828 3648 902 dirigit

2002 917 2186 989 (Prov.
2219 937 2310 986 xx,
2346 921 2437 990 24)
2473 939 2529 989 ;›ι
2565 922 2778 977 idcirco
2799 921 3164 994 temperabat
3193 918 3649 986 sententiam-,ue

2001 1007 2144 1062 forte
2195 1025 2299 1080 per
2327 1009 2723 1082 ignorantiam
2782 1010 3144 1082 deliquisset,
3207 1007 3460 1064 maxime
3510 1023 3648 1063 cum

1999 1096 2298 1168 Scriptura
2327 1102 2581 1154 testetur
2609 1116 2622 1154 :
2663 1121 2689 1149 ‹‹
2722 1100 2822 1154 Est
2846 1099 3179 1172 justus,qui
3205 1099 3356 1171 perit
3382 1097 3442 1152 in
3466 1097 3645 1169 justi-

2000 1184 2081 1239 tia
2111 1201 2220 1240 sua
2243 1187 2439 1254 (Eccle.
2495 1205 2595 1255 vn,
2641 1186 2752 1259 46).
2803 1209 2831 1236 ››
2874 1189 2942 1243 Et
2991 1186 3130 1243 alibi
3165 1204 3178 1241 :
3213 1210 3241 1237 α
3285 1188 3450 1243 Juste
3491 1186 3648 1257 quod

1991 1273 2223 1343 justum
2256 1279 2344 1329 est
2369 1276 2686 1332 sectaberis
2719 1277 2897 1347 (Deut,
2931 1293 3045 1343 xvr,
3079 1277 3189 1346 20),
3225 1298 3252 1325 »
3277 1292 3350 1332 ne
3377 1274 3650 1347 opinione

1999 1361 2261 1418 veritatis
2285 1365 2305 1396 ⁴
2337 1381 2369 1418 a
2392 1365 2628 1434 justitia
2653 1364 3036 1429 declinemus,
3089 1365 3462 1420 recordantes
3509 1364 3652 1420 Sau-

1999 1449 2072 1507 lis
2103 1456 2160 1506 et
2189 1455 2364 1525 Agag.

2071 1542 2121 1595 4.
2155 1542 2350 1597 Plures
2378 1545 2545 1612 iustos
2575 1560 2706 1610 esse,
2734 1546 3011 1600 neminem
3041 1545 3160 1598 sine
3197 1547 3435 1615 peccato.
3470 1573 3539 1582 —
3588 1543 3648 1598 C.

1998 1630 2079 1684 Ne
2139 1631 2487 1687 contendere
2536 1632 2736 1687 videar
2811 1637 2866 1688 et
2942 1633 3002 1687 in
3078 1633 3376 1688 diversum
3427 1631 3652 1704 absque

1998 1735 2275 1775 mensura
2305 1720 2507 1776 funem
2533 1720 3000 1789 trahere,sa1tem
3032 1721 3140 1777 hoc
3163 1720 3307 1775 mihi
3338 1721 3589 1776 concede
3608 1721 3651 1788 ⁵,

1989 1809 2185 1877 justos
2237 1808 2295 1862 in
2349 1809 2670 1881 Scripturis
2720 1809 3008 1882 plurimos
3059 1809 3361 1882 appellari.
3415 1813 3472 1863 L.
3523 1809 3650 1865 Non

2000 1896 2192 1952 solum
2224 1897 2534 1970 plurimos,
2568 1900 2671 1954 sed
2702 1899 3181 1966 innumerabiles,
3213 1903 3270 1953 C.
3295 1897 3354 1954 Si
3386 1898 3655 1955 innume-

2001 1985 2214 2042 rabiles
2237 1987 2389 2057 justi
2419 1993 2577 2055 sunt,
2611 1991 2667 2043 et
2696 1988 2806 2044 hoc
2837 1989 3037 2060 negari
3088 2005 3204 2044 non
3255 1988 3462 2060 possit,
3512 1987 3652 2060 quid

2000 2074 2152 2131 male
2184 2074 2418 2132 locutus
2451 2093 2605 2145 sum,
2642 2094 2814 2150 posse
2843 2094 2971 2134 esse
3001 2077 3302 2134 hominem
3355 2077 3481 2133 sine
3514 2092 3650 2149 pec-

2000 2169 2148 2231 cato,
2182 2164 2230 2220 si
2259 2164 2398 2220 velit
2427 2165 2454 2220 ?
2485 2166 2602 2221 Hoc
2649 2171 2741 2222 est
2786 2166 2919 2223 aliis
2979 2166 3170 2222 verbis
3217 2165 3427 2233 dicere,
3480 2181 3653 2236 posse

1991 2253 2224 2323 justum
2257 2253 2382 2310 sine
2410 2260 2646 2326 peccato
2679 2271 2830 2323 esse,
2862 2256 2920 2310 in
2971 2271 3038 2310 eo
3083 2255 3237 2326 quod
3281 2255 3484 2324 justus
3534 2257 3650 2321 est,

1999 2344 2060 2396 A.
2095 2346 2296 2399 Justos
2327 2360 2455 2399 esse
2489 2345 2762 2415 concedo,
2814 2345 2937 2400 sine
2986 2343 3148 2400 omni
3177 2347 3372 2398 autem
3413 2346 3650 2414 peccato

1997 2431 2236 2488 omnino
2263 2449 2378 2488 non
2411 2433 2718 2489 assentior.
2752 2434 2980 2488 Etenim
3030 2434 3252 2504 absque
3288 2430 3445 2500 vitio,
3493 2432 3652 2502 quod

1997 2524 2188 2575 Graece
2237 2520 2452 2576 dicitur
2506 2520 2687 2588 κακία,
2749 2521 3048 2578 hominem
3107 2537 3279 2593 posse
3335 2534 3476 2577 esse
3504 2519 3647 2577 aio:

1999 2609 2406 2684 ἀναμάρτητον,
2465 2611 2522 2666 id
2575 2616 2663 2666 est
2710 2614 2828 2667 sine
2879 2619 3094 2682 peccato
3151 2626 3299 2676 esse,
3359 2625 3551 2682 nego,-
3591 2609 3649 2664 id

1997 2699 2156 2755 enim
2188 2699 2296 2755 soli
2330 2700 2445 2755 Deo
2479 2700 2758 2772 competit
2785 2701 2826 2769 θ,
2859 2700 3170 2771 omnisque
3201 2702 3470 2755 creatura
3521 2705 3651 2770 pec-

1999 2793 2125 2844 cato
2162 2789 2446 2861 subjacet,
2469 2795 2524 2844 et
2555 2789 2780 2861 indiget
2818 2789 3216 2844 misericordia
3258 2787 3381 2856 Dei,
3416 2787 3647 2843 dicente

1995 2878 2296 2951 Seriptura
2330 2895 2342 2932 :
2386 2898 2407 2926 α
2431 2879 2827 2935 Misericordia
2859 2879 3086 2934 Domini
3119 2877 3289 2950 plena
3347 2881 3439 2933 est
3493 2881 3650 2933 terra

1994 2968 2166 3036 (Psat.
2199 2984 2375 3037 xxxn,
2409 2969 2480 3034 5;
2513 2985 2710 3037 cxvm,
2739 2969 2850 3040 64).
2885 2990 2913 3019 ››
2947 2969 3018 3022 Et
3043 2984 3114 3024 ne
3159 2965 3328 3038 quasi
3379 2965 3644 3022 maculas

1993 3056 2282 3127 quasdam
2342 3057 2399 3112 in
2441 3057 2662 3113 sanctis
2711 3057 2849 3112 viris
2896 3057 3096 3112 videar
3149 3053 3526 3128 perscrutari,
3578 3054 3637 3109 in

1992 3143 2209 3215 quibus
2242 3161 2437 3201 errore
2471 3150 2610 3200 sunt
2632 3146 2738 3216 (Al.
2773 3146 2916 3213 sint)
2944 3144 3091 3215 lapsi
3125 3159 3312 3215 pauca
3341 3142 3634 3214 proferam

1989 3249 2116 3304 quae
2151 3249 2266 3288 non
2301 3235 2372 3289 ad
2406 3233 2693 3306 singulos,
2726 3235 2826 3289 sed
2860 3234 2930 3289 ad
2967 3249 3173 3289 omnes
3223 3232 3283 3287 in
3317 3245 3633 3288 commune

225 3317 398 3394 cipis,
431 3321 681 3377 debebat
710 3321 898 3379 dicere
929 3341 942 3379 :
978 3324 1155 3380 Miser
1184 3341 1288 3397 ego
1327 3331 1616 3396 peccator,
1647 3331 1704 3382 et
1733 3344 1872 3393 non,
1905 3312 1948 3378 C
1988 3322 2336 3394 pertineant.
2388 3323 2450 3376 In
2515 3321 2810 3378 tricesimo
2860 3322 3048 3394 primo
3105 3320 3330 3393 psalmo
3380 3321 3541 3391 (vers.
3571 3321 3632 3389 5)

223 3413 400 3466 miser
422 3426 516 3483 ego
548 3411 724 3481 homo,
781 3412 961 3469 llomo
1002 3415 1218 3486 quippe
1269 3420 1488 3470 naturae
1529 3421 1638 3484 est,
1674 3434 1874 3488 pecca-

226 3501 324 3558 tor
343 3499 684 3558 voluntatis.
717 3500 839 3557 Nisi
888 3501 1033 3557 forte
1064 3508 1121 3559 et
1161 3502 1328 3572 illud,
1384 3505 1537 3576 quod
1590 3505 1871 3577 scriptum

223 3592 317 3646 est
348 3607 360 3645 :
399 3589 618 3646 Vanitas
643 3592 958 3645 vanitatum
995 3597 1047 3646 et
1075 3592 1270 3648 omnia
1309 3595 1523 3649 vanitas
1580 3595 1775 3662 (Eccle.
1835 3613 1873 3662 ι,

224 3679 305 3752 2),
339 3679 413 3734 ad
443 3681 772 3752 peccatores
804 3680 1072 3745 refertur,
1106 3684 1161 3736 et
1198 3699 1310 3737 non
1345 3683 1415 3738 ad
1449 3699 1655 3738 omnes
1686 3683 1878 3740 homi-

226 3784 355 3825 nes.
385 3767 457 3823 Et
486 3766 699 3824 iterum
732 3784 743 3823 :
779 3789 806 3817 «
840 3771 1258 3826 Verumtamen
1292 3771 1350 3826 in
1375 3771 1630 3843 imagine
1652 3790 1878 3846 peram-

224 3856 472 3914 bulabat
506 3873 519 3912 :
550 3857 573 3891 ³
604 3856 781 3912 homo
810 3859 985 3926 (Psal.
1014 3877 1247 3915 xxxvm.
1279 3861 1334 3927 4)
1370 3878 1383 3927 ;
1420 3883 1448 3909 ››
1497 3878 1563 3916 ac
1620 3862 1829 3918 deinde
1862 3878 1875 3916 :

225 3969 254 3998 ‹‹
291 3946 478 4003 Homo
506 3946 751 4002 vanitati
800 3947 1164 4003 assimilatas
1214 3953 1335 4014 est,
1390 3950 1514 4006 dies
1557 3952 1685 4021 ejus
1724 3951 1882 4006 velut

226 4036 441 4094 umbra
463 4039 875 4108 pertranseunt
907 4039 1080 4110 (Psat.
1113 4055 1306 4107 axem,
1329 4040 1403 4109 5).
1433 4062 1460 4089 »
1493 4039 1548 4094 Si
1579 4041 1689 4096 hoc
1718 4041 1880 4097 Pauli

229 4123 570 4183 testimonio
605 4142 722 4181 non
774 4127 1047 4198 moveris,
1089 4127 1224 4183 audi
1279 4127 1435 4183 aliud
1490 4129 1756 4200 ejusdem
1788 4131 1881 4185 cui

233 4214 634 4272 contradicere
662 4232 778 4271 non
813 4219 976 4288 potes
1013 4234 1024 4272 :
1061 4239 1090 4267 «
1122 4215 1437 4272 Nihilmihi
1461 4219 1880 4274 consciussum

230 4308 290 4362 et
321 4304 576 4361 caetera3
620 4306 669 4376 (Ι
717 4305 836 4361 Cor.
890 4323 965 4372 iv,
1016 4307 1090 4378 4).
1142 4327 1170 4355 »
1219 4306 1382 4376 Mire,
1432 4323 1538 4362 nec
1590 4307 1883 4380 meipsum

219 4392 432 4468 judico
467 4412 480 4450 :
514 4392 660 4450 nihil
696 4393 838 4450 mihi
874 4395 1143 4451 conscius
1176 4411 1331 4461 sum,
1364 4411 1468 4450 nec
1501 4399 1697 4452 tamen
1735 4399 1885 4454 744

231 4484 295 4539 in
330 4482 826 4554 hocjustificatus
859 4499 1011 4539 sum.
1051 4483 1157 4548 Qui
1205 4483 1313 4540 hoc
1363 4483 1612 4553 dicebat,
1667 4485 1888 4541 nullius

233 4573 448 4644 utique
477 4572 700 4644 peccati
732 4571 842 4628 sibi
875 4573 1147 4629 conscius
1193 4577 1335 4630 erat.
1382 4575 1491 4630 Sed
1544 4574 1683 4647 quia
1733 4575 1886 4648 lege-

1987 3411 2271 3483 seriptum
2296 3416 2384 3467 est
2418 3429 2429 3466 :
2461 3434 2486 3461 «
2540 3412 2688 3478 Dixi,
2726 3411 3117 3484 pronuntiabo
3176 3411 3488 3466 adversum
3535 3425 3628 3465 me

1987 3499 2338 3570 injustitiam
2371 3517 2562 3556 meam
2597 3500 2930 3568 Domino,et
2957 3505 3020 3556 tu
3053 3498 3334 3557 dimisisti
3364 3499 3634 3570 impieta-

1989 3592 2106 3644 tem
2165 3589 2359 3645 cordis
2413 3590 2547 3645 mei.
2611 3612 2638 3638 »
2695 3590 3023 3661 Statimque
3075 3589 3341 3660 sequitur
3393 3605 3405 3643 ε
3459 3610 3488 3638 ‹‹
3520 3590 3631 3643 Pro

1988 3676 2118 3746 hac,
2156 3701 2183 3726 ››
2234 3677 2343 3734 hoc
2401 3682 2490 3733 est
2528 3678 2831 3751 impietate
2875 3678 2992 3733 sive
3037 3675 3343 3748 iniquitate
3382 3676 3636 3745 (utrum-

1989 3783 2102 3838 que
2134 3766 2290 3823 enim
2324 3766 2573 3840 intelligi
2623 3769 2858 3839 potest),
2901 3790 2929 3816 «
2980 3765 3170 3822 orabit
3219 3764 3290 3819 ad
3339 3767 3396 3818 te
3443 3761 3654 3818 omnis“

1991 3859 2230 3912 sanctus
2255 3855 2314 3910 in
2342 3860 2602 3927 tempore
2633 3854 3131 3928 opportunoUbid.
3165 3855 3279 3923 6).»
3311 3851 3369 3907 Si
3399 3853 3640 3906 sanctus

1991 3951 2100 4011 est,
2131 3945 2426 4016 quomodo
2457 3949 2582 4000 orat
2604 3962 2707 4016 pro
2755 3945 3062 4016 iniquitate
3090 3942 3118 3996 Ἰ
3149 3941 3207 3998 Si
3258 3940 3629 4012 iniquitatem

1992 4035 2314 4105 habet,qua
2343 4033 2566 4089 ratione
2597 4039 2835 4089 sanctus
2865 4031 3237 4104 appellatur?
3265 4031 3441 4087 Juxta
3463 4028 3637 4084 illum

1992 4122 2262 4179 videlicet
2292 4123 2558 4189 modum,
2607 4124 2708 4194 qui
2741 4128 2797 4179 et
2850 4122 2912 4177 in
2968 4121 3080 4177 alio
3138 4120 3263 4178 loco
3319 4118 3636 4176 scribitur:

1995 4235 2021 4260 ‹‹
2083 4211 2309 4284 Septies
2368 4212 2534 4267 cadet
2591 4212 2695 4282 (At.
2756 4211 2930 4281 cadit)
2981 4211 3205 4282 justus,
3267 4213 3323 4265 et
3376 4210 3641 4281 resurget

2001 4303 2181 4372 (Prov.
2215 4318 2365 4369 xxxv,
2400 4301 2510 4372 46).
2566 4323 2592 4350 ››
2626 4303 2711 4370 Et,
2781 4325 2800 4349 α
2862 4301 3071 4357 Justus
3129 4300 3277 4356 745
3333 4301 3642 4356 accusator

1999 4391 2088 4446 sui
2118 4394 2208 4446 est
2238 4389 2296 4445 in
2347 4389 2637 4463 principio
2692 4390 2980 4448 sermonis
3024 4394 3212 4460 (Prov.
3236 4405 3393 4444 xvm.
3450 4387 3558 4459 47).
3612 4408 3640 4436 ››

1998 4481 2069 4536 Et
2097 4480 2244 4537 alias
2278 4497 2290 4535 :
2327 4502 2353 4529 α
2386 4479 2632 4536 Alienati
2663 4483 2772 4551 (Al.
2817 4479 3150 4550 abalienati)
3194 4483 3334 4534 sunt
3380 4479 3642 4550 peccato-

1999 4588 2091 4627 res
2124 4589 2158 4626 a
2188 4570 2380 4636 vulva,
2415 4575 2756 4626 erraverunt
2787 4571 2859 4626 ab
2891 4574 3074 4639 utero,
3106 4567 3286 4624 locuti
3317 4569 3456 4623 sunt
3498 4563 3660 4621 falsa

237 4666 332 4720 rat
352 4671 378 4718 ‘:
419 4682 448 4711 ‹‹
478 4661 702 4719 Delicta
733 4662 871 4747 quis
901 4661 1179 4736 intelligit
1209 4663 1381 4734 (Psat.
1414 4681 1575 4733 xvm,
1615 4665 1706 4734 43)
1735 4665 1763 4720 ?
1793 4671 1886 4722 et:
1923 4687 1969 4752 D
2001 4660 2171 4732 (Psat.
2202 4676 2333 4725 LVII,
2367 4660 2438 4730 4).
2476 4681 2505 4708 »
2552 4659 2654 4716 Vel
2703 4660 2904 4716 statim
2959 4662 3024 4714 ut
3071 4657 3195 4714 nati
3246 4658 3405 4724 sunt,
3446 4652 3646 4725 subja-

313 4913 332 4948 ί
368 4909 663 4968 Victorius
691 4912 868 4984 multa
896 4915 1224 4984 cogitantem
1271 4930 1338 4969 ex
1387 4914 1676 4972 Brixianis
1725 4918 1892 4973 codd.

240 4991 300 5042 et
322 4984 529 5060 Graeco
559 4986 682 5037 νοῦν
715 4981 1143 5060 πο-λρφρόντιδα,
1176 4991 1239 5040 ut
1268 4984 1392 5060 ipse
1422 4986 1690 5059 explicat.

316 5057 340 5131 ξ
383 5055 629 5131 Vatican
677 5060 734 5131 et
777 5055 1068 5131 Victorius
1113 5055 1412 5128 pertransit
1457 5055 1602 5131 cum,
1648 5059 1901 5131 Vulgata

243 5128 456 5214 aditet
476 5127 672 5186 Grazco
697 5124 1411 5204 διαπορεύεται.ΕΡᾶεωυῐΙ1
1445 5130 1713 5203 sequitur
1752 5124 1901 5188 Mar-

252 5205 704 5343 ωξῃῐῗιῃιῗξςὶιιεε
726 5289 836 5329 ms.
870 5276 928 5329 et
959 5273 1130 5328 veteri
1179 5271 1430 5329 editione
1475 5273 1709 5329 additur
1754 5293 1902 5332 reco-

269 5342 436 5400 lenda
468 5342 602 5400 dicit
653 5346 986 5400 testimonia.
1018 5344 1084 5400 In
1138 5343 1251 5400 alio
1304 5351 1437 5400 aute
1486 5345 1768 5403 Vaticano
1823 5348 1903 5403 sic

251 5415 513 5501 nectitur
545 5414 925 5501 l‘ocus,lNihil
972 5416 1119 5500 mihi
1174 5419 1417 5501 conscius
1464 5434 1606 5480 sum,
1666 5435 1764 5474 nec
1819 5436 1906 5474 me

251 5491 440 5562 ipsum
460 5486 676 5560 judico,
702 5492 833 5554 etc.,
868 5488 1105 5544 omissis
1139 5504 1268 5560 quis
1298 5487 1747 5545 interseruntur.

322 5562 356 5634 ﬁ
381 5560 656 5634 Fortasse
685 5559 880 5616 verius
911 5560 1096 5617 Vatic.
1126 5562 1390 5634 puritatis
1421 5559 1572 5634 legit,
1618 5579 1722 5633 pro
1764 5565 1903 5617 veri-

252 5631 402 5690 tatis.
437 5631 570 5688 Mox
600 5634 794 5706 autem
827 5649 930 5705 pro
961 5631 1391 5706 Agagfnomine,
1427 5631 1587 5706 quod?
1615 5631 1907 5706 reprosui-

257 5721 393 5778 mus
423 5719 464 5778 eg
505 5720 676 5778 mea,
723 5703 1007 5778 hactenus
1077 5703 1461 5772 Obtinuerat,’
1499 5703 1694 5761 Achan
1741 5708 1911 5778 cujus

255 5775 508 5839 historia
535 5775 633 5835 hic
655 5775 899 5836 minime
930 5777 1002 5835 ad
1035 5793 1160 5836 rem
1193 5781 1301 5847 est,
1337 5780 1557 5848 contra,
1585 5777 1687 5838 illa
1713 5775 1908 5838 Saulis

2006 4917 2062 4968 et
2090 4914 2272 4986 Agag,
2304 4927 2481 4986 quam
2514 4912 2708 4986 repete
2738 4925 2807 4986 ex
2849 4907 2871 4964 Ι
2904 4907 3128 4979 Regum
3186 4921 3313 4976 cap.
3364 4919 3457 4972 xv,
3505 4899 3652 4958 satis

2007 4983 2484 5058 beneproposito
2515 4983 2783 5058 quadrat.
2932 5055 2969 5058 __
3173 5051 3182 5058 _
3256 5055 3264 5058 _
3423 5045 3467 5058 ._
3619 5044 3660 5058 ,,

2079 5058 2098 5090 ⁵
2129 5044 2314 5111 Vatic..
2348 5044 2600 5110 concedes
2630 5059 2686 5109 et
2733 5069 2866 5109 mox
2922 5055 3043 5110 Non
3097 5051 3282 5121 potest,
3335 5045 3468 5119 quid
3518 5044 3656 5100 mali

2011 5132 2219 5185 locutus
2247 5145 2388 5194 sum,
2423 5131 2530 5181 etc.
2867 5195 2875 5198 _
3539 5187 3576 5198 ,,

2083 5202 2103 5234 δ
2136 5187 2508 5272 Βθείηεεἰιιε,
2545 5195 2880 5272 eum_veteri_
2910 5193 3473 5272 editione,_nec.non
3501 5187 3658 5272 aliUs

2013 5262 2380 5345 Corbeiénsi‘s
2438 5262 2612 5342 penrs
2672 5266 3102 5345 Benedictinos,
3185 5264 3402 5319 Etenim
3457 5262 3658 5345 absque

2013 5346 2166 5408 vitio,
2219 5343 2359 5414 quod
2418 5334 2614 5399 Graece
2668 5341 2877 5395 dicitur
2932 5337 3334 5416 ἀναμάρτητον,
3392 5334 3498 5416 sati
3555 5334 3659 5388 Deo

2015 5410 2286 5486 competit,
2323 5417 2605 5484 omnisque
2635 5419 2907 5472 creatura,
2939 5410 3346 5486 elc.,_omissi_s_
3389 5410 3662 5486 interme-

2016 5478 2343 5552 diis'mzéz,
2377 5478 2654 5540 hominem
2683 5499 2838 5555 posse
2865 5482 3122 5555 esse_ai0
3151 5485 3235 5555 _et
3291 5478 3346 5533 id
3404 5482 3482 5555 est
3539 5479 3662 5555 sine

2016 5567 2232 5630 peccato
2259 5575 2400 5632 esse,
2463 5573 2595 5632 nego
2655 5551 2736 5632 at
2769 5556 2936 5632 enim.
2993 5551 3662 5632 Recolie‘per‘vulgatam

2019 5622 2370 5687 sententiam
2401 5633 2453 5678 Ὀ
2489 5622 2652 5699 μῖὃνος
2715 5625 3096 5698 ἀναμάρτητος
3147 5622 3298 5692 Θεὸὰ,
3338 5622 3500 5680 Solus
3543 5623 3666 5677 sine

2015 5705 2231 5774 peccato
2260 5705 2402 5758 Deus
2431 5709 2525 5758 est.
