3996 6382
273 319 395 437 56a
430 406 435 417 ἢ

1525 326 1592 392 S.
1636 323 1947 392 EUSEBII
1991 318 2432 391 HIERONYMI

3563 316 3685 401 564.

276 477 450 520 cuero
504 465 741 535 peccato
799 463 859 519 in
916 463 1368 521 similitudinem
1431 462 1922 536 praevaricationis
1952 463 2009 530 Α
2036 461 2148 533 31).
2186 483 2215 511 ››
2247 462 2317 516 Et
2349 478 2361 517 :
2397 484 2426 511 «
2453 458 2513 516 Si
2542 457 2720 533 impie
2748 474 2944 533 egero,
2974 475 3057 515 va
3087 455 3234 514 mihi
3266 454 3401 530 (Job.
3432 469 3492 524 x,
3527 454 3681 527 15).-

277 551 438 621 Adae,
466 554 567 624 qui
601 558 689 608 est
716 554 904 608 forma
935 553 1116 609 futuri
1145 572 1158 619 ;
1190 554 1278 609 vel
1310 557 1463 609 certe
1517 552 1718 608 statim
1763 554 1829 606 ut
1859 551 1929 606 de

280 649 444 698 utero
476 642 745 713 virginali
777 646 949 698 natus
981 648 1069 698 est
1100 643 1366 697 Christus
1397 643 1466 696 de
1496 658 1610 712 quo
1641 639 1929 712 scriptum

287 736 376 786 est
405 754 431 780 ‹‹
466 732 669 786 Omnis
698 732 798 802 qui
856 731 1045 803 aperit
1100 732 1332 787 vulvam
1392 734 1633 786 sanctus
1683 730 1929 784 Domino

284 820 587 876 vocabitur
612 820 810 891 (Exod.
845 839 968 889 xm,
998 825 1033 875 2
1067 840 1080 888 ;
1112 838 1299 888 xxxw,
1340 820 1426 877 19)
1463 838 1475 888 ;
1517 843 1536 869 ι»
1574 834 1779 874 omnes
1811 818 1928 873 hae-

283 908 445 964 retici
479 913 838 975 erraverunt,
871 927 984 965 non
1018 910 1409 981 intelligentes
1452 907 1793 980 mysterium
1825 923 1927 961 na-

281 997 523 1053 tivitatis
554 999 702 1068 ejus.
734 998 1036 1069 Magisque
1084 999 1155 1053 ad
1210 998 1521 1069 specialem
1571 996 1930 1051 nativitatem

282 1086 624 1151 Salvatoris,
685 1103 863 1158 quam
924 1088 995 1142 ad
1054 1089 1316 1142 omnium
1364 1086 1672 1141 hominum
1731 1083 1931 1140 referri

283 1179 482 1247 potest
529 1176 639 1230 hoc
672 1176 825 1247 quod
884 1175 1113 1243 dicitur,
1176 1197 1204 1224 «
1273 1175 1378 1240 Qui
1437 1174 1626 1246 aperit
1675 1172 1928 1240 vulvam,

288 1267 535 1320 sanctus
566 1264 873 1319 vocabitur
902 1264 1169 1320 Domino.
1208 1287 1229 1313 ιο
1267 1266 1437 1319 Solus
1465 1265 1622 1319 enim
1660 1261 1931 1319 Christus

285 1352 519 1408 clausas
551 1356 747 1423 portas
774 1352 956 1407 vulva:
981 1352 1332 1424 virginitatis
1363 1352 1590 1424 aperuit
1643 1354 1817 1423 ‘,quae
1850 1355 1931 1405 ta-

286 1457 424 1496 men
458 1440 666 1495 clausze
692 1441 913 1512 jugiter
944 1446 1411 1512 permanserunt.
1447 1441 1574 1495 Haec
1623 1445 1715 1495 est
1766 1444 1933 1511 pozta

286 1528 592 1586 orientalis
609 1528 939 1602 clausa,per
952 1547 1130 1602 quam
1145 1530 1305 1585 solus
1330 1529 1589 1586 Pontifex
1610 1528 1935 1601 ingreditur

285 1622 345 1673 et
374 1616 688 1688 egreditur,
741 1622 798 1671 et
827 1616 1212 1672 nihilominus
1270 1634 1510 1689 sempur
1567 1616 1768 1672 clausa
1822 1620 1928 1671 est.

288 1705 440 1761 Illud
474 1721 707 1776 quoque
738 1706 893 1776 quod
919 1705 978 1760 in
1010 1706 1309 1762 volumine
1337 1706 1445 1761 Job
1478 1706 1764 1777 scriptum
1796 1709 1884 1761 est
1916 1722 1927 1758 :

295 1817 325 1844 «
357 1793 633 1865 Nunquid
661 1796 921 1849 mundus
952 1795 1062 1849 erit
1091 1795 1264 1850 homo
1296 1811 1491 1850 coram
1542 1799 1678 1863 Deo,
1726 1798 1827 1849 aut
1873 1793 1932 1848 in

289 1882 566 1954 operibus
597 1882 720 1937 suis
752 1882 1282 1954 irreprehensibilis
1339 1884 1427 1939 vir
1454 1883 1482 1938 ?
1540 1884 1601 1939 Si
1652 1884 1933 1939 adversus

292 1970 547 2027 ia‘mulos
580 1988 719 2026 suos
753 1988 865 2026 non
900 1972 1165 2040 credit,et
1193 1976 1396 2027 contra
1423 1971 1662 2044 angelos
1692 1988 1934 2044 pravum

291 2059 437 2130 quid
468 2060 685 2129 reperit
717 2063 973 2130 ;quanto
1023 2060 1213 2132 magis
1242 2061 1302 2114 in
1334 2060 1449 2127 his,
1510 2061 1610 2131 qui
1668 2059 1938 2116 habitant

303 2148 510 2203 domos
541 2146 728 2203 luteas
760 2147 895 2219 (Job.
927 2165 1001 2216 1v,
1053 2149 1239 2217 17-49)
1275 2150 1286 2202 ε
1320 2170 1346 2197 ››
1380 2166 1409 2204 e
1458 2149 1674 2220 quibus
1725 2153 1782 2204 et
1830 2165 1937 2204 nos

292 2236 364 2291 de
397 2236 601 2291 eodem
633 2236 755 2291 luto
787 2252 1018 2291 sumus.
1061 2237 1220 2300 Quod
1256 2236 1305 2293 si
1338 2237 1659 2293 asserueris
1681 2237 1790 2293 hoc
1822 2236 1936 2291 dici

288 2342 358 2382 ex
387 2341 639 2397 persona
670 2325 906 2396 Eliphas
931 2325 1313 2395 Themanitaa,
1372 2325 1634 2399 intelligo
1691 2344 1807 2382 non
1864 2328 1936 2382 ab

286 2431 354 2470 eo
386 2414 540 2481 dici;
575 2414 675 2468 sed
710 2414 781 2469 ab
815 2415 932 2481 illo,
966 2416 1067 2486 qui
1098 2416 1208 2471 sub
1240 2432 1490 2488 persona
1529 2414 1717 2487 angeli
1762 2415 1822 2469 in
1853 2415 1938 2469 vi-

288 2502 454 2558 sione
484 2507 539 2558 et
564 2502 911 2559 revclatione
942 2503 1204 2575 loquitur
1234 2505 1284 2559 ei
1325 2504 1649 2560 sententias
1681 2503 1800 2560 Dei.
1826 2503 1936 2559 Sed

288 2594 414 2646 esto
446 2595 511 2644 ut
539 2590 816 2661 loquatur
844 2591 1102 2662 Eliphas,
1135 2593 1290 2663 quod
1342 2592 1646 2663 perspicue
1695 2589 1939 2663 angelus

287 2677 574 2749 loquitur,
605 2678 872 2748 nunquid
906 2696 1020 2734 non
1053 2680 1160 2735 hoc
1190 2697 1259 2735 ex
1287 2697 1537 2751 persona
1562 2680 1674 2735 Job
1709 2679 1939 2750 proprie

289 2766 507 2821 dicitur
541 2782 553 2819 :
588 2787 615 2813 ››
649 2766 916 2823 Tentatio
946 2773 1034 2822 est
1060 2768 1180 2823 vita
1209 2768 1467 2824 hominis
1500 2785 1676 2840 super
1723 2773 1939 2823 terram

296 2854 436 2926 (Job.
468 2853 632 2925 vini)
660 2854 688 2907 ?
718 2876 745 2903 n
780 2855 849 2909 Et
882 2872 893 2909 :
927 2876 953 2903 ‹‹
984 2855 1040 2909 Si
1074 2872 1208 2927 ergo
1239 2855 1491 2928 peccavi,
1524 2855 1663 2927 quid
1697 2872 1940 2928 possum

299 2945 489 2999 facere
538 2943 679 3009 (Ibid
728 2946 815 3011 ‘20)
844 2944 872 2997 ‘2
905 2966 932 2993 ››
966 2944 1074 2998 Et:
1110 2968 1135 2993 ‹‹
1170 2944 1357 3007 Quare
1417 2944 1633 2999 oblitus
1691 2961 1773 3011 es,
1836 2961 1939 2999 nec

289 3030 475 3085 fecisti
509 3031 834 3102 iniquitatis
866 3049 1006 3086 meae
1054 3032 1401 3087 oblivionem
1462 3033 1517 3087 et
1573 3032 1940 3088 emundatio-

293 3137 428 3176 nem
452 3122 670 3191 peccati
696 3122 807 3176 mei
828 3122 855 3175 ?
878 3122 1177 3187 Quomodo
1199 3122 1356 3176 enim
1376 3126 1566 3194 potest
1587 3138 1715 3179 esse
1739 3122 1942 3193 justus

2039 552 2109 606 Et
2138 570 2156 606 :
2194 571 2215 600 ι
2242 551 2302 606 Si
2336 552 2496 606 fuero
2518 551 2865 621 justus,non
2897 553 3097 621 potero
3129 547 3439 619 respirare.
3475 543 3686 601 Plenus

2040 639 2194 695 enim
2253 656 2356 712 ego
2414 655 2545 694 sum
2602 638 2937 711 ignominia:
2995 636 3200 709 (Ibid).
3260 658 3287 685 »
3319 635 3391 690 Et
3420 634 3683 690 iterum:

2043 750 2071 779 «
2101 729 2243 793 Quis
2272 728 2427 784 enim
2459 728 2570 784 erit
2599 728 2860 783 mundus
2887 744 2920 783 a
2950 727 3121 782 sorde
3149 726 3176 780 ?
3206 725 3288 781 Ne
3336 740 3494 779 unus
3545 722 3675 795 qui-

2039 818 2193 884 dem,
2226 817 2405 872 etiam
2435 817 2486 871 si
2538 815 2716 872 unius
2765 814 2878 872 diei
2937 815 3113 870 fuerit
3158 814 3279 869 vita
3323 815 3451 885 ejus
3511 827 3691 885 super

2036 910 2275 973 terram,
2309 910 2367 961 et
2396 904 2792 961 numerabiles
2825 920 3057 959 menses
3088 902 3249 958 illius
3280 902 3417 974 (Job.
3448 919 3565 970 xw,
3619 902 3673 967 4,

2036 996 2073 1051 5
2105 1013 2117 1064 ;
2145 1012 2237 1063 xv,
2272 995 2382 1063 14).
2422 1017 2442 1042 ι»
2471 995 2632 1060 Quod
2665 994 2715 1049 si
2759 993 2972 1049 dixeris
3020 1008 3342 1065 pronomen
3369 992 3510 1063 quis,
3560 980 3679 1045 non

2040 1100 2144 1156 pro
2176 1082 2548 1155 impossibili,
2582 1083 2681 1138 sed
2715 1082 3008 1137 interdum
3040 1098 3145 1154 pro
3191 1079 3420 1135 difﬁcili
3477 1077 3686 1150 accipi,

2040 1172 2403 1244 respondebo
2435 1172 2568 1228 tibi:
2622 1172 2690 1227 Et
2749 1172 2847 1226 ubi
2880 1176 2969 1228 est
3026 1170 3191 1237 illud,
3254 1170 3410 1241 quod
3467 1173 3689 1224 temere

2039 1261 2354 1334 protulisti,
2389 1260 2661 1316 «Facilia
2717 1262 2813 1316 Dei
2873 1277 3001 1316 esse
3053 1259 3349 1327 mandata,
3414 1280 3443 1309 ››
3504 1261 3563 1313 et
3619 1272 3689 1312 ea

2041 1350 2209 1407 facile
2237 1366 2409 1422 posse
2439 1349 2718 1423 compleri
2745 1350 2772 1403 Ἰ
2810 1349 3037 1405 dicente
3068 1349 3369 1420 Scriptura
3398 1366 3415 1401 :
3448 1346 3587 1400 «Vir
3627 1344 3687 1401 in

2041 1440 2236 1495 dolore
2266 1438 2533 1494 laborat3
2591 1439 2725 1507 sibi,
2759 1442 2816 1493 et
2858 1438 2975 1493 vim
3019 1437 3157 1493 facit
3204 1435 3521 1508 perditioni
3565 1451 3684 1491 suae

2042 1530 2225 1600 (Prov.
2258 1546 2373 1594 xvx,
2406 1528 2496 1595 36,
2541 1544 2631 1583 sec
2686 1530 2853 1598 LXX),
2913 1531 2979 1583 ut
3032 1542 3315 1599 oppressa
3363 1528 3421 1580 et
3473 1523 3688 1595 subju-
3740 1600 3747 1605 1

2043 1621 2180 1689 gata
2200 1621 2258 1672 et
2286 1617 2572 1673 moriente
2604 1633 2801 1682 carne,
2830 1616 2984 1671 vivat
3013 1615 3073 1670 in
3113 1631 3179 1670 eo
3227 1614 3491 1686 spiritus.
3528 1611 3691 1667 Ridi-

2043 1705 2355 1778 culamque
2385 1704 2547 1761 illam
2578 1704 2997 1777 expositionem
3015 1702 3427 1760 Demosthenis
3454 1701 3633 1757 vestri
3650 1703 3691 1768 ⁴,
3748 1774 3752 1783 ι

2043 1811 2160 1849 non
2192 1794 2407 1850 dixisse
2435 1794 2544 1849 Job
2579 1811 2591 1847 :
2627 1816 2655 1843 ‹‹
2687 1792 2828 1859 Quis
2860 1792 2970 1847 erit
2998 1792 3258 1847 mundus
3292 1808 3325 1847 a
3355 1793 3593 1862 peccato
3628 1807 3692 1845 ε»

2046 1884 2149 1940 sed
2181 1906 2209 1933 «
2243 1884 2376 1955 quis
2406 1882 2517 1937 erit
2547 1883 2806 1937 mundus
2854 1898 2888 1937 a
2919 1881 3109 1949 sorde,
3154 1902 3181 1931 »
3229 1883 3527 1952 praetereo,
3578 1894 3697 1949 qua

2046 1973 2293 2044 probare
2358 1975 2621 2034 conatur,
2699 1971 2902 2026 sordes
2977 1984 3307 2042 pannorum
3376 1965 3695 2041 signiﬁcari
3772 2004 3775 2007 »

2043 2061 2105 2117 in
2137 2060 2407 2129 infantia,
2452 2077 2567 2115 non
2597 2060 2739 2115 vitia
2758 2063 3153 2132 peccatorum.
3176 2061 3293 2113 Aut
3313 2062 3467 2114 certe
3497 2057 3548 2113 si
3579 2072 3694 2112 non
3748 2118 3751 2125 ,

2046 2149 2132 2206 sic
2163 2147 2462 2222 intelligit,
2494 2148 2666 2204 dicite
2707 2166 2810 2205 vos
2868 2148 3013 2219 quid
3071 2146 3306 2204 sentiat.
3337 2147 3484 2202 Tam
3535 2144 3695 2201 enim

2046 2238 2344 2294 involutus
2375 2238 2560 2293 dictor
2590 2242 2679 2293 est
2707 2239 2750 2306 ⁵,
2782 2242 2839 2292 et
2867 2236 3049 2292 nimio
3079 2235 3391 2291 verborum
3423 2232 3696 2306 squalore

2048 2331 2379 2398 coopertus,
2410 2330 2476 2382 ut
2506 2326 2900 2399 suspicionem
2933 2324 3123 2398 magis
3156 2340 3333 2396 quam
3364 2321 3695 2394 intelligen-
3756 2386 3759 2387 ν

2047 2416 2191 2472 tiam
2216 2415 2414 2471 lectori
2432 2416 2797 2488 prebeatAd
2818 2418 3142 2471 extremum
3164 2412 3340 2468 infert
3366 2430 3379 2467 :
3419 2434 3439 2461 α
3460 2412 3579 2484 Ego
3598 2427 3698 2466 au-

2047 2510 2166 2560 tem
2200 2505 2272 2560 ad
2304 2505 2426 2560 haec
2457 2504 2597 2576 quid
2627 2504 2990 2576 respondebo
3021 2503 3048 2558 ?
3072 2506 3307 2558 Manum
3359 2516 3551 2556 meam
3598 2515 3697 2571 po-

2049 2608 2184 2649 nam
2218 2610 2397 2664 super
2424 2610 2488 2648 os
2510 2591 2922 2657 meum,semel
2940 2593 3173 2648 locutus
3195 2590 3413 2657 sum,in
3439 2588 3697 2645 secundo
3758 2666 3761 2669 Α

2048 2698 2168 2737 non
2213 2681 2426 2736 addam
2473 2681 2608 2752 (Job.
2667 2698 2861 2750 xxxrx,
2920 2681 3031 2751 34).
3068 2703 3094 2730 ››
3126 2681 3271 2736 Ecce
3326 2679 3436 2736 Job
3496 2680 3699 2734 noster

2047 2770 2137 2826 vir
2166 2771 2187 2804 ⁶
2217 2768 2638 2825 immaculatus
2667 2774 2725 2825 et
2763 2771 2989 2841 justus,
3042 2773 3100 2824 et
3147 2767 3273 2823 sine
3329 2765 3584 2838 querela,
3644 2769 3703 2820 et

2050 2857 2355 2913 abstinens
2387 2874 2450 2913 se
2480 2856 2552 2914 ab
2584 2858 2742 2913 omni
2771 2858 2949 2926 malo,
2981 2856 3142 2929 quali
3173 2857 3288 2911 ﬁne
3309 2855 3556 2928 justitize
3602 2870 3700 2912 co-

2050 2951 2317 3014 ronatus,
2352 2951 2417 3001 ut
2448 2946 2854 3003 misericordia
2882 2946 2982 3002 Dei
3014 2945 3274 3018 indigeat
3303 2944 3331 2999 ?
3362 2943 3480 2998 Hoc
3512 2946 3601 2999 est
3630 2942 3700 2997 il-

2049 3034 2337 3107 lud,quod
2368 3036 2428 3091 in
2458 3035 2782 3092 Proverbiis
2803 3035 3055 3107 legimus
3085 3052 3096 3090 :
3127 3057 3154 3083 ‹‹
3185 3032 3325 3100 Quis
3347 3032 3700 3106 gloriabitur
3726 3097 3731 3100 μ

2052 3129 2283 3180 castum
2314 3141 2377 3180 se
2405 3124 2619 3181 habere
2650 3141 2749 3180 cor
2778 3124 2805 3179 ?
2835 3126 2950 3179 Aut
2980 3121 3112 3194 quis
3144 3122 3398 3178 conﬁdet
3436 3138 3499 3177 se
3531 3138 3702 3176 mun-

300 3210 479 3265 homo
513 3227 690 3282 super
720 3215 933 3265 terram
970 3211 1123 3282 apud
1172 3212 1355 3266 Deum
1409 3211 1567 3280 (Ibid.
1625 3211 1716 3279 2i)
1751 3216 1773 3266 Ρ
1802 3234 1823 3260 υ
1877 3213 1945 3267 Et
1974 3201 2017 3269 C
2056 3211 2198 3266 dum
2230 3226 2359 3267 esse
2390 3228 2424 3266 a
2458 3216 2693 3284 peccato
2727 3212 2909 3284 (Prov.
2951 3228 3044 3279 xx,
3077 3211 3132 3281 9)
3163 3209 3192 3266 ?
3222 3231 3250 3261 »
3284 3210 3395 3266 Fac
3441 3209 3597 3281 quod
3647 3212 3705 3264 et

296 3296 516 3352 iterum
553 3316 564 3352 :
599 3321 627 3346 ‹‹
664 3299 721 3352 Si
757 3302 921 3353 fuero
958 3301 1180 3369 justus,
1244 3317 1357 3354 non
1416 3301 1615 3355 audiet
1670 3315 1763 3354 me
1796 3317 1809 3368 ;
1842 3300 1945 3355 sed

288 3384 525 3456 judicio
558 3387 686 3455 ejus
727 3388 998 3459 indigebo
1030 3389 1143 3460 (Job
1175 3406 1249 3456 1x,
1309 3390 1399 3455 45,
1458 3389 1569 3460 46).
1632 3410 1659 3438 ››
1695 3390 1848 3444 746
1881 3389 1947 3444 Et

302 3490 539 3529 rursum
573 3491 586 3528 :
624 3497 651 3524 ‹‹
688 3476 835 3541 Quia
865 3494 995 3531 sum
1030 3478 1271 3548 impius,
1307 3494 1411 3532 cur
1441 3477 1660 3534 frustra
1688 3476 1890 3533 laboro
1920 3478 1943 3532 ?

298 3562 358 3617 Si
391 3561 547 3618 lotus
578 3563 740 3619 fuero
767 3566 895 3620 nive
927 3570 983 3620 et
1003 3567 1243 3621 mundis
1275 3567 1550 3621 manibus
1582 3568 1621 3633 ²,
1676 3566 1819 3622 satis
1851 3582 1943 3620 me

304 3652 478 3707 sorde
528 3653 776 3709 tinxisti.
810 3655 863 3709 Si
898 3672 1206 3726 peccavero
1239 3654 1533 3710 custodies
1562 3671 1674 3710 me.
1707 3655 1791 3709 Ah
1829 3654 1945 3708 ini-

297 3739 522 3811 quitate
554 3746 749 3798 autem
782 3759 875 3798 me
905 3761 1020 3799 non
1053 3744 1226 3799 facies
1257 3743 1627 3799 innocentem
1660 3742 1817 3813 (Ibid.
1850 3744 1943 3796 29-

366 3938 383 3971 ¹
415 3937 659 4009 Οριὶῑηλγι
686 3939 921 3993 Patrum
949 3942 1073 3993 tum
1100 3941 1431 4009 Graecorum
1455 3938 1937 3993 tumLatinorum

285 4008 490 4077 partis,
524 4015 579 4063 et
610 4010 879 4079 Ephesini
908 4016 1190 4079 prmterea
1220 4008 1459 4064 Concilii
1491 4010 1789 4064 decretum
1823 4016 1930 4078 est,

281 4086 564 4152 perpetuo
577 4079 1143 4152 catholiczeEcclesize
1157 4098 1445 4135 consensu
1462 4081 1931 4152 comprobatum,

278 4154 337 4223 et
364 4149 682 4223 Ezechielis
738 4168 885 4223 τίων,
918 4153 970 4213 2,
1005 4152 1241 4206 oraculo
1275 4149 1739 4223 corroboratum,
1773 4154 1931 4223 quod

279 4219 497 4295 Christi
530 4236 749 4295 corpus
772 4222 990 4276 clausis
1023 4223 1167 4295 uteri
1200 4223 1301 4276 SS.
1340 4219 1933 4295 Virginisrepagulis

279 4292 482 4365 eodem
518 4293 690 4365 modo
727 4292 879 4345 foras
912 4293 1335 4365 prodierit,quo
1368 4292 1806 4365 ad’discipulos‘
1830 4297 1931 4351 ob-

278 4362 488 4436 seratis
523 4362 745 4415 foribus
774 4364 1117 4436 penetravit,
1161 4362 1325 4436 Hunc
1375 4362 1681 4436 propterea
1726 4366 1929 4422 Iliero-

277 4433 648 4507 nymilocum
683 4434 970 4488 nonnuilli
1007 4433 1621 4507 calumnianturquos
1650 4438 1803 4493 inter
1832 4441 1932 4494 Ge-

268 4505 596 4589 nebrard'us
634 4507 849 4589 delicat.
883 4524 1017 4589 cap:
1041 4508 1094 4571 6,
1153 4510 1234 4588 ut.
1271 4505 1635 4589 Origenianze
1687 4515 1925 4589 senten-

2056 3299 2171 3367 hic,
2204 3302 2323 3371 quis
2352 3301 2394 3371 δ,
2420 3317 2535 3355 non
2568 3317 2673 3371 pro
2732 3299 3107 3373 impossibili,
3168 3300 3269 3354 sed
3330 3314 3434 3370 pro
3479 3296 3704 3353 difﬁcili

2055 3390 2283 3445 dixerit.
2316 3388 2476 3445 Tolle
2506 3406 2642 3461 ergo
2673 3390 3046 3457 sententiam,
3071 3393 3128 3445 et
3153 3389 3290 3444 rade
3318 3390 3465 3443 141
3514 3388 3586 3443 de
3634 3386 3702 3442 li-
3778 3379 3783 3383 ’

2054 3480 2158 3534 bro
2190 3483 2311 3547 tuo,
2347 3500 2375 3527 ‹‹
2410 3478 2623 3534 Facilia
2656 3478 2756 3534 Dei
2789 3495 2918 3534 esse
2949 3478 3245 3534 mandata.
3279 3499 3306 3526 ››

2122 3569 2175 3619 5.
2232 3569 2460 3622 Occnrit
2515 3567 2802 3637 objectioni
2859 3584 2928 3622 ex
2984 3567 3279 3638 Evangelia
3333 3567 3581 3621 Joannis.
3636 3594 3706 3605 ——

2051 3655 2215 3720 Quod
2248 3653 2297 3709 si
2330 3653 2478 3709 illud
2507 3652 2754 3709 Joannis
2785 3653 3033 3725 apostoli
3064 3653 3433 3724 opposueris.
3463 3674 3490 3701 «
3530 3651 3700 3708 Man-
3784 3648 3791 3649 ⁷

2050 3742 2187 3798 data
2211 3743 2339 3812 ejus
2371 3758 2487 3797 non
2523 3745 2662 3797 sunt
2690 3741 2888 3813 gravia
2918 3741 2968 3811 (Ι
3012 3743 3171 3806 Joan,
3212 3758 3268 3809 ν,
3317 3740 3393 3812 3),
3447 3761 3475 3789 ››
3526 3744 3583 3796 et
3628 3740 3701 3796 de

2048 3954 2182 3993 cum
2216 3938 2418 3992 eadem
2452 3937 2724 4003 editione,
2757 3938 2822 3991 Et
2860 3938 3100 3993 mundus
3146 3936 3370 3992 mundis
3416 3940 3699 3995 manibus.

2114 4010 2136 4043 ³
2167 4009 2293 4064 Duo
2323 4026 2464 4064 mss.
2502 4010 2608 4063 Vir
2630 4008 2998 4065 iniaboribils
3058 4009 3268 4064 laborat
3323 4014 3434 4065 etc.
3497 4010 3691 4067 Greece

2046 4084 2281 4155 quoque
2311 4086 2399 4155 est
2432 4078 2665 4155 ἀνὴρᾉὲί
2680 4079 3072 4155 πόνοιςᾼπονμεῖ.

2116 4154 2137 4185 ⁴
2165 4150 2466 4225 Pelagium
2499 4150 3048 4225 subiDemosthenis
3075 4150 3313 4225 nomine
3344 4152 3403 4205 in
3458 4167 3689 4225 perver-

2044 4240 2176 4278 sum
2207 4223 2437 4279 irrideri
2489 4224 2696 4289 sentio,
2758 4228 2814 4278 et
2859 4224 3246 4295 comprobant
3304 4241 3432 4295 quae
3484 4223 3692 4279 subse-
3744 4264 3745 4267 η

2044 4300 2325 4368 quantur.
2357 4298 2628 4368 Attamen
2659 4295 2956 4368 Origenes,
2990 4297 3161 4368 cujus
3190 4312 3341 4367 saepe
3372 4296 3564 4368 verbis
3596 4296 3691 4351 Pe-

2041 4365 2260 4449 lagiani
2307 4366 2719 4449 loquebantur,
2750 4365 2932 4449 :prior
2974 4365 3074 4449 est
3109 4365 3464 4449 hujusmodi.
3490 4371 3693 4449 auctor

2041 4438 2561 4509 interpretationis.
2596 4440 2677 4493 En
2710 4438 2836 4508 ers
2891 4438 3093 4493 verba
3121 4440 3320 4494 Latine
3368 4439 3595 4494 reddita
3624 4455 3692 4494 ex
3744 4444 3747 4447 λ
3794 4506 3797 4509 _

2039 4509 2254 4583 Homil.
2283 4513 2349 4564 12
2379 4510 2437 4583 in
2470 4509 2789 4583 Leviticum
2826 4527 2839 4564 :
2875 4532 2902 4559 ‹‹
2938 4509 3144 4565 Omnis
3202 4510 3302 4583 qui
3340 4510 3692 4583 ingreditur

266 4576 358 4629 tiae
387 4577 457 4633 de
486 4576 743 4652 ){irginei
780 4568 1020 4652 clausl‘ri
1054 4568 1352 4652 a'pertione
1372 4568 1440 4633 in
1475 4585 1642 4651 partu
1678 4582 1925 4651 patroci-
1953 4568 1999 4633 D
2032 4580 2190 4635 hunc
2224 4581 2514 4636 mundum
2565 4582 2623 4635 in
2667 4582 2919 4652 quadam
2970 4568 3466 4637 contami‘natione
3540 4582 3690 4637 efﬁci

264 4652 456 4705 netur.
489 4648 734 4714 Verum,
770 4651 923 4720 quod
970 4648 1792 4721 doctissﬂuetius'monet,ea
1827 4653 1919 4707 his

264 4721 459 4792 verbis
499 4721 767 4791 exceptio
794 4721 1132 4776 adhilmnda
1163 4728 1270 4787 est,
1301 4740 1417 4792 qua
1464 4725 1535 4778 ad
1571 4724 1917 4779 solvendum

258 4789 397 4846 huic
428 4789 688 4848 similem
721 4794 1013 4848 Ambrosii
1048 4794 1239 4847 locum
1274 4789 1419 4849 usus
1449 4799 1538 4849 est
1569 4796 1623 4850 S.
1660 4796 1917 4851 Thomas

254 4878 317 4985 Γ.
349 4880 413 4918 m
446 4881 504 4935 q.
540 4866 630 4929 28,
667 4882 700 4918 a
728 4868 783 4923 2.
815 4866 1124 4936 sicnempe
1158 4865 1381 4921 locutos
1416 4866 1613 4921 Patres
1656 4883 1791 4921 cum
1841 4867 1916 4920 il-

278 4935 354 4985 ud
414 4935 783 4985 evangelista!
844 4942 1197 4985 nxnmmrnnt
1260 4954 1270 4985 :
1336 4939 1465 4985 (line
1543 4940 1913 4985 masculinum

278 4935 354 5007 u_d
414 4935 783 5006 evangelista)
844 4935 1197 5007 exponerent
1260 4954 1270 4990 :
1336 4939 1465 4992 Ome
1543 4940 1913 4993 masculinum

255 5005 586 5080 adapcricna
607 5009 827 5062 vulvam
856 5005 1103 5063 saizrium
1134 5010 1363 5063 Domino
1420 5011 1703 5063 vocabitur
1760 5011 1910 5080 (Luc,

255 5078 444 5151 ir,_23)
482 5095 493 5131 :
534 5081 693 5148 quod
725 5081 965 5149 quidem
994 5098 1060 5134 ex
1092 5081 1325 5151 vulgata
1354 5080 1630 5150 loquendi
1664 5078 1908 5136 consuc-

251 5146 455 5226 tudine
489 5146 843 5226 usurpatum
879 5156 967 5226 est
1016 5169 1130 5206 non
1182 5146 1253 5206 ad
1283 5146 1760 5226 _sign'iﬁcandum
1796 5154 1909 5207 vir-

250 5218 407 5298 ginei
457 5218 700 5298 claustri
769 5224 1154 5298 apertionem,
1200 5223 1300 5298 sed
1348 5218 1573 5298 exitum
1628 5225 1912 5298 duntaxat

253 5289 451 5363 prolis
472 5291 540 5343 de
584 5298 770 5347 utero.
808 5289 1018 5349 Statim
1052 5295 1178 5349 ideo
1213 5295 1415 5349 subdit
1447 5295 1625 5359 Hier.,
1661 5297 1794 5363 Qua?
1820 5306 1907 5351 ta.-

244 5375 368 5437 nicn
402 5360 605 5437 clausa?
630 5364 843 5437 jugiicr
868 5375 1316 5434 permanserunt.
1350 5365 1491 5420 Vide
1539 5360 1909 5437 quaavcontra

244 5430 535 5509 Jovinian.
574 5432 679 5509 hac
740 5435 809 5487 de
843 5430 899 5491 re
933 5438 1213 5509 disputat,
1273 5442 1327 5491 et
1360 5437 1509 5491 libro
1556 5430 1750 5494 bnnira
1784 5442 1905 5495 Hel-

248 5502 477 5563 vidium,
512 5521 573 5555 Π.
610 5504 697 5569 IS,
742 5512 856 5559 not.

2030 4653 2268 4726 dicitur.
2320 4652 2560 4726 Propter
2608 4655 2760 4723 quod
2824 4658 2881 4707 et
2937 4654 3237 4726 Scriptura
3284 4653 3421 4726 dicit
3461 4669 3472 4707 :
3520 4658 3687 4726 Nemo

2026 4724 2273 4779 mundus
2303 4742 2338 4777 α
2367 4723 2543 4790 sorde,
2572 4741 2671 4779 nec
2698 4726 2748 4779 si
2778 4726 2948 4779 unius
2970 4723 3083 4780 diei
3136 4726 3311 4795 fuerit
3358 4723 3471 4778 vita
3531 4725 3673 4795 ejus,

2025 4795 2143 4850 Hoc
2174 4795 2303 4866 ipso
2335 4812 2493 4866 ergo,
2527 4796 2683 4867 quod
2717 4796 2775 4850 in
2824 4795 2998 4849 vulva
3039 4793 3251 4867 matris
3290 4798 3379 4867 est
3425 4793 3681 4867 positus,

2025 4874 2081 4921 et
2131 4864 2285 4937 qiiod
2342 4864 2651 4922 materiam
2705 4867 2967 4938 corporis
3041 4867 3114 4921 ab
3172 4865 3395 4937 origine
3448 4864 3676 4938 paterni

2025 4936 2269 4993 seminis
2301 4938 2506 5003 sumit,
2538 4939 2594 4993 in
2651 4936 2823 5010 patre
2839 4943 2901 4992 et
2924 4937 2983 4991 in
3011 4942 3196 4993 matre
3243 4936 3679 5010 contaminatus

2022 5010 2137 5065 dici
2173 5015 2382 5081 potest.
2414 5013 2527 5065 Aut
2548 5009 2738 5065 nescis
2772 5010 2913 5081 quia
2941 5025 3074 5081 cum
3130 5009 3533 5081 quadraginta
3552 5009 3679 5081 die-

2022 5098 2150 5136 rum
2173 5079 2377 5137 factus
2411 5082 2587 5137 fuerit
2619 5098 2764 5153 puer
2791 5079 3121 5148 masculus,
3149 5079 3421 5153 ~ofl‘s‘rtiir
3469 5080 3542 5153 ad
3592 5079 3674 5153 al-

2020 5158 2239 5219 tare,ut
2269 5154 2347 5207 ibi
2380 5151 3030 5225 puriﬁcetur,tanquam
3074 5153 3174 5225 qui
3207 5151 3470 5225 pollutus
3502 5151 3677 5225 fuerit

2018 5225 2077 5279 in
2111 5226 2240 5295 ipsa
2268 5222 2645 5297 conceptione
2676 5224 2760 5279 vel
2796 5222 3024 5297 paterni
3070 5222 3334 5292 seminis,
3382 5222 3471 5279 vel
3525 5222 3674 5278 uteri

2020 5297 2269 5351 materni
2301 5296 2329 5348 ‘?
2357 5317 2382 5343 ι›

2087 5370 2107 5401 ³
2136 5366 2430 5438 Victorius
2465 5367 2729 5438 Dirtator,
2764 5366 2863 5438 qui
2898 5383 3097 5422 vocem
3129 5367 3308 5423 dictor
3347 5366 3664 5438 impresso-
3728 5420 3731 5423 .

2015 5456 2146 5494 rum
2179 5437 2417 5492 incuriae
2449 5436 2672 5491 tribuit.

2085 5513 2105 5544 θ
2134 5512 2192 5563 [n
2228 5525 2343 5563 uno
2375 5508 2582 5577 Vatic.,
2620 5525 2737 5564 vero
2771 5526 2874 5580 pro
2906 5511 3011 5576 vir,
3065 5509 3121 5564 id
3154 5510 3339 5566 altero
3388 5513 3672 5568 neutrum

314 5574 334 5605 ²
361 5572 681 5649 Perperam
709 5592 841 5649 cum
867 5579 1265 5649 antiquaedit.
1286 5582 1565 5637 Erasmus
1588 5584 1730 5637 nitro
1750 5586 1903 5647 ;tum
2014 5581 2283 5638 habetur.

243 5644 453 5714 Vatic.,
504 5648 568 5700 Et
620 5648 859 5705 mundus
912 5644 1190 5707 manibus.
1244 5652 1480 5725 Reginae
1525 5657 1723 5710 autem
1754 5644 1895 5715 'ms.

2083 5655 2102 5689 ⁷
2131 5650 2344 5711 Vocula
2363 5653 2485 5725 quis
2515 5650 2574 5709 in
2606 5668 2756 5711 mss.
2790 5650 3179 5713 desideratur.
