3996 6400
225 333 347 448 δθε

1073 386 1470 452 DIALOGUS
1515 387 1833 454 CONTRA
1876 385 2401 452 PELAGIANOS.
2433 418 2510 436 -
2539 387 2688 453 LIB.
2735 388 2813 453 ΙΙ.

3525 389 3644 455 566

225 520 578 596 Evangelio:
631 544 661 573 ‹‹
686 519 904 597 Jugum
957 538 1154 578 meum
1213 537 1390 578 suave
1445 527 1554 591 est,
1615 527 1673 578 et
1728 539 1878 578 onus
1907 522 1964 589 Α
1992 521 2312 594 sapientiae,
2345 523 2661 580 multitudo
2691 524 2944 582 scientiae
2977 541 2989 582 :
3020 529 3077 584 et
3106 526 3205 600 qui
3255 525 3421 584 addit
3447 528 3641 587 scien-

228 627 432 670 meum
461 610 584 669 leve
611 613 838 685 (Matth.
880 631 960 680 x1,
991 613 1081 684 30)
1108 630 1120 680 ;
1156 633 1183 661 ››
1217 611 1494 668 facillime
1526 612 1876 668 revinceris:

226 700 379 758 levia
408 701 566 758 enim
592 707 814 758 certnm
849 706 937 758 est
984 702 1203 758 dixisse
1252 701 1546 774 Evangelii
1605 703 1880 758 mandata

225 791 301 847 ad
332 791 830 864 comparationem
860 789 1295 863 superstitionis
1341 791 1619 856 Judaicaa,
1671 791 1730 846 in
1763 808 1880 862 qua

221 879 881 936 variacaaremoniarum
895 896 1112 951 genera
1125 881 1560 951 quaerebantur,
1577 897 1702 952 qua:
1710 881 1881 952 juxta

224 968 508 1035 litteram,
542 973 598 1025 et
619 968 866 1041 apostoli
892 968 1042 1024 Petri
1067 969 1440 1035 sententiam,
1469 969 1668 1025 nullus
1691 970 1881 1042 potuit

224 1057 477 1131 explere.
510 1057 672 1114 Unde
703 1063 761 1114 et
781 1059 840 1114 in
861 1059 1107 1114 Actibus
1125 1059 1529 1130 apostolorum
1560 1059 1874 1114 scribitur:

225 1170 255 1198 «
289 1148 457 1204 Nunc
488 1163 625 1220 ergo
658 1147 797 1220 quid
831 1147 1073 1203 tentatis
1096 1149 1111 1180 ί
1141 1147 1676 1219 imponerejugum
1701 1164 1878 1218 super

227 1237 510 1294 cervicem
542 1236 990 1308 discipulorum,
1025 1236 1179 1308 quod
1212 1252 1402 1307 neque
1442 1241 1638 1308 patres
1671 1235 1876 1306 nostri,

225 1342 416 1398 neque
447 1342 554 1382 nos
585 1330 817 1398 portare
847 1325 1150 1398 potuimus
1176 1344 1188 1380 :
1222 1327 1322 1381 sed
1356 1342 1458 1397 per
1480 1325 1729 1397 gratiam
1761 1325 1877 1380 Do-

225 1415 371 1472 mini
400 1415 545 1472 Jesu
578 1415 790 1471 salvari
825 1415 1146 1481 credimus,
1192 1415 1692 1486 quemadmodum
1715 1418 1773 1470 et
1794 1413 1879 1468 illi

227 1507 367 1574 (Act.
428 1522 521 1572 xv,
581 1505 690 1575 10).
729 1527 755 1553 υ
808 1504 1059 1560 Jacobus
1111 1503 1412 1576 apostolus
1472 1503 1712 1559 scribit:
1758 1503 1879 1558 «Si

219 1593 452 1666 judicas
479 1593 693 1667 legem,
725 1609 840 1648 non
873 1610 935 1649 es
964 1593 1146 1648 factor
1174 1592 1337 1665 legis,
1386 1593 1487 1648 sed
1532 1593 1714 1663 judex
1746 1594 1878 1664 (Jac.

230 1700 308 1751 ιν,
344 1683 519 1755 11).»
578 1681 679 1738 Ille
733 1683 960 1752 judicat
1016 1682 1224 1755 legem,
1286 1682 1388 1752 qui
1447 1682 1607 1747 dicit,
1659 1681 1882 1753 aliquid

226 1788 347 1828 non
399 1773 561 1844 juste
605 1775 982 1844 praeceptum,
1013 1775 1070 1826 et
1098 1770 1490 1844 ignorantiam
1522 1787 1636 1826 non
1668 1769 1883 1826 habere

226 1862 333 1933 (Al.
367 1860 563 1930 habet)
607 1865 946 1933 peccatum;
999 1865 1055 1915 et
1102 1860 1322 1914 frustra
1373 1858 1565 1914 oll‘erri
1613 1859 1882 1914 victimas

225 1965 331 2023 pro
362 1965 576 2018 errore,
611 1949 766 2022 quod
798 1949 1018 2021 peccati
1053 1965 1165 2004 non
1237 1948 1412 2004 habet
1439 1946 1877 2003 conscientiam.

223 2038 426 2110 Neque
455 2037 614 2095 enim
645 2039 702 2092 in
735 2037 860 2110 lege
893 2037 1042 2092 ratio
1074 2037 1377 2107 quaeritur,
1413 2037 1513 2092 sed
1538 2035 1877 2092 auctoritas.

225 2127 388 2184 Idem
417 2128 478 2182 in
509 2126 714 2183 eadem
746 2126 892 2181 dicit
924 2123 1219 2196 Epistola:
1257 2147 1283 2175 «
1328 2127 1417 2180 Ira
1450 2124 1555 2179 viri
1581 2125 1880 2195 justitiam

223 2215 327 2273 Dei
359 2233 477 2272 non
508 2219 784 2288 operatur
815 2215 951 2286 (Jac.
987 2232 1027 2279 ι,
1059 2215 1149 2284 20)
1194 2233 1207 2283 ;
1243 2236 1270 2263 ››
1319 2217 1375 2267 et
1423 2214 1559 2285 quis
1613 2217 1880 2268 nostrum

223 2320 422 2362 carere
453 2308 646 2377 potest
675 2304 782 2369 ira,
815 2303 886 2358 de
917 2319 1033 2373 qua
1064 2302 1349 2374 scriptum
1382 2306 1509 2357 est:
1567 2323 1594 2350 ‹‹
1633 2303 1722 2355 Ira
1753 2317 1881 2372 per-

223 2395 312 2451 dit
340 2394 518 2450 etiam
551 2392 845 2465 sapientes
876 2393 896 2425 ²
929 2393 1111 2462 (Prov.
1166 2408 1257 2457 xv,
1307 2391 1360 2461 2)
1391 2391 1418 2443 ?
1453 2412 1477 2437 ››
1531 2389 1880 2462 Signiﬁcan-

222 2488 431 2556 terque
459 2500 575 2539 non
607 2482 758 2537 iram
787 2480 908 2548 Dei,
942 2481 1044 2536 sed
1076 2480 1221 2534 iram
1239 2479 1345 2535 viri
1374 2479 1588 2551 posuit.
1614 2479 1705 2534 Ira
1723 2478 1881 2534 enim

224 2572 327 2629 Dei
352 2573 520 2644 justa
550 2574 671 2627 est:
708 2570 794 2625 ira
826 2574 1019 2626 autem
1055 2569 1159 2623 viri
1193 2570 1263 2624 de
1314 2569 1656 2640 perturbata
1689 2571 1881 2623 mente

225 2661 509 2734 procedit.
548 2660 708 2716 Unde
737 2664 791 2714 et
825 2659 882 2714 in
914 2658 1148 2714 Psalmo
1179 2657 1431 2713 dicitur:
1489 2680 1516 2707 ‹‹
1553 2656 1883 2712 lrascimini

232 2754 291 2807 et
336 2748 518 2806 nolite
548 2765 788 2821 peccare
842 2749 1015 2820 (Psal.
1070 2765 1143 2817 1v,
1190 2749 1280 2818 5);
1327 2769 1353 2795 ››
1407 2747 1505 2819 qui
1555 2745 1882 2802 versiculus

227 2855 405 2912 quem
436 2854 679 2894 sensum
713 2837 945 2901 habeat,
979 2836 1294 2908 Apostolus
1334 2837 1539 2891 docet:
1575 2858 1602 2885 «
1636 2835 1730 2890 Sol
1766 2853 1879 2890 non

228 2928 457 2986 occidat
486 2944 664 3000 super
684 2927 1051 2982 iracundiam
1074 2931 1329 2983 vestram
1355 2926 1567 2998 (Ephes.
1594 2943 1669 2992 ιν,
1692 2926 1784 2995 26)
1809 2943 1819 2991 ;
1854 2949 1880 2973 ››

225 3022 294 3074 ut
322 3021 628 3091 peceatum
657 3016 896 3072 omnino
946 3016 1024 3071 sit
1079 3015 1166 3070 vel
1215 3014 1416 3070 leviter
1466 3013 1678 3070 irasci:
1705 3013 1878 3084 justi-

224 3107 307 3164 tia
335 3112 557 3177 autem,
590 3107 737 3161 iram
772 3105 941 3161 celeri
976 3104 1339 3176 paenitudine
1390 3103 1681 3174 mitigare.
1716 3102 1880 3157 Unde

1991 611 2156 679 tiam,
2192 613 2355 668 addit
2399 613 2658 669 dolorem
2709 617 2906 685 (Eccle.
2960 635 2998 684 1,
3055 617 3142 687 18)
3180 635 3192 684 ;
3231 640 3251 668 ι
3305 617 3642 693 intelligens

1991 703 2146 774 quod
2189 701 2542 774 perfectione
2599 708 2814 770 careat,
2877 709 2934 761 et
2989 723 3056 762 ex
3118 724 3184 762 eo
3241 708 3398 780 quod
3459 708 3640 777 novit,

1991 794 2212 863 quanta
2243 808 2359 846 non
2394 793 2637 848 noverit.
2673 795 2741 848 Et
2770 795 2922 860 odio,
2960 795 3174 868 inquit,
3221 796 3403 853 hahui
3434 799 3636 867 vitam,

1989 880 2270 952 quoniam
2304 880 2526 936 malum
2559 887 2648 938 est
2677 900 2824 954 opus
2864 885 3016 956 quod
3065 902 3272 958 operor
3323 904 3502 959 super
3529 892 3645 944 ter-

1989 987 2113 1024 ram
2137 971 2176 1025 ⁵.
2212 970 2420 1026 Omnia
2449 972 2608 1027 enim
2638 973 2886 1040 vanitas,
2931 977 2986 1028 et
3030 975 3408 1047 prmeumptio
3464 977 3638 1050 spiri-

1986 1062 2105 1113 tus.
2139 1062 2319 1114 Nemo
2352 1059 2460 1114 scit
2490 1060 2629 1131 quid
2663 1061 2929 1118 futurum
2979 1063 3075 1131 sit,
3127 1064 3267 1135 quia
3319 1065 3495 1122 sicuti
3523 1070 3633 1134 est,

1987 1148 2123 1219 quis
2155 1149 2533 1204 annuntiabit
2556 1151 2606 1205 ei
2631 1151 2659 1206 ?
2689 1151 2834 1206 Sunt
2862 1152 3013 1223 justi
3056 1154 3127 1208 ad
3179 1169 3328 1224 quos
3374 1155 3640 1226 pervenit

1990 1237 2162 1309 quasi
2193 1254 2342 1309 opus
2372 1237 2708 1310 impiorum.
2745 1240 2814 1294 Et
2845 1244 2984 1295 sunt
3013 1240 3202 1313 impii,
3238 1243 3310 1298 ad
3342 1259 3490 1314 quos
3512 1260 3640 1318 per-

1988 1325 2148 1380 venit
2177 1326 2347 1397 quasi
2379 1343 2524 1398 opus
2549 1328 2846 1398 justorum
2879 1330 3071 1401 (Eccle.
3102 1347 3222 1399 VIII,
3273 1332 3328 1398 6,
3358 1334 3413 1403 7,
3463 1333 3576 1403 14).
3609 1353 3639 1383 ››

1991 1414 2109 1470 Hoc
2135 1413 2353 1470 idcirco
2383 1415 2616 1482 dicitur,
2670 1419 2806 1490 quia
2852 1423 3075 1475 certum
3117 1419 3409 1492 judicium
3456 1420 3641 1478 solius

1991 1503 2092 1558 Dei
2123 1507 2232 1569 est,
2263 1508 2320 1558 et
2351 1521 2498 1576 quos
2542 1510 2819 1577 putamus
2861 1509 3057 1578 justos
3107 1526 3258 1581 sazpe
3306 1513 3640 1581 peccatores

1993 1591 2396 1660 inveniuntur,
2475 1600 2530 1648 et
2597 1611 2746 1665 quos
2826 1614 2855 1651 e
2911 1597 3202 1653 contrario
3284 1602 3639 1670 peccatores.

1993 1682 2147 1753 apud
2177 1681 2279 1736 Dei
2313 1682 2620 1739 scientiam
2645 1685 2792 1756 justi
2840 1690 2995 1741 sunt.
3054 1708 3074 1735 ι
3109 1688 3642 1759 Quantumcunque

1993 1769 2342 1826 laboraverit
2371 1771 2568 1838 homo,
2599 1777 2662 1827 ut
2709 1773 2990 1845 inquirat,
3031 1791 3146 1830 non
3195 1775 3460 1846 reperiet.
3494 1780 3562 1831 Et
3591 1777 3639 1832 si

1993 1859 2203 1916 dixerit
2231 1861 2469 1933 sapiens
2500 1879 2672 1918 nosse
2703 1879 2784 1928 se,
2836 1862 3096 1920 invenire
3126 1881 3242 1920 non
3276 1863 3487 1936 poterit
3517 1867 3642 1936 (Ec-

1988 1950 2246 2016 cle.vm,
2299 1950 2408 2020 17).
2468 1951 2746 2006 Omnium
2805 1952 2962 2007 enim
3010 1969 3166 2008 unus
3221 1969 3503 2009 occursus
3529 1957 3645 2022 est,

1991 2037 2285 2108 cordaque
2319 2037 2572 2094 ﬁliorum
2605 2039 2915 2095 hominum
2944 2041 3165 2113 repleta
3210 2046 3352 2097 sunt
3395 2041 3640 2110 malitia,

1991 2130 2048 2180 et
2081 2126 2298 2181 incerto
2331 2131 2485 2182 statu
2519 2129 2714 2198 (Eccle.
2751 2147 2826 2196 1v,
2858 2132 2914 2196 2,
2956 2131 3033 2200 3),
3069 2153 3098 2180 »
3153 2147 3280 2202 quae
3331 2131 3524 2187 Graece
3552 2150 3643 2184 πε-

2006 2213 2249 2289 ριφέρεια
2298 2216 2532 2271 dicitur.
2587 2240 2614 2266 «
2658 2218 2870 2273 Muscas
2921 2219 3240 2286 moritura,
3292 2219 3430 2288 sive,
3488 2221 3640 2275 utin

1992 2301 2272 2357 Hebraico
2303 2302 2574 2369 habetur,
2608 2307 2872 2371 mortuae,
2902 2304 3302 2360 demoliuntur
3322 2309 3496 2377 atque
3521 2321 3644 2361 cor-

1991 2395 2278 2463 rumpunt
2307 2392 2656 2447 suavitatem
2688 2392 2799 2448 olei
2831 2394 3025 2464 (Eccle.
3060 2411 3114 2460 x,
3141 2393 3216 2464 1).
3252 2415 3281 2443 »
3322 2393 3462 2458 Quis
3493 2410 3645 2450 mor-

1991 2479 2198 2534 talium
2239 2478 2436 2550 aliquo
2467 2497 2660 2536 errore
2687 2498 2803 2535 non
2851 2481 3128 2553 capitur?
3175 2481 3358 2545 Quem
3408 2481 3645 2538 haereti-

1991 2583 2194 2623 corum
2229 2573 2285 2623 et
2314 2568 2599 2624 falsorum
2632 2570 2979 2642 dogmatum
3028 2585 3256 2626 vanena
3301 2586 3417 2626 non
3450 2587 3646 2626 macu-

1990 2656 2160 2712 lant?
2191 2678 2220 2707 «
2249 2658 2527 2730 Tempus,
2563 2658 2775 2729 inquit,
2811 2663 2869 2714 et
2899 2663 2964 2713 ut
3003 2659 3246 2731 incipiat
3288 2659 3580 2730 judicium
3613 2677 3647 2715 a

1991 2747 2165 2801 domo
2197 2746 2318 2802 Dei.
2352 2746 2411 2802 Si
2445 2751 2640 2802 autem
2673 2748 2931 2820 primum
2965 2765 2998 2802 a
3020 2748 3212 2818 nobis,
3235 2749 3369 2820 quis
3391 2747 3526 2804 finis
3547 2763 3644 2804 eo-

1992 2851 2125 2890 rum
2157 2835 2257 2907 qui
2291 2853 2406 2890 non
2439 2838 2691 2891 credunt
2718 2837 3030 2910 Evangelio
3051 2837 3079 2892 ?
3116 2837 3187 2892 Et
3234 2838 3282 2893 si
3321 2839 3524 2909 justus
3552 2837 3645 2893 vix

1991 2923 2335 2990 salvabitur,
2368 2925 2590 2998 impius
2622 2929 2678 2981 et
2707 2931 2979 2998 peccator
2997 2926 3096 2981 ubi
3119 2927 3410 2998 parebunt
3429 2927 3478 2998 (I
3492 2927 3642 2983 Petr.

1992 3031 2068 3078 v1,
2108 3014 2195 3083 17,
2227 3013 2316 3084 48)
2351 3013 2378 3067 ?
2409 3037 2437 3064 ››
2473 3016 2638 3069 Certe
2661 3016 2866 3086 justus
2895 3018 3004 3082 est,
3057 3014 3158 3086 qui
3206 3015 3266 3070 in
3317 3015 3410 3070 die
3432 3015 3642 3086 judicii

1989 3101 2081 3156 vix
2113 3101 2392 3157 salvatur.
2428 3102 2764 3158 Salvaretur
2812 3107 3007 3158 autem
3055 3101 3243 3169 facile,
3300 3102 3349 3158 si
3393 3102 3540 3158 nihil
3581 3103 3641 3158 in

225 3213 333 3270 pro
361 3196 548 3252 otioso
578 3196 754 3251 verbo
787 3193 1070 3250 reddituri
1119 3209 1328 3247 sumus
1379 3192 1666 3247 rationem
1699 3190 1757 3245 in
1789 3191 1882 3245 die
1923 3268 1936 3270 _
1993 3207 2054 3245 se
2086 3190 2321 3246 haberet
2370 3191 2632 3246 maculae.
2686 3193 2832 3264 Ergo
2870 3193 3073 3262 justus
3110 3195 3200 3246 est
3245 3191 3306 3247 in
3352 3208 3442 3260 eo,
3482 3193 3641 3264 quod

214 3268 448 3359 judicii.
483 3286 553 3340 Et
573 3284 634 3339 in
655 3284 858 3338 eodem
881 3281 1193 3354 Evangelia
1215 3280 1469 3352 legimus
1499 3298 1510 3336 :
1543 3303 1569 3327 «
1607 3280 1716 3344 Qui
1771 3279 1879 3333 ira-
1909 3268 1951 3334 C
1992 3279 2157 3333 ﬂoret
2187 3278 2389 3334 multis
2419 3279 2754 3346 virtutibus,
2788 3284 2845 3335 et
2863 3279 2954 3334 vix
2979 3279 3238 3336 salvetur
3266 3279 3325 3335 in
3355 3296 3442 3347 eo,
3478 3280 3636 3352 quod

225 3375 411 3430 scitur
441 3373 607 3429 fratri
638 3389 745 3427 suo
778 3371 904 3425 sine
940 3387 1137 3436 causa,
1171 3386 1306 3424 reus
1334 3369 1444 3425 erit
1464 3369 1690 3440 judicio
1723 3369 1877 3439 (Mat-

223 3465 300 3520 th.
325 3480 382 3533 ν,
411 3462 525 3532 22).
564 3483 590 3509 ››
624 3459 784 3515 Licet
813 3458 870 3513 in
905 3457 1200 3530 plerisque
1251 3457 1550 3513 codicibus
1596 3457 1876 3527 antiquis,

223 3575 252 3604 «
287 3551 417 3607 sine
450 3565 630 3606 causa
657 3549 697 3616 ³,
737 3571 764 3597 ››
796 3549 1062 3602 additum
1121 3564 1235 3602 non
1293 3547 1392 3611 sit,
1426 3551 1490 3600 ut
1549 3545 1776 3602 scilicet
1809 3561 1880 3599 ne

225 3657 362 3698 cum
394 3655 576 3695 causa
595 3637 834 3711 quidem
856 3636 1176 3692 debeamus
1196 3635 1389 3691 irasci.
1414 3634 1554 3700 Quis
1572 3634 1880 3689 hominum

222 3729 438 3804 poterit
467 3728 680 3794 dicere,
714 3727 869 3798 quod
905 3726 1032 3781 ira‘
1058 3743 1185 3797 quae
1236 3725 1460 3796 absque
1503 3723 1738 3795 justitia
1769 3728 1878 3790 est,

230 3820 292 3876 in
324 3817 754 3892 sempiternum
787 3815 928 3872 vitio
964 3815 1204 3871 careat?
1244 3815 1314 3868 Et
1343 3814 1552 3868 iterum
1583 3829 1594 3866 :
1645 3812 1726 3867 Ne
1758 3811 1882 3885 glo-

223 3909 394 3966 rieris
420 3909 480 3963 in
529 3907 878 3973 crastinum,
930 3904 1120 3960 nescis
1162 3903 1318 3959 enim
1370 3902 1510 3974 quid
1568 3902 1882 3957 adveniens

225 3998 415 4072 pariat
442 3996 568 4052 dies
599 3997 782 4068 (Prov.
815 4011 990 4059 xxvn,
1039 3995 1108 4065 1).
1146 4017 1171 4041 ››
1223 3992 1385 4048 Unde
1435 3990 1719 4062 scriptum
1753 3995 1877 4045 est:

223 4111 252 4137 ‹‹
281 4087 364 4143 Ne
383 4086 626 4142 beatum
648 4083 866 4140 dixeris
889 4081 1227 4156 quempiam
1251 4085 1385 4136 ante
1411 4083 1657 4135 mortem
1682 4079 1879 4149 (Ecclz'.

224 4194 304 4242 xI,
336 4176 450 4247 30).
483 4197 512 4225 »
547 4173 822 4241 Quandiu
855 4173 1013 4228 enim
1044 4171 1320 4232 vivimus,
1345 4170 1403 4224 in
1436 4166 1752 4223 certamine
1783 4184 1882 4223 su-

225 4280 384 4330 mus,
415 4267 474 4318 et
502 4262 764 4334 quandiu
796 4262 853 4314 in
885 4259 1225 4325 certamine,
1259 4257 1423 4313 nulla
1463 4261 1553 4313 est
1598 4261 1754 4312 certa
1801 4256 1883 4310 vi-

225 4351 432 4418 ctoria,
465 4367 594 4422 quae
626 4350 805 4406 etiam
838 4347 1105 4421 apostolo
1139 4346 1457 4403 fortissime
1507 4344 1789 4418 prmlianti
1825 4344 1884 4399 in

227 4441 426 4498 futuro
459 4437 671 4494 saeculo
703 4442 1050 4494 reservatur.
1088 4437 1373 4492 Dominus
1417 4439 1592 4506 atque
1623 4433 1888 4490 Salvator

228 4531 341 4588 sub
398 4543 654 4601 persona
710 4525 1000 4596 assumpti
1047 4525 1306 4580 hominis
1365 4523 1674 4594 loquitur:
1735 4523 1886 4579 748

1991 3367 2049 3422 in
2083 3366 2438 3439 quibusdam
2471 3368 2569 3422 Dei
2603 3368 2825 3442 indiget
2855 3369 3276 3424 misericordia.

2060 3458 2114 3511 6.
2161 3458 2620 3513 Perturbationes
2680 3457 2913 3513 humani
2962 3460 3197 3526 generis.
3253 3488 3323 3498 —
3380 3459 3642 3523 Quatuor

1991 3549 2132 3601 sunt
2157 3545 2650 3617 perturbationes,
2686 3546 2904 3617 quibus
2942 3563 3130 3619 genus
3160 3551 3404 3602 vexatur
3431 3546 3640 3602 huma-

1993 3651 2135 3689 num
2154 3635 2284 3689 duae
2307 3635 2634 3706 presentis,
2656 3641 2714 3690 et
2733 3636 2861 3690 duae
2884 3635 3096 3703 futuri;
3116 3636 3244 3692 dua:
3264 3637 3648 3703 bonorum,et

1993 3722 2121 3777 duae
2154 3721 2467 3777 malorum.
2503 3723 2810 3791 .Egrz'ludo,
2841 3740 2967 3794 qua:
2999 3723 3192 3778 Graece
3221 3723 3440 3779 dicitur
3471 3720 3643 3790 Λύπη,

1998 3816 2054 3868 et
2100 3811 2386 3882 gaudium,
2449 3811 2605 3883 quod
2636 3811 2720 3866 illi
2775 3811 2954 3885 Xapa‘w
3010 3812 3096 3866 vel
3153 3809 3347 3878 ἣόονῆν
3396 3816 3644 3867 vocant:

1993 3917 2333 3972 quanquam
2402 3896 2575 3967 ἡδονή
2637 3902 2880 3972 voluptas
2939 3917 2973 3954 a
3031 3899 3326 3972 plerisque
3378 3900 3644 3956 dicatur:

1997 3989 2246 4044 alterum
2289 3989 2450 4058 mali,
2497 3988 2743 4045 alterum
2776 3989 2932 4044 boni.
2986 3989 3455 4062 Excedimusque
3487 4005 3650 4045 men-

1995 4095 2219 4145 suram,
2253 4079 2298 4132 si
2332 4078 2696 4150 gaudeamus
2729 4095 2905 4150 super
2925 4077 3175 4149 his,quae
3203 4095 3318 4134 non
3343 4078 3651 4150 debemus,

1994 4167 2234 4233 divitiis,
2269 4165 2548 4238 potentia,
2583 4166 2944 4235 honoribus;
2992 4165 3368 4223 inimicorum
3399 4165 3649 4224 infelici-

1995 4260 2132 4322 tate,
2185 4254 2276 4311 vel
2321 4256 2650 4311 mortibus:
2705 4261 2808 4311 aut
2855 4272 2885 4312 e
2935 4257 3226 4312 contrario
3269 4255 3649 4329 praesentium

2003 4345 2294 4400 malorum
2372 4345 2572 4401 dolore
2646 4347 2999 4413 cruciemur,
3061 4347 3346 4414 adversis,
3408 4345 3652 4413 exsiliis,

1997 4439 2361 4506 paupertate,
2407 4437 2556 4490 149
2604 4435 2908 4505 languore,
2970 4442 3023 4490 et
3074 4435 3364 4491 mortibus
3414 4436 3654 4508 prOpin-

1999 4540 2273 4595 quorum,
2306 4525 2460 4596 quod
2494 4523 2810 4595 Apostolus
2842 4524 2964 4580 fieri
2999 4525 3306 4596 prohibet;
3340 4529 3396 4579 et
3417 4541 3653 4580 rursum

228 4644 257 4671 «
287 4615 822 4692 Insipientissimus
844 4614 1001 4670 enim
1028 4613 1292 4668 omnium
1314 4613 1623 4668 hominum
1643 4629 1798 4679 sum,
1834 4617 1892 4668 et
1923 4644 1969 4709 D
2000 4613 2048 4669 si
2082 4612 2390 4684 cupiamus
2421 4629 2488 4668 ea
2518 4630 2644 4685 qua:
2677 4613 3039 4668 arbitramur
3067 4615 3240 4679 bona,
3265 4612 3654 4679 haereditates,

229 4726 348 4767 non
373 4712 465 4766 est
494 4705 754 4764 hominis
784 4703 1097 4777 prudentia
1127 4703 1185 4758 in
1228 4718 1322 4757 me
1370 4703 1559 4774 (Eccli.
1594 4719 1674 4769 x1,
1713 4702 1828 4769 19.)
1863 4725 1890 4750 ››

229 4799 302 4856 Et
329 4798 388 4854 in
419 4795 783 4868 sexagesimo
815 4797 1015 4848 octavo
1051 4789 1316 4864 psalmo:
1371 4814 1397 4839 ‹‹
1455 4791 1629 4857 Deus,
1677 4795 1738 4844 tu
1774 4791 1889 4845 scis

233 4885 638 4961 insipientiam
661 4900 850 4940 meam
880 4879 1057 4953 (Psal.
1085 4897 1280 4945 vam,
1306 4880 1361 4951 6)
1389 4898 1401 4947 ;
1430 4902 1458 4929 ››
1481 4880 1582 4935 sed
1611 4902 1631 4927 ι
1662 4879 1888 4935 fatuum

234 4975 360 5041 Dei,
392 4973 717 5046 sapientius
743 4975 832 5027 est
880 4968 1225 5026 hominibus
1274 4970 1322 5036 (I
1354 4968 1472 5024 Cor.
1524 4985 1562 5036 ι,
1614 4970 1728 5036 25).
1768 4990 1794 5017 υ
1829 4969 1890 5024 In

236 5062 587 5123 Ecclesiaste
617 5077 852 5136 quoque
881 5060 1167 5131 scriptum
1199 5061 1324 5114 eet:
1361 5079 1390 5108 «
1426 5057 1484 5113 In
1512 5056 1894 5114 multitudine

313 5309 328 5343 ¹
377 5308 620 5364 Addunt
667 5324 814 5364 mss.
861 5311 1053 5374 Deum,
1105 5312 1208 5364 aut
1271 5307 1586 5362 Dominum.
1635 5306 1893 5369 Quorum

240 5380 492 5437 alterum
526 5396 738 5437 nomen
770 5383 828 5436 et
856 5381 1092 5438 Graecus
1135 5380 1335 5445 habet,
1389 5383 1446 5434 et
1492 5377 1778 5451 Vulgatus
1808 5378 1895 5433 in-

240 5457 530 5606 “?piisés
801 5525 981 5606 ειίαηι
1009 5523 1383 5606 undenas...
1665 5599 1673 5606 ,
1711 5592 1743 5606 ..

313 5597 335 5631 ³
365 5597 520 5652 Adeo
552 5594 611 5649 in
643 5591 1095 5651 Commentariis
1127 5597 1185 5650 in
1219 5591 1585 5655 Matthacum,
1627 5599 1683 5647 et
1710 5592 1808 5647 lib.
1836 5609 1896 5647 in

245 5669 305 5724 in
339 5668 519 5741 Epist.
567 5667 638 5741 ad
671 5667 982 5741 Ephesios
1021 5684 1256 5724 comma
1305 5663 1452 5721 illud
1499 5666 1829 5741 §_z'ne_g_a_usa
1869 5681 1899 5720 e

247 5736 470 5800 Latinis
498 5736 803 5800 codicibus
852 5740 1215 5799 eradendum
1264 5736 1585 5796 contendit.
1636 5737 1780 5794 Vide
1811 5737 1899 5793 in-

2002 4701 2274 4768 honores,
2311 4702 3019 4774 prosperitatesomnium
3042 4718 3259 4766 rerum,
3278 4705 3334 4757 et
3349 4718 3659 4774 corporum

2005 4792 2344 4857 sanitatem,
2394 4797 2450 4847 et
2501 4795 2710 4847 caetera
2769 4807 3020 4862 quorum
3083 4791 3394 4863 praesentia
3447 4790 3662 4863 gaudio

2003 4879 2294 4935 fruimur:
2328 4886 2386 4934 et
2417 4885 2754 4934 metuamus
2779 4878 2900 4945 illa,
2925 4896 3052 4951 qua:
3075 4883 3355 4952 putamus
3376 4879 3660 4946 adversa;

2005 4970 2222 5042 quibus
2254 4969 2326 5024 ad
2356 4970 2676 5040 perfectum
2702 4969 3086 5039 carerejuxta
3104 4968 3349 5037 Stoicos,
3371 4969 3662 5024 Zenonem

2003 5058 2273 5114 videlicet
2348 5063 2404 5112 et
2481 5057 2898 5130 Chrysippum,
2972 5056 3251 5130 possibile
3307 5062 3438 5113 est:
3493 5057 3665 5128 juxta

2006 5303 2177 5386 terim
2212 5317 2339 5373 qua:
2383 5299 2440 5354 in
2493 5299 2666 5372 epist.
2726 5301 2811 5367 13,
2863 5299 2934 5354 ad
2981 5298 3372 5372 Castorinam,
3422 5301 3664 5358 adnota-

2004 5390 2217 5429 VImUS.

2079 5447 2100 5479 ‘
2130 5443 2328 5500 Malim
2365 5445 2482 5511 irae,
2516 5441 2931 5516 scilicetvitt’o,
2986 5459 3102 5514 quo
3153 5442 3287 5514 quis
3336 5442 3396 5498 in
3447 5445 3666 5516 sempi-

2009 5522 2241 5573 ternum
2274 5531 2469 5570 carere
2501 5532 2562 5569 se
2603 5513 2789 5585 possit
2820 5513 3029 5569 dicere.
3076 5513 3194 5569 Aut
3218 5517 3384 5585 juxta
3414 5513 3665 5571 alterum

2009 5589 2197 5644 V'atic.
2233 5604 2341 5641 ms.
2376 5588 2508 5641 uitio
2531 5585 2901 5659 excluserim.
2925 5586 3111 5642 Vatie.
3147 5586 3296 5642 liber
3314 5587 3454 5659 quod
3474 5604 3669 5659 operor

2008 5675 2308 5784 :z‘tpegxme.
2341 5659 2533 5714 Greece
2566 5663 2655 5714 est
2683 5656 2744 5710 τὸ
2784 5656 3002 5730 ποῖημα
3052 5659 3112 5713 τὸ
3144 5656 3516 5732 πεποιήμένοῦ
3553 5656 3664 5711 imi)

2008 5753 2100 5784 τον
2161 5775 2168 5784 .
2225 5751 2325 5784 ιον.

2007 5753 2100 5788 τον
2136 5751 2325 5803 ηΛιον.
