3958 6406
353 304 476 372 867

1600 306 1673 407 β.
1716 301 2029 370 unseen
2070 302 2516 372 BIERONYMI

3628 292 3762 385 ωε

332 416 772 517 Peripateticos
798 444 989 503 autem
1031 448 1088 502 et
1116 444 1353 502 difﬁcile
1383 448 1439 500 et
1480 443 1841 517 impossibile
1872 446 1991 497 est:
2024 441 2080 507 Α
2110 444 2229 500 sint
2255 445 2315 512 3;
2350 444 2433 500 sic
2475 441 2748 517 perfectio
2798 438 3053 499 hominis
3101 456 3217 499 non
3264 451 3335 497 ex
3381 435 3619 503 natura,
3650 433 3755 492 sed

355 534 458 590 cui
496 536 802 591 sententia)
851 535 1042 591 omnis
1082 536 1398 607 Scriptura;
1448 538 1660 590 sanctae
1713 532 2000 588 consentit

353 625 689 684 auctoritas.
724 625 881 679 Unde
914 627 969 678 et
1005 625 1295 696 Josephus
1328 623 1791 679 Machabzeorum
1822 622 2000 693 scrip-

355 719 492 788 ptor
520 713 799 779 historiae,
834 714 1021 785 frangi
1056 718 1111 768 et
1143 715 1262 785 regi
1306 730 1477 785 posse
1526 712 1668 767 dixit
1698 712 2001 783 perturba-

359 804 550 860 tiones
577 802 757 857 animi
790 803 829 865 ¹,
881 819 996 856 non
1048 803 1350 868 eradicari,
1403 806 1459 857 et
1507 801 1768 872 quinque
1816 802 2005 854 Tuscu-

360 894 623 948 lanarum
666 894 1025 961 quiestionum
1072 891 1364 946 Ciceronis
1412 890 1544 945 libri
1598 890 1690 944 his
1738 888 2003 960 disputa-

359 979 618 1037 tionibus
636 980 826 1035 referti
842 985 998 1035 sunt.
1018 978 2001 1052 PugnantenimjuxtaApostolum,

360 1071 670 1127 adversum
702 1086 806 1126 nos
835 1070 1122 1142 fragilitas
1146 1070 1424 1141 corporis,
1481 1074 1537 1124 et
1587 1067 1875 1140 spiritalia
1906 1083 2001 1124 ne-

361 1159 561 1233 quitias
606 1159 667 1214 in
728 1158 1061 1215 cmlestibus
1121 1160 1331 1231 (Ep/tes.
1392 1177 1470 1224 γι,
1534 1160 1643 1225 12).
1699 1157 2007 1212 Manifesta

362 1250 506 1304 sunt
535 1247 761 1302 dicente
791 1247 1015 1316 eodem,
1048 1263 1223 1317 opera
1250 1245 1443 1301 carnis
1465 1248 1521 1300 et
1542 1260 1716 1315 Opera
1739 1242 2003 1314 spiritus,

363 1339 422 1393 et
450 1335 571 1392 haec
601 1335 713 1390 sibi
752 1334 997 1389 invicem
1049 1336 1432 1389 adversantur
1486 1333 1681 1404 (Galat.
1716 1349 1770 1397 ν,
1800 1330 1914 1401 49),
1942 1334 2008 1385 ut

362 1441 479 1482 non
506 1441 632 1495 quae
688 1423 980 1489 volumus,
1041 1424 1141 1479 illa
1196 1423 1501 1478 faciamus.
1564 1422 1619 1475 Si
1682 1438 1798 1476 non
1849 1420 2004 1491 quod

360 1513 656 1577 volumus,
694 1512 963 1579 facimus,
998 1514 1098 1568 sed
1132 1514 1286 1584 quod
1318 1511 1616 1580 nolumus,
1643 1509 1787 1564 illud
1811 1524 2007 1580 opera-

362 1618 529 1659 mur:
590 1601 881 1672 quomodo
942 1601 1158 1667 dicitis,
1220 1624 1247 1650 ‹‹
1308 1601 1483 1655 Posse
1540 1598 1839 1654 hominem
1881 1598 2006 1653 sine

360 1692 598 1764 peccato
630 1705 779 1754 esse,
813 1688 862 1744 si
886 1688 1024 1743 velit
1053 1689 1074 1722 ²
1094 1689 1122 1743 ?
1158 1710 1184 1737 ››
1215 1689 1355 1743 Ecce
1386 1686 1721 1759 Apostolus,
1773 1702 2005 1741 omnes-

359 1793 478 1851 que
508 1776 828 1842 credentes,
862 1777 1017 1848 quod
1049 1775 1272 1842 volunt,
1305 1776 1547 1848 implere
1587 1792 1702 1830 non
1734 1778 2002 1847 possunt.
2035 1813 2085 1879 Β

364 1886 394 1917 ‹‹
426 1864 692 1921 Charitas
721 1864 909 1936 operit
938 1864 1379 1920 multitudinem
1412 1869 1785 1934 peccatorum
1819 1864 1865 1933 (I
1882 1865 2003 1918 Pet.

362 1968 441 2023 Iv,
474 1954 551 2025 8),
586 1974 614 2002 ››
647 1969 764 2007 ιιοιι
792 1956 911 2008 tam
945 1953 1370 2024 praeteritorum
1403 1969 1576 2024 quam
1607 1953 2007 2025 praesentium,

363 2058 439 2099 ne
457 2040 632 2107 ultra,
655 2039 754 2096 Dei
777 2041 835 2095 in
858 2041 1027 2095 nobis
1055 2046 1326 2096 manente
1346 2042 1646 2109 charitate,
1678 2057 2006 2113 peccemus.

362 2130 753 2195 Quamobrem
796 2131 867 2184 de
913 2128 1161 2185 muliere
1211 2130 1529 2202 peccatrice
1568 2131 1815 2185 dicitur:
1854 2152 1881 2179 «
1912 2129 2009 2183 Di-

358 2218 681 2275 mittuntur
710 2218 761 2273 ei
790 2223 1028 2290 peccata
1058 2220 1264 2285 multa,
1297 2220 1575 2291 quoniam
1604 2219 1809 2274 dilexit
1834 2216 2011 2290 pluri-

364 2322 532 2364 mum
563 2308 714 2378 (Luc.
767 2325 870 2378 vn,
927 2308 1040 2378 47).
1076 2332 1100 2356 ››
1161 2309 1241 2363 Ex
1298 2325 1414 2379 quo
1473 2307 1862 2379 intelligimus
1894 2323 2009 2361 non

366 2399 581 2454 nostrae
613 2396 804 2453 solum
835 2413 963 2453 esse
993 2400 1296 2468 potestatis
1329 2398 1516 2453 facere
1548 2398 1703 2468 quod
1735 2396 2008 2467 velimus,

365 2485 471 2542 sed
487 2484 653 2541 etDei
671 2484 1010 2553 clementiae,
1028 2486 1077 2540 si
1095 2492 1354 2542 nostram
1370 2487 1605 2558 adjuvet
1628 2485 2009 2541 voluntatem.

438 2573 494 2627 7.
527 2574 669 2629 Deus
706 2575 853 2629 solus
900 2576 1253 2642 immortalis,
1300 2578 1537 2646 sapiens,
1586 2579 1881 2645 perfectus,
1916 2590 2015 2645 per

364 2667 651 2717 naturam.
684 2692 752 2701 —-—
782 2662 936 2717 Deus
966 2662 1066 2717 lux
1094 2662 1439 2735 appellatur,
1474 2669 1529 2719 et
1577 2663 1829 2718 tenebrae
1859 2662 1916 2716 in
1947 2679 2012 2717 eo

369 2765 489 2807 non
532 2753 673 2805 sunt
719 2748 849 2804 ullae
875 2751 923 2821 (Ι
967 2752 1123 2805 Joan.
1176 2770 1215 2819 1,
1246 2754 1319 2822 5).
1353 2752 1594 2816 Qitando
1642 2752 1785 2807 dicit
1818 2749 2014 2806 nullas

365 2837 641 2894 tenebras
688 2838 748 2891 in
797 2837 896 2893 Dei
944 2838 1166 2893 lumine
1206 2839 1465 2911 reperiri,
1517 2840 1775 2895 ostendit
1822 2839 2017 2895 omnia

370 2923 621 2983 aliorum
654 2924 878 2981 lumina
908 2925 1106 2998 aliqua
1134 2928 1303 2983 sorde
1336 2927 1634 2984 maculari.
1670 2928 1929 2999 Denique
1959 2932 2017 2983 et

376 3012 626 3085 apostoli
658 3013 1027 3086 appellantur
1057 3015 1155 3071 lux
1185 3016 1409 3072 mundi.
1444 3017 1549 3072 Sed
1597 3034 1713 3072 non
1753 3022 1845 3071 est
1873 3016 2015 3072 scri-

371 3105 565 3176 ptum,
599 3104 752 3174 quod
786 3103 844 3158 in
878 3104 1277 3175 apostolorum
1325 3105 1452 3160 luce
1498 3105 1668 3161 nullae
1716 3105 1833 3160 sint
1864 3111 2017 3160 tene-

2111 550 2178 589 ex
2210 534 2399 606 gratia
2448 532 2707 600 veniens,
2761 532 3131 604 imperfectos
3192 545 3291 585 eos
3349 525 3452 599 qui
3510 522 3757 597 perfecti

2110 623 2381 678 videntur
2404 638 2553 689 esse,
2586 622 2969 677 demonstrat.
3010 619 3173 684 Quod
3222 621 3419 674 autem
3468 614 3761 687 scriptum

2113 716 2235 767 est:
2272 713 2401 766 «Et
2451 711 2692 781 sanguis
2740 711 2878 766 Jesu
2924 708 3029 764 ﬁlii
3074 708 3202 779 ejus
3251 704 3499 760 mundat
3545 719 3655 759 nos
3685 701 3762 759 ab

2114 800 2273 857 omni
2305 805 2540 873 peccato
2570 802 2619 868 (ι
2644 802 2800 855 Joan.
2836 816 2873 863 1,
2904 798 2983 869 7),
3018 819 3046 846 ››
3076 800 3196 852 tam
3227 796 3249 829 ‘
3276 794 3335 849 in
3389 791 3763 849 confessione

2113 889 2511 961 baptismatis,
2543 905 2720 960 quam
2750 888 2811 942 in
2847 885 3155 942 clementia
3186 881 3568 956 pmnitudinis
3607 878 3765 937 acci-

2114 978 2393 1051 piendum
2426 984 2531 1033 est.
2560 977 2670 1032 Sed
2702 975 2861 1031 aliud
2908 979 2997 1031 est
3043 971 3316 1029 mundari
3367 988 3401 1027 a
3449 971 3565 1027 Deo
3598 969 3763 1028 aliud

2115 1084 2217 1139 per
2247 1084 2309 1122 se
2338 1082 2466 1121 esse
2497 1064 2623 1120 sine
2651 1064 2812 1119 vitio.
2846 1062 2905 1119 Si
2937 1062 3092 1117 enim
3132 1062 3301 1132 juxta
3348 1059 3457 1116 Job
3484 1075 3496 1113 :
3540 1081 3569 1109 «
3598 1061 3766 1114 Luna

2092 1172 2229 1234 -non
2262 1154 2547 1227 splendet,
2579 1157 2638 1209 et
2668 1152 2845 1208 stellae
2877 1169 2991 1207 non
3023 1155 3162 1207 sunt
3182 1147 3492 1205 mundaain
3515 1163 3762 1219 conspe-

2115 1249 2211 1300 ctu
2270 1246 2420 1315 ejus,
2453 1248 2671 1315 quanto
2706 1241 2894 1314 magis
2923 1241 3119 1305 homo,
3169 1238 3437 1312 putredo,
3487 1240 3545 1292 et
3590 1234 3755 1292 ﬁlius

2114 1332 2371 1389 hominis
2400 1332 2614 1387 vermis
2645 1332 2782 1403 (Job.
2814 1347 2943 1397 xxv,
2991 1330 3046 1397 5,
3086 1329 3140 1396 6)
3167 1329 3178 1382 l
3212 1348 3241 1377 η
3294 1326 3478 1382 Omne
3509 1324 3666 1381 enim
3689 1340 3761 1380 os

2116 1420 2456 1487 obstruitur,
2492 1423 2548 1474 et
2577 1418 2862 1474 obnoxius
2911 1420 3000 1473 est
3054 1416 3249 1472 omnis
3296 1415 3557 1471 mundus
3597 1413 3761 1469 Deo:

2116 1534 2143 1561 ‹‹
2186 1509 2331 1575 Quia
2360 1526 2427 1565 ex
2456 1508 2730 1580 Operibus
2761 1506 2907 1579 legis
2957 1523 3073 1561 non
3111 1503 3540 1575 justiﬁcabitur
3567 1502 3767 1559 omnis

2115 1616 2247 1655 caro
2278 1615 2473 1653 coram
2505 1614 2571 1652 eo
2608 1596 2810 1668 (Calai.
2848 1612 2906 1661 11,
2941 1596 3051 1661 16).
3088 1615 3115 1642 ››
3164 1591 3454 1664 Nullaque
3483 1588 3769 1647 distantia

2114 1692 2201 1743 est
2234 1702 2656 1759 personarum:
2712 1708 2740 1734 «
2794 1684 3008 1739 Omnes
3061 1682 3219 1737 enim
3271 1683 3675 1753 peccaverunt,
3707 1684 3769 1736 et

2114 1776 2379 1848 indigent
2408 1775 2594 1847 gloria
2625 1773 2761 1829 Dei:
2798 1771 3106 1842 justiﬁcati
3149 1770 3332 1842 gratis
3378 1786 3482 1842 per
3509 1766 3767 1843 gratiam

2118 1866 2307 1938 ipsius
2354 1866 2528 1936 (Rom.
2588 1881 2674 1928 111,
2731 1863 2821 1929 23,
2879 1862 2992 1932 24).
3058 1883 3084 1909 ››
3143 1859 3205 1915 Si
3261 1863 3458 1915 autem
3516 1858 3765 1914 scribit:

2120 1978 2149 2006 α
2179 1954 2595 2009 Existimamus
2627 1953 2740 2006 ﬁde
2764 1948 3080 2021 justiﬁcari
3103 1948 3402 2004 hominem
3426 1946 3553 2004 sine
3573 1948 3770 2020 operi-

2118 2044 2231 2099 bus
2265 2042 2428 2111 legis,
2472 2041 2765 2113 siquidem
2800 2056 2952 2095 unus
2983 2043 3071 2093 est
3123 2041 3294 2104 Deus,
3338 2037 3441 2109 qui
3476 2036 3774 2109 justiﬁcat

2120 2132 2622 2188 circumcisionem
2696 2146 2763 2185 ex
2828 2128 2976 2200 lege,
3034 2131 3091 2182 et
3134 2126 3485 2199 praeputium
3535 2142 3603 2182 ex
3650 2125 3773 2181 ﬁde

2122 2222 2278 2292 (Ibid.
2311 2224 2401 2286 28,
2434 2220 2563 2291 30);
2600 2244 2621 2271 ι
2660 2217 2968 2273 manifeste
2996 2216 3272 2283 ostendit,
3319 2231 3435 2271 non
3480 2214 3539 2270 in
3568 2213 3772 2270 homi-

2121 2312 2214 2365 nis
2240 2310 2468 2377 merito,
2505 2310 2604 2364 sed
2653 2309 2713 2362 in
2763 2312 2877 2362 Deo
2927 2305 3117 2378 gratia
3164 2321 3293 2361 esse
3333 2303 3634 2375 justitiam
3664 2302 3774 2377 qui

2122 2400 2247 2455 sine
2303 2398 2448 2470 legis
2507 2398 2778 2469 Operibus
2836 2394 3199 2451 credentium
3267 2393 3515 2465 suscipit
3562 2392 3768 2449 ﬁdem.

2121 2489 2284 2545 Unde
2315 2488 2615 2560 sequitur:
2650 2510 2679 2536 ‹‹
2712 2487 3021 2542 Peccatum
3046 2484 3221 2540 vestri
3272 2500 3387 2540 non
3430 2481 3767 2539 dominabi-

2122 2583 2219 2633 tur
2248 2579 2420 2650 (Rom.
2453 2594 2530 2645 vx,
2580 2577 2687 2642 15).
2728 2596 2749 2627 ι
2799 2576 2962 2631 Cur?
3023 2596 3044 2623 α
3106 2574 3254 2639 Quia
3308 2589 3425 2629 non
3483 2572 3629 2629 estis
3657 2572 3772 2629 sub

2122 2667 2269 2739 lege,
2305 2667 2404 2722 sed
2438 2666 2547 2721 sub
2577 2664 2763 2737 gratia
2792 2662 3005 2735 (lbz'd.).
3042 2685 3070 2711 ››
3094 2684 3121 2711 ‹‹
3151 2661 3278 2717 Νοιι
3310 2660 3467 2717 enim
3495 2659 3770 2730 volentis,

2125 2772 2312 2826 neque
2342 2754 2650 2818 currentis,
2686 2752 2785 2807 sed
2818 2750 3150 2807 miserantis
3194 2755 3281 2806 est
3330 2749 3429 2806 Dei
3480 2750 3656 2821 (Rom.
3690 2767 3771 2817 ιν,

2131 2844 2237 2913 t6).
2276 2865 2302 2891 ››
2336 2866 2364 2893 ‹‹
2392 2842 2554 2898 Unde
2584 2846 2639 2898 et
2668 2844 2869 2914 gentes
2900 2857 3024 2913 quae
3057 2856 3171 2896 non
3202 2839 3578 2896 sectabantur
3593 2839 3772 2912 justi-

2124 2932 2287 2997 tiam,
2321 2931 2889 3003 comprehcnderunt
2912 2929 3227 3001 justitiam,
3244 2927 3540 3000 justitiam
3569 2932 3774 2985 autem

2125 3037 2191 3075 ex
2223 3021 2333 3076 ﬁde
2361 3021 2400 3075 ⁸.
2436 3020 2609 3076 Israel
2641 3023 2835 3075 autem
2887 3036 3138 3090 sequens
3186 3018 3374 3090 legem
3404 3016 3678 3090 justitiae,
3712 3019 3772 3074 in

2124 3108 2312 3181 legem
2344 3109 2589 3181 justitiie
2622 3126 2736 3164 non
2768 3108 3047 3180 pervenit,
3082 3107 3361 3179 quoniam
3393 3122 3511 3163 non
3542 3122 3611 3162 ex
3632 3105 3770 3175 ﬁde,

372 3191 510 3247 bras.
544 3191 615 3246 Et
643 3191 713 3247 de
741 3192 962 3248 Joanne
1020 3193 1331 3248 scribitur:
1367 3218 1393 3242 ‹‹
1428 3193 1529 3248 Hie
1568 3195 1725 3249 venit
1763 3193 1823 3248 in
1854 3194 2016 3250 testi-
2046 3184 2088 3251 C
2128 3199 2230 3253 sed
2284 3214 2351 3254 ex
2424 3198 2717 3271 operibus.
2780 3196 3156 3252 Oﬂ‘enderunt
3210 3195 3367 3251 enim
3421 3195 3482 3251 in
3511 3194 3773 3269 lapidem

374 3279 663 3346 monium,
696 3285 763 3335 ut
791 3281 1191 3336 testimonium
1220 3282 1548 3353 perhiberet
1577 3283 1647 3338 de
1677 3282 1919 3351 lumine,
1951 3287 2017 3339 ut
2124 3287 2463 3342 offensionis
2493 3286 2658 3358 (Ibid.
2691 3286 2761 3340 30
2806 3284 2996 3357 seqq.)
3060 3306 3087 3332 ››
3143 3305 3170 3334 ‹‹
3210 3283 3369 3339 Finis
3417 3282 3575 3339 enim
3622 3281 3771 3357 legis

373 3381 578 3423 omnes
609 3369 907 3425 crederent
935 3386 1039 3441 per
1066 3370 1254 3425 illum.
1289 3372 1413 3427 Non
1447 3377 1571 3427 erat
1618 3371 1715 3428 ille
1756 3372 1877 3439 lux,
1910 3373 2011 3427 sed
2121 3376 2392 3432 Christus
2422 3375 2493 3429 ad
2518 3374 2809 3447 justitiam
2842 3373 3001 3428 omni
3033 3372 3291 3429 credenti
3326 3374 3502 3445 (Rom.
3534 3391 3590 3440 x,
3624 3372 3703 3444 4).
3741 3396 3769 3423 ››

370 3458 438 3510 ut
484 3455 888 3511 testimonium
940 3458 1269 3528 perhiberet
1317 3460 1386 3514 de
1435 3458 1677 3516 lumine.
1738 3461 1874 3516 Erat
1913 3460 2012 3517 lux
2191 3468 2241 3519 8.
2329 3465 2412 3519 Ex
2500 3464 2742 3535 Apostoli
2809 3463 3088 3535 Epistolis.
3167 3493 3235 3501 —
3289 3463 3524 3519 Cunctae
3586 3478 3769 3535 prope

366 3558 524 3611 vera,
558 3560 685 3616 qua:
717 3543 1011 3600 illuminat
1054 3563 1288 3602 omnem
1330 3547 1628 3603 hominem
1680 3550 2008 3605 venientem
2119 3554 2388 3626 Epistolas
2418 3551 2677 3625 Apostoli
2707 3551 2817 3607 hoc
2848 3551 3065 3607 habent
3087 3551 3441 3625 principium
3468 3568 3480 3606 :
3506 3573 3536 3601 ‹‹
3564 3551 3771 3610 Gratia

366 3629 428 3686 in
459 3631 615 3686 hunc
643 3634 931 3688 mundum
963 3634 1140 3705 (Joan.
1176 3653 1213 3698 1,
1245 3638 1300 3699 7,
1348 3636 1423 3705 8).
1458 3658 1484 3685 ››
1531 3637 1694 3692 Unde
1739 3642 1795 3692 et
1841 3638 1911 3692 de
1942 3655 2008 3693 eo
2116 3643 2277 3699 vobis
2307 3647 2363 3699 et
2392 3659 2503 3714 pax
2534 3658 2567 3697 a
2597 3641 2712 3697 Deo
2743 3641 2910 3696 Patre
2944 3644 3001 3696 et
3047 3640 3275 3696 Christo
3324 3640 3463 3697 Jesu
3515 3640 3769 3698 Domino

366 3721 651 3794 scriptum
683 3726 805 3777 est:
838 3746 866 3772 ‹‹
899 3723 1005 3786 Qui
1057 3724 1217 3779 solus
1263 3724 1438 3780 habet
1481 3725 2004 3792 immortalitatem,

368 3809 518 3867 750
550 3815 608 3866 et
647 3810 839 3867 lucem
877 3812 1104 3867 habitat
1154 3812 1617 3869 inaccessibilem
1668 3817 1715 3884 (I
1762 3817 1892 3870 Tim.
1925 3834 2003 3885 v1,

362 3899 474 3972 46).
521 3922 541 3949 ι
576 3901 645 3956 Et
684 3905 837 3956 certe
869 3900 1121 3973 legimus
1153 3902 1537 3968 immortales,
1586 3903 1859 3975 Angelos,
1894 3905 2004 3960 im-

362 3988 638 4045 mortales
685 3990 951 4045 Thronos
1006 3995 1062 4045 et
1130 3992 1589 4059 nominationes,
1650 3998 2003 4066 cznterasque

357 4076 639 4133 Virtutes.
674 4078 784 4134 Sed
818 4078 979 4135 solus
1009 4080 1162 4136 Deus
1193 4086 1282 4136 est
1314 4080 1685 4148 immortalis,
1720 4084 1858 4153 quia
1888 4100 2003 4139 non

360 4169 451 4222 est
479 4182 580 4237 per
608 4167 878 4239 gratiam,
914 4171 977 4222 ut
998 4174 1220 4235 (atere,
1241 4171 1340 4226 sed
1368 4187 1471 4241 per
1491 4176 1781 4226 naturam.
1816 4174 2000 4236 Quam

360 4254 436 4312 ob
492 4271 727 4310 causam
788 4255 941 4310 idem
1005 4258 1306 4329 apostolus
1369 4259 1573 4315 scribit
1629 4261 1800 4331 (Rom.
1859 4263 1998 4333 xv1).

358 4342 546 4400 Deum
576 4343 765 4399 solum
808 4360 935 4399 esse
967 4347 1313 4417 sapientem,
1345 4364 1478 4402 cum
1536 4353 1591 4403 et
1622 4349 1915 4419 Salomon,
1945 4356 2001 4407 et

358 4430 527 4487 multi
560 4431 659 4487 alii
719 4434 903 4488 sancti
963 4434 1257 4506 sapientes
1308 4441 1603 4504 vocentur,
1663 4444 1720 4494 et
1770 4440 2001 4497 dicatur

346 4520 514 4593 juxta
549 4521 897 4577 Hebraicum
931 4524 997 4578 ad
1035 4524 1356 4595 principem
1388 4526 1561 4597 Tyri:
1601 4548 1623 4576 ε
1674 4528 2000 4601 Sapientior

352 4610 593 4667 Daniele
621 4629 682 4666 es
737 4617 797 4665 tu
829 4613 1043 4683 (Exeo/1.
1094 4632 1290 4679 xxvm,
1342 4616 1415 4685 3).
1454 4640 1475 4667 ι
1531 4617 1828 4679 Quomodo
1860 4637 1994 4691 ergo

351 4698 512 4756 solus
543 4700 664 4767 lux,
700 4700 860 4756 solus
891 4702 1243 4758 immortalis
1273 4708 1327 4758 et
1358 4703 1519 4760 solus
1551 4707 1785 4778 sapiens
1805 4708 1997 4779 appel-

348 4789 530 4857 latur,
561 4808 695 4847 cum
728 4791 895 4846 multi
929 4792 1310 4859 immortales,
1334 4798 1390 4849 et
1437 4792 1598 4851 luces
1628 4801 1683 4851 et
1705 4798 1994 4869 sapientes

417 4934 434 4969 ¹
467 4933 856 5025 Illinc'pqtoin
916 4940 1109 4987 mente
1163 4934 1399 5025 habuit.
1425 4952 1492 4990 ex
1545 4936 1993 5025 .losephiulibro

343 5004 410 5083 de
492 5004 839 5083 Μασζιιιίιιυίδ,
917 5022 1022 5083 cap
1100 5023 1160 5083 ιιι
1242 5004 1416 5083 ε.οὺ
1502 5007 1638 5083 γᾴρ-
1688 5004 1989 5083 "expiamur;

341 5080 451 5129 τῶν
535 5077 718 5129 παθῶν
807 5077 833 5129 ὁ
919 5073 1187 5149 λοῖίισμὸς
1287 5076 1450 5145 ἐστιν,
1515 5073 1640 5131 ἄλλ’
1700 5073 1992 5154 derivavi-

344 5148 514 5215 στής;
551 5152 658 5203 Nec
701 5150 849 5202 enim
896 5152 1333 5219 perturbationes
1382 5154 1525 5205 ratio
1574 5152 1757 5206 evellit
1785 5148 1989 5208 radici-

342 5222 451 5283 tus,
491 5219 610 5294 _sed_
674 5222 1070 5294 concertaniioi
1106 5225 1400 5294 ορριιθηαι.
1462 5224 1805 5294 Quanquam
1867 5231 1990 5280 tota

343 5288 503 5345 aurei
563 5291 689 5371 ejus
742 5291 877 5345 libri
924 5288 1191 5371 praefatio
1240 5288 1989 5371 aquuartum'usquenu-

341 5356 1054 5437 merum'llieronymiano
1087 5356 1391 5437 proposito
1434 5356 1834 5422 commentarii
1866 5369 1986 5424 vice

339 5448 482 5511 esse
496 5436 703 5511 potest.

407 5505 428 5536 ²
460 5502 616 5580 Licet
643 5519 709 5557 ex
738 5503 845 5558 hoc
879 5502 1002 5580 loco
1021 5504 1372 5580 intelligere,
1398 5507 1840 5580 Pelagianorum
1864 5510 1985 5564 civ:-

339 5572 639 5658 MPTWEW
675 5590 739 5658 ορ
782 5575 1171 5658 pertinuisse,-
1207 5572 1270 5658 ut
1319 5572 1772 5658 homoAvcareret
1821 5585 1981 5639 omni

331 5648 592 5721 peCcato,
659 5648 838 5703 etiam
888 5648 1176 5705 materiali
1237 5652 1602 5724 ignorantiae,
1650 5654 1980 5725 oblivionis,

1287 5098 1426 5131 εστιν

2118 3733 2263 3789 751
2300 3735 2498 3787 nostro
2531 3732 2578 3802 (I
2607 3731 2728 3786 Cor.
2764 3748 2804 3797 1,
2838 3731 2913 3799 3),
2950 3752 2977 3779 ››
3010 3734 3067 3785 et
3106 3729 3285 3785 simili
3336 3730 3452 3786 ﬁne
3484 3728 3770 3787 claudun-

2111 3827 2225 3877 tur.
2281 3821 2365 3876 Ad
2424 3819 2755 3876 Corinthios
2813 3835 3047 3891 quoque
3105 3818 3413 3875 scribitur:
3462 3841 3490 3868 «
3524 3818 3597 3875 Ut
3645 3835 3765 3876 non

2111 3909 2425 3981 indigeatis
2456 3908 2577 3964 ulla
2628 3907 2960 3976 donatione,
3007 3911 3410 3980 exspectantes
3459 3905 3765 3963 revelatio-

2112 4016 2247 4055 nem
2272 3998 2504 4055 Domini
2537 3998 2720 4053 nostri
2751 4000 2891 4052 Jesu
2913 3995 3155 4064 Christi,
3180 3996 3280 4067 qui
3303 4001 3360 4052 et
3391 3995 3767 4053 conﬁrmabit

2112 4106 2212 4143 vos
2243 4104 2430 4159 usque
2478 4086 2536 4142 in
2589 4086 2768 4141 ﬁnem
2810 4085 2936 4140 sine
2982 4084 3228 4140 crimine
3276 4085 3335 4140 in
3385 4085 3479 4141 die
3524 4084 3763 4142 Domini

2110 4177 2293 4233 nostri
2324 4177 2354 4233 J
2363 4194 2466 4232 esu
2498 4174 2711 4231 Christi
2740 4173 2897 4246 (Ibid.
2925 4176 2979 4240 7,
3011 4177 3087 4245 8).
3122 4197 3150 4224 »
3175 4173 3335 4230 Licet
3355 4190 3491 4248 ergo
3512 4173 3675 4230 nulla
3696 4169 3787 4231 in"

2110 4267 2414 4339 digeamus
2445 4264 2779 4332 donatione,
2811 4266 3009 4319 tamen
3038 4267 3414 4335 expectamus
3454 4261 3762 4320 revelatio-

2110 4373 2242 4412 nem
2278 4354 2510 4410 Domini
2543 4352 2725 4409 nostri
2755 4352 2893 4409 Jesu
2926 4353 3161 4419 Christi,
3213 4352 3313 4425 qui
3364 4358 3506 4408 tunc
3555 4369 3664 4410 nos
3696 4353 3758 4409 in

2107 4444 2381 4500 omnibus
2404 4442 2792 4511 conﬁrmabit,
2817 4445 2872 4497 et
2894 4443 3161 4498 ostendet
3182 4443 3308 4498 sine
3330 4440 3597 4508 crimine,
3616 4457 3757 4498 cum

2107 4535 2230 4589 dies
2262 4532 2492 4589 Domini
2520 4531 2703 4587 nostri
2727 4532 2865 4587 Jesu
2889 4531 3103 4587 Christi
3121 4536 3177 4587 et
3199 4530 3401 4586 mundi
3426 4531 3563 4588 ﬁnis
3587 4526 3758 4587 adve-

2107 4623 2275 4689 nerit,
2318 4627 2381 4677 ut
2429 4638 2543 4676 non
2594 4620 2874 4693 glorietur
2911 4620 3104 4677 omnis
3143 4636 3277 4677 caro
3322 4621 3382 4676 in
3434 4624 3755 4693 conSpectu

2106 4714 2253 4783 ejus.
2306 4710 2520 4767 Paulus
2568 4710 2874 4781 plantavit,
2916 4709 3118 4782 Apollo
3173 4708 3381 4782 rigavit
3419 4711 3465 4781 (Ι
3492 4708 3614 4767 Cor.
3664 4728 3752 4779 ιιι,

2102 4804 2179 4873 6),
2212 4802 2313 4857 sed
2346 4801 2630 4856 Dominus
2663 4800 3092 4855 incrementum
3122 4799 3319 4855 dedit:
3375 4815 3511 4872 ergo
3562 4816 3754 4872 neque

2102 4948 2252 5009 etc.;
2295 4959 2465 4998 secus
2520 4942 2675 4997 enim
2734 4958 2906 4997 omne
2962 4942 3117 5012 quod
3174 4957 3373 4998 cavere
3428 4941 3603 4998 homo
3634 4959 3752 5001 non

2103 5020 2314 5087 potest,
2349 5018 2647 5086 peccatum
2679 5012 2841 5069 nullo
2872 5030 3049 5087 sensu
3087 5012 3347 5087 dicitur._
3576 5043 3580 5047 -
3700 5084 3711 5087 _
3752 5042 3759 5049 -

2175 5087 2195 5120 ³
2255 5083 2581 5141 Lahorabat
2637 5102 2847 5140 sensus
2896 5083 3384 5156 interpunctionis
3429 5083 3604 5140 vitio:
3663 5084 3749 5141 sic

2100 5158 2289 5229 enimp
2344 5158 2641 5229 scriptum,
2686 5162 2827 5212 erat.
2893 5161 3060 5229 Lucas
3126 5165 3184 5229 et
3267 5157 3757 5229 sapienteasint?

2099 5231 2209 5284 sub
2279 5227 2673 5301 interrogandi
2747 5232 2903 5291 nota,
2972 5228 3179 5301 exinde
3234 5227 3382 5301 nova
3446 5227 3746 5301 periodus,

2099 5245 2209 5284 suo
2279 5245 2673 5301 interrogandi
2747 5245 2903 5291 nom,
2972 5245 3179 5283 exinde
3236 5245 3382 5283 nova
3486 5245 3746 5297 erioous,

2214 5302 2478 5382 perfectio
2533 5301 2797 5368 hominis,
2858 5304 2996 5369 etc.,
3032 5300 3092 5353 in
3152 5298 3404 5372 vulgatis
3446 5245 3746 5357 iactanda

2119 5391 2132 5426 Ι
2184 5390 2281 5427 l‘lS.

2119 5390 2281 5427 lDX‘lS.

2165 5445 2187 5477 ‘
2218 5443 2456 5498 Addunt
2510 5441 2773 5496 Vaticani
2829 5440 2945 5495 duo
3012 5456 3183 5511 mss.,
3239 5441 3477 5498 Mundat
3522 5441 3744 5513 quidem

2092 5531 2188 5571 nos
2219 5516 2286 5571 ab
2316 5517 2472 5570 omni
2524 5518 2742 5584 peraito
2801 5516 2931 5580 tam,
2991 5517 3123 5579 etc.,
3192 5516 3368 5584 atque
3433 5514 3574 5571 adeo
3604 5528 3743 5571 mox

2092 5604 2279 5653 voces,
2322 5586 2695 5656 accipiendum
2728 5588 2824 5651 est,
2859 5600 2973 5639 non
3000 5588 3345 5655 agnoscunt.

2162 5660 2183 5695 ⁵
2216 5660 2376 5716 Unus
2403 5658 2619 5727 Vatic.,
2660 5657 2940 5715 Justitiam
2977 5665 3160 5716 autem
3204 5672 3331 5731 quae
3375 5660 3463 5725 est)
3496 5673 3569 5716 ea:
3598 5658 3735 5731 ﬁde.
