3958 6400
1001 336 1396 405 DIALOGUS
1441 334 1756 403 CONTRA
1800 334 2595 403 PELAGIANOS.-—LIB.
2642 337 2721 404 Il.

3459 342 3589 427 εγω

178 473 273 547 qui
302 471 554 547 plantat,
586 486 774 547 neque
804 470 903 546 qui
935 473 1104 547 rigat,
1137 479 1225 532 est
1256 474 1479 547 aliquid
1508 493 1520 544 ;
1574 472 1676 532 sed
1719 470 1817 548 qui
1848 471 1903 542 Α
1933 472 2324 532 credentibus.
2387 475 2501 533 Lex
2532 493 2668 552 ergo
2726 476 3080 552 paedagogus
3112 478 3311 535 noster
3366 478 3477 538 fuit
3518 480 3581 540 in

175 560 609 621 incrementum
640 564 758 634 dat,
792 562 967 621 Deus.
1003 563 1197 637 Ipsius
1229 564 1387 621 enim
1440 563 1818 639 agricultura,

176 653 360 728 ipsius
394 653 701 711 aedificatio
729 670 954 711 sumus.
986 653 1160 710 Juxta
1189 655 1437 727 gratiam
1489 654 1614 724 Dei,
1655 655 1823 728 quasi

175 740 415 818 sapiens
447 743 805 800 architectus
835 744 999 816 ponit
1045 744 1520 801 fundamentum.
1555 768 1575 795 α
1611 745 1822 811 Nolite,

173 833 390 906 inquit,
420 835 804 906 vosmetipsos
844 833 1132 906 decipere.
1185 834 1242 889 Si
1292 834 1426 906 quis
1474 835 1707 908 sapiens
1737 838 1827 891 est

173 923 237 980 in
266 924 456 990 vobis,
486 922 545 978 in
578 922 786 979 saeculo
818 923 951 989 isto,
978 923 1175 979 fatuus
1206 924 1327 990 fiat,
1362 929 1428 979 ut
1458 923 1535 979 sit
1565 925 1819 996 sapiens.

171 1010 475 1083 Sapientia
528 1011 685 1067 enim
746 1013 932 1079 mudi,
986 1011 1237 1069 stultitia
1288 1018 1373 1068 est
1430 1014 1584 1086 apud
1636 1014 1821 1069 Deum

174 1100 220 1172 (Ι
249 1099 375 1155 Cor.
410 1118 495 1167 III,
530 1100 617 1168 18,
652 1100 759 1172 19).
793 1122 823 1151 ››
856 1124 883 1152 ‹‹
916 1101 1205 1158 Dominus
1262 1103 1562 1174 cognoscit
1605 1104 1821 1175 cogita-

174 1187 365 1247 tiones
390 1188 726 1259 hominum,
759 1189 898 1262 quia
924 1207 1084 1246 vanae
1117 1196 1255 1247 sunt
1276 1192 1446 1263 (Psal.
1477 1210 1637 1261 xcm,
1664 1193 1772 1264 1-1),
1792 1216 1819 1242 ››

174 1281 240 1335 Et
268 1277 521 1334 iterum:
563 1301 583 1328 ι
618 1278 681 1334 In
732 1279 893 1335 nullo
939 1279 1096 1335 enim
1148 1281 1294 1336 mihi
1348 1281 1619 1338 conscius
1666 1298 1822 1350 sum,

176 1360 276 1425 sed
307 1384 415 1424 nec
444 1367 506 1423 in
537 1366 647 1425 hoc
669 1368 1033 1441 justiﬁcatus
1063 1386 1221 1441 sum,
1251 1370 1389 1442 quia
1419 1371 1518 1443 qui
1552 1387 1645 1427 me
1669 1371 1826 1442 judi-

180 1460 289 1527 cat,
310 1450 609 1515 Dominus
639 1448 728 1515 est
757 1460 805 1527 (I
835 1458 955 1515 Cor.
993 1475 1067 1527 ιν,
1094 1460 1167 1531 4).
1200 1481 1229 1510 ››
1281 1459 1508 1515 Dicitur
1553 1465 1609 1516 et
1637 1460 1822 1532 vobis,

176 1546 279 1620 qui
328 1546 455 1603 sine
502 1534 738 1620 peccato
786 1564 888 1604 vos
935 1564 1067 1605 esse
1114 1547 1326 1617 dicitis,
1395 1548 1536 1620 quid
1595 1548 1825 1605 habetis

176 1636 336 1709 ‘quod
370 1653 482 1692 non
533 1636 889 1709 accepistis?
945 1638 1003 1693 Si
1053 1641 1248 1694 autem
1308 1637 1639 1711 accepistis,
1682 1637 1823 1710 quid

173 1724 531 1798 gloriamini,
560 1726 731 1798 quasi
762 1743 875 1783 non
909 1727 1248 1799 acceperitis
1268 1726 1296 1782 ?
1328 1750 1356 1777 ‹‹
1407 1728 1440 1783 J
1450 1744 1543 1783 am
1575 1728 1823 1783 saturati

176 1813 338 1915 estis,
401 1816 529 1887 jam
599 1815 843 1920 divites.
877 1815 1210 1920 facti‘estis“
1253 1818 1409 1916 (Ibid.
1444 1818 1518 1889 8).
1556 1840 1583 1867 ››
1629 1818 1695 1872 Et
1759 1821 1825 1873 ut
1852 1854 1900 1920 B

172 1902 435 1962 sciamus
465 1921 583 1961 non
613 1921 680 1961 ex
710 1903 904 1972 nobis,
936 1906 1039 1962 sed
1071 1922 1139 1961 ex
1168 1905 1268 1962 Dei
1318 1911 1529 1962 cuncta
1572 1907 1825 1979 pendere

164 1991 393 2068 judicio
422 2011 434 2049 :
475 2014 503 2043 ‹‹
532 1993 799 2064 Veniam,
825 1993 1039 2067 inquit,
1056 1994 1230 2051 citius
1246 1996 1318 2051 ad
1336 1996 1522 2065 vos,si
1546 1994 1824 2052 Dominus

171 2081 421 2140 voluerit
448 2084 621 2154 (Ibid.
654 2082 765 2156 19).
802 2104 831 2133 ››
863 2084 969 2150 Qui
1018 2083 1174 2140 enim
1225 2074 1445 2153 dicit,‘«
1493 2086 1722 2141 veniam
1752 2086 1823 2141 ad

177 2187 302 2241 vos,
335 2172 593 2228 ostendit
624 2189 685 2228 se
741 2171 911 2241 velle,
943 2177 1231 2229 monstrat
1288 2190 1519 2246 cupere,
1582 2174 1823 2247 promit-

173 2260 250 2318 tit
316 2262 654 2318 adventum.
723 2264 831 2319 Sed
891 2267 956 2319 ut
1022 2264 1256 2321 cautius
1341 2264 1463 2320 hinc
1527 2264 1826 2339 loquatur,

173 2349 373 2417 infert,
417 2374 446 2402 «
478 2351 528 2407 si
558 2351 843 2409 Dominus
873 2351 1139 2409 voluerit.
1177 2374 1205 2403 »
1260 2354 1319 2410 Si
1352 2354 1488 2426 quis
1519 2354 1675 2409 enim
1717 2371 1823 2426 pu-

171 2444 259 2498 tat
279 2458 342 2499 se
363 2439 504 2512 quid
527 2456 722 2509 nosse,
750 2441 996 2498 necdum
1020 2442 1199 2513 novit,
1223 2442 1375 2499 sicut
1390 2460 1563 2499 nosse
1577 2446 1824 2516 oportet.

244 2531 300 2586 9.
333 2530 543 2587 lterum
601 2547 671 2587 ea:
699 2520 966 2603 Apostolo.
1001 2564 1069 2572 -—
1125 2522 1243 2588 Vas
1298 2532 1599 2589 electionis
1629 2532 1825 2589 humi-

170 2618 337 2677 litate
394 2620 679 2691 dejectus,
737 2620 856 2677 imo
905 2621 1260 2679 conscientia
1313 2622 1648 2695 fragilitatis
1706 2639 1824 2679 suae

172 2707 479 2783 loquitur:
513 2731 541 2759 «
579 2709 693 2783 Ego
748 2727 883 2766 sum
915 2711 1205 2768 minimus
1257 2712 1681 2785 apostolorum,
1725 2711 1827 2784 qui

172 2798 292 2856 non
326 2815 459 2856 sum
491 2799 707 2874 dignus
736 2800 929 2857 vocari
956 2800 1294 2874 Apostolus,
1326 2801 1605 2874 quoniam
1637 2816 1827 2874 perse-

173 2892 352 2945 cutus
381 2879 514 2945 eum
546 2888 861 2946 Ecclesiam
907 2890 1011 2946 Dei
1059 2891 1247 2964 gratia
1298 2895 1497 2947 autem
1550 2890 1652 2947 Dei
1693 2907 1826 2948 sum

171 2976 235 3033 id
286 2968 444 3049 quod
477 2993 633 3045 sum,
689 2982 746 3034 et
774 2977 963 3052 gratia
1015 2978 1202 3053 ipsius
1234 2980 1294 3035 in
1352 2997 1445 3036 me
1498 2997 1681 3036 vacua
1710 2997 1827 3036 non

176 3065 329 3141 fuit;
363 3066 463 3123 sed
495 3067 770 3124 omnibus
809 3067 927 3125 illis
959 3069 1214 3141 amplius
1260 3069 1538 3136 laboravi,
1572 3086 1685 3124 non
1722 3084 1827 3141 ego

181 3138 405 3223 autem,
437 3156 539 3211 sed
571 3157 757 3227 gratia
787 3156 887 3213 Dei
923 3138 1317 3230 quae—mecum
1350 3160 1466 3215 est‘
1499 3158 1548 3231 (Ι
1575 3158 1695 3214 Cor.
1731 3138 1827 3225 xv,

1934 564 2185 633 Christo,
2246 569 2311 619 ut
2350 582 2419 622 ex
2470 567 2584 622 ﬁde
2630 566 3025 639 justiﬁcemur
3079 566 3237 640 (Ibid.
3270 570 3485 642 21-24).
3550 593 3580 623 »

1935 654 2097 711 Unde
2162 655 2345 723 addit,
2413 660 2472 712 et
2538 674 2655 712 uno
2722 656 3008 714 versiculo
3072 656 3269 713 omnia
3318 674 3583 734 compre-

1935 743 2158 812 hendit,
2228 745 2465 801 dicens:
2501 769 2529 795 ‹‹
2579 746 2853 802 Evaouati
2920 744 3062 803 estis
3108 763 3140 801 a
3196 745 3445 818 Christo,
3480 750 3583 822 qui

1933 835 1993 891 in
2061 833 2190 907 lege
2214 834 2651 905 justiﬁcamini,
2719 836 2969 909 agratia
3033 834 3330 892 excidistis
3379 837 3579 910 (Galal.

1932 940 1987 989 ν,
2021 923 2096 995 4).
2138 945 2157 972 ι

2005 1013 2091 1068 10.
2123 1014 2163 1068 Α
2194 1014 2350 1069 nullo
2392 1014 2561 1083 legem
2598 1030 2709 1070 esse
2738 1015 3083 1088 completam.
3114 1046 3184 1057 -ς
3213 1019 3343 1071 Haec
3373 1020 3583 1074 cuncta

1933 1118 2232 1174 percurro,
2288 1107 2355 1158 ut
2409 1104 2715 1159 ostendam
2767 1122 2801 1160 a
2839 1103 3001 1161 nullo
3029 1104 3217 1178 legem
3265 1122 3394 1162 esse
3424 1122 3581 1163 com-

1933 1191 2173 1263 pletam,
2208 1197 2266 1248 et
2296 1209 2399 1264 per
2445 1192 2631 1265 legem
2665 1193 2944 1249 mandata
2993 1194 3193 1250 omnia
3222 1211 3350 1268 quae
3398 1196 3581 1252 conti-

1933 1285 2148 1337 nentur
2177 1280 2237 1337 in
2267 1281 2411 1353 lege.
2474 1283 2626 1337 Deus
2655 1286 2745 1338 est
2811 1282 2969 1339 enim
3037 1282 3138 1354 qui
3205 1287 3483 1356 operatur
3521 1284 3582 1340 in

1933 1369 2125 1439 nobis,
2159 1376 2215 1426 et
2247 1369 2390 1426 velle
2419 1374 2475 1426 et
2502 1370 2780 1443 perficere
2811 1371 3075 1445 (Philipp.
3130 1388 3191 1438 ιι,
3255 1372 3361 1445 13).
3396 1373 3582 1431 Labo-

1934 1463 2025 1515 rat
2054 1459 2388 1532 Apostolus,
2422 1464 2479 1515 et
2501 1461 2673 1532 juxta
2693 1459 2987 1531 justitiam
3030 1478 3157 1535 quae
3207 1460 3266 1516 in
3315 1462 3442 1534 lege
3470 1465 3580 1531 est,

1934 1548 2061 1604 sine
2108 1548 2477 1620 querimonia
2520 1552 2919 1615 conversatus,
2953 1548 3151 1605 omnia
3198 1567 3301 1623 pro
3348 1549 3581 1608 Christo

1934 1636 2094 1693 ducit
2156 1637 2525 1710 quisquilias,
2554 1641 2619 1693 ut
2672 1637 3002 1694 inveniatur
3058 1639 3119 1694 in
3168 1639 3417 1707 Christo,
3460 1656 3578 1697 non

1934 1726 2159 1783 habens
2192 1744 2362 1783 suam
2396 1726 2714 1798 justitiam,
2750 1743 2876 1799 quae
2924 1744 2993 1782 ex
3023 1727 3169 1801 lege,
3220 1728 3322 1783 sed
3354 1744 3484 1800 qua
3513 1744 3583 1785 ex

1937 1817 2049 1872 ﬁde
2079 1816 2295 1873 Christi
2326 1820 2416 1873 est
2441 1834 2473 1872 a
2504 1817 2642 1873 Deo.
2695 1816 2858 1873 Unde
2905 1817 3112 1873 scribit
3154 1817 3227 1872 ad
3271 1817 3583 1875 Thessalo-

1935 1907 2239 1962 nicenses:
2281 1925 2304 1955 ι
2337 1906 2549 1963 Fidelis
2579 1910 2775 1962 autem
2826 1911 2917 1961 est
2963 1906 3274 1978 Dominus,
3331 1907 3434 1979 qui
3460 1923 3586 1963 ser-

1932 1995 2091 2050 vabit
2122 2011 2242 2061 eos,
2302 2000 2359 2051 et
2407 1995 2698 2051 custodiet
2727 2012 2762 2051 a
2809 1994 2965 2051 malo
2997 1996 3068 2075 (II
3116 1995 3292 2053 Thess.
3326 2013 3411 2065 ιιι,
3443 1996 3520 2067 3).
3555 2018 3584 2046 »

1935 2084 2084 2156 Ergo
2117 2100 2231 2139 non
2264 2083 2433 2139 liberi
2466 2082 2692 2140 arbitrii
2723 2088 3033 2158 potestate,
3067 2085 3167 2141 sed
3198 2085 3301 2142 Dei
3332 2083 3586 2143 clemen-

1933 2173 2017 2229 tia
2041 2189 2477 2229 conservamur.
2529 2175 2603 2230 Ac
2650 2190 2724 2230 ne
2774 2178 2943 2247 putes
2973 2173 3586 2248 argumentationibus

1934 2262 2121 2329 vanis,
2155 2279 2280 2335 quae
2311 2250 2543 2320 movent
2591 2262 2969 2319 audientibus
3026 2262 3403 2337 quaestiones,
3433 2264 3587 2320 veri-

1933 2355 2115 2408 tatem
2140 2369 2313 2425 posse
2343 2353 2477 2408 fidei
2510 2352 2791 2416 subverti,
2833 2352 2988 2408 idem
3034 2351 3350 2426 Apostolus
3380 2352 3587 2409 scribit

1936 2443 2008 2497 ad
2077 2430 2490 2500 Timotheum:
2563 2464 2592 2492 ‹‹
2659 2441 3055 2509 OTimothee,
3125 2441 3458 2515 depositum
3490 2458 3587 2499 cu-

1937 2530 2111 2598 stodi,
2189 2531 2457 2587 devitans
2532 2531 2806 2602 profanas
2879 2547 3089 2586 vocum
3164 2530 3450 2587 novitates
3524 2535 3586 2587 et

1936 2620 2426 2677 contradictiones
2466 2618 2599 2676 falsi
2631 2618 2887 2677 nominis
2928 2619 3204 2687 scientiae,
3237 2636 3416 2692 quam
3448 2619 3584 2693 qui-

1938 2709 2073 2766 dam
2104 2710 2537 2782 promittentes,
2570 2710 2723 2765 circa
2772 2709 2949 2766 ﬁdem
2979 2713 3323 2779 erraverunt
3372 2708 3417 2781 (ι
3447 2710 3584 2766 Tim.

1937 2816 2015 2867 v1,
2045 2799 2135 2869 20,
2171 2799 2280 2869 21).
2316 2822 2344 2849 ‹‹
2384 2822 2403 2848 ι
2441 2799 2676 2856 Bonitas
2708 2798 2865 2855 enim
2914 2802 2971 2856 et
3018 2797 3422 2856 misericordia
3459 2797 3585 2855 Sal-

1936 2878 2156 2945 vatoris
2188 2888 2396 2958 nostri,
2431 2905 2546 2945 non
2578 2906 2648 2946 ex
2693 2888 2969 2962 operibus
2991 2888 3239 2961 justitiae
3289 2904 3420 2960 qum
3447 2886 3585 2945 feci-

1939 2994 2094 3048 mus,
2145 2980 2247 3035 sed
2297 2979 2623 3035 secundum
2677 2995 2845 3035 suam
2896 2977 3362 3034 misericordiam
3392 2975 3585 3033 salvos

1937 3085 2045 3123 nos
2075 3067 2229 3136 fecit,
2266 3072 2332 3123 ut
2356 3068 2663 3140 justiﬁcati
2687 3067 2846 3123 illius
2876 3066 3083 3140 gratia,
3116 3066 3375 3123 hazredes
3395 3065 3586 3122 simus

1938 3158 2265 3213 secundum
2297 3173 2462 3229 spem
2494 3156 2622 3212 vitae
2670 3160 2894 3212 aeternae
2925 3155 3062 3227 (Tit.
3088 3172 3173 3221 ιιι,
3202 3156 3259 3221 5,
3290 3154 3365 3224 6).
3392 3175 3421 3203 ››
3452 3156 3587 3210 Hac

174 3242 233 3315 9,
268 3244 380 3316 10).
414 3266 444 3295 ››
476 3244 629 3301 Dicit
657 3262 721 3302 se
748 3246 884 3318 plus
901 3247 1178 3303 omnibus
1199 3246 1481 3319 apostolis
1505 3247 1827 3318 laborasse,
1857 3232 1901 3301 (Σ
1940 3245 2192 3303 breviter
2257 3246 2427 3318 quasi
2492 3262 2562 3301 ex
2625 3245 2914 3301 latissimo
2982 3249 3159 3316 atque
3188 3242 3584 3316 pulcherrimo

176 3332 497 3406 statimque
527 3332 787 3390 laborem
820 3352 996 3392 suum
1028 3336 1100 3392 ad
1129 3335 1233 3392 Dei
1294 3336 1470 3393 refert
1497 3335 1784 3392 auxilium
1810 3350 1823 3391 :

179 3444 210 3475 ‹‹
242 3422 370 3479 Nan
401 3424 527 3496 ego,
562 3423 858 3497 inquiens,
891 3425 992 3481 sed
1024 3425 1213 3498 gratia
1262 3425 1387 3495 Dei,
1439 3443 1564 3498 quae
1595 3436 1828 3481 mecum

178 3514 291 3581 est,
327 3535 356 3562 η
386 3512 543 3569 sicut
567 3517 626 3570 et
652 3511 713 3570 in
773 3513 887 3571 alio
943 3514 1069 3571 loco
1127 3514 1427 3587 loquitur:
1464 3538 1492 3566 <<
1526 3514 1827 3572 Fiduciam

178 3605 380 3659 autem
436 3602 614 3658 talem
672 3603 961 3661 habemus
1006 3622 1109 3678 per
1162 3606 1364 3662 Jesum
1424 3604 1723 3661 Christum
1755 3604 1827 3660 ad

175 3690 388 3761 Deum,
420 3706 537 3747 non
573 3691 716 3765 quia
742 3708 811 3748 ex
840 3692 1009 3750 nobis
1040 3694 1184 3768 ipsis
1234 3694 1592 3751 sufficientes
1638 3694 1826 3751 simus

173 3784 450 3871 reputare
480 3780 722 3854 aliquid,
756 3783 927 3854 quasi
954 3800 1023 3839 ex
1052 3788 1251 3840 nostro
1277 3802 1289 3840 :
1342 3785 1444 3841 sed
1475 3782 1829 3841 sufﬁcientia

173 3870 383 3927 nostra
433 3887 503 3927 ex
538 3870 658 3928 Deo
710 3875 821 3940 est,
854 3873 956 3944 qui
1012 3878 1069 3928 et
1100 3890 1205 3930 nos
1263 3873 1474 3947 dignos
1510 3874 1660 3931 752
1692 3872 1829 3929 fecit

171 3959 481 4017 ministros
508 3960 641 4017 novi
671 3962 1034 4019 Testamenti
1066 3963 1139 4035 (Il
1175 3962 1293 4019 Cor.
1324 3980 1405 4032 ιιι,
1457 3964 1600 4035 4ο6).
1638 3985 1666 4014 ››
1699 3963 1826 4019 Νοιι

170 4048 335 4106 enim
393 4050 748 4119 iustiﬁcatur
802 4052 979 4109 homo
1036 4069 1106 4108 ex
1153 4053 1430 4125 operibus
1491 4052 1659 4125 legis,
1712 4050 1826 4109 nisi

168 4154 279 4212 per
308 4138 487 4197 ﬁdem
513 4140 654 4199 Jesu
710 4141 949 4199 Christi.
984 4142 1148 4200 Unde
1204 4142 1414 4199 infert:
1450 4166 1477 4193 «
1511 4143 1581 4197 Et
1614 4142 1719 4199 hos
1763 4141 1822 4197 in

165 4224 379 4286 Jesum
439 4228 738 4286 Christum
800 4231 1184 4299 credidimus,
1215 4222 1282 4287 ut
1329 4231 1728 4304 justificemur
1757 4248 1826 4287 ex

165 4318 290 4375 ﬁde
345 4318 585 4386 Christi,
641 4324 699 4377 et
757 4336 873 4377 non
932 4338 1002 4377 ex
1046 4321 1322 4393 operibus
1381 4320 1526 4395 legis
1584 4320 1723 4394 quia
1755 4337 1825 4376 ex

166 4406 451 4481 operibus
476 4407 625 4484 legis
646 4427 762 4466 non
784 4411 1215 4483 justificabitur
1243 4410 1435 4467 omnis
1500 4426 1631 4466 caro
1680 4411 1819 4481 (Gal.

168 4514 237 4566 ιι,
274 4490 390 4567 16).
424 4520 453 4549 »
489 4521 518 4549 «
551 4498 610 4556 Si
640 4500 795 4557 enim
818 4516 887 4557 ex
915 4501 1041 4574 lege
1063 4500 1318 4573 justitia,
1378 4515 1514 4573 ergo
1555 4498 1822 4556 Christus

165 4586 304 4645 sine
360 4604 538 4646 causa
592 4594 865 4647 mortuus
914 4595 1004 4647 est
1061 4591 1220 4662 (Ibid.
1270 4592 1383 4662 21).

1936 3334 2266 3407 apostolicae
2332 3336 2607 3391 doctrinae
2666 3339 2831 3407 prato
2900 3334 3254 3407 carpsimus,
3321 3336 3387 3389 ut
3427 3333 3584 3389 durae

1938 3423 2146 3481 frontis
2177 3424 2543 3497 impudentia
2572 3427 2923 3481 conteratur.

2012 3514 2093 3570 11.
2164 3519 2247 3573 Ex
2274 3515 2561 3587 Evangelii
2613 3515 2929 3587 praeceptis.
2962 3544 3032 3554 —
3082 3515 3478 3571 Transeamus
3508 3511 3578 3569 ad

1936 3603 2267 3677 Evangelia,
2345 3608 2402 3660 et
2464 3603 2817 3677 apostolicos
2901 3602 3191 3678 igniculos
3253 3601 3585 3659 clarissima

1935 3693 2150 3750 Christi
2197 3693 2471 3766 lampade
2525 3693 2949 3767 compleamus.
2988 3712 3016 3746 α
3066 3692 3293 3757 Omnis,
3345 3692 3447 3758 ait,
3480 3691 3581 3764 qui

1936 3783 2211 3840 irascitur
2240 3784 2405 3840 fratri
2453 3801 2560 3841 suo
2608 3784 2734 3841 sine
2784 3800 2983 3850 causa,
3031 3799 3165 3839 reus
3202 3782 3312 3839 erit
3339 3780 3579 3851 judicio.

1940 3874 2091 3931 753
2123 3874 2231 3940 Qui
2264 3878 2461 3931 autem
2492 3874 2723 3939 dixerit,
2771 3889 2917 3929 mea
2957 3872 3138 3945 (quod
3166 3871 3584 3943 interpretatur

1934 3964 2164 4019 vanus’
2210 3966 2269 4018 et
2312 3964 2534 4035 absque
2582 3962 2862 4034 cerebro),
2906 3977 3042 4017 reus
3093 3960 3205 4017 erit
3247 3959 3517 4029 concilio,
3550 3982 3580 4010 κ

1935 4051 2091 4108 haud
2124 4051 2372 4107 dubium
2403 4052 2545 4124 quin
2579 4055 2919 4108 sanctorum
2949 4054 3007 4107 et
3036 4048 3286 4124 angelici
3309 4053 3579 4108 senatus:

1935 4164 1963 4192 ‹‹
1999 4141 2106 4207 Qui
2173 4145 2371 4197 autem
2432 4141 2663 4207 dixerit,
2733 4140 2913 4207 fatue,
2964 4157 3100 4197 reus
3163 4140 3276 4197 erit
3302 4139 3581 4214 gehennae

1935 4229 2087 4303 ignis
2112 4231 2320 4303 (Matth.
2365 4248 2418 4297 ν,
2477 4231 2590 4302 22).
2628 4253 2655 4280 ››
2686 4229 2829 4295 Quis
2885 4235 3152 4287 nostrum
3209 4234 3401 4304 potest
3446 4230 3585 4287 huic

1932 4320 2070 4375 vitio
2103 4337 2217 4375 non
2250 4320 2570 4392 subjacere,
2623 4336 2755 4376 cum
2800 4320 2975 4376 etiam
3026 4337 3131 4394 pro
3178 4320 3364 4377 otioso
3406 4321 3582 4378 verbo

1931 4410 2217 4466 reddituri
2250 4410 2440 4467 simus
2471 4410 2758 4466 rationem
2787 4409 2847 4465 in
2889 4410 2983 4466 die
3017 4408 3273 4483 judicii?
3321 4408 3381 4466 Si
3409 4409 3499 4466 ira
3526 4414 3586 4467 et

1933 4498 2221 4556 sermonis
2268 4499 2492 4571 injuria
2540 4503 2716 4574 atque
2777 4499 3077 4557 interdum
3130 4500 3305 4570 jocus
3353 4498 3580 4570 judicio

1439 4612 1467 4642 n
1504 4612 1532 4642 «
1577 4592 1639 4645 In
1694 4589 1820 4662 lege
1848 4610 1896 4676 D
1930 4588 2318 4662 concilioque,
2348 4594 2407 4644 et
2453 4589 2733 4663 gehennae
2783 4588 3021 4662 ignibus
3065 4587 3404 4661 delegatur;
3436 4587 3578 4659 quid

165 4675 510 4734 maledictio
562 4683 688 4748 est;
751 4680 1038 4754 scriptum
1096 4686 1186 4737 est
1238 4680 1417 4747 enim,
1474 4679 1819 4736 Maledictus
1852 4675 1873 4676 ί
1925 4677 2525 4751 merebiturturpium
2584 4695 2782 4734 rerum
2848 4676 3151 4751 appetitio,
3198 4681 3256 4732 et
3302 4675 3570 4741 avaritia,

162 4766 389 4838 omnis,
424 4768 525 4841 qui
551 4785 668 4847 non
698 4777 998 4844 permanet
1028 4771 1087 4826 in
1119 4771 1396 4828 omnibus
1428 4787 1555 4843 quae
1601 4770 1821 4842 scripta

160 4859 316 4915 sunt
379 4855 438 4912 in
493 4856 644 4915 libro
712 4859 903 4933 Le‘gis,
935 4864 1000 4916 ut
1055 4860 1230 4917 faciat
1259 4877 1345 4916 ea.
1414 4859 1681 4916 Christus
1713 4875 1819 4915 nos

158 4944 422 5003 redemit
446 4946 516 5004 de
582 4947 990 5006 maledictione
1015 4948 1181 5021 legis,
1252 4949 1441 5005 factus
1480 4966 1583 5022 pro
1652 4947 1820 5004 nobis

158 5033 506 5093 maledictio
572 5037 772 5110 (Galat.
807 5055 893 5108 ιιι,
966 5040 1054 5109 10,
1088 5040 1198 5108 13).
1239 5058 1267 5092 a
1297 5061 1325 5089 «
1359 5038 1416 5115 Si
1485 5037 1643 5094 enim
1685 5038 1823 5094 data

154 5129 325 5183 esset
356 5125 470 5195 lex,
502 5143 631 5200 qua)
663 5132 861 5205 posset
889 5127 1201 5193 viviﬁcare,
1232 5143 1362 5184 vere
1393 5145 1461 5184 ex
1490 5127 1618 5202 lege
1666 5132 1824 5183 esset

146 5212 418 5288 justitia.
450 5216 558 5273 Sed
628 5217 919 5275 conclusit
949 5216 1249 5291 Scriptura
1313 5217 1511 5274 omnia
1543 5217 1655 5273 sub
1686 5234 1821 5290 pec-

152 5306 417 5375 cato,,ut
449 5306 830 5380 repromissio
862 5324 965 5381 per
982 5307 1157 5369 ﬁdem
1177 5307 1209 5364 J
1215 5323 1319 5365 esu
1341 5306 1556 5373 Christi
1582 5307 1822 5364 daretur

230 5559 251 5594 ί
280 5630 287 5631 ί
312 5556 411 5616 Sic
434 5558 604 5630 juxta
656 5558 943 5631 Ggrmcum.
1006 5556 1155 5614 Vide
1186 5573 1337 5631 quae
1368 5558 1440 5614 de
1495 5558 1674 5630 hujus
1704 5556 1817 5631 loci

148 5630 419 5709 lectione
432 5629 1017 5709 supraadnotamus,
1081 5634 1138 5687 et
1169 5629 1245 5687 εξ
1280 5629 1682 5709 Augustinum
1712 5630 1815 5688 lib.

153 5705 229 5764 ἀι
244 5703 455 5801 gratia
479 5701 533 5762 el
558 5703 735 5787 libera
753 5701 1024 5763 Arbitrio.
1382 5701 1404 5703 ‘
1510 5706 1517 5715 θ

1929 4785 2055 4840 quae
2088 4768 2253 4825 radix
2284 4772 2373 4823 est
2402 4767 2672 4824 omnium
2703 4765 3040 4823 malorum?
3069 4788 3097 4816 ‹‹
3124 4764 3204 4833 Si,
3236 4764 3451 4837 inquit,
3493 4766 3579 4820 of-

1931 4858 2045 4914 fers
2076 4857 2301 4913 donum
2332 4861 2500 4912 tuum
2534 4856 2606 4912 ad
2640 4855 2840 4921 altare,
2873 4859 2930 4911 et
2957 4854 3037 4911 ibi
3090 4854 3270 4910 fueris
3312 4853 3581 4911 recorda-

1929 4951 2046 5014 tus,
2093 4946 2232 5019 quia
2280 4946 2461 5002 frater
2507 4949 2647 5003 tuus
2695 4945 2873 5002 habet
2914 4943 3137 5017 aliquid
3189 4943 3470 5000 adversus
3498 4948 3578 5013 te,

1929 5035 2161 5092 dimitte
2223 5035 2304 5089 ibi
2374 5034 2598 5091 donum
2663 5038 2833 5090 tuum
2902 5037 3035 5090 ante
3075 5032 3275 5099 altare,
3346 5035 3404 5088 et
3431 5034 3577 5090 vade

1930 5126 2189 5199 primum
2255 5124 2633 5181 reconciliare
2664 5124 2828 5179 fratri
2893 5127 3014 5189 tuo,
3049 5126 3107 5178 et
3169 5126 3309 5177 tunc
3339 5120 3581 5179 veniens

1930 5217 2136 5273 offeres
2167 5231 2386 5272 munus
2417 5218 2584 5271 tuum
2635 5213 2793 5286 (Ibid.
2825 5214 2918 5282 23,
2967 5211 3082 5283 21).
3119 5233 3145 5261 ››
3177 5211 3315 5268 Meae
3360 5215 3450 5269 est
3480 5229 3579 5283 po-

1928 5306 2183 5373 testatis,
2249 5308 2315 5360 ut
2352 5321 2468 5361 non
2522 5304 2772 5360 habeam
2839 5301 3059 5375 aliquid
3090 5303 3294 5358 contra
3338 5301 3579 5360 fratrem

1998 5556 2020 5590 ²
2074 5555 2289 5612 Notum
2337 5554 2543 5612 deduci
2595 5552 2947 5613 vocabulum
3006 5571 3040 5611 a
3088 5564 3207 5643 p11,
3275 5553 3432 5629 quod
3488 5558 3579 5613 est

1928 5644 2149 5686 vanum.
