3966 6388
79 338 230 433 δη..

826 345 839 357 “
875 337 1267 411 DIALOGUS
1312 341 1630 409 CONTRA
1672 339 2470 409 PELAGIANOS.’-LIB.
2514 338 2597 405 II.

3338 339 3459 406 574
3484 340 3501 400 ᾇ

88 481 276 542 simias
303 481 360 538 et
399 494 599 554 pavos,
648 494 800 537 nova
854 479 925 536 de
977 479 1156 552 Ophir
1201 478 1501 537 Salomoni
1549 480 1704 537 dona
1729 479 1787 547 Α
1813 499 1842 529 ‹‹
1871 479 1997 535 Non
2027 478 2178 545 veni,
2226 477 2438 550 inquit,
2472 493 2674 550 pacem
2719 476 2947 535 mittere
2990 494 3169 551 super
3215 481 3457 552 terram,

84 556 391 630 mittantur.
450 569 550 626 Vis
607 569 812 625 audire
870 568 1207 643 facilitatem
1276 574 1697 643 praeceptorum

81 660 214 720 Dei?
242 659 503 718 ausculta
531 657 685 731 quod
717 658 934 714 dicitur
967 676 979 715 :
1018 681 1044 708 ‹‹
1077 660 1262 725 Quam
1295 664 1456 715 arcta
1501 660 1595 715 via
1642 664 1700 715 et

82 753 318 823 angusta
344 752 594 821 est,qua
623 734 886 803 ducit'ad
915 748 1118 815 vitam,
1150 752 1207 803 et
1236 748 1404 819 pauci
1437 754 1576 805 sunt
1599 748 1698 821 qui

79 838 372 895 inveniunt
396 854 519 895 eam
552 836 754 909 (Matth.
787 854 890 905 vn,
944 837 1064 908 14)!
1126 859 1152 886 »
1206 838 1331 893 Non
1383 837 1547 903 dixit,
1597 837 1698 909 qui

80 926 413 1001 gradiuntur
439 942 539 998 per
576 942 704 982 eam
740 942 753 980 :
789 925 897 981 hoc
938 926 1094 981 enim
1124 925 1542 983 difﬁcillimum
1588 932 1698 993 est,

81 1017 171 1073 sed
198 1014 297 1088 qui
322 1015 619 1071 inveniunt
648 1031 799 1070 eam.
836 1014 1009 1070 Pauci
1063 1016 1220 1071 enim
1265 1016 1590 1085 inveniunt,
1645 1021 1704 1072 et

82 1104 250 1170 multo
281 1104 582 1177 pauciores
612 1104 1026 1176 ingrediuntur
1071 1121 1175 1177 per
1217 1122 1368 1161 eam.
1422 1130 1449 1155 ‹‹
1500 1105 1701 1173 Filius,

83 1193 275 1271 inquit,
305 1192 560 1249 hominis
582 1210 698 1248 non
730 1193 908 1249 habet
938 1192 1039 1249 ubi
1062 1199 1241 1266 caput
1261 1212 1438 1251 suum
1463 1195 1706 1252 reclinet

85 1283 221 1354 (Luc.
254 1300 326 1352 1x,
353 1282 464 1353 58),
498 1304 529 1331 ››
562 1281 662 1354 qui
694 1281 837 1338 dicit
864 1283 925 1338 in
954 1282 1125 1353 Isaia,
1181 1305 1209 1334 «
1258 1285 1549 1357 Suscipite
1589 1285 1701 1343 las-

86 1388 223 1441 sum,
253 1375 307 1427 et
332 1370 451 1427 haec
480 1375 571 1427 est
610 1371 842 1443 requies
900 1389 1024 1428 mea
1085 1373 1211 1443 (Isa.
1274 1391 1470 1440 nvm,
1534 1375 1639 1446 l2).
1676 1398 1704 1425 »

86 1461 139 1518 Si
164 1478 269 1518 non
298 1460 469 1517 habet
499 1460 600 1516 ubi
632 1465 814 1535 caput
843 1478 1019 1518 suum
1042 1462 1301 1531 reclinet,
1352 1468 1409 1519 et
1455 1481 1571 1536 quo
1618 1481 1704 1519 re-

84 1550 346 1622 quiescat,
375 1548 574 1606 dicens
604 1550 664 1605 in
696 1550 809 1606 alio
851 1550 976 1607 loco
1012 1570 1024 1607 :
1078 1575 1106 1602 «
1160 1554 1349 1625 Super
1395 1570 1568 1627 quem
1618 1571 1706 1609 re-

85 1637 705 1715 quiescamnisiqsuper
733 1638 1042 1709 humilem,
1077 1645 1133 1697 et
1162 1642 1453 1713 quietum,
1487 1649 1542 1699 et
1588 1647 1708 1699 tre-

86 1730 320 1783 mentem
374 1727 548 1784 verba
602 1743 735 1784 mea
790 1729 923 1801 (Isa.
984 1747 1132 1802 va1,
1194 1732 1291 1802 2);
1358 1754 1378 1781 ι»
1449 1733 1547 1788 ubi
1623 1737 1714 1789 est

1804 569 1905 625 sed
1947 567 2229 641 gladium.
2262 567 2406 623 Veni
2446 567 2702 624 dividere
2758 567 3058 625 hominem
3113 572 3317 626 contra
3357 586 3459 643 pa-

1804 663 1954 715 trem
1985 675 2182 725 suum,
2216 661 2273 713 et
2318 656 2499 712 ﬁliam
2556 665 2758 713 contra
2803 661 3073 724 matrem,
3120 662 3180 714 et
3239 675 3469 727 nurum,

1808 751 2010 805 contra
2040 763 2273 803 socrum
2307 747 2469 819 (Ibid.
2504 746 2595 814 34,
2627 746 2739 819 35).
2764 768 2791 796 ››
2844 748 2913 803 Et
2967 764 3039 802 ne
3087 748 3286 803 omnia
3328 764 3459 821 per-

1808 838 2115 905 currendo,
2150 836 2472 910 longiorem
2500 836 2849 893 sententiam
2882 836 3112 905 faceret,
3145 854 3262 893 uno
3310 854 3460 894 cun-

1809 932 1902 983 eta
1927 942 2195 983 sermone
2217 926 2681 999 comprehendit,
2714 926 2915 983 dicens
2950 943 2962 981 :
2998 949 3026 976 ‹‹
3080 926 3305 982 Inimici
3354 927 3459 983 ho-

1811 1017 2011 1085 minis,
2043 1014 2350 1072 domestici
2400 1017 2528 1086 ejus
2583 1016 2742 1088 (Ibid.
2797 1017 2909 1089 36).
2965 1038 2992 1066 »
3051 1017 3314 1089 Cumque
3358 1033 3459 1089 po-

1813 1108 2075 1163 suisset:
2113 1128 2141 1155 ‹‹
2174 1105 2281 1172 Qui
2332 1109 2492 1161 amat
2539 1110 2769 1178 patrem
2819 1110 2921 1162 aut
2975 1111 3226 1161 matrem
3278 1123 3459 1179 supra

1813 1214 1926 1264 me,
1961 1213 2077 1252 non
2110 1199 2197 1251 est
2228 1211 2320 1249 me
2350 1195 2567 1266 dignus
2602 1212 2616 1262 ;
2659 1199 2716 1250 et
2760 1193 2862 1266 qui
2912 1198 3072 1250 amat
3120 1194 3309 1250 ﬁlium
3361 1198 3465 1251 aut

1814 1285 1996 1341 ﬁliam
2019 1301 2200 1356 supra
2240 1300 2353 1351 me,
2404 1300 2519 1339 non
2569 1287 2658 1339 est
2702 1300 2794 1339 me
2842 1282 3058 1356 dignus
3081 1284 3239 1356 (Ibid.
3282 1284 3399 1356 37),
3436 1306 3463 1333 ››

1814 1376 1887 1431 ob
1926 1373 2263 1429 facilitatem
2316 1377 2738 1445 praeceptorum
2784 1370 3025 1428 intulit:
3066 1374 3136 1427 Et
3192 1372 3294 1445 qui
3344 1389 3463 1429 non

1814 1462 1970 1519 tollit
1998 1478 2231 1518 crucem
2264 1478 2459 1531 suam,
2491 1465 2547 1517 et
2590 1460 2861 1533 sequitur
2908 1478 3022 1529 me,
3072 1478 3187 1517 non
3236 1465 3328 1517 est
3375 1478 3470 1518 me

1818 1553 2032 1624 dignus
2062 1551 2220 1623 (Ibid.
2275 1551 2391 1605 38:
2443 1553 2571 1606 Luc.
2620 1567 2735 1619 xxv,
2790 1550 2903 1621 27).
2962 1572 2983 1599 ι
3045 1551 3197 1606 Crux
3252 1549 3466 1607 Christi

1819 1641 2009 1698 facilis
2037 1645 2129 1696 est
2160 1659 2174 1707 ;
2208 1640 2433 1696 nudum
2466 1644 2600 1712 post
2628 1638 2927 1694 Christum
2985 1639 3089 1706 ire,
3139 1637 3316 1694 ludus
3355 1642 3465 1708 est,

1814 1732 1988 1804 jocus
2012 1736 2123 1787 est.
2153 1731 2220 1785 Et
2252 1730 2353 1785 ubi
2372 1729 2613 1801 praemia
2633 1745 2782 1801 quae,
2802 1726 3149 1784 difﬁcultate
3170 1731 3465 1800 superata,

86 1816 473 1897 mandatorum
500 1815 749 1873 facilitas
776 1818 793 1852 ¹
823 1818 851 1872 ?
880 1818 1047 1873 Multi
1074 1819 1188 1875 hoc
1219 1822 1375 1891 quod
1424 1822 1709 1895 scriptum
1743 1854 1792 1919 B
1823 1819 2213 1893 quaeruntur?
2240 1818 2365 1874 Non
2398 1817 2757 1889 colliguntur
2805 1816 3029 1872 zizania
3084 1815 3145 1872 in
3195 1815 3466 1888 prazsenti

87 1909 163 1961 est
193 1922 207 1961 ;
235 1928 259 1954 ‹‹
291 1905 412 1961 Non
437 1892 572 1961 veni
600 1921 805 1962 vocare
836 1907 1054 1977 justos,
1108 1910 1209 1964 sed
1261 1892 1590 1981 peccatores
1636 1913 1708 1967 ad

88 1992 459 2065 ptenitentiam
532 1994 740 2065 (Matth.
791 2011 869 2062 1x,
918 1998 1025 2068 13),
1076 2019 1104 2047 ››
1153 1997 1504 2071 simpliciter
1558 2002 1707 2057 acci-

88 2083 253 2155 piunt,
278 2082 442 2154 juxta
473 2081 646 2163 illum
676 2100 918 2140 sensum
960 2101 973 2140 :
1014 2108 1041 2135 ‹‹
1091 2086 1215 2142 Non
1266 2088 1535 2162 indigent
1582 2092 1709 2146 sani

87 2172 305 2240 medico,
337 2173 434 2229 sed
468 2173 531 2227 hi
573 2172 673 2245 qui
718 2172 872 2230 male
920 2174 1138 2231 habent
1184 2177 1367 2246 (Marc.
1421 2197 1481 2246 ιι,
1533 2178 1642 2251 47).
1682 2203 1708 2229 ››

84 2260 178 2317 Alii
195 2277 320 2318 vero
340 2261 806 2335 interpretantur
826 2265 1087 2321 coactius
1112 2282 1125 2320 :
1153 2290 1179 2315 ‹‹
1203 2267 1331 2322 Non
1352 2267 1481 2323 veni
1507 2285 1712 2325 vocare

82 2351 270 2422 justos,
295 2373 321 2400 ››
352 2350 558 2413 nullus
588 2351 744 2408 enim
778 2354 849 2409 ad
882 2354 1206 2426 perfectum
1232 2357 1433 2427 justus
1465 2363 1572 2426 est,
1608 2360 1709 2415 sed

86 2456 143 2495 ex
168 2439 351 2514 aliqua
381 2445 553 2513 parte
581 2447 853 2513 peccator
886 2461 899 2511 ;
935 2466 962 2494 ‹‹
996 2445 1096 2500 sed
1129 2450 1486 2517 peccatores,
1519 2470 1547 2498 »
1581 2449 1709 2521 qui-

86 2529 181 2586 bus
207 2530 454 2586 mundus
494 2530 740 2587 refertus
772 2536 880 2598 est,
914 2531 1142 2589 dicente
1164 2535 1345 2591 David
1380 2553 1392 2591 :
1421 2561 1446 2585 ‹‹
1474 2538 1710 2594 Salvum

91 2634 167 2674 me
194 2619 296 2690 fac,
326 2618 600 2687 Domine,
644 2621 925 2693 quoniam
976 2623 1186 2679 defecit
1235 2630 1475 2682 sanctus
1531 2627 1710 2699 (Psal.

88 2723 152 2774 η,
178 2708 247 2780 2).
281 2731 308 2758 ››
339 2712 412 2777 et,
448 2731 487 2759 ι(
508 2709 782 2782 Corrupti
811 2715 972 2779 sunt,
1004 2716 1062 2768 et
1105 2714 1530 2773 abominabiles
1576 2718 1712 2774 facti

91 2802 209 2853 sunt
227 2798 283 2854 in
304 2798 826 2857 adinventionibus
848 2800 996 2857 suis.
1016 2802 1235 2859 Omnes
1252 2804 1710 2876 declinaverunt,

92 2885 516 2944 simul-inutiles
546 2888 682 2945 facti
713 2894 871 2959 sunt,
896 2908 1012 2946 non
1043 2896 1130 2947 est
1152 2893 1251 2965 qui
1274 2894 1449 2950 faciat
1470 2896 1711 2966 bonum,

90 2991 186 3031 non
213 2979 296 3033 est
322 2994 519 3050 usque
549 2978 621 3033 ad
644 2995 829 3034 unum
861 2981 1029 3052 (Psal.
1062 2998 1186 3047 xm,
1220 2982 1294 3055 4).
1333 3006 1360 3032 ››
1425 3007 1445 3033 ι
1503 2984 1713 3053 Nolite,

91 3062 272 3136 inquit,
305 3066 609 3139 possidere
638 3084 874 3138 aurum,
909 3084 1099 3141 neque
1147 3075 1480 3145 argentum,
1525 3091 1715 3147 neque

92 3155 367 3224 pecuniam
397 3156 459 3212 in
499 3156 662 3213 zonis
686 3157 917 3226 vestris,
954 3176 1068 3215 non
1100 3177 1301 3232 peram
1332 3162 1391 3216 in
1430 3162 1545 3230 via,
1596 3180 1711 3219 non

92 3258 292 3314 panem,
324 3262 520 3317 neque
550 3246 696 3303 duas
744 3247 997 3314 tunicas,
1050 3229 1238 3321 neque
1297 3251 1710 3322 calceamenta,
1743 3229 1787 3298 α

94 3348 253 3405 neque
271 3334 501 3409 virgam
534 3334 746 3407 (Matth.
779 3354 834 3406 x,
867 3339 946 3408 9).
1004 3360 1031 3388 »
1081 3338 1230 3407 Haec,
1279 3340 1535 3413 inquies,
1578 3360 1718 3415 pra:-

94 3427 232 3495 cepta
258 3425 582 3497 apostolica
612 3430 770 3482 sunt.
827 3427 895 3482 Et
948 3432 1101 3485 certe
1158 3429 1367 3485 Petrus
1416 3432 1717 3503 apostolus

94 3510 278 3585 caligas
306 3513 592 3571 habuisse
619 3518 910 3584 narratur,
944 3516 1171 3573 dicente
1201 3518 1273 3573 ad
1305 3535 1439 3574 eum
1473 3520 1710 3593 angelo:

97 3620 114 3647 ι
149 3600 481 3676 Ριιωοίῐιεθιιε
550 3606 608 3658 et
677 3602 937 3660 calceare
996 3606 1103 3677 [Αι.
1155 3607 1349 3663 calcea
1386 3613 1459 3676 te]
1512 3609 1717 3683 caligis

93 3688 191 3746 tuis
218 3691 343 3762 (Act.
376 3709 482 3761 x11,
523 3691 602 3763 8).
635 3714 657 3741 ι
697 3694 849 3749 Duas
880 3697 1075 3750 autem
1110 3696 1361 3765 tunicas,
1400 3702 1464 3753 ut
1511 3699 1582 3754 de
1612 3715 1719 3755 ete-

92 3777 209 3835 teris
234 3783 475 3846 taceam,
518 3784 659 3853 puto
687 3783 843 3854 quod
875 3787 932 3838 et
963 3799 1068 3856 ego
1094 3789 1151 3839 et
1183 3792 1243 3841 tu
1280 3788 1715 3858 possideamus,

93 3865 131 3921 si
156 3870 336 3927 tamen
358 3869 624 3944 amplius
655 3888 771 3931 non
820 3872 1129 3930 habemus.
1180 3874 1310 3931 Haec
1352 3876 1504 3945 dico,
1565 3879 1716 3935 756

92 3954 347 4015 etiterum
380 3959 722 4032 iterumque
752 3977 818 4017 ac
870 3977 974 4033 per
1021 3961 1257 4035 singula
1304 3964 1589 4037 ingeram,
1650 3971 1718 4023 ut

91 4045 370 4106 erubescas
400 4050 474 4106 ad
512 4049 866 4106 sententiam
889 4055 1075 4120 tuam,
1100 4075 1128 4101 ‹‹
1173 4053 1389 4109 Facilia
1436 4070 1565 4111 esse
1613 4057 1717 4114 Dei

81 4137 354 4194 mandata.
392 4162 420 4189 ››

131 4225 207 4282 13.
257 4230 460 4286 Iterum
546 4245 619 4285 ex
707 4230 1033 4303 Evangetio.
1083 4259 1145 4271 --
1207 4231 1466 4289 Fratrem
1527 4234 1716 4291 tradet

77 4311 221 4371 frater
245 4315 301 4373 in
332 4322 617 4387 mortem,
649 4323 707 4376 et
752 4325 918 4393 pater
968 4321 1182 4390 ﬁlium,
1233 4327 1707 4397 consurgentque

79 4401 158 4457 ﬁlii
184 4411 379 4464 contra
409 4412 712 4481 parentes,
742 4413 799 4467 et
827 4408 1182 4468 interﬁcient
1224 4430 1343 4469 eos.
1395 4414 1464 4469 Et
1515 4414 1700 4482 eritis,

78 4489 258 4566 inquit,
315 4498 450 4555 odio
501 4499 735 4556 cunctis
782 4500 1124 4557 hominibus
1182 4507 1421 4575 propter
1486 4519 1701 4559 nomen

1822 1909 2053 1977 saeculo,
2087 1924 2159 1965 ne
2190 1913 2248 1964 et
2277 1908 2639 1987 frumentum
2670 1905 2887 1979 pariter
2933 1904 3281 1962 eradicetur.
3331 1905 3472 1961 Pala

1820 1999 2127 2055 Dominica
2146 1999 2167 2032 ³
2197 1998 2392 2053 futuro
2415 1995 2641 2069 judicio
2672 1998 3025 2065 reservatur,
3059 1995 3295 2066 quando
3318 1994 3469 2067 justi

1822 2089 2135 2162 fulgebunt
2191 2086 2359 2160 quasi
2409 2084 2516 2153 sol,
2562 2089 2620 2141 et
2676 2084 3050 2158 egredientur
3129 2083 3341 2157 angeli,
3414 2088 3473 2141 et

1821 2177 2179 2250 separabunt
2234 2175 2422 2231 malos
2471 2175 2542 2231 de
2596 2173 2790 2229 medio
2860 2173 3178 2243 justorum.
3262 2173 3470 2231 Petrus

1822 2266 2130 2339 mergitur,
2192 2268 2249 2320 et
2302 2266 2561 2319 meretur
2616 2261 2863 2318 audire:
2898 2285 2926 2310 ‹‹
3002 2260 3237 2316 Modica
3308 2260 3466 2329 ﬁdei,

1822 2372 2003 2427 quare
2035 2354 2319 2410 dubitasti
2351 2351 2561 2424 (Matth.
2606 2368 2720 2417 xxv,
2787 2351 2878 2419 3i)
2909 2349 2937 2404 ‘?
2967 2371 2995 2399 η
3053 2348 3114 2405 Si
3145 2349 3201 2403 in
3224 2348 3325 2404 illo
3348 2365 3472 2405 mo-

1822 2444 1953 2500 dica
1978 2445 2142 2511 ﬁdes,
2176 2444 2236 2499 in
2268 2459 2384 2514 quo
2411 2458 2626 2514 magna
2657 2441 2753 2505 sit,
2804 2438 3020 2495 nescio.
3055 2460 3081 2489 (ι
3148 2440 3223 2494 De
3269 2438 3467 2507 corde,

1820 2534 2015 2606 inquit
2042 2532 2454 2605 ingrediuntur
2483 2528 2867 2603 cogitationes
2899 2528 3188 2601 pessimae,
3222 2526 3467 2584 homici-

1822 2623 1939 2689 dia,
1964 2622 2271 2690 adulteria,
2304 2620 2741 2687 fornicationes,
2774 2619 2953 2685 furta,
3002 2617 3152 2673 falsa
3201 2616 3467 2673 testimo-

1821 2714 1941 2783 nia,
1972 2710 2372 2785 blasphemiae.
2403 2714 2533 2765 Haec
2574 2712 2714 2765 sunt
2756 2725 2883 2780 quae
2932 2706 3311 2778 coinquinant
3359 2706 3469 2763 ho-

1823 2803 2014 2859 mines
2041 2803 2245 2872 (Matth.
2278 2818 2369 2869 xv,
2401 2798 2494 2867 49,
2523 2798 2635 2870 20).
2657 2820 2685 2848 ››
2720 2797 3002 2853 Procedat
3031 2797 3133 2869 qui
3183 2796 3242 2852 in
3296 2797 3469 2853 corde

1823 2909 1930 2951 suo
1962 2892 2082 2947 haec
2112 2908 2229 2947 non
2259 2906 2387 2947 esse
2417 2891 2684 2954 testatur,
2732 2890 2788 2943 et
2836 2884 3067 2959 plenam
3114 2885 3173 2942 in
3232 2901 3472 2957 corpore

1822 2982 1936 3038 isto
1968 2980 2198 3037 mortali
2224 2978 2518 3052 justitiam
2552 2977 2872 3033 conﬁtebor
2903 2994 2917 3031 :
2958 2998 2978 3024 ι
3010 2974 3117 3041 Qui
3137 2973 3281 3037 vult.
3310 2974 3456 3030 157

1822 3070 2034 3142 inquit.
2069 3069 2291 3126 salvare
2321 3068 2577 3123 animam
2609 3081 2800 3130 suam,
2833 3064 3036 3136 perdet
3064 3080 3194 3118 eam
3230 3080 3244 3131 ;
3272 3066 3331 3119 et
3369 3062 3472 3134 qui

1823 3159 2140 3232 perdiderit
2171 3157 2428 3213 animam
2460 3170 2629 3211 suam
2654 3158 2890 3226 propter
2911 3151 3259 3221 me,salvam
3290 3150 3463 3207 faciet

1825 3263 1954 3303 eam
1987 3246 2195 3317 (Matth.
2246 3263 2301 3314 κ,
2350 3244 2461 3315 29).
2526 3264 2552 3291 ››
2613 3242 2829 3297 Iterum
2879 3240 3009 3296 dico
3072 3257 3085 3295 :
3146 3240 3278 3295 Haec
3332 3243 3473 3296 sunt

1824 3334 2020 3392 facilia
2051 3334 2407 3391 mandata"?
2450 3356 2478 3384 «
2524 3336 2619 3387 Vae
2668 3331 2889 3387 mundo
2938 3346 2975 3386 a
3010 3327 3327 3398 scandalis,
3370 3345 3472 3386 ne-

1826 3443 1987 3483 cesse
2017 3430 2107 3481 est
2135 3424 2291 3480 enim
2324 3427 2390 3479 ut
2418 3421 2654 3479 veniant
2701 3417 2981 3477 scandala
3025 3418 3245 3491 (Matth.
3304 3436 3470 3487 xvm,

1826 3520 1900 3585 7).
1936 3539 1962 3565 ››
1993 3516 2064 3571 Et
2094 3517 2399 3588 prepterea
2428 3513 2484 3567 in
2519 3510 2631 3567 alio
2669 3509 2796 3567 loco
2818 3510 3103 3581 scriptum
3134 3513 3223 3566 est
3256 3526 3268 3563 :
3328 3529 3357 3559 ‹‹
3407 3508 3471 3565 In

1825 3605 2032 3661 multis
2061 3603 2435 3668 offendimus,
2467 3604 2581 3657 sive
2628 3616 2916 3665 erramus,
2966 3613 3172 3654 omnes
3216 3598 3351 3668 (Jac.
3386 3614 3473 3653 III.

1823 3696 1901 3765 2).
1930 3718 1956 3743 ››
1988 3696 2114 3751 Non
2147 3710 2333 3767 pauca
2362 3696 2618 3765 peccata,
2652 3689 2754 3745 sed
2797 3687 3005 3753 multa,
3039 3703 3145 3743 nec
3192 3702 3473 3759 quorum-
3552 3696 3559 3701 '

1826 3785 1987 3853 dam,
2043 3785 2144 3841 sed
2190 3782 2455 3840 omnium
2505 3780 2704 3853 posuit
2750 3796 2769 3833 :
2804 3799 2832 3827 «
2881 3781 3097 3832 Omnes
3135 3776 3291 3831 enim
3345 3791 3472 3847 qua
3546 3832 3549 3837 ,

1825 3892 1935 3933 sua
1965 3878 2105 3931 sunt
2132 3876 2424 3945 quaerunt,
2448 3873 2505 3925 et
2533 3885 2649 3925 non
2667 3882 2735 3923 ea
2754 3883 2883 3938 quas
2905 3865 3006 3921 Dei
3028 3868 3167 3920 sunt
3204 3863 3469 3936 (Philipp.

1826 3965 2029 4037 11,2l).
2080 3983 2108 4011 »
2162 3963 2320 4019 Unus
2367 3960 2560 4015 bonus
2611 3957 2766 4012 Deus
2817 3952 3052 4020 dicitur,
3100 3957 3157 4009 et
3203 3951 3472 4025 magistri

1826 4053 1996 4127 quasi
2027 4050 2286 4107 hominis
2316 4047 2547 4105 bonitas
2578 4044 2882 4101 refutatur.
2916 4043 2980 4099 In
3029 4041 3155 4114 lege
3203 4040 3471 4097 doctissi-

1826 4161 1960 4200 mus
1983 4140 2181 4198 omnia
2210 4138 2417 4195 fecisse
2450 4154 2511 4193 se
2543 4136 2703 4202 dicit,
2735 4133 3119 4206 quamobrem
3142 4135 3199 4187 et
3241 4134 3475 4187 amatur

1824 4251 1858 4289 a
1888 4230 2163 4297 Domino;
2196 4233 2253 4284 et
2282 4232 2475 4283 tamen
2503 4224 2732 4299 plenam
2756 4222 3051 4295 justitiam
3092 4237 3206 4278 non
3273 4219 3471 4287 habet,

1824 4322 1963 4395 quia
1990 4319 2181 4376 noluit
2211 4315 2603 4373 substantiam
2637 4330 2807 4370 suam
2831 4310 3191 4386 pauperibus
3212 4326 3470 4383 erogare.

1822 4410 1987 4467 Unde
2018 4407 2338 4465 difﬁcultas
2388 4403 2742 4469 difﬁcultati,
2796 4403 2915 4458 imo
2958 4399 3322 4475 impossibile
3361 4398 3474 4453 im-

1822 4500 2091 4577 possibili
2106 4504 2247 4555 tunc
2260 4500 2655 4569 comparatur,
2680 4493 2819 4566 quia
2840 4507 2944 4549 nec
2966 4489 3225 4547 camelus
3247 4486 3475 4577 ingredi

79 4594 240 4675 ωέιῗω
269 4585 482 4658 (Μαίνι-
517 4606 576 4655 Χ»
607 4590 718 4660 22)-
752 4610 781 4641 η
805 4590 875 4645 Et
905 4590 1045 4662 quia
1070 4591 1264 4647 facilia
1307 4592 1592 4663 jusserat.
1639 4600 1698 4649 et
1726 4610 1772 4675 Ι)
1816 4575 2010 4665 potest
2040 4606 2143 4662 per
2173 4587 2461 4675 foramem
2491 4599 2650 4649 acus,
2681 4598 2787 4637 nec
2818 4580 3026 4675 divites
3063 4577 3363 4675 pervenire
3412 4575 3471 4631 in

74 4670 260 4732 sciebat
286 4676 458 4734 facile
494 4693 564 4734 ea
586 4694 758 4750 posse
789 4678 1092 4753 compleri:
1128 4685 1459 4753 propterea,
1512 4686 1574 4737 ut
1613 4682 1696 4737 rei

72 4757 372 4823 facilitatem
413 4767 771 4837 ostenderet,
826 4769 1120 4842 copulavit
1176 4771 1425 4827 dicens:
1489 4794 1517 4822 ‹‹
1588 4771 1696 4835 Qui

71 4855 422 4917 perseveravit
453 4873 644 4930 usque
674 4857 734 4914 in
765 4859 1077 4929 ﬁnem,hic
1105 4859 1302 4917 salvus
1323 4862 1435 4917 erit
1470 4862 1632 4934 (Ibid)
1672 4885 1697 4912 »

72 5042 237 5137 diique
278 5053 701 5137 interpretans,
754 5059 844 5137 νίζ’
901 5058 1191 5137 illisce}:
1242 5052 1372 5126 ἔστι,
1427 5059 1699 5137 τῇςιιᾷμο-

74 5124 310 5203 ξξοσύνης
344 5124 583 5202 {Vg/opu
610 5133 729 5191 τοῖς
758 5130 860 5197 τὴν
916 5127 1082 5197 ατύἠν
1140 5124 1386 5183 νοσοῦσιλι
1449 5124 1696 5185 ἀάὲϐέιαν

71 5203 115 5259 ω
160 5188 404 5259 πλοῖοιςς
454 5190 582 5252 ἄλλ’
612 5197 699 5253 ἐπὶ
758 5201 944 5255 νώτων
1004 5197 1278 5259 θαλάττης
1356 5202 1556 5259 ἀφιεῖσι
1602 5203 1695 5257 τὸν

166 5222 404 5257 κηρίοιςξ
454 5222 577 5252 αΛΛ’
612 5222 699 5253 επι
758 5222 944 5255 νωτων
1004 5222 1278 5257 ῠανκαττῑε
1356 5222 1556 5257 amata:
1602 5224 1695 5257 τον

98 5234 112 5273 ἶ
166 5234 404 5281 ιιιινιπθ.ἢῆ’
454 5234 563 5252 una
614 5234 699 5253 cm
762 5234 944 5255 thwv
1005 5234 1275 5269 υιικυινιιιι,
1356 5234 1556 5279 curauit
1603 5234 1695 5257 'LUV

72 5270 484 5357 ffﬁecv'tdcst,
518 5275 617 5357 qui
645 5274 864 5357 traditis
925 5276 1088 5357 iater.
1123 5276 1457 5357 senscclcrits
1526 5280 1698 5357 sec-ic-

72 5336 265 5417 ωίδςᾳε
306 5336 655 5414 pignoribus,
715 5346 900 5401 eodem
946 5346 1252 5417 impietatis
1302 5348 1488 5403 morbo
1538 5349 1694 5403 labo-

72 5413 244 5491 Ϊῖηξαηί,
301 5413 481 5491 usque
536 5432 702 5473 naves
755 5419 850 5474 sed
927 5413 1275 5474 corhmissam
1329 5421 1503 5475 maris
1550 5423 1697 5491 tergo

74 5475 234 5535 testami
250 5475 499 5542 mittant.

126 5547 377 5633 :Yictor.,
413 5558 804 5633 mandatorum
833 5561 930 5616 Dei
955 5562 1222 5633 facilitas.

125 5620 315 5708 {Falsa
360 5620 653 5708 hactenus
711 5620 1081 5708 lectum'est
1151 5634 1323 5691 Palea
1378 5636 1691 5708 Dominica,

77 5699 206 5755 quasi
228 5699 392 5775 palea
415 5719 550 5779 quae
579 5702 639 5764 in
661 5703 879 5764 malam
928 5709 1154 5780 partem
1205 5707 1416 5782 exponi
1440 5699 1691 5783 .allego-l

1810 4664 1991 4754 regna
2020 4678 2325 4736 caelorum.
2360 4674 2501 4739 Quis
2526 4676 2794 4728 nostrum
2828 4685 2942 4725 non
2972 4667 3127 4723 lavat
3181 4664 3470 4723 exteriora

1813 4768 2012 4827 calicis
2043 4773 2099 4824 et
2132 4763 2487 4840 paropsidis,
2519 4767 2575 4817 et
2595 4759 2872 4815 interiora
2892 4758 3069 4812 habet
3090 4770 3462 4827 nequaquam

1810 4859 2087 4917 sordibus
2118 4856 2427 4929 inquinata
2448 4853 2475 4908 7
2506 4852 2647 4917 Quis
2677 4847 3078 4921 sepulcrorum
3100 4844 3462 4902 extrinsecus

1809 5056 1928 5113 rice
1956 5055 2123 5120 solet,
2160 5050 2384 5109 Domini
2420 5048 2730 5123 diceretur.
2769 5044 2907 5123 Pala
2936 5046 3133 5123 autem
3170 5038 3460 5123 rusticum

1807 5114 2267 5184 instrumentum
2302 5129 2410 5190 est,
2439 5137 2555 5194 quo
2588 5119 2953 5194 frumentum
2985 5114 3044 5194 in
3095 5129 3231 5170 area
3277 5114 3461 5194 venti-

1806 5200 1984 5267 latur,
2044 5200 2351 5255 Matthaeus
2398 5187 2475 5249 et.
2527 5199 2708 5267 Lucas
2764 5189 3178 5267 ventilatirum.
3221 5187 3430 5240 vocant

1806 5260 2150 5329 Tertullian.
2185 5272 2253 5326 de
2276 5268 2533 5324 Prazscrit
2566 5281 2615 5319 c.
2676 5263 2756 5317 3:
2827 5281 2847 5308 ε
2903 5260 3103 5316 Palam
3166 5260 3226 5312 in
3281 5272 3461 5312 manu

1807 5349 2002 5419 portat
2028 5345 2099 5419 ad
2132 5340 2496 5419 purgandam
2530 5348 2952 5419 arcam‘suam.
2986 5330 3233 5413 Avolent
3280 5344 3469 5419 quani-

1804 5403 1933 5473 ium
1986 5403 2181 5471 volent
2232 5403 2411 5486 paleae
2439 5409 2615 5486 _levi_s
2656 5406 2830 5486 .ﬁdei,
2888 5419 2954 5486 eo
3006 5403 3208 5486 purior
3265 5417 3464 5486 massa

1806 5487 2088 5545 frumenti
2119 5488 2178 5542 in
2213 5473 2419 5540 liorrea
2438 5477 2669 5537 Domini
2717 5473 3051 5549 reponetur.
3089 5498 3117 5525 »
3167 5473 3464 5531 Emenda-

1803 5563 1997 5617 vimus
2018 5575 2124 5631 ope
2154 5552 2882 5631 codicum_\_e’aticanorum.

1876 5634 1897 5667 ³
1926 5622 2145 5689 Ηεεόίο
2176 5623 3076 5706 veteri__edit.ita'postponuntur
3110 5637 3122 5677 :
3154 5622 3294 5706 flavo
3324 5624 3459 5674 sunt

1803 5706 2001 5781 [acilia
2022 5702 2313 5763 mandata.
2345 5703 2552 5760 lterum
2594 5694 2715 5753 dico
2745 5709 2832 5754 vae
2860 5694 3084 5762 mundo,
3116 5697 3228 5750 etc.
