3966 6392
299 311 308 314 ’
403 346 544 419 tua

1643 353 1706 418 S.
1756 349 2064 422 EUSEBII
2105 349 2574 418 HIERONYMI.

407 483 811 548 dealbatorum
839 489 1029 558 potest
1050 483 1498 544 similitudinem
1531 484 1864 555 declinare;
1900 505 1971 543 ne
1994 491 2048 543 et
2079 489 2133 556 Α
2163 485 2436 544 territus:
2489 490 2544 542 et
2605 502 2709 542 nos
2768 477 3154 558 Pythagoricis
3185 478 3208 519 ‘
3254 475 3639 556 philosophia
3710 495 3811 536 ru-

406 576 578 632 nobis
607 577 762 632 dicat
789 574 1007 631 Jesus:
1067 597 1095 626 «
1155 576 1234 632 De
1290 578 1430 634 foris
1482 577 1716 649 quidem
1768 578 2045 634 videmini

405 664 746 723 hominibus
777 665 947 736 justi,
992 666 1152 720 intus
1215 672 1410 721 autem
1472 667 1624 738 pleni
1682 668 1824 721 estis
1873 667 2047 739 hypo-

405 754 540 809 crisi
572 759 628 808 et
659 755 965 825 iniquitate
998 755 1206 824 (Matth.
1263 774 1423 822 XXIII,
1475 756 1562 824 28)
1611 756 1638 810 ‘?
1699 781 1724 802 ››
1771 757 2045 820 Quamvis

401 846 457 898 et
487 842 618 898 aliis
660 843 816 900 vitiis
872 861 1065 898 carere
1123 844 1440 915 possimus,
1500 845 1871 916 hypocriseos
1920 862 2044 900 ma—

401 931 594 986 culam
628 949 743 987 non
775 931 1019 988 habere‘
1053 938 1154 988 aut
1184 950 1501 1004 paucorum
1551 939 1658 1000 est,
1707 940 1807 989 aut
1850 934 2043 990 nullo-

401 1037 558 1074 ΓυῐΠ.

469 1111 554 1163 14.
589 1111 650 1164 Α.
686 1110 888 1165 Christi
923 1112 1205 1165 Dominiet
1249 1111 1626 1180 apostolorum
1675 1114 1940 1182 exemplo.
1975 1144 2042 1153 ——-

401 1217 428 1245 «
460 1201 647 1263 Pater,
679 1197 890 1269 inquit,
923 1197 970 1252 si
1005 1197 1280 1269 possibile
1302 1205 1408 1265 est,
1444 1205 1700 1255 transeat
1730 1201 1877 1256 calix
1933 1201 2043 1256 iste

395 1303 429 1342 a
462 1304 572 1342 me.
607 1286 1045 1341 Vcrtumtamen
1081 1304 1193 1342 non
1213 1287 1367 1342 sicut
1395 1305 1501 1358 ego
1540 1289 1690 1357 volo,
1741 1291 1842 1344 sed
1889 1291 2040 1346 sicut

394 1379 455 1429 tu
487 1375 696 1443 (Matth.
732 1392 882 1440 xxw,
913 1374 1027 1445 39).
1062 1398 1088 1423 ››
1144 1376 1325 1431 Filius
1387 1378 1480 1432 Dei
1543 1401 1569 1426 ‹‹
1625 1379 1729 1442 Qui
1787 1379 1951 1445 dixit,
1984 1385 2042 1433 et

392 1462 543 1518 facta
573 1468 728 1529 sunt,
764 1464 1063 1518 mandavit
1085 1469 1140 1518 et
1172 1469 1367 1520 creata
1399 1469 1539 1520 sunt
1574 1489 1599 1514 ››
1635 1467 1833 1521 omnia
1865 1469 2033 1536 (Psal.

391 1567 619 1618 cxnvm,
651 1553 1060 1621 5),secundum
1095 1552 1204 1608 hoc
1226 1555 1382 1624 quod
1417 1554 1596 1609 Filius
1635 1555 1892 1610 hominis
1950 1557 2037 1610 di-

389 1639 561 1708 citur,
595 1641 948 1696 sententiam
981 1646 1269 1712 temperat
1301 1660 1313 1696 :
1347 1666 1374 1691 ‹‹
1421 1643 1605 1706 Pater,
1662 1644 1710 1698 si
1763 1645 2037 1715 possibile

389 1734 512 1795 est;
545 1734 948 1785 verumtamen
998 1746 1114 1784 non
1174 1731 1327 1786 sicut
1363 1748 1469 1802 ego
1526 1733 1673 1799 volo,
1727 1735 1825 1789 sed
1885 1735 2037 1789 sicut

389 1821 453 1872 tu
477 1817 688 1888 (Matth.
747 1835 898 1882 xxvx,
957 1819 1096 1888 39);
1136 1842 1161 1867 ››
1220 1825 1276 1874 et
1331 1820 1660 1878 Critobulus
1709 1839 1875 1879 meus
1932 1825 2035 1878 ad-

389 1905 568 1962 ducto
598 1905 910 1978 supercilio
943 1905 1222 1978 loquitur,
1258 1932 1284 1957 ‹‹
1313 1908 1505 1964 Potest
1536 1910 1709 1966 homo
1743 1912 1866 1967 sine
1903 1930 2035 1983 pec-

391 1999 520 2050 cato
551 2011 680 2050 esse
710 1995 759 2050 si
776 1994 934 2051 velit.
969 2019 996 2046 »
1030 1997 1294 2068 Apostoli
1352 1999 1601 2054 audiunt
1634 2019 1646 2055 :
1682 2025 1708 2050 «
1771 2001 1862 2056 Sic
1919 2019 2033 2056 non

391 2084 668 2156 potuistis
727 2102 844 2140 una
892 2084 1036 2140 hora
1080 2085 1319 2158 vigilare
1368 2103 1597 2143 mecum
1674 2092 1858 2160 (Marc.
1919 2109 2031 2159 xxv,

387 2173 480 2242 37)
513 2173 539 2226 ‘?
563 2191 589 2221 ››
612 2172 737 2228 Νοιι
761 2174 908 2228 dixit
937 2173 1233 2244 noluistis,
1261 2177 1385 2247 sed,
1418 2195 1531 2232 non
1568 2180 1858 2250 potuistis.
1890 2183 2036 2253 Apo-

389 2261 524 2318 stoli
553 2277 669 2318 una
696 2262 840 2318 hora
860 2263 1100 2334 vigilare
1142 2282 1255 2320 non
1298 2272 1565 2338 possunt,
1620 2285 1846 2334 somno,
1898 2287 2035 2324 moe-

387 2366 515 2406 rore
535 2356 591 2406 et
625 2351 818 2407 carnis
849 2351 1162 2424 fragilitate
1185 2356 1465 2426 superati,
1499 2360 1553 2410 et
1583 2361 1643 2411 tu
1665 2363 1827 2428 potes
1861 2358 2030 2431 longo

388 2443 649 2511 tempore
671 2440 870 2496 omnia
896 2441 1073 2497 simul
1135 2448 1370 2513 peccata
1420 2448 1752 2516 superare?
1802 2451 2031 2502 Marcus

391 2528 750 2601 evangelista
771 2530 976 2587 scribit
1004 2531 1076 2586 de
1115 2531 1362 2588 Domino
1397 2551 1409 2588 :
1446 2557 1473 2581 ‹‹
1530 2535 1598 2588 Et
1642 2552 1756 2590 non
1808 2541 2033 2607 poterat

390 2617 468 2671 ibi
503 2635 574 2674 ne
596 2634 775 2673 unam
807 2617 1043 2688 quidem
1095 2619 1281 2676 facere
1328 2621 1626 2688 virtutem,
1667 2624 1778 2678 nisi
1829 2625 2032 2695 paucis

391 2707 809 2777 aagrotantibus
837 2724 1048 2762 manus
1077 2707 1405 2780 imponens,
1441 2711 1667 2766 sanavit
1719 2713 1868 2768 758
1909 2731 2028 2780 eos,

387 2799 445 2850 et
477 2794 907 2851 admirabatur
963 2800 1200 2868 propter
1252 2797 1718 2855 incredulitatem
1752 2804 1770 2835 ³
1829 2819 2030 2857 corum

387 2883 586 2954 (Marc.
621 2902 699 2950 v1,
731 2884 808 2954 5).
843 2907 870 2933 ››
903 2884 1188 2941 Dominus
1238 2887 1454 2942 dicitur
1499 2907 1614 2944 non
1651 2891 1912 2962 potuisse
1971 2893 2029 2946 in

392 2973 675 3030 Nazareth
703 2990 772 3028 ne
799 2990 975 3030 unam
1011 2975 1249 3046 quidem
1285 2977 1470 3033 facere
1498 2978 1794 3050 virtutem,
1845 2985 1900 3036 et
1937 2981 2029 3035 in-

391 3062 688 3120 fidelitatis
737 3062 940 3119 alienae
991 3068 1230 3136 stupore
1286 3067 1568 3122 retinetur
1599 3087 1612 3124 ε
1641 3075 1697 3124 et
1744 3087 1846 3125 vos
1930 3087 2028 3141 po-

382 3151 552 3206 testis
585 3153 924 3224 omnequod
939 3152 1135 3208 vultis.
1160 3153 1422 3226 Denique
1443 3155 1503 3211 in
1537 3160 2030 3229 consequentibus

2159 582 2390 634 ctamus
2420 576 2755 649 superbiam
2777 576 2804 630 ?
2836 576 2915 630 De
2935 575 3028 630 die
3047 580 3103 630 et
3123 574 3267 631 hora
3295 567 3810 628 consumnationis

2159 667 2375 722 ultima:
2407 672 2462 720 et
2503 665 2741 737 angelos
2811 665 3108 725 caelorum,
3147 668 3204 718 et
3262 662 3472 717 Filium
3523 661 3800 733 ignorare

2158 757 2476 827 respondit,
2511 761 2566 811 et
2600 773 2702 809 nos
2731 754 2963 825 plenam
2995 753 3301 808 scientiam
3354 751 3701 823 pollicemur
3731 751 3754 785 ⁵
3781 752 3808 805 τ

2154 845 2358 900 Carnis
2406 843 2718 898 infirmitas
2749 843 2864 897 Deo
2897 841 3224 897 habitatore
3264 839 3556 912 gaudebat
3605 846 3664 894 et
3713 844 3807 894 ta-

2155 951 2286 988 men
2316 949 2652 988 mensuram
2687 930 3018 1001 fragilitatis
3050 947 3169 986 suaa
3202 929 3475 984 excedere
3532 945 3646 983 non
3701 943 3804 999 po-

2152 1024 2286 1086 tuit,
2321 1029 2384 1076 ut
2429 1039 2542 1076 non
2592 1018 2669 1074 τῶ
2729 1018 2902 1072 δοκεῖν
2973 1020 3293 1089 (secundum
3341 1017 3800 1088 apparentiam).

2145 1114 2315 1182 juxta
2336 1117 2557 1166 veteres
2588 1109 2911 1178 haereticos,
2963 1108 3062 1162 sed
3115 1123 3244 1162 vere
3293 1106 3391 1162 Dei
3443 1104 3645 1171 Filius,
3692 1104 3806 1160 ho-

2154 1200 2330 1255 minis
2363 1199 2542 1254 Filius
2567 1199 2917 1253 crederetur.
2951 1195 3262 1267 Apostolos
3284 1210 3598 1266 parumper
3618 1192 3805 1250 mliu-

2152 1305 2360 1360 quens,
2396 1288 2604 1343 cecidit
2633 1288 2691 1342 in
2723 1291 2937 1341 terram
2969 1301 3214 1355 pronus,
3247 1287 3304 1339 et
3334 1283 3537 1338 orabat
3559 1282 3802 1337 dicens:

2152 1403 2176 1427 ‹‹
2212 1380 2380 1433 Pater
2411 1379 2459 1433 si
2484 1376 2760 1449 possibile
2783 1380 2871 1430 est
2902 1374 3110 1445 (Matth.
3134 1373 3416 1442 xxv1,39).
3446 1394 3472 1419 »ι
3496 1371 3799 1444 Cur,quas-

2151 1484 2234 1522 so:
2265 1466 2613 1522 sententiam
2646 1465 3009 1535 ambigenter
3029 1461 3436 1534 exprimebat“,
3461 1459 3558 1532 qui
3591 1460 3651 1514 in
3684 1458 3801 1514 alio

2148 1555 2274 1610 loco
2305 1556 2528 1610 dixerat
2563 1573 2573 1609 :
2610 1578 2636 1602 ‹‹
2667 1555 2802 1618 Quae
2845 1552 2997 1622 apud
3057 1551 3324 1606 homines
3384 1547 3798 1621 impossibilia,

2149 1646 2303 1716 apud
2337 1646 2518 1700 Deum
2553 1643 2856 1715 possibilia
2885 1645 3023 1696 sunt
3053 1639 3261 1710 (Matth.
3297 1656 3410 1703 xxx,
3441 1638 3552 1704 26;
3622 1638 3796 1694 lare.

2146 1752 2202 1800 x,
2235 1736 2341 1801 27;
2376 1737 2502 1789 Luc.
2538 1750 2698 1797 xvm,
2730 1732 2822 1801 27)
2852 1730 2880 1784 ‘I
2914 1753 2940 1778 ››
2973 1729 3082 1785 Sed
3116 1728 3292 1783 homo
3325 1743 3628 1800 passurus,
3690 1726 3801 1781 ho-

2148 1824 2326 1878 minis
2358 1823 2620 1894 loquitur
2648 1821 2860 1876 verbis.
2896 1819 2995 1874 llle
3027 1818 3169 1873 dicit
3201 1833 3214 1872 :
3250 1817 3309 1872 Si
3364 1815 3644 1889 possibile
3681 1820 3816 1889 est,

2146 1931 2263 1969 una
2284 1912 2426 1968 hora
2456 1915 2776 1983 praatereat.
2811 1911 2897 1964 Tu
2941 1908 3110 1974 dicis,
3159 1905 3438 1978 possibile
3484 1910 3574 1962 est
3630 1906 3797 1962 omni

2146 2007 2403 2074 tempore
2443 2004 2680 2072 peccata
2705 1998 2908 2054 vitare.

2218 2093 2302 2145 16.
2330 2093 2423 2145 Ex
2451 2091 2579 2145 aliis
2611 2092 2668 2143 in
2702 2088 2996 2157 Evangelia
3029 2086 3293 2140 historiis.
3329 2115 3395 2123 ---
3428 2084 3487 2138 [ιι
3547 2082 3793 2155 quibus-

2143 2181 2274 2235 dam
2298 2179 2727 2250 exemplaribus
2755 2182 2811 2232 et
2835 2174 3084 2230 maxime
3116 2174 3172 2228 in
3197 2172 3412 2228 Graecis
3469 2171 3794 2238 codicibus,

2135 2271 2308 2340 juxta
2350 2273 2607 2324 Marcum
2668 2268 2723 2321 in
2775 2267 2890 2320 fine
2937 2266 3064 2334 ejus
3113 2261 3404 2335 Evangelii
3463 2261 3788 2319 scribitur:

2149 2384 2168 2408 ι
2206 2364 2412 2414 Postea
2441 2373 2574 2412 cum
2608 2355 3023 2411 accubuissent
3054 2352 3344 2420 undecim,
3379 2350 3671 2423 apparuit,
3704 2350 3792 2405 eis

2139 2449 2333 2513 Jesus,
2367 2453 2425 2503 et
2470 2445 2837 2518 exprobravit
2884 2441 3352 2498 incredulitatem
3403 2445 3459 2495 et
3503 2439 3787 2494 duritiam

2141 2538 2333 2593 cordis
2354 2539 2374 2573 ⁷
2405 2552 2628 2605 eorum,
2661 2533 2802 2606 quia
2821 2533 2912 2588 his
2943 2532 3044 2604 qui
3097 2530 3363 2586 viderant
3409 2543 3545 2585 eum
3596 2545 3791 2585 resur-

2141 2631 2371 2697 gentem
2403 2642 2517 2679 non
2550 2623 2922 2678 crediderunt
2965 2621 3132 2691 (Marc
3185 2637 3298 2685 xvr,
3364 2619 3472 2687 14).
3535 2639 3564 2666 ››
3626 2640 3654 2666 ‹‹
3717 2618 3783 2673 Et

2141 2715 2224 2770 illi
2257 2714 2696 2770 satisfaciebant
2723 2711 2979 2767 dicentes
3013 2726 3026 2763 :
3103 2708 3254 2765 150
3301 2707 3586 2763 Saculum
3627 2707 3788 2762 istud

2141 2803 2468 2876 iniquitatis
2510 2808 2565 2857 et
2617 2799 3044 2856 incredulitatis
3093 2797 3421 2853 substantia
3459 2800 3546 2851 est
3565 2796 3606 2865 ⁸,
3659 2813 3790 2868 quae

2140 2911 2255 2949 non
2280 2893 2418 2948 sinit
2444 2909 2543 2964 per
2573 2890 2911 2945 immundos
2942 2887 3183 2960 spiritus
3211 2902 3406 2941 veram
3438 2883 3538 2940 Dei
3579 2900 3790 2956 appre-

2139 2982 2620 3056 hendi|virtutem
2649 3000 2660 3036 :
2696 2979 2909 3035 idcirco
2934 2979 3059 3049 jam
3093 2991 3251 3032 nunc
3279 2973 3466 3030 revela
3487 2973 3786 3045 justitiam

2137 3078 2319 3127 tuam.
2355 3094 2382 3122 ››
2416 3070 2517 3126 Cui
2541 3071 2588 3127 si
2633 3067 3053 3132 contradicitis,
3118 3064 3262 3120 illud
3329 3069 3482 3119 certe
3538 3077 3790 3118 renuere

2141 3179 2253 3216 non
2296 3160 2585 3216 audebitis
2619 3177 2631 3214 :
2672 3181 2692 3207 ι
2728 3158 2978 3212 Mundus
3024 3155 3084 3210 in
3129 3153 3388 3226 maligno
3422 3151 3649 3224 positus
3699 3155 3792 3208 est

383 3239 658 3296 scribitur
687 3257 700 3294 ε
737 3263 765 3290 ‹‹
832 3241 986 3296 Abiit
1016 3241 1076 3296 in
1109 3243 1255 3298 fines
1289 3244 1420 3316 Tyri
1455 3250 1512 3300 et
1542 3246 1796 3315 Sidonis,
1845 3254 1900 3303 et
1940 3249 2027 3302 in-
2059 3235 2102 3302 C
2141 3253 2188 3319 (1
2215 3254 2371 3307 Joan.
2405 3268 2457 3314 v,
2487 3252 2570 3320 19)
2605 3273 2654 3315 ;››
2691 3254 2747 3302 et
2777 3247 2931 3318 quod
2955 3243 3270 3301 Dominum
3303 3258 3477 3298 suum
3512 3241 3786 3308 Satanas,

385 3346 624 3402 gressus
653 3330 916 3396 domum,
951 3331 1246 3387 neminem
1278 3333 1509 3390 volebat
1541 3335 1708 3401 scire,
1751 3342 1806 3391 et
1852 3336 2030 3392 latere

387 3435 502 3474 non
533 3418 720 3489 potuit
746 3421 928 3485 (Marc.
966 3437 1064 3489 νιι,
1097 3421 1206 3488 24).
1246 3445 1271 3468 ››
1307 3426 1449 3478 Vers
1509 3425 1709 3496 utique
1761 3426 2033 3498 cupiebat

388 3507 585 3574 latere,
617 3511 676 3562 et
706 3509 860 3579 quod
893 3510 1180 3580 cupiebat,
1209 3527 1389 3581 quare
1419 3513 1605 3569 facere
1636 3531 1749 3570 non
1786 3520 2029 3588 poterat,

388 3596 530 3651 utin
550 3597 797 3652 adventu
817 3614 926 3653 suo
945 3598 1208 3653 omnium
1229 3602 1644 3658 conscientiam
1664 3604 2032 3660 declinaret?

386 3684 605 3750 Quaeris
637 3702 866 3753 causas,
903 3703 1007 3742 cur
1036 3686 1215 3744 latere
1249 3707 1363 3745 non
1398 3693 1697 3762 potuerit?
1719 3695 1916 3765 Cogita
1939 3712 2029 3749 as-

382 3774 606 3846 sumpti
633 3775 892 3832 hominis
918 3777 1247 3844 veritatem,
1279 3783 1336 3834 et
1376 3781 1533 3835 omni
1583 3784 1809 3838 carebis
1863 3801 2028 3839 scan-

387 3863 516 3920 dalo
538 3865 578 3919 3.
610 3864 667 3920 Si
725 3864 883 3921 filius
941 3865 1041 3922 Dei
1089 3867 1313 3939 aliquid
1353 3869 1412 3923 in
1471 3887 1645 3926 carne
1693 3877 1750 3927 et
1797 3881 2033 3944 propter

386 3970 620 4010 carnem
653 3971 767 4010 non
796 3956 1056 4027 potuisse
1089 3962 1380 4020 narratur,
1415 3977 1520 4015 nos
1553 3961 1653 4031 qui
1683 3961 1786 4017 toti
1836 3964 2029 4018 carnei

388 4060 617 4110 sumus,
652 4048 708 4098 et
737 4045 994 4114 quotidie
1016 4047 1259 4117 spiritus
1289 4048 1562 4120 operibus
1611 4068 2029 4123 repugnamus,

390 4137 593 4187 contra
619 4133 876 4204 Apostoli
927 4136 1277 4192 sententiam
1328 4155 1453 4209 qua:
1502 4138 1776 4195 volumus
1823 4146 2033 4197 cuncta

387 4219 670 4276 faciemus
714 4221 740 4274 ?
799 4223 999 4278 Petrus
1028 4225 1328 4296 apostolus
1386 4227 1497 4282 tria
1551 4227 1673 4283 vult
1732 4231 1916 4286 facere
1972 4231 2030 4287 in

389 4313 588 4364 monte
619 4309 1015 4376 tabernacula,
1051 4329 1235 4369 unum
1267 4315 1535 4382 Domino,
1559 4317 1802 4374 alterum
1831 4322 2030 4392 Moysi,

386 4397 626 4453 tertium
661 4398 817 4464 Eliac,
851 4400 1117 4457 nesciens
1159 4401 1298 4474 quid
1345 4403 1608 4476 loquitur
1645 4406 1854 4464 timore
1903 4426 2035 4480 per-

461 4560 876 4642 '_Martiana;u_s
906 4567 1040 4642 post
1068 4567 1291 4642 Erasm.
1320 4570 1440 4621 Non
1471 4567 1668 4642 habere
1681 4585 1857 4641 posse,
1879 4573 2034 4625 tam-

387 4633 496 4687 etsi
545 4648 713 4714 posse.
734 4633 1024 4690 Victorius
1068 4641 1240 4714 antea
1283 4639 1657 4714 expunxisset
1681 4633 1806 4714 ‘ope
1846 4633 2028 4696 'codi-

389 4721 522 4783 cum
565 4705 990 4783 Brixianorum,
1025 4708 1240 4779 quibus
1271 4713 1328 4764 et
1353 4705 1542 4766 nostri
1584 4712 1706 4783 pari
1736 4705 2032 4769 consensu

391 4776 811 4849 suﬂ'ragantur.

459 4850 481 4935 ξ
514 4852 634 4935 Quo
667 4849 931 4935 Vaticani
966 4866 1133 4935 mss‘.,
1166 4853 1402 4935 Propter
1428 4853 1805 4935 inﬁdelitatem

459 4920 480 4952 ³
512 4920 1054 4995 Quantoperehunc
1087 4920 1284 4978 locum'
1313 4920 1602 4995 Pelagiani
1655 4927 2036 4981 criminaren-

390 4995 504 5070 tur,
542 4992 733 5070 discas
775 4991 948 5048 velim
983 5009 1060 5070 ex
1103 4997 1417 5067 Augustini
1450 4991 1636 5069 ‘Opere
1692 5000 2033 5070 imperfecto,

392 5067 566 5134 atque
591 5064 742 5118 infra
772 5082 937 5119 num.
977 5065 1038 5119 i7
1072 5072 1192 5122 not.

461 5137 479 5222 ξ
511 5137 854 5223 Superbiam
882 5137 1274 5223 Pythagorica:
1306 5138 1690 5223 philosophiae
1707 5145 1885 5223 .voeat
1907 5139 2037 5194 ἀπά-

389 5205 541 5284 θείαν.
567 5205 621 5284 (ᾖ
648 5205 1098 5284 ἀναμαρττίσ-ίανξ
1112 5227 1212 5284 seu
1238 5205 1500 5284 perfecta}
1524 5205 1769 5281 justitim
1802 5213 2037 5284 dogma,

389 5279 544 5404 ἓξὲξ
589 5279 922 5351 Pythagdrae
966 5281 1023 5334 in
1076 5279 1284 5352 primis
1335 5279 1591 5338 tribuere
1650 5279 2036 5357 Hieronymus

393 5367 562 5406 εοιρι.

463 5424 484 5455 δ
515 5419 720 5495 Verius
756 5421 1000 5476 fortasse
1033 5421 1262 5492 Reginae
1290 5422 1438 5480 liber
1469 5442 1603 5480 cum
1642 5427 1820 5482 veteri
1873 5427 2036 5495 edit.,

391 5492 454 5546 Et
497 5507 604 5573 eos.
638 5493 863 5573 plenam
904 5495 1598 5573 scientiampollicemini.
1661 5499 1789 5573 Mox
1844 5492 2040 5554 Graeco

391 5563 566 5689 \glrbg
590 5563 1129 5634 interpretationem
1163 5563 1388 5624 addunt
1418 5569 1677 5627 Vaticani
1711 5573 1770 5628 id
1801 5579 1901 5638 est,
1931 5589 2040 5643 pu-

479 5651 529 5688 w
568 5677 579 5688 .

479 5650 579 5690 ire.

464 5705 688 5764 6[idem
744 5704 861 5762 duo
909 5706 1176 5766 Vaticani
1217 5711 1554 5772 Sententiam
1580 5714 1914 5786 ambigentis
1945 5731 2041 5774 ea:-

2140 3346 2362 3397 tentare
2385 3356 2569 3396 ausus
2581 3338 2675 3405 sit,
2696 3342 2750 3392 et
2774 3337 2960 3390 victus
2981 3338 3156 3404 atque
3177 3331 3456 3388 confusus
3478 3330 3794 3386 recesserit

2141 3447 2327 3502 usque
2359 3430 2430 3484 ad
2453 3434 2707 3500 tempus,
2743 3426 2943 3496 utique
2962 3421 3272 3496 passionis.
3308 3421 3409 3477 Ille
3437 3422 3786 3487 tentatur,et

2143 3535 2450 3575 successor
2476 3515 2763 3574 Joviniani
2815 3515 2988 3570 audet
3044 3510 3244 3583 loqui:
3304 3510 3417 3566 Eos
3475 3509 3574 3581 qui
3608 3507 3786 3580 plena

2143 3610 2254 3663 fide
2284 3608 2580 3681 baptisma
2609 3604 2904 3661 consecuti
2937 3606 3095 3667 sunt,
3129 3616 3244 3656 non
3278 3615 3450 3672 posse
3480 3598 3693 3654 tentari
3718 3599 3740 3632 ⁹
3770 3615 3782 3652 :

2142 3699 2258 3753 imo
2289 3698 2419 3754 aliis
2447 3696 2640 3752 verbis
2674 3713 2686 3750 :
2733 3695 2909 3750 Posse
2954 3689 3250 3747 hominem
3289 3688 3670 3760 baptizatum,
3733 3687 3784 3742 si

2143 3788 2412 3854 noluerit,
2447 3801 2817 3857 nequaquam
2849 3782 3003 3838 ultra
3042 3796 3297 3853 peccare.
3341 3776 3647 3833 Zacharias
3685 3777 3788 3847 ju-

2142 3883 2268 3932 stus
2301 3875 2546 3932 auditab
2576 3873 2779 3945 angelo
2812 3889 2826 3926 :
2853 3895 2879 3922 ‹‹
2913 3871 3060 3935 Quia
3089 3886 3205 3924 non
3237 3866 3535 3924 credidisti
3585 3865 3786 3920 verbis

2142 3966 2311 4032 meis,
2341 3965 2456 4020 eris
2487 3969 2709 4029 tacens,
2742 3967 2799 4017 et
2826 3978 2940 4016 non
2973 3959 3192 4032 poteris
3234 3957 3414 4030 loqui,
3471 3971 3661 4026 usque
3721 3955 3784 4010 in

2141 4055 2293 4111 diem
2328 4055 2646 4109 nativitatis
2678 4053 2806 4123 ejus
2837 4053 2990 4122 (Luc.
3027 4067 3066 4117 ι,
3096 4050 3210 4119 20).
3246 4071 3269 4100 ι
3319 4048 3485 4103 Pater
3535 4045 3779 4100 lunatici

2141 4147 2212 4200 de
2245 4142 2522 4216 apostolis
2557 4142 2816 4212 loquitur
2847 4157 2858 4193 :
2895 4163 2920 4188 «
2955 4138 3170 4210 Rogavi
3203 4136 3525 4208 discipulos
3543 4138 3699 4203 tuos,
3724 4139 3788 4190 ut

2141 4233 2415 4304 ejicerent
2445 4249 2600 4297 cum,
2637 4231 2691 4284 id
2712 4234 2799 4284 est
2819 4229 3164 4292 dremonem,
3197 4230 3254 4280 et
3297 4242 3410 4281 non
3471 4225 3792 4296 potuerunt

2145 4323 2366 4394 (Matth.
2400 4338 2534 4386 xvii,
2572 4322 2677 4389 15).
2716 4342 2742 4366 ››
2767 4317 2961 4389 Etipsi
2987 4313 3638 4387 discipuliinterrogant
3658 4309 3788 4368 Sal-

2143 4417 2403 4468 vatorem
2439 4427 2451 4464 :
2491 4430 2520 4459 «
2576 4409 2764 4472 Quare
2820 4423 2936 4462 non
2995 4405 3300 4479 potuimus
3348 4403 3556 4474 ejicere
3589 4399 3788 4456 'illum

2067 4611 2112 4675 1)
2144 4574 2361 4675 "3mg;

2215 4646 2234 4678 ⁷
2293 4643 2562 4714 Plerique
2613 4658 2754 4697 mss.
2817 4637 3305 4714 Increduli_tati__et
3372 4635 3593 4714 duritia
3640 4649 3777 4714 _co_1_'

2143 4717 2245 4771 dis.
2281 4721 2388 4770 etc.
2424 4705 2597 4769 Porro
2631 4721 2936 4783 sequentes
2959 4708 3233 4783 versiculi
3264 4727 3298 4783 a_
3325 4707 3518 4764 verbis
3551 4723 3562 4761 :
3599 4709 3653 4761 et
3700 4705 3795 4760 illi

2142 4787 2571 4858 satisfaciebant,
2605 4787 2677 4858 ad
2717 4780 2894 4858 tinem
2915 4799 3124 4855 usque,
3157 4780 3532 4858 minimepro
3562 4793 3795 4858 germa-

2146 4796 2571 4858 sattsfactebant,
2605 4796 2677 4841 ad
2717 4796 2894 4839 tinem
2915 4799 3124 4855 usque,
3157 4796 3400 4837 minime
3428 4796 3532 4906 pro
3562 4796 3795 4850 germa-

2146 4860 2350 4938 nis__ab.
2371 4857 2628 4938 Ecclesia
2657 4857 2966 4938 habentur,
3000 4871 3188 4938 neque
3253 4854 3330 4938 in.
3373 4851 3432 4934 ul
3463 4851 3515 4938 is
3555 4848 3797 4938 iGrtscis

2147 4931 2471 4997 codicibus,
2494 4930 2591 5001 qui
2625 4929 2696 4983 ad
2719 4946 2826 4983 nos
2857 4924 3212 4990 devenerint,
3239 4927 3339 5001 aut
3396 4924 3456 4978 in
3510 4924 3793 4977 versioni-

2147 5005 2258 5059 bus
2280 4997 2635 5058 authenticis
2667 5001 3054 5072 reperiuntur.
3081 4997 3416 5072 superiores
3471 5009 3606 5050 vero
3663 5009 3798 5048 con-

2148 5091 2324 5131 sensu
2365 5073 2650 5130 librorum
2681 5069 2946 5128 omnium
2973 5069 3213 5144 genuini
3243 5071 3404 5125 sunt.

2219 5148 2238 5179 ⁸
2267 5146 2427 5201 Unus
2484 5146 2770 5211 Vatican.,
2830 5145 2942 5199 Sub
2974 5137 3207 5198 vSatana
3261 5147 3359 5210 est,
3391 5152 3578 5211 quam
3617 5137 3802 5211 certe

2152 5218 2484 5290 praeferrem
2528 5209 2856 5290 lectionem,
2891 5214 3063 5290 siqui
3116 5209 3351 5290 deinde
3389 5209 3632 5290 haberet
3687 5223 3794 5290 pro

2147 5279 2287 5362 quae.
2313 5290 2593 5346 Cmterum
2626 5279 2896 5362 superius
2916 5279 3158 5362 verbum
3193 5283 3631 5362 satis/aciehmtt,
3661 5279 3796 5362 Iob-

2149 5353 2442 5490 sgervtatum
2475 5379 2508 5418 a
2538 5353 2727 5418 doctis
2756 5360 2914 5426 viris,
2947 5360 3102 5415 idem
3132 5374 3261 5414 esse
3291 5353 3357 5413 ac
3402 5353 3619 5426 culpam
3646 5353 3798 5423 fate-

2185 5450 2261 5490 an
2289 5451 2359 5488 ur

2185 5438 2359 5490 antur

2221 5507 2241 5541 ο
2271 5506 2415 5561 Vide
2447 5508 2648 5561 contra
2672 5501 3046 5560 Jovinianum
3073 5501 3174 5558 lib.
3198 5517 3240 5556 ιι
3266 5515 3431 5556 num.
3460 5499 3497 5552 2
3527 5498 3584 5552 et
3625 5509 3796 5568 seqq.

2154 5577 2496 5665 Hujusmodi
2530 5582 2652 5634 erat
2692 5574 3138 5647 Pelagianorum
3188 5588 3420 5646 quoque
3477 5567 3797 5642 évupiptnr

2156 5669 2258 5704 σια.
