3966 6432
130 406 249 483 ψ

938 396 1327 465 DIALOGUS
1371 398 1687 465 CONTRA
1722 398 2248 464 EPELAGIANOS.
2274 432 2357 447 —
2382 394 2531 463 LIB.
2577 396 2654 464 Il.

3388 346 3520 466 ista

143 540 331 616 (Matth.
356 534 686 607 3:548)?»
708 537 765 591 et
788 534 1055 602 audiunt,
1078 557 1107 603 ρ)
1131 536 1759 608 Propterincredulita-
1787 538 1842 604 Α
1872 535 1967 592 Sic
1997 550 2132 608 ergo
2162 539 2217 590 et
2247 536 2403 607 apud
2422 534 2606 590 Deum
2638 533 2933 606 possibile,
2966 534 3211 607 homini,
3253 536 3304 593 si
3363 538 3517 611 velit,

140 636 245 697 tem
272 624 690 697 vestramUbid.
718 624 835 695 49).
867 646 897 675 ››
929 627 1061 694 Cur,
1094 634 1291 696 quaeso
1321 624 1350 679 ?
1377 626 1516 697 quia
1559 624 1760 682 omnia

138 734 313 795 posse,
356 714 598 778 Domino
657 714 1016 774 servabatur.
1068 714 1307 770 Intravit
1359 714 1663 788 cogitatio
1697 715 1758 770 in

136 802 592 883 apostolos,,quis
619 818 822 861 eorum
857 804 1046 874 major
1069 806 1246 870 esset,
1270 807 1327 859 et
1373 804 1762 861 emendantur

135 898 234 972 [ΑΙ.
262 893 613 961 emendatur]
646 890 916 949 doctrina
942 890 1281 961 Salvatoris,
1301 892 1443 948 dum
1475 892 1760 950 minimus

136 987 316 1059 major
365 980 714 1056 agnoscitur,
746 985 805 1037 et
849 979 1156 1038 humilitas
1212 980 1576 1038 sublimitate
1629 998 1759 1037 mu-

135 1072 428 1139 tatar.Non
458 1071 737 1144 recipitur
766 1070 840 1127 ab
862 1070 1006 1127 urbe
1064 1070 1592 1141 Samaritanorum,
1623 1071 1763 1144 quia

137 1159 456 1232 faciesejus
483 1162 608 1216 erat
634 1158 829 1215 euntis
855 1157 1207 1215 Jerusalem.
1227 1157 1481 1216 Jacobus
1501 1162 1560 1215 et
1585 1159 1761 1215 Joan-

140 1264 381 1311 nes-vere
407 1247 513 1307 filii
541 1247 867 1316 tonitrui,et
890 1247 1005 1305 (zeli
1034 1248 1241 1305 ardore
1282 1247 1571 1305 ferventes
1600 1247 1766 1305 'Phi-

137 1357 263 1403 necs
286 1343 345 1397 et
368 1337 500 1399 Elim
530 1337 726 1412 ignem
758 1337 831 1395 de
859 1335 1003 1395 cmlo
1039 1338 1325 1394 deducere
1383 1338 1650 1410 cupiunt,
1708 1341 1766 1393 et

137 1428 516 1502 coxripiuntur
544 1443 579 1484 a
606 1427 891 1487 Domino:
939 1426 1040 1499 qui
1078 1425 1282 1498 utique
1329 1443 1446 1482 non
1506 1426 1765 1499 corripe-

136 1523 341 1589 reutur,
371 1516 422 1573 si
466 1516 695 1588 absque
750 1531 947 1572 errore
999 1514 1142 1571 talia
1193 1515 1536 1572 voluissent.
1598 1516 1767 1570 Ibant

135 1623 263 1665 cum
285 1605 381 1663 illo
408 1604 631 1679 populi,
662 1605 773 1662 hoc
802 1610 910 1673 est,
960 1620 1096 1660 cum
1154 1604 1437 1672 Domino,
1479 1605 1582 1677 qui
1631 1621 1766 1660 con-

130 1712 330 1753 versus
357 1693 532 1751 dixit:
567 1717 596 1744 ‹‹
631 1694 692 1750 Si
722 1694 856 1767 quis
884 1694 1043 1750 venit
1080 1695 1155 1750 ad
1211 1710 1323 1763 me,
1358 1699 1416 1750 et
1472 1711 1589 1750 non
1647 1693 1769 1750 odit

130 1789 343 1859 patrem
383 1800 584 1851 suum,
638 1787 697 1840 et
754 1788 1001 1839 matrem
1058 1799 1249 1851 suam,
1309 1788 1366 1839 et
1404 1799 1664 1851 uxorem,
1712 1787 1770 1838 et

131 1873 296 1944 ﬁlios,
325 1877 381 1931 et
437 1873 646 1930 fratres
694 1874 751 1929 et
807 1878 1055 1938 sorores,
1105 1871 1350 1945 insuper
1405 1876 1462 1928 et
1507 1872 1766 1928 animam

98 2021 105 2028 ,
131 1978 309 2030 suam,
341 1979 458 2019 non
489 1964 685 2035 potest
714 1977 882 2018 meus
912 1977 1042 2019 esse
1090 1962 1419 2034 discipulus
1462 1954 1615 2032 (Luc.
1646 1964 1797 2028 xw,’

129 2054 230 2125 26).
262 2073 290 2104 »
326 2052 412 2121 Et,
451 2074 480 2103 «
511 2050 622 2116 Qui
652 2067 768 2108 non
788 2055 979 2124 portat
1007 2067 1240 2108 crucem
1271 2067 1465 2117 suam,
1489 2054 1547 2106 et
1569 2051 1767 2123 sequi-

129 2146 343 2208 turme,
375 2157 496 2198 non
558 2144 750 2212 potest
807 2156 975 2198 meus
1031 2156 1160 2197 esse
1213 2139 1541 2212 discipulus
1594 2140 1765 2211 (Ibid.

124 2230 225 2302 27).
259 2250 288 2281 »
317 2231 389 2287 Et
434 2230 500 2285 in
560 2229 671 2286 hoc
727 2228 854 2285 loco
896 2228 1243 2286 temerarius
1301 2228 1674 2301 proclamabo
1709 2230 1764 2284 ιε

125 2319 359 2378 «Potest
391 2319 597 2385 homo,
632 2318 684 2375 si
714 2317 868 2388 velit,
893 2319 1094 2375 omnia
1122 2324 1360 2391 peccata
1415 2318 1598 2374 vitare
1632 2337 1645 2386 ;
1682 2318 1764 2375 fa-

123 2409 243 2465 cilia
270 2409 430 2467 enim
452 2413 602 2466 sunt
630 2408 908 2465 mandata
937 2409 1066 2480 ejus
1085 2409 1113 2463 ‘?
1145 2430 1173 2458 »
1205 2408 1312 2475 Qui
1338 2411 1634 2464 merentur
1664 2425 1767 2464 au-

124 2499 238 2561 dire
267 2516 301 2555 a
338 2497 599 2555 Domino
627 2496 923 2554 Salvatore
956 2515 969 2553 :
1004 2520 1033 2548 «
1068 2497 1187 2554 Vos
1231 2497 1375 2553 estis
1421 2497 1524 2569 qui
1573 2498 1770 2568 justos

122 2604 215 2645 vos
238 2604 367 2646 esse
392 2587 599 2644 dicitis
619 2603 814 2644 coram
840 2585 1204 2654 hominibus,
1235 2586 1390 2643 Deus
1420 2590 1615 2643 autem
1665 2603 1770 2642 no-

119 2676 193 2733 vit
219 2677 396 2734 corda
420 2679 646 2744 vestra,
688 2676 841 2732 760
887 2674 1028 2747 quia
1084 2675 1240 2747 quod
1289 2677 1443 2749 apud
1498 2676 1771 2732 homines

121 2766 405 2824 excelsum
451 2768 570 2833 est,
619 2764 1013 2822 abominabile
1062 2769 1151 2821 est
1199 2782 1395 2821 coram
1446 2766 1560 2822 Deo
1621 2767 1769 2839 (Luc.

118 2857 359 2927 xv1,45).
391 2878 422 2907 ››
460 2876 491 2907 ‹‹
530 2853 899 2927 Impossibile
929 2853 1331 2926 est,inquit,ut
1360 2854 1635 2911 scandala
1657 2872 1771 2912 non

118 2944 344 3003 veniant
372 2945 538 3018 (Luc.
563 2962 703 3010 xvu,
737 2944 811 3017 1).
848 2966 877 2994 ››
906 2943 1049 2999 Puto
1082 2944 1237 3017 quod
1268 2949 1573 3016 peccatum
1604 2961 1773 3001 scan-

118 3034 307 3092 dalum
339 3035 444 3101 sit,
469 3034 636 3107 quod
665 3050 770 3106 per
798 3032 1145 3090 scandalum
1194 3034 1371 3090 venit.
1435 3033 1559 3090 Nisi
1607 3033 1777 3091 fallor

120 3123 289 3193 enim,
316 3119 548 3177 σκῶλον
580 3126 637 3178 et
666 3118 963 3175 σκάνδαλον
997 3121 1151 3195 apud
1200 3123 1430 3180 Graecos
1483 3139 1553 3179 ex
1603 3125 1773 3196 o/Ten-

119 3215 259 3271 sione
286 3218 345 3271 et
372 3215 561 3270 ruina
590 3228 803 3270 nomen
826 3212 1066 3284 accepit.
1092 3211 1402 3285 Propterea
1431 3236 1459 3264 «
1486 3214 1550 3269 In
1568 3213 1777 3269 multis

1798 1916 1845 1981 B

1867 626 2084 681 donare
2114 625 2584 695 impeccantiam,
2617 638 2731 679 non
2761 623 2950 697 ipsius
2999 627 3228 694 merito,
3255 629 3355 684 sed
3413 644 3522 685 sua

1868 712 2261 775 clementia,et
2291 713 2445 784 apud
2490 712 2759 769 homines
2808 718 3180 787 neQuaquam
3238 701 3519 788 possibile

1867 801 2036 858 liberi
2069 801 2290 857 arbitrii
2328 806 2631 871 potestate,
2664 802 2818 874 quod
2851 807 2995 858 nutu
3038 803 3312 861 donantis
3368 807 3519 862 acci-

1871 892 2044 963 pitur.
2081 891 2206 946 Non
2238 891 2544 946 suffecerat
2573 890 2854 962 apostolis
2874 892 3099 948 dudum
3124 910 3301 967 super
3328 895 3519 967 digni-

1870 984 1988 1036 tate
2018 980 2320 1052 quaesisse,
2355 979 2489 1051 quis
2519 994 2721 1036 eorum
2754 981 2942 1051 major
2968 988 3144 1049 esset,
3176 984 3277 1040 sed
3302 985 3360 1039 in
3391 984 3520 1057 ipso

1869 1069 2238 1126 necessitatis
2268 1072 2324 1125 et
2354 1069 2644 1141 passionis
2675 1070 2920 1126 articulo
2946 1071 3227 1128 scribitur
3257 1074 3326 1129 de
3384 1074 3470 1131 eis
3505 1091 3519 1131 :

1874 1182 1902 1211 «
1934 1159 2108 1215 Facta
2136 1162 2226 1215 est
2281 1158 2574 1214 contentio
2604 1158 2757 1215 inter
2783 1159 2938 1226 illos,
2962 1161 3096 1239 quis
3133 1161 3369 1239 illorum
3402 1177 3523 1220 ma-

1867 1248 1961 1319 jor
1989 1251 2145 1304 esset
2166 1248 2317 1318 (Luc.
2351 1250 2490 1313 xxn‘,
2520 1248 2634 1319 24).
2681 1256 2702 1297 ε»
2756 1247 3056 1321 Optimum
3112 1265 3312 1308 revera
3374 1257 3525 1310 tem-

1873 1353 1985 1409 pus
2014 1335 2271 1391 instante
2302 1352 2471 1392 cruce
2492 1336 2857 1409 dedignitate
2908 1340 3296 1397 conteuderc:
3345 1363 3373 1392 «
3433 1343 3524 1399 Si-

1875 1442 2034 1496 mon,
2062 1425 2277 1497 inquit,
2310 1426 2534 1496 Simon,
2566 1442 2698 1482 ecce
2718 1430 2957 1484 satanas
3014 1429 3289 1501 expetivit
3318 1433 3338 1465 ²
3397 1448 3523 1501 vos,

1879 1518 1943 1570 ut
1971 1514 2252 1570 cribraret
2282 1514 2435 1570 sicut
2462 1514 2745 1571 triticum.
2770 1515 2886 1589 Ego
2907 1519 3104 1573 autem
3164 1520 3359 1592 rogavi
3418 1535 3523 1594 pro

1876 1609 1954 1669 te,
1980 1607 2042 1658 ut
2075 1620 2189 1659 non
2221 1602 2453 1659 deficiat
2482 1604 2626 1659 ﬁdes
2671 1609 2774 1660 tua
2829 1605 2988 1675 (Ibid.
3045 1606 3136 1676 3|,
3196 1610 3307 1678 32).
3372 1632 3398 1659 ››
3456 1613 3527 1666 Et

1878 1696 2033 1748 certe
2054 1693 2228 1764 juxta
2247 1708 2348 1749 vos
2379 1693 2438 1746 in
2470 1692 2720 1764 apostoli
2743 1696 2866 1750 erat
2926 1696 3182 1767 positum
3236 1702 3527 1769 potestate

1879 1782 1927 1837 si
1957 1780 2256 1849 voluisset,
2290 1786 2355 1837 ut
2384 1797 2498 1837 non
2531 1782 2802 1838 deﬁceret
2832 1782 2978 1840 ﬁdes
3008 1784 3157 1856 ejus,
3190 1802 3307 1858 qua
3327 1788 3530 1859 utique

1879 1870 2203 1939 deﬁciente,
2239 1874 2541 1943 peccatum
2574 1873 3037 1944 subingreditur.
3060 1874 3125 1929 In
3172 1875 3530 1947 quibusdam

1879 1958 2311 2032 exemplaribus
2340 1964 2462 2015 tam
2493 1960 2705 2016 Graacis
2735 1978 2914 2034 quam
2950 1963 3167 2020 Latinis
3214 1965 3533 2024 invenitur3

1878 2049 2167 2105 scribente
2198 2049 2386 2105 Luca:
2422 2073 2450 2099 ‹‹
2483 2050 2773 2122 Apparuit
2822 2050 2904 2106 illi
2955 2054 3199 2125 angelus
3261 2056 3332 2112 de
3390 2056 3532 2114 cmlo

1880 2138 2216 2194 confortans
2247 2140 2557 2211 eum(Luc.
2608 2154 2744 2207 xxn,
2806 2141 2917 2213 43),
2964 2142 2994 2193 ἱ)
3060 2142 3215 2199 haud
3278 2146 3530 2204 dubium

1879 2228 2023 2299 quin
2055 2227 2371 2283 Dominum
2402 2227 2785 2285 Salvatorem.
2817 2253 2843 2279 «
2869 2232 2938 2286 Et
2966 2232 3158 2288 factus
3202 2235 3261 2289 in
3322 2234 3535 2308 agonia

1884 2317 2027 2373 761
2065 2316 2349 2389 prolixius
2385 2319 2611 2385 orabat,
2656 2318 2961 2392 factusque
3017 2327 3107 2376 est
3164 2323 3347 2379 sudor
3403 2326 3533 2395 ejus

1878 2406 2036 2463 sicut
2065 2412 2241 2479 guttae
2272 2407 2579 2479 sanguinis
2619 2407 2981 2465 decurrentis
3011 2409 3070 2465 in
3114 2416 3331 2467 terram
3372 2413 3529 2483 (Ibid.

1880 2494 1990 2567 44).
2028 2519 2054 2545 υ
2086 2494 2347 2551 Salvator
2377 2495 2436 2550 in
2461 2496 2735 2568 passione
2766 2498 2837 2553 ab
2869 2496 3077 2571 angelo
3123 2500 3486 2567 confortatur
3517 2518 3529 2557 :

1880 2590 1936 2641 et
1964 2584 2297 2642 Critobulus
2328 2602 2494 2641 meus
2526 2602 2639 2641 non
2674 2586 2897 2659 indiget
2926 2587 3139 2644 auxilio
3177 2590 3537 2659 Dei,habens

1880 2674 2046 2731 liberi
2080 2674 2305 2730 arbitrii
2337 2678 2679 2747 potestatem
2715 2693 2727 2731 :
2762 2680 2820 2731 et
2846 2681 2966 2733 tam
2997 2678 3372 2735 vehementer
3404 2695 3539 2737 ora-

1883 2765 2000 2831 bat,
2037 2768 2100 2819 ut
2147 2768 2325 2837 guttae
2374 2764 2679 2838 Sanguinis
2726 2773 3178 2839 prorumperent
3227 2784 3295 2825 ex
3348 2774 3537 2842 parte,

1883 2870 2058 2926 quem
2091 2857 2280 2909 totum
2311 2858 2437 2910 erat
2465 2854 2525 2909 in
2558 2852 2752 2926 passio
2783 2871 2855 2911 ne
2888 2856 3161 2913 fusurus:
3203 2880 3221 2906 σι
3258 2858 3527 2924 Quid,in-

1884 2942 2031 3015 quit,
2064 2941 2381 2998 dormitis?
2403 2943 2625 3015 surgite
2653 2946 2710 2999 et
2739 2949 2918 3011 orate,
2945 2962 3018 3002 ne
3048 2946 3280 3003 intretis
3310 2948 3367 3003 in
3403 2953 3528 3005 ten-

1885 3032 2166 3088 tationem
2202 3031 2411 3103 (Matth.
2436 3048 2587 3099 xxvx,
2619 3033 2731 3104 45).
2770 3055 2796 3082 »
2827 3034 3040 3090 Debuit
3064 3036 3229 3103 juxta
3286 3054 3386 3091 vos
3440 3039 3533 3093 di-

1886 3138 2050 3178 cere:
2085 3121 2232 3185 Quid
2268 3121 2582 3177 dormitis‘?
2613 3121 2836 3195 surgite
2863 3126 2922 3178 et
2952 3124 3227 3195 resistite,
3284 3125 3536 3183 liberum

1887 3212 2043 3267 enim
2078 3210 2305 3267 habetis
2336 3210 2666 3280 arbitrium,
2700 3216 2757 3266 et
2785 3211 2964 3268 semel
2996 3214 3162 3269 vobis
3191 3230 3467 3272 concessa
3507 3233 3543 3273 a

121 3303 467 3369 offendimus
486 3318 705 3359 omnes
733 3302 876 3373 (Jac.
900 3317 983 3372 ui,
1014 3301 1092 3373 2).
1127 3324 1156 3351 ››
1200 3302 1310 3359 Fac
1365 3307 1430 3358 ut
1488 3319 1603 3358 non
1649 3319 1772 3358 cor-
1805 3290 1849 3359 C
1873 3300 2133 3358 'Domino
2154 3303 2460 3373 potestate,
2486 3298 2709 3357 nullius
2730 3299 2969 3357 alterius
2996 3302 3273 3375 indigetis
3302 3305 3541 3363 auxillio

118 3392 350 3461 ruerim,
383 3397 563 3451 certe
592 3391 827 3458 oﬁ‘endi,
858 3398 913 3447 et
939 3408 1057 3447 non
1086 3390 1147 3446 in
1178 3408 1316 3461 uno,
1368 3392 1470 3448 sed
1524 3392 1588 3447 in
1645 3390 1777 3465 plu-

120 3481 293 3540 ribus.
332 3484 621 3540 Arbitror
648 3481 805 3554 quod
834 3480 895 3537 in
924 3479 1121 3553 aliquo
1142 3480 1454 3538 offendisse
1475 3485 1779 3554 peccatum

117 3570 207 3628 sit.
238 3594 270 3624 «
300 3572 607 3631 Dixerunt
632 3570 879 3627 Domino
900 3569 1178 3643 apostoli:
1208 3572 1369 3644 Auge
1388 3570 1559 3627 nobis
1580 3571 1778 3627 ﬁdem.

119 3659 219 3725 Qui
247 3660 574 3735 respondit
602 3660 689 3717 eis
716 3678 728 3716 :
759 3659 818 3717 Si
849 3659 1174 3716 habueritis
1226 3661 1402 3716 fidem
1440 3660 1606 3733 quasi
1649 3677 1778 3734 gra-

115 3766 248 3807 num
280 3750 526 3825 sinapis
565 3749 779 3821 (Matth.
812 3764 951 3816 xvn,
984 3748 1097 3821 19),
1132 3771 1160 3799 ››
1203 3751 1358 3821 quod
1418 3750 1620 3822 utique
1677 3750 1781 3805 mi-

113 3839 340 3898 nimum
370 3845 468 3899 est
500 3838 777 3897 omnium
804 3832 1099 3895 seminum
1122 3856 1135 3908 ;
1160 3843 1216 3894 et
1245 3838 1581 3896 Critobulus
1613 3856 1781 3896 meus

107 3927 232 3987 ﬁdei
264 3929 447 3989 nobis
484 3928 807 3987 montibus
831 3928 1195 3985 intumescit.

170 4017 254 4074 l6.
278 4020 730 4093 Impeccantiam
759 4034 798 4075 a
822 4019 929 4075 Deo
956 4018 1135 4075 tribui
1184 4035 1433 4091 posse.—-
1464 4042 1491 4069 ‹‹
1541 4019 1781 4076 Dicebat

108 4111 318 4178 autem,
366 4108 606 4182 inquit,
655 4111 715 4164 et
762 4106 1101 4181 parabolam
1140 4106 1282 4176 illis,
1332 4109 1487 4180 quod
1548 4123 1782 4182 semper

103 4203 325 4268 oportet
356 4215 543 4256 orare
576 4201 635 4253 et
666 4214 970 4269 nunquam
1001 4198 1246 4254 deficere
1286 4199 1605 4271 (Luaxvm,
1643 4199 1713 4269 1).
1750 4219 1778 4247 ››

105 4284 338 4349 Frustra
369 4303 630 4361 semper
658 4302 922 4355 oramus,
946 4287 997 4343 si
1028 4288 1087 4342 in
1133 4292 1334 4344 nostro
1394 4286 1635 4344 arbitrio
1692 4291 1783 4342 est

105 4375 285 4435 facere
316 4379 487 4451 quod
520 4375 820 4433 volumus.
856 4376 1138 4432 Dixerunt
1154 4376 1439 4449 apostoli:
1475 4400 1505 4428 «
1538 4381 1606 4432 Et
1645 4376 1779 4448 quis

103 4467 288 4534 potest
317 4467 543 4524 salvus
572 4481 702 4522 esse
721 4466 749 4521 τι)
780 4488 809 4516 ››
830 4466 1146 4521 Audiunta
1169 4466 1417 4523 Domino
1442 4468 1641 4533 :«Quae
1674 4467 1782 4521 im-

103 4556 412 4623 possibilia
430 4556 588 4613 sunt
610 4554 766 4629 apud
785 4553 1388 4628 homines,possibilia
1418 4555 1574 4628 apud
1597 4556 1777 4613 Deum

100 4645 458 4736 suntg(Marc.
501 4662 561 4712 1.,
594 4644 689 4736 26,
723 4643 859 4736 Δἓῖ).
930 4666 957 4693 ››
1000 4644 1148 4718 Ergo
1190 4643 1407 4717 aliqua,
1436 4661 1563 4716 qua
1620 4645 1775 4736 apud
1807 4670 1856 4736 D

98 4729 367 4793 homines
400 4731 818 4808 impossibilia
856 4736 1015 4803 sunt,
1048 4738 1201 4790 certe
1225 4750 1293 4791 ea
1321 4750 1449 4790 esse
1472 4733 1781 4805 possibilia

95 4836 155 4878 ex
176 4840 242 4881 eo
272 4823 663 4893 ostenditur,
696 4824 852 4896 quod
884 4823 1039 4896 apud
1073 4823 1259 4880 Deum
1278 4823 1586 4897 possibilia
1616 4828 1776 4880 sunt.

124 4969 363 5100 ιίπξιαιὶω
397 4968 605 5028 veteri
634 4968 773 5025 edit.
810 4967 1043 5043 Reginae
1074 4985 1243 5037 mss.,
1290 4970 1615 5026 Temerariis
1646 4985 1777 5041 pro.

143 5058 176 5096 a
309 5058 367 5099 ο.

98 5055 367 5099 clamo.

156 5114 176 5148 ³
206 5114 479 5188 Legerat.
513 5112 788 5188 Gravius,
816 5113 1121 5188 postulavit
1151 5113 1545 5188 progexpetivit
1574 5112 1775 5184 ;priori

96 5183 522 5258 autem'modp
560 5183 704 5257 legit
732 5183 1220 5258 Tertullianus,de
1251 5183 1401 5253 Fuga
1438 5186 1500 5239 in
1526 5183 1781 5258 poi-secu-

303 5257 688 5339 Qypyiapus,
856 5257 1112 5312 Oratione
1162 5257 1494 5317 Dominica;
1529 5256 1608 5312 'S.
1667 5258 1779 5313 Au-

96 5332 265 5400 gust.,
290 5326 376 5386 in'
397 5326 579 5386 Psal.
614 5344 665 5393 c,
700 5326 936 5401 aliique.

102 5401 174 5483 “3
201 5400 262 5460 S.
289 5403 570 5475 Quoque
604 5397 881 5483 Hilarius,
920 5398 1027 5483 lib.
1091 5416 1125 5455 x
1294 5400 1598 5483 Trinitate,
1634 5415 1778 5483 num

91 5470 249 5555 151:“:-
280 5491 399 5555 nec
435 5470 1322 5555 sane,in_quit,_.ignorandum
1373 5488 1413 5555 ε)ἶ
1465 5470 1648 5555 nobis
1691 5475 1782 5555 est

90 5538 142 5597 in
169 5544 399 5604 Graecis
432 5548 501 5603 et
528 5538 763 5616 Latinis
791 5538 1099 5616 codicibus
1128 5542 1535 5616 complurimis
1563 5542 1652 5599 vel
1709 5544 1779 5616 de

91 5616 439 5696 adveniente
473 5614 722 5696 ang-elo,
770 5614 851 5696 vel
921 5616 993 5696 de
1041 5614 1279 5696 sudore
1330 5614 1780 5696 sanguinisunil

95 5690 382 5773 scriptum
411 5684 710 5773 reperiri,
743 5709 771 5737 »
804 5691 913 5744 etc.
936 5684 1117 5772 deie
1156 5684 1515 5773 exemplaria
1549 5686 1779 5773 quibus

95 5755 279 5824 duint
315 5763 386 5826 hi
408 5755 651 5824 vei-sus
677 5756 849 5838 longe
875 5759 1100 5821 rariora
1129 5762 1291 5830 sunt,
1325 5755 1392 5819 et
1404 5757 1518 5820 tria
1542 5755 1779 5820 tantum

1886 3392 1945 3447 Si
2002 3390 2158 3448 enim
2198 3389 2308 3446 hoc
2366 3390 2637 3459 feceritis,
2699 3407 2814 3446 non
2867 3389 3165 3449 intrabitis
3238 3392 3298 3449 in
3353 3398 3541 3453 tenta-

1889 3481 2128 3538 tionem.

1961 3569 2049 3627 l7.
2083 3572 2219 3626 Item
2280 3586 2348 3625 ea:
2403 3571 2718 3639 evangelica
2772 3572 3022 3629 historia.
3081 3605 3149 3613 —
3208 3574 3333 3630 Non
3405 3592 3537 3648 pos-

1891 3677 2047 3728 sum,
2071 3660 2173 3726 sit,
2206 3674 2311 3732 ego
2343 3659 2531 3715 facere
2561 3676 2595 3714 a
2626 3660 2970 3733 memetipso
3002 3661 3249 3734 aliquid,
3277 3664 3376 3720 sed
3426 3666 3534 3730 [Αι.

1890 3750 1966 3820 et]
2000 3748 2153 3805 sicut
2180 3748 2375 3815 audio,
2410 3749 2492 3804 ita
2513 3749 2717 3820 judico
2754 3750 2938 3816 (Joan.
2986 3768 3041 3807 ν.
3100 3752 3211 3822 30).
3265 3773 3292 3801 »
3338 3752 3536 3809 Ariani

1891 3837 2179 3911 objiciunt
2207 3837 2586 3905 calumniam,
2630 3838 2730 3895 sed
2781 3839 3092 3909 respondet
3139 3839 3415 3908 Ecclesia,
3471 3857 3542 3898 ex

1890 3944 2140 4000 persona
2159 3926 2418 3983 hominis
2450 3927 2568 3982 haec
2599 3927 2711 3982 dici
2743 3927 2843 3998 qui
2875 3932 3219 4001 assumptus
3250 3935 3355 3985 est.
3393 3932 3481 3987 Tu
3512 3946 3544 3988 e

1889 4015 2177 4072 contrario
2208 4015 2503 4087 loqueris:
2536 4034 2562 4066 α
2594 4015 2839 4072 Possum
2868 4016 2994 4071 sine
3026 4021 3261 4089 peccato
3292 4035 3441 4088 esse,
3490 4020 3541 4076 si

1889 4105 2178 4162 voluero.»
2217 4103 2317 4161 lllc
2364 4103 2510 4160 nihil
2554 4108 2743 4177 potest
2760 4123 2827 4161 ex
2861 4123 2924 4161 se
2962 4106 3150 4164 facere
3181 4112 3245 4164 ut
3282 4108 3543 4168 hominis

1894 4194 2107 4251 indicet
2134 4194 2456 4251 veritatem.
2489 4195 2572 4250 Tu
2602 4198 2763 4267 potes
2789 4195 2988 4251 omnia
3037 4202 3275 4270 peccata
3332 4198 3541 4269 vitare,

1890 4289 1955 4341 ut
1983 4284 2863 4357 adhucincorporeconstitutus
2900 4284 3137 4339 ἀντίθεον
3171 4289 3339 4345 ‘esse
3365 4290 3537 4345 tedo-

1890 4372 2234 4446 ceas.Negat
2260 4373 2541 4429 fratribus
2572 4378 2631 4429 et
2660 4374 3009 4448 propinquis
3029 4375 3111 4432 ire
3135 4394 3198 4433 se
3227 4378 3296 4433 ad
3329 4381 3540 4434 Sceno-

1891 4464 2119 4537 pegiam
2147 4483 2161 4532 ;
2194 4467 2252 4519 et
2282 4468 2482 4536 postea
2504 4463 2789 4537 scriptum
2820 4468 2907 4521 est
2932 4484 2944 4521 :
2975 4465 3085 4521 «Ut
3114 4471 3309 4523 autem
3333 4483 3539 4522 ascen-

1888 4554 2103 4609 derunt
2134 4553 2341 4610 fratres
2372 4554 2670 4625 ejus,tunc
2699 4558 2757 4610 et
2776 4554 2902 4625 ipse
2931 4556 3197 4612 ascendit
3220 4556 3290 4611 ad
3324 4555 3540 4612 solem-

1889 4643 2153 4711 nitatem,
2182 4658 2297 4698 non
2322 4641 2651 4710 manifeste,
2684 4643 2785 4700 sed
2848 4643 3017 4715 quasi
3076 4645 3135 4698 in
3192 4644 3536 4700 abscondito

1889 4733 2065 4803 (Joan.
2098 4748 2195 4800 vu,
2232 4732 2339 4801 10).
2378 4754 2405 4780 ››
2439 4731 2661 4787 lturum
2693 4748 2756 4787 se
2804 4732 3058 4804 negavit,
3086 4736 3144 4788 et
3195 4732 3331 4787 fecit
3386 4722 3541 4805 quod

1890 4822 2052 4894 prius
2083 4825 2412 4895 negaverat.
2462 4820 2659 4877 Latrat
2698 4820 3076 4894 Porphyrius,
3132 4821 3542 4880 inconstantia

1890 4982 1923 5021 a
1961 4963 2146 5020 Millio
2178 4965 2572 5037 proferuntur.

1958 5038 1981 5071 ⁴
2012 5034 2346 5093 Constitutus
2376 5034 2637 5091 ἀντίθεον.
2691 5037 2838 5093 Cave
2898 5036 3103 5093 falsam
3160 5037 3401 5094 Mariani
3433 5036 3539 5093 Vi-

1886 5110 2052 5165 ctorii
2085 5109 2650 5180 interpretationem,
2683 5108 2783 5181 qui
2816 5109 3038 5180 putavit
3070 5108 3161 5165 hic
3178 5107 3416 5164 άντίθεον
3451 5110 3537 5166 si-

1887 5181 2165 5254 gniﬁcare
2199 5183 2345 5254 Deo
2378 5181 2720 5237 contrarium
2776 5186 2833 5254 et
2889 5182 3312 5254 adversarium:
3399 5198 3536 5240 cum

1889 5251 2114 5309 certum
2162 5252 2238 5309 sit
2282 5253 2700 5325 Hieronymum
2774 5251 3131 5325 intellexisse
3213 5253 3540 5312 semideum.

1887 5327 2178 5394 eximium,
2209 5323 2615 5397 aequiperatum
2644 5324 2767 5389 Deo,
2802 5323 2921 5397 sive
2942 5324 3194 5380 divinum
3224 5343 3244 5387 ;
3265 5324 3375 5382 hoc
3428 5330 3539 5396 est,

1892 5396 2495 5471 icotleovuxa'c’dpsr-hv,
2526 5397 2651 5471 ‘Deg
2727 5396 2996 5471 aqualem
3050 5398 3355 5471 secundum
3426 5400 3543 5455 vir-

1888 5477 2074 5525 tutem.
2108 5467 2498 5544 MARTIANi—l
2519 5467 2751 5523 Scilicet
2780 5468 2889 5544 Deo
2915 5470 3372 5544 aequiparandum
3425 5486 3543 5544 quo

1890 5557 2066 5624 sensu
2089 5540 2323 5624 passim
2357 5540 2704 5624 abﬁliomero
2733 5539 3081 5597 vocabulum
3118 5539 3462 5617 usurpatur;
3479 5547 3551 5611 ut

1889 5612 2055 5670 lliad.
2089 5612 2142 5665 Ψ
2171 5629 2322 5668 vers.
2358 5613 2465 5667 360
2499 5629 2510 5666 :

2129 5727 2395 5789 Ἀντίθεον
2422 5724 2663 5786 Φοίνικα
2683 5725 2889 5788 δπάονα
2913 5730 3123 5815 πατρὸς
3156 5728 3288 5800 ἑοῖο,
