3966 6388
403 388 409 393 ’
450 376 593 439 579

1721 373 1786 434 S.
1830 369 2140 436 EUSEBII
2180 369 2624 433 HIERONYMI

3755 324 3869 427 380

466 524 532 563 ac
563 505 907 564 mutationis
941 505 1091 562 762
1120 510 1380 574 accusat,
1411 506 1679 562 nesciens
1710 505 1909 560 omnia
1952 520 2114 560 scan-
2142 505 2195 569 Α
2226 504 2646 559 condemnabo.
2673 502 2846 569 Vade,
2891 507 2949 558 et
3003 498 3210 557 amodo
3266 496 3384 556 noli
3437 512 3677 571 peccare
3709 496 3865 565 (Ibid.

472 596 610 653 dala
639 597 708 653 ad
742 611 976 651 carnem
1005 611 1134 651 esse
1156 596 1522 652 referenda‘.
1557 617 1585 645 ‹‹
1620 594 1867 667 Moyses,
1929 593 2116 664 inquit
2226 594 2314 657 10,
2348 594 2454 660 il).
2492 614 2518 640 »
2552 590 2829 663 Praecepit
2862 590 3160 660 Dominus,
3194 605 3266 646 ne
3296 586 3545 645 ulterius
3605 590 3871 659 peccaret

466 686 626 742 dedit
662 686 826 741 vobis
855 683 1063 757 legem,
1098 689 1156 740 et
1180 702 1351 740 nemo
1382 703 1449 740 ex
1495 684 1660 740 vobis
1710 685 1847 740 facit
1903 682 2115 755 legem,

466 774 642 845 (Joan.
666 790 769 843 xu,
803 773 889 844 19)
924 796 951 822 ››
987 774 1189 845 utique
1220 772 1583 844 possibilem,
1618 776 1674 828 et
1703 776 1898 827 tamen
1958 771 2112 843 quod

2225 680 2393 736 sicuti
2417 685 2474 736 et
2498 681 2614 735 alia
2642 679 2914 735 similiter
2932 679 2991 734 in
3016 681 3141 747 lege
3171 677 3489 735 mandavit.
3521 676 3631 731 Sed
3672 678 3871 730 utrum

2223 786 2291 824 ea
2322 770 2539 834 fecerit,
2563 785 2765 837 necne,
2799 768 3102 841 Scriptura
3161 785 3277 823 non
3332 766 3493 822 dicit.
3550 786 3578 815 ι(
3627 764 3866 833 Omnes,

463 866 589 918 erat
614 862 915 935 possibile,
948 879 1119 918 nemo
1149 862 1510 934 impleverat,
1528 877 1717 933 neque
1756 860 1912 917 enim
1942 860 2115 931 culpa
2224 858 2435 929 inquit,
2469 858 2569 929 qui
2599 864 2882 913 venerunt
2912 862 3045 913 ante
3075 874 3188 926 me,
3225 857 3381 912 fures
3406 855 3646 911 fuerunt
3669 856 3730 909 et
3785 852 3868 909 la-

460 948 810 1022 imperantis
839 956 949 1018 est,
982 951 1083 1005 sed
1117 950 1404 1023 fragilitas
1436 950 1749 1015 audientis,
1797 955 1862 1004 ut
1918 948 2112 1004 omnis

464 1040 725 1096 mundus
753 1041 775 1075 ²
795 1039 1070 1096 subditus
1091 1039 1192 1094 ﬁat
1213 1040 1419 1095 Deo.ln
1453 1039 1762 1111 Evangelio
1786 1039 2112 1093 secundum

460 1129 747 1185 Joannem
779 1130 837 1185 in
872 1128 1074 1184 multis
1105 1132 1162 1184 et
1192 1128 1404 1185 Graecis
1435 1132 1491 1185 et
1535 1127 1756 1184 Latinis
1812 1127 2112 1183 codicibus

466 1218 761 1275 invenitur
779 1219 849 1275 de
881 1216 1148 1274 adultera
1177 1217 1422 1274 muliere
1443 1219 1483 1285 ³,
1519 1234 1645 1289 quae
1694 1221 1966 1273 accusata
2024 1220 2112 1271 est

463 1308 619 1379 apud
650 1307 986 1362 Dominum.
1011 1307 1383 1363 Accusabant
1411 1311 1605 1362 autem
1638 1310 1694 1362 et
1738 1306 2111 1362 vehementer

462 1397 751 1468 urgebant
780 1395 993 1452 Scribis
1015 1400 1073 1452 et
1106 1395 1399 1463 Pharisaei,
1425 1397 1594 1467 juxta
1621 1394 1808 1468 legem
1838 1410 1967 1449 eam
2022 1394 2111 1448 la-

459 1484 661 1557 pidare
687 1484 1011 1556 cupientes.
1047 1507 1075 1535 ‹‹
1098 1485 1169 1539 At
1197 1484 1372 1541 Jesus
1428 1483 1743 1551 inclinans,
1776 1482 1956 1555 digito
1972 1482 2111 1538 scri-

460 1573 633 1629 bebat
663 1574 721 1631 in
743 1579 899 1630 terra
929 1574 1116 1644 (Joan.
1148 1590 1272 1640 vm,
1304 1574 1358 1644 6)
1386 1590 1398 1640 ;
1428 1595 1456 1623 ››
1487 1589 1687 1629 eorum
1710 1570 1979 1627 videlicet
2008 1572 2108 1642 qui

457 1663 813 1718 accusabant
843 1663 885 1728 ⁴,
917 1666 973 1717 et
1002 1661 1267 1717 omnium
1284 1666 1520 1732 peccata
1540 1660 2111 1728 mortalium,secun-

458 1750 601 1808 dum
633 1752 788 1822 quod
821 1750 1107 1823 scriptum
1139 1754 1227 1805 est
1257 1750 1315 1804 in
1351 1750 1635 1821 prepheta
1662 1767 1674 1804 :
1699 1773 1727 1799 «
1754 1748 2106 1821 Relinquen-

459 1843 548 1895 tes
580 1844 776 1895 autem
818 1845 893 1905 te,
951 1838 1011 1894 in
1070 1843 1226 1894 terra
1264 1839 1634 1894 scribenturIs
1692 1840 1908 1909 (Jerem.
1966 1856 2105 1906 xvu,
2138 1876 2186 1941 B

459 1928 569 2001 43).
600 1952 626 1979 »
663 1929 922 1984 Tandem
953 1932 1128 2001 caput
1158 1928 1391 1984 elevans
1423 1928 1564 1983 dixit
1599 1928 1718 1983 eis:
1756 1951 1782 1976 ‹‹
1816 1929 1920 1992 Qui
1981 1929 2106 1983 sine

458 2022 695 2090 peccato
726 2023 817 2073 est
843 2023 1128 2084 vestrum,
1162 2017 1389 2089 primus
1416 2018 1612 2073 mittat
1643 2034 1818 2089 super
1847 2033 1975 2073 eam
2022 2016 2107 2073 la-

458 2105 653 2179 pidem
685 2108 861 2178 (Jaan.
886 2124 1009 2173 vm,
1032 2107 1110 2177 7).
1146 2130 1172 2157 ››
1207 2106 1324 2162 Ηοο
1347 2107 1500 2178 quod
1537 2106 1751 2161 dicitur
1804 2110 1921 2161 sine
1974 2123 2105 2178 pec-

455 2201 598 2263 cato,
630 2197 824 2253 Graece
873 2196 1156 2267 scriptum
1214 2202 1304 2250 est
1334 2194 1749 2269 ἀναμάρτητος.
1803 2196 1908 2258 Qui
1969 2211 2106 2267 ergo

458 2283 619 2352 dicit,
654 2284 810 2340 aliud
844 2300 974 2341 esse
1003 2284 1129 2340 sine
1160 2289 1414 2356 peccato,
1444 2289 1501 2339 et
1558 2285 1716 2339 aliud
1776 2283 2103 2357 ἀναμάρτη-

455 2393 570 2441 τον,
621 2378 722 2429 aut
750 2374 1012 2429 Graecum
1046 2390 1377 2430 sermonem
1411 2389 1556 2429 novo
1577 2373 1749 2429 verbo
1796 2374 2104 2446 exprimat,

456 2467 559 2520 aut
586 2463 634 2519 si
661 2479 1003 2535 expressum
1035 2467 1124 2518 est
1153 2480 1186 2517 a
1212 2463 1453 2530 Latinis,
1490 2467 1556 2519 ut
1611 2462 2106 2535 interpretationis

455 2552 671 2608 veritas
724 2551 921 2618 habet,
1004 2551 1336 2623 perspicum
1398 2556 1489 2607 est
1546 2550 1929 2627 ἀναμάρτητον
1963 2551 2105 2606 nihil

455 2639 615 2697 aliud
648 2656 796 2707 esse,
821 2639 936 2694 nisi
965 2642 1083 2695 sine
1110 2644 1348 2711 peccato.
1407 2642 1475 2695 Et
1542 2640 1682 2711 quia
1738 2644 2106 2696 accusatores

458 2743 663 2782 omnes
693 2728 1088 2799 fugerunt[Al.
1117 2727 1371 2799 fugiunt]
1421 2728 1683 2798 (dederat
1738 2729 1894 2784 enim
1952 2745 2108 2785 vere-

435 2815 683 2871 ‘cundiaa
713 2830 917 2871 eorum
951 2814 1443 2871 clementissimus
1457 2816 1641 2886 judcx
1670 2816 1929 2888 spatium
1959 2834 2110 2874 rece-

460 2904 681 2975 dendi),
714 2920 1066 2976 rursumque
1104 2903 1164 2958 in
1225 2908 1379 2960 terra
1431 2904 1715 2973 scribens,
1774 2910 2106 2978 terramque

454 2992 782 3065 despiciens
812 3009 825 3047 :
860 2992 1139 3065 paulatim
1173 2993 1493 3059 discedere,
1525 2999 1583 3049 et
1611 2993 1811 3050 oculos
1843 2997 1996 3052 703
2035 2996 2104 3051 il-

452 3081 567 3138 lius
598 3081 891 3138 declinare
917 3087 1255 3155 cmperunt:
1292 3082 1579 3154 solusque
1640 3084 1921 3141 remansit
1967 3102 2103 3141 cum

453 3171 719 3237 muliere,
753 3170 847 3227 cui
877 3170 1110 3228 locutus
1142 3175 1231 3227 est
1260 3172 1466 3228 Jesus:
1504 3195 1530 3221 ‹‹
1561 3172 1669 3229 Ubi
1696 3177 1835 3229 sunt
1893 3174 1990 3246 qui
2046 3178 2102 3230 te

2220 951 2418 1002 trones
2450 948 2627 1016 (Joan.
2657 965 2711 1012 x,
2744 949 2819 1017 8).
2856 968 2883 995 »
2915 947 2974 1001 Si
3033 963 3257 1015 omnes,
3316 943 3517 999 nullus
3557 941 3864 1014 excipitur.

2228 1059 2247 1084 ι
2284 1036 2394 1102 Qui
2423 1042 2729 1103 venerunt,
2762 1058 2790 1085 ››
2824 1034 3034 1107 inquit,
3069 1052 3204 1103 non,
3234 1034 3334 1106 qui
3354 1032 3521 1089 missi
3579 1034 3740 1099 sunt,
3798 1031 3867 1086 de

2222 1124 2438 1196 quibus
2470 1124 2752 1197 propheta
2778 1124 2859 1179 ait
2888 1129 2899 1177 ε
2937 1148 2963 1174 ‹‹
2996 1125 3111 1196 Ipsi
3143 1123 3454 1180 veniebant
3483 1138 3516 1177 ιι
3540 1136 3623 1189 se,
3657 1123 3716 1175 et
3763 1134 3865 1191 ego

2223 1230 2345 1269 non
2377 1214 2683 1269 mittebam
2716 1230 2815 1268 eos
2846 1215 3066 1283 (Jerem.
3114 1229 3229 1281 xxv,
3286 1212 3397 1281 45).
3451 1230 3478 1262 ιι
3538 1210 3662 1273 Quo
3691 1207 3865 1263 verbo

2219 1302 2409 1358 solius
2440 1303 2651 1359 Christi
2692 1302 2949 1374 potentia
2977 1300 3435 1372 reservatur,qui
3467 1298 3539 1354 ad
3561 1314 3671 1353 sua
3696 1312 3866 1352 vene-

2220 1396 2327 1457 rat,
2360 1397 2417 1447 et
2449 1392 2539 1448 sui
2571 1408 2708 1448 eum
2741 1408 2855 1447 non
2888 1397 3253 1463 receperunt.
3279 1413 3306 1441 «
3340 1390 3491 1445 Dum
3537 1400 3749 1455 essem,
3776 1386 3864 1441 in-

2224 1481 2371 1551 quit,
2405 1480 2464 1534 in
2496 1481 2716 1536 mundo
2740 1497 2874 1536 cum
2896 1480 3003 1547 eis,
3036 1496 3139 1552 ego
3172 1479 3474 1535 servabam
3522 1492 3621 1532 eos
3667 1476 3729 1531 in
3764 1491 3864 1531 no-

2220 1568 2376 1624 mine
2405 1572 2527 1638 tuo,
2561 1586 2709 1641 quos
2738 1570 2949 1625 dedisti
2976 1570 3141 1635 mihi,
3169 1566 3457 1624 custodivi
3478 1568 3520 1631 ⁸,
3570 1569 3628 1620 et
3658 1564 3857 1620 nullus

2217 1672 2281 1711 ex
2306 1658 2388 1712 eis
2447 1658 2637 1729 periit,
2700 1657 2809 1713 nisi
2885 1674 3038 1712 unus
3096 1656 3251 1712 ﬁlius
3309 1653 3655 1727 perditionis
3687 1654 3863 1723 (Joan.

2217 1762 2349 1812 xvn,
2386 1746 2497 1813 42).
2536 1769 2562 1793 ››
2596 1746 2721 1803 Non
2755 1745 2917 1814 dixit,
2951 1746 3082 1801 dedi
3115 1746 3199 1800 eis
3229 1744 3395 1799 liberi
3435 1742 3660 1799 arbitrii
3700 1745 3861 1812 pote-

2217 1837 2448 1901 statem,
2483 1838 2549 1889 ut
2578 1835 2689 1907 ipsi
2716 1852 2777 1890 se
2808 1853 2916 1891 suo
2946 1835 3143 1891 labore
3175 1833 3484 1898 salvarent,
3507 1832 3743 1904 sed,ego
3774 1846 3867 1885 cu-

2217 1923 2424 1980 stodivi
2455 1941 2575 1992 eos,
2608 1941 2712 1997 ego
2739 1925 2980 1980 servavi.
2994 1924 3254 1995 Denique
3284 1923 3513 1988 infert,«
3546 1921 3672 1976 Non
3708 1923 3865 1993 peto,

2216 2018 2280 2069 ut
2315 2031 2415 2070 eos
2445 2015 2674 2070 auferas
2705 2016 2775 2069 de
2806 2016 3047 2081 mundo,
3070 2014 3171 2070 sed
3202 2018 3268 2069 ut
3296 2010 3595 2068 custodias
3652 2008 3785 2065 illos
3832 2024 3866 2064 a

2216 2102 2369 2160 malo
2401 2103 2561 2173 (Ibid.
2593 2104 2719 2173 {45).
2774 2127 2801 2153 ››
2865 2104 2925 2157 In
2973 2103 3215 2159 Actibus
3273 2100 3672 2173 apostolorum
3731 2098 3866 2153 scri-

2218 2196 2380 2263 ptum
2409 2197 2496 2247 est
2527 2192 2666 2261 (Art.
2701 2210 2793 2259 xv,
2824 2193 2935 2263 39),
2958 2193 3115 2247 inter
3146 2191 3393 2246 Paulum
3426 2194 3487 2245 et
3533 2187 3865 2244 Barnabam

2217 2286 2451 2353 propter
2474 2282 2780 2350 Joannem,
2813 2282 2913 2353 qui
2963 2281 3410 2354 cognominatus
3461 2284 3549 2335 est
3607 2278 3863 2344 Marcus,

2214 2374 2402 2427 ortam
2438 2370 2889 2439 dissensionem,
2916 2371 2996 2425 ita
3025 2375 3090 2425 ut
3111 2373 3553 2441 separarentur;
3613 2372 3669 2422 et
3728 2367 3864 2423 Bar-

2215 2460 2397 2514 nabas
2449 2459 2731 2527 Marcum,
2792 2468 2845 2515 et
2913 2460 3126 2515 Paulus
3178 2459 3372 2533 Sylam
3433 2459 3761 2513 assumeret
3805 2457 3863 2511 in

2213 2546 2509 2619 Evangelii
2544 2549 2958 2605 ministerium.
3008 2548 3226 2604 Paulus
3276 2548 3546 2613 severior,
3605 2544 3705 2600 ille
3752 2543 3862 2600 cle-

2215 2637 2484 2698 mentior.
2517 2645 2764 2709 uterque
2797 2639 2856 2693 in
2890 2654 2995 2693 suo
3030 2654 3205 2693 sensu
3240 2637 3501 2692 abundat
3528 2635 3635 2706 [AL
3666 2634 3853 2695 abun-

2213 2725 2432 2794 dabat].
2466 2727 2535 2783 Et
2557 2731 2752 2782 tamen
2785 2727 3077 2783 dissensio
3108 2726 3283 2782 habet
3313 2724 3536 2796 aliquid
3584 2723 3852 2779 humana

2218 2813 2572 2885 fragilitatis.
2609 2815 2667 2869 In
2702 2816 2903 2871 eodem
2935 2814 3502 2886 voluminelegitur:
3538 2836 3567 2862 «
3590 2812 3859 2869 Transie-

2215 2907 2353 2956 runt
2383 2902 2701 2975 Phrygiam
2742 2909 2798 2960 et
2819 2905 3137 2960 Galaticam
3164 2905 3268 2975 [Αἱ.
3318 2901 3626 2971 Galatiam]
3676 2900 3862 2974 regio-

2214 3008 2370 3061 nem,
2400 2992 2679 3064 prohibiti
2711 3010 2744 3048 a
2774 2994 2995 3065 Spiritu
3037 2999 3239 3049 sancto
3297 2992 3457 3065 loqui
3504 2991 3753 3047 verbum
3805 2991 3861 3045 in

2213 3081 2351 3135 Asia
2380 3082 2512 3151 (Act.
2546 3099 2661 3149 xvn,
2695 3083 2748 3154 6)
2783 3101 2794 3149 ;
2835 3104 2861 3131 »
2895 3099 3009 3154 quo
3042 3082 3354 3138 maledicto
3384 3081 3443 3136 in
3476 3080 3605 3153 ipsa
3633 3068 3865 3152 provin-

2213 3170 2300 3225 cia
2328 3174 2464 3241 puto
2496 3187 2679 3242 usque
2711 3171 2883 3226 hodie
2914 3172 3238 3237 haereticos,
3292 3171 3392 3243 qui
3442 3174 3644 3226 contra
3734 3167 3864 3239 Spi-

452 3260 853 3317 accusabant?
902 3260 1083 3316 Nemo
1133 3264 1189 3316 te
1255 3261 1717 3317 condemnavit?
1775 3265 1907 3328 Quae
1966 3262 2093 3334 aiti:
2130 3250 2172 3316 C
2212 3259 2389 3314 ritum
2422 3265 2686 3317 sanetum
2727 3260 2969 3327 faciunt,
3002 3260 3288 3333 plurimos
3319 3258 3581 3332 reperiri.
3631 3280 3660 3309 ‹‹
3691 3260 3871 3315 Cum-

436 3348 680 3427 _Nullus,
716 3349 980 3404 Domine.
1015 3350 1336 3422 Respondit
1357 3349 1407 3405 ei
1460 3349 1653 3418 Jesus,
1710 3368 1814 3407 nec
1881 3368 1986 3423 ego
2047 3357 2100 3408 te

526 3467 971 3547 1(‘ial‘umnia‘tur
1000 3469 1156 3547 hunc
1186 3469 1380 3547 locum
1429 3470 1708 3547 Julianus
1754 3473 2100 3547 Pelagianae

454 3541 609 3611 apud
640 3539 1038 3613 Augustinum
1071 3541 1618 3613 Operisimperiecti
1651 3544 1753 3600 lib.
1789 3563 1862 3600 ιν.
1890 3539 1948 3601 Ε.
2008 3550 2097 3613 88,

455 3618 519 3689 ut
557 3626 686 3689 eam
730 3611 1077 3689 Hieronymo
1124 3611 1565 3689 blasphemiam
1620 3616 1913 3689 importet,
1983 3611 2101 3689 qua

448 3683 762 3755 ‘dixerit:}<
798 3682 1091 3738 Christum
1132 3682 1284 3739 non_
1315 3685 1506 3740 solum
1560 3682 1844 3755 naturale,
1898 3682 2099 3745 verum

450 3755 624 3827 etiam
644 3753 1040 3827 voluntarium
1066 3756 1347 3811 habuisse
1370 3762 1693 3827 peccatum.
1718 3780 1745 3809 »
1767 3753 1908 3814 Clim
1940 3761 2098 3816 enim

452 3825 633 3900 alium
665 3826 859 3881 locum
891 3827 1227 3900 expialogo
1257 3832 1293 3900 ἐξ
1323 3825 1496 3899 quem
1523 3835 1664 3884 tunc
1720 3832 2097 3900 adducemus,

451 3897 1041 3969 objecisset,subdit,
1077 3922 1105 3948 «
1140 3897 1215 3953 De
1245 3897 1358 3953 alio
1379 3900 1553 3954 etiam
1570 3900 1903 3957 testimonio
1924 3897 2099 3958 Joané

450 3968 544 4043 nis
574 3968 942 4043 evangelistee
974 3970 1261 4042 ﬂagitium
1294 3970 1345 4026 ei
1367 3971 1848 4043 (Christo)assuit
1881 3974 2101 4031 falsita-

450 4040 549 4095 tis.
582 4040 805 4117 De_quo
837 4056 1007 4117 opere
1030 4040 1091 4097 tu
1120 4040 1499 4117 _(Auggusti_ne)
1558 4040 1633 4117 in:
1677 4044 1777 4099 illa
1802 4116 1805 4117 ν
1832 4047 2095 4117 epistola,

453 4057 549 4095 us.
582 4057 661 4095 ue
691 4057 805 4165 quo
837 4057 1007 4112 opere
1030 4057 1091 4097 tu
1130 4057 1499 4114 (Augustine)
1558 4061 1618 4098 ιιι
1677 4057 1777 4099 illa
1832 4057 2095 4117 epistola,

453 4126 631 4187 quam
661 4112 708 4187 ᾼ
733 4112 1071 4187 esandriam
1103 4114 1545 4187 destinasti,iita
1574 4114 1865 4187 gloriaris,
1902 4123 1965 4173 ut
2013 4120 2099 4173 di-

454 4180 572 4258 cas,
596 4180 896 4258 Pelagium
927 4183 1363 4258 Scripturarum
1396 4186 1469 4258 ab
1500 4180 1943 4258 eovoppressum
1977 4206 2098 4244 mo-

449 4251 971 4332 libus,_a_rhitrium
1004 4251 1250 4332 lib-erum
1282 4256 1578 4332 vindicare
1625 4251 1738 4332 non
1774 4277 1965 4332 posse.
2000 4261 2101 4316 Ve-

452 4339 583 4401 rum
616 4322 701 4401 illi
734 4324 891 4401 operi
922 4342 955 4379 ιιι
985 4325 1444 4401 catholico_v_iro,
1468 4329 1566 4399 qui
1589 4322 1857 4401 pulsatus
1890 4335 2098 4401 fuerat,

454 4393 749 4472 obviatum
774 4393 884 4463 est,
935 4400 1105 4472 etc.»
1155 4400 1227 4453 At
1282 4393 1690 4472 Hieron—ym‘us,
1747 4408 1979 4460 tantum
2038 4393 2103 4460 ut

454 4465 773 4549 Porp-hyrio
805 4465 1599 4549 respondeat,evangelicam
1632 4465 1929 4549 historiam
1965 4475 2102 4532 sim-

495 4538 683 4593 liciter
711 4538 966 4610 exponit,
1000 4557 1134 4612 qam
1168 4540 1266 4596 ille
1289 4538 1544 4613 maligne
1576 4546 1727 4600 inter
1772 4547 2097 4601 retabatur.

451 4556 596 4663 gide
619 4611 929 4663 Augustin.
965 4611 1002 4663 l.
1039 4630 1101 4663 ῐῐῐ
1132 4618 1333 4663 contra
1364 4615 1511 4663 duas
1546 4563 1823 4663 enisinﬁm
1887 4617 2097 4663 palnoii

2208 3364 2320 3421 que
2351 3350 2667 3416 venissent,
2716 3349 2817 3414 ait,
2878 3350 2937 3404 in
2996 3349 3262 3421 Mysiam,
3313 3348 3617 3405 tentabant
3657 3348 3743 3406 ire
3803 3352 3866 3408 in

2208 3473 2422 3527 tianus.
2457 3472 2692 3528 Latinos
2723 3477 3016 3545 prmtereo,
3049 3490 3300 3545 quorum
3346 3472 3552 3545 ingens
3594 3476 3696 3545 est
3752 3492 3866 3531 nu-

2209 3546 2576 3618 merus.HCur
2604 3542 2741 3618 vero
2769 3542 3085 3618 contigerit
3107 3545 3167 3599 in
3203 3542 3559 3618 quibusdam
3592 3542 3761 3618 libris
3808 3551 3868 3603 et

2208 3616 2573 3688 versionibus
2594 3616 2853 3687 antiquis
2885 3616 3199 3688 amputari,-
3228 3616 3231 3617 ⁷
3257 3617 3542 3671 rationem
3573 3616 3742 3673 addit
3802 3620 3866 3676 S.

2209 3691 2456 3760 August.
2484 3687 2591 3760 lib.
2628 3705 2687 3756 ιι,
2737 3688 2801 3742 de
2859 3688 3140 3759 Coniugiis
3192 3688 3539 3754 adulterinis,
3599 3704 3727 3760 cap.
3776 3692 3866 3745 7:

2211 3782 2237 3807 ‹‹
2272 3730 2567 3828 ΙκΫοιιηιιΙΙὶ,
2626 3730 2839 3830 iiiquit,
2896 3730 3133 3814 modicae
3190 3760 3277 3814 vel
3350 3730 3543 3831 potius
3637 3730 3870 3831 ιδ’ὶωὶοί

2209 3847 2353 3902 νειῷ
2386 3831 2541 3902 ﬁdei,
2574 3829 2763 3891 credo.
2800 3836 3126 3902 metuentes
3151 3829 3866 3902 peccandiimpunitatem

2211 3901 2333 3975 dari
2363 3900 2705 3975 mulieribus
2737 3901 2881 3967 suis,
2913 3902 3057 3975 illud
3091 3900 3244 3975 quod
3296 3903 3367 3957 de
3413 3900 3686 3975 adultera:
3750 3903 3870 3975 rin-

2210 3973 2510 4044 dulgentia
2539 3973 2821 4028 Dominus
2855 3974 3007 4038 fecit,
3042 3973 3411 4030 abstulerunt
3436 3975 3506 4028 de
3553 3974 3865 4032 codicibus

2210 4045 2356 4118 suis,
2391 4044 2559 4118 quasi
2594 4045 3038 4118 permissionem
3072 4045 3349 4118 peccandi
3394 4045 3687 4110 tribuerit,
3750 4048 3860 4118 qui

2211 4117 2376 4183 dixit,
2407 4116 2528 4189 noli
2555 4116 2809 4188 amplius
2843 4116 3098 4189 peccare.
3134 4142 3161 4165 »
3182 4118 3390 4173 Euseb.
3444 4120 3569 4189 Hist
3612 4116 3787 4189 Eccl;
3820 4118 3863 4176 l.

2210 4205 2294 4258 ιιι,
2329 4188 2633 4243 historiam
2659 4187 2870 4244 Joann‘i
2898 4190 3155 4244 additam
3195 4189 3338 4245 dicit
3394 4204 3463 4244 ex
3520 4187 3865 4259 Evangelio,

2252 4257 2367 4314 uod
2396 4259 2736 4314 inscribitur
2765 4260 3063 4315 secundum
3106 4259 3365 4317 hebrwos.
3423 4259 3554 4314 Vid.
3614 4257 3865 4317 Cabcor-

2248 4333 2360 4386 iam
2379 4330 2658 4386 Jansenii.

2280 4403 2300 4437 ⁴
2334 4403 2392 4456 In
2429 4420 2539 4458 ms.
2574 4402 3018 4475 Evangeliorum
3041 4402 3254 4475 Graeco,
3289 4418 3402 4475 quo
3435 4402 3495 4475 in
3524 4401 3866 4475 Comment.

2211 4474 2511 4547 adﬁctam
2536 4491 2679 4529 usus
2703 4470 2794 4547 est
2846 4470 3338 4547 Wagenseillius,
3372 4473 3587 4547 legitur
3635 4477 3715 4547 rip
3774 4470 3873 4547 61-

2211 4493 2280 4527 aa
2315 4493 2511 4529 bonam
2536 4493 2679 4529 usus
2706 4493 2794 4529 ρει
2856 4493 3319 4547 wagenselluus,
3372 4493 3587 4545 legitur
3635 4494 3665 4526 τ
3775 4493 3870 4527 01-

2209 4541 2394 4621 κῖύλῳ
2428 4540 2653 4621 ἔγρᾳφεν
2701 4544 2945 4621 sitian
2976 4544 3257 4621 adfatim-ci;
3317 4541 3603 4621 ἁμαὲῖίας.
3665 4493 3870 4618 ῧυῇυε

503 4610 596 4702 ide
619 4610 1105 4702 {\‘HSEDEEDLLBH
1123 4610 1823 4702 cgn‘trandu‘as'epistolas
1885 4617 2101 4702 Pelagii
2132 4619 2178 4683 D
2209 4610 2585 4702 gloss'emati‘s:
2603 4616 2912 4702 vestigium
2932 4616 3025 4671 hic
3048 4617 3226 4700 habes
3242 4610 3395 4702 apud
3419 4610 3872 4702 hieronymu'm,

454 4683 589 4761 c._6.
624 4686 680 4737 et
708 4682 972 4761 libellum
1007 4684 1134 4761 ﬁdei
1160 4683 1370 4757 Pelagii
1403 4687 1471 4740 ad
1506 4682 1939 4761 innocentium,
2001 4682 2102 4761 qui

452 4754 608 4832 in_te_r
636 4754 1008 4825 supposititia
1060 4755 1213 4811 Hier.
1274 4754 1458 4832 opera
1493 4756 1741 4829 Symboli
1787 4754 2104 4832 explanatio

452 4823 523 4880 ad
553 4823 845 4898 Damasum
875 4832 1253 4898 praenotatur,
1287 4823 1397 4884 sub
1430 4823 1607 4884 linem
1632 4847 1645 4885 :
1672 4855 1698 4880 «
1749 4823 2105 4887 Anathema-

454 4898 706 4953 tizamus
737 4897 912 4953 etiam
962 4898 1113 4963 illos,
1176 4899 1273 4963 qui
1336 4899 1433 4954 Dei
1496 4900 1706 4956 Filium
1761 4905 2103 4960 necessitate

454 4916 706 4953 uzamus
737 4916 912 4953 etiam
962 4916 1113 4963 mos,
1218 4916 1273 4953 ui
1336 4916 1433 4954 uel
1496 4916 1706 4956 riuum
1761 4916 2103 4960 necessuate

452 4967 647 5058 carnis
670 4970 980 5058 meqtitum
1015 4986 1143 5026 esse
1174 4916 1648 5058 dicunthetneum
1711 4980 1952 5058 propter
2011 4992 2103 5031 as-

454 5044 758 5167 sulmpttum
785 5041 1083 5097 hominem
1116 5059 1228 5098 non
1259 5042 1457 5098 omnia
1477 5043 1659 5099 facere
1682 5041 1940 5116 potuisse
1977 5063 2106 5119 quae

454 5129 521 5167 νο
550 5128 607 5167 Ill
645 5153 657 5165 .
690 5133 719 5162 »

451 5128 657 5168 νοιιιιι.
690 5133 719 5162 »

522 5181 736 5260 {Unus
766 5181 1052 5260 Vatican.,
1090 5185 1273 5260 Neque
1309 5187 1464 5260 enim
1497 5187 1772 5257 culpanda
1812 5192 1934 5243 erat
1983 5192 2100 5260 fra-

456 5255 653 5325 gilitas
678 5253 978 5324 audientis,
1000 5263 1063 5310 ut
1087 5253 1265 5312 omhi:
1294 5257 1552 5325 mundus,
1587 5253 1695 5312 etc.
1983 5253 1992 5260 ⁷

526 5325 548 5358 ³
577 5324 641 5379 In
664 5323 895 5379 Graecis.
958 5327 1056 5379 oui
1130 5332 1466 5379 supersunt.
1527 5329 1826 5379 codicibus
1880 5332 2035 5379 missi

526 5329 548 5358 ³
578 5329 641 5380 In
664 5329 895 5392 Graecis,
958 5329 1056 5398 qui
1130 5332 1466 5400 supersunt,
1527 5329 1826 5385 codicibus
1880 5332 2103 5403 passim

457 5394 921 5478 desiderari,.aut
956 5414 1071 5478 non
1092 5397 1300 5478 iisdem
1336 5399 1536 5478 referri
1566 5401 1754 5457 verbis
1786 5402 1843 5458 in
1878 5404 2099 5478 Graeco,

458 5467 677 5523 Latinis
706 5470 928 5533 autem,
963 5473 1019 5525 et
1051 5471 1270 5527 Latinis
1301 5473 1575 5527 omnibus
1605 5490 1907 5531 occurrere
1954 5467 2103 5533 hanc

458 5538 535 5619 de
562 5536 825 5619 adultera
856 5539 1157 5619 historiam
1188 5547 1482 5619 testantur
1510 5545 1828 5619 viridocti,
1862 5548 1961 5619 qui
2014 5548 2103 5602 bi-

460 5608 778 5682 bliothecas
807 5611 1255 5682 perlustrarunt.
1289 5616 1535 5680 Quidam
1569 5617 1748 5673 etiam
1801 5608 1830 5673 (ἐ
1879 5608 2103 5675 Ὀι-ωαίε

460 5681 734 5764 Patribus
780 5681 909 5764 eam
966 5683 1228 5764 laudant,
1281 5703 1311 5764 _e
1369 5690 1584 5764 quibus
1630 5690 2102 5764 Chyrsostomus,

459 5755 619 5839 hom.
648 5754 739 5827 60,
770 5759 830 5817 et
857 5754 1030 5834 longe
1069 5754 1430 5833 antiquiores
1485 5754 1839 5823 Ammoxiius
1889 5767 1947 5823 et
1997 5754 2105 5825 Ta;

2214 4686 2385 4759 quem
2412 4687 2586 4743 veluti
2617 4686 3070 4759 ejusvauctorem
3124 4686 3362 4760 quidam
3424 4686 3718 4744 immerito
3781 4706 3879 4746 ac-

2214 4763 2441 4832 cusant,
2465 4777 2535 4815 ex
2563 4776 2747 4832 eoque
2778 4760 2979 4815 volunt
3007 4762 3230 4832 Graecos
3254 4760 3603 4832 sumpsisse.
3625 4761 3700 4814 At
3719 4760 3875 4816 sim-

2216 4830 2420 4902 plicior
2451 4832 2509 4885 in
2541 4830 3056 4903 msiglossematis
3114 4832 3303 4888 forma
3358 4830 3757 4903 antiquiorem
3807 4848 3875 4889 se

2216 4848 2420 4902 pllClOI‘
2451 4849 2509 4885 in
2541 4848 2652 4886 ms.
2686 4848 3056 4956 glossemaus
3114 4848 3303 4888 lorma
3358 4848 3757 4903 antiquiorem
3807 4848 3868 4889 se

2214 4903 2426 4974 prodit.
2457 4904 2581 4958 Non
2623 4902 2697 4958 ab
2726 4904 2852 4957 udit
2882 4904 3150 4959 Ambros.
3179 4903 3348 4974 epist.
3379 4905 3449 4974 58
3478 4903 3547 4958 ad
3574 4902 3868 4960 Studium:

2215 4973 2241 5023 ἱ,
2276 4975 2392 5030 Hoc
2425 4974 2743 5047 praevidens
2771 4974 3057 5029 Dominus
3114 4973 3287 5031 Jesus
3336 4973 3616 5047 inclinato
3656 4975 3875 5047 capite

2213 5045 2505 5118 scribebat
2527 5045 2585 5100 in
2618 5051 2791 5101 terra.
2825 5048 2972 5112 Quid
3006 5046 3354 5102 scribebat?
3384 5046 3498 5102 nisi
3528 5045 3674 5118 illud
3725 5045 3873 5118 pro-

2214 5116 2511 5189 pheticum
2533 5120 2750 5187 (Jerem.
2782 5135 2922 5184 xxu,
2954 5120 3010 5185 9)
3042 5136 3054 5172 :
3084 5120 3266 5183 Terra,
3304 5126 3477 5185 terra,
3527 5116 3746 5173 scribe'
3771 5117 3876 5174 hos

2212 5188 2682 5262 uirosrabdicatos.
2719 5214 2740 5241 ι
2769 5188 3070 5262 Ῠνίοῐοινίιιε
3098 5205 3155 5246 se
3186 5207 3320 5246 cum
3376 5188 3629 5262 Vulgata
3687 5189 3868 5245 addi-

2213 5260 2319 5323 dit,
2352 5261 2630 5317 inclinans
2650 5278 2707 5316 δε
2738 5261 2934 5331 digito,
2969 5266 3076 5317 etc.

2284 5333 2304 5366 ⁸
2334 5332 2458 5405 Duo
2490 5333 2753 5389 Vaticani
2798 5342 2951 5388 cum‘
2988 5333 3165 5389 veteri
3223 5333 3384 5403 edit.,
3438 5332 3617 5405 Super
3657 5336 3879 5389 terram

2211 5404 2546 5460 scribantur.

2284 5476 2304 5510 ⁵
2336 5476 2566 5547 Reginae
2596 5493 2707 5531 ms.
2741 5480 2915 5547 atque
2954 5474 3121 5547 alter
3182 5474 3470 5542 Vatican.,
3505 5477 3585 5547 AIn
3637 5476 3879 5532 nomine

2212 5545 2471 5619 tuoquod
2501 5548 2627 5604 dedi
2647 5550 2747 5614 eis,
2779 5545 3067 5619 custodivi,
3102 5550 3234 5614 etc.,
3270 5564 3395 5619 quea
3418 5545 3658 5618 quidem
3692 5546 3879 5607 multi

2215 5618 2477 5675 iacienda
2508 5619 2677 5676 lectio
2708 5625 2814 5687 est,
2839 5618 3070 5690 tametsi
3121 5618 3309 5690 neque
3362 5618 3596 5674 Graecus
3647 5622 3877 5688 textus,

2213 5707 2401 5823 uegue
2419 5696 2702 5823 vetitarum,
2735 5691 2890 5766 quod
2921 5689 3127 5761 sciam,
3160 5689 3465 5750 auctorum
3525 5691 3881 5754 testimonia

2213 5778 2283 5823 su
2335 5778 2513 5823 raaen
2543 5781 2635 5823 ur.

2213 5778 2283 5823 su

2335 5766 2635 5841 ragentur.
