3966 6388
153 326 272 395 581

999 330 1387 400 DIALOGUS
1430 331 1761 399 CONTRA.
1787 332 2313 405 PELAGIANOS.
2347 368 2425 382 —
2455 333 2606 399 LIB.
2651 334 2728 408 II,

3458 340 3579 405 582

156 466 495 541 Bithyniam
530 508 546 537 ,
613 468 716 526 sed
756 486 872 527 non
930 469 1156 529 dimisit
1211 486 1310 531 eos
1368 470 1622 544 Spiritus
1678 471 1815 528 Jcsu
1844 472 1899 538 Α
1928 469 2182 531 salvatus
2214 472 2292 529 sit
2348 470 2751 537 misericordia
2782 471 2903 539 Dei,
2948 474 3119 545 cujus
3155 474 3579 546 judiciumest

154 558 294 626 (Act.
324 575 442 626 xvr,
472 558 550 631 7).
588 580 615 608 ››
648 558 797 615 Nota
843 561 995 632 quod
1052 560 1306 632 Spiritus
1360 560 1520 627 Jesu,
1557 559 1811 632 Spiritus

155 651 403 705 sanctus
434 647 531 720 sit,
564 649 666 721 qui
697 649 758 704 in
786 648 899 705 alio
929 649 1055 707 loco
1084 654 1322 722 propter
1350 651 1638 706 unitatem
1672 651 1810 707 sub-

154 735 414 808 stantia,
444 738 632 794 Patris
662 737 916 810 Spiritus
948 737 1298 811 appellatur.
1329 738 1547 795 Volunt
1576 739 1681 810 [Αι.
1713 756 1811 796 vo-

151 823 421 898 luerunt]
454 824 611 900 loqui
666 826 727 881 in
782 827 940 895 Asia,
1000 832 1057 884 et
1086 827 1471 899 prohibentur
1518 845 1553 884 a
1591 828 1812 901 Spiritu

152 919 390 972 sancto.
425 916 676 972 Tentant
702 915 786 971 ire
816 916 876 972 in
910 916 1269 990 Bithyniam,
1299 921 1359 973 et
1388 933 1505 973 non
1556 934 1654 974 eos
1682 934 1811 990 per-

153 1003 344 1059 mittit
385 1003 637 1076 Spiritus
683 1004 845 1062 Jesu.
906 1005 1063 1062 Satis
1120 1006 1472 1078 importune,
1534 1006 1583 1061 si
1614 1006 1698 1063 eis
1731 1009 1813 1062 fa-

159 1092 379 1161 ciendi,
403 1093 493 1149 vel
522 1110 640 1150 non
666 1093 915 1150 faciendi
939 1092 1117 1151 semel
1149 1094 1564 1151 dederatliberi
1589 1094 1815 1151 arbitrii

155 1185 530 1254 potestatem.

228 1272 320 1328 48.
352 1271 631 1344 Sequitur
664 1288 676 1328 :
716 1295 737 1322 α
798 1272 1108 1346 Tempora,
1167 1272 1359 1346 inquit
1387 1315 1401 1335 .
1472 1274 1814 1347 ignorantiae

156 1360 480 1435 respiciens
508 1361 689 1429 Deus,
720 1378 878 1418 nunc
933 1361 1207 1434 praecepit
1262 1361 1602 1419 hominibus
1665 1364 1815 1419 764

155 1448 378 1523 ubique
401 1451 805 1523 paenitentiam
864 1466 1034 1523 agere
1093 1451 1276 1520 ‘(AcL
1336 1468 1472 1520 xvn,
1525 1451 1639 1523 30),
1674 1474 1702 1501 »
1733 1452 1815 1506 Si-

154 1538 509 1612 gniﬁcanter
564 1538 854 1612 praeterita
907 1539 966 1594 in
1022 1539 1149 1613 lege
1205 1545 1492 1613 tempora,
1550 1544 1817 1614 tempora

158 1628 502 1702 ignorantiae
531 1629 974 1687 demonstravit.
1034 1629 1287 1685 Rursum
1348 1629 1431 1685 ait
1465 1647 1477 1685 :
1515 1652 1535 1678 ι
1570 1629 1814 1686 Veniam

158 1719 241 1785 ad
270 1735 392 1786 vos,
425 1718 540 1775 Deo
566 1715 815 1774 volente.
847 1739 877 1770 »
912 1718 1028 1775 Cur
1075 1718 1429 1790 interposuit
1455 1718 1815 1775 voluntatem

155 1808 287 1878 Dei,
321 1809 371 1866 si
404 1808 657 1865 habebat
686 1809 778 1864 sui
838 1808 1065 1864 arbitrii
1115 1812 1462 1881 potestatem
1494 1808 1522 1863 ?
1561 1808 1817 1866 Jacobus

151 1896 458 1971 apostolus
490 1914 503 1953 :
543 1919 571 1947 ‹‹
600 1898 655 1953 Si
687 1897 842 1971 quis,
878 1897 980 1965 ait,
1034 1898 1352 1954 servaverit
1384 1902 1565 1954 totam
1598 1897 1809 1972 legem,

151 1986 464 2045 offenderit
494 1991 690 2043 autem
719 1986 778 2041 in
810 2004 952 2056 uno,
985 2003 1120 2043 reus
1171 1992 1261 2043 est
1311 1988 1578 2043 omnium
1622 1989 1813 2044 factus

155 2077 291 2143 (Jac.
328 2093 389 2144 ιι,
425 2075 535 2148 10).
571 2098 598 2125 ››
629 2075 769 2139 Quis
828 2081 1097 2131 nostrum
1158 2076 1216 2132 in
1278 2074 1437 2131 nullo
1497 2075 1815 2149 aliquando

153 2164 470 2239 peccavit?
525 2166 582 2220 Si
642 2168 836 2221 autem
894 2166 1151 2238 peccavit
1207 2165 1384 2238 (quod
1439 2166 1637 2238 negari
1698 2182 1813 2222 non

154 2255 373 2329 potest)
401 2259 458 2312 et
482 2271 587 2328 per
634 2272 820 2311 unum
858 2259 1184 2328 peccatum,
1217 2255 1484 2311 omnium
1535 2260 1623 2311 est
1680 2272 1813 2313 reus

153 2347 555 2418 peccatorum,
582 2361 699 2400 non
731 2343 854 2400 suis
884 2344 1129 2413 viribus,
1188 2344 1289 2401 sed
1348 2344 1449 2401 Dei
1481 2344 1811 2402 misericor-

155 2432 254 2491 dia
299 2435 579 2491 salvatur.
616 2456 643 2485 «
677 2434 736 2490 Si
769 2433 904 2507 quis
932 2435 992 2490 in
1024 2434 1199 2490 verbo
1258 2451 1374 2490 non
1413 2435 1692 2507 peccavit,
1716 2435 1812 2491 hic

154 2524 450 2598 perfectus
480 2527 570 2581 est
596 2523 684 2580 vir
712 2524 845 2596 (Jac.
881 2525 1049 2596 111,2).
1084 2548 1106 2577 ι
1146 2523 1205 2581 Si
1243 2523 1562 2596 aliquando
1592 2524 1649 2580 in
1690 2542 1809 2581 ser-

157 2630 335 2670 mone
362 2613 639 2687 peccasti,
672 2612 774 2669 ubi
822 2618 914 2670 est
943 2614 1099 2686 apud
1154 2618 1211 2670 te
1241 2618 1601 2687 praesumpta
1631 2615 1813 2687 perfe-

157 2701 300 2769 ctio,
331 2703 585 2759 maxime
615 2719 750 2759 cum
781 2706 1102 2776 sequatur:
1129 2726 1158 2753 ‹‹
1187 2702 1474 2776 Linguam
1496 2708 1691 2761 autem
1715 2704 1813 2760 ho-

158 2791 389 2849 minum
420 2791 619 2849 nullus
650 2796 841 2866 potest
870 2792 1132 2864 domare,
1163 2792 1533 2849 incontinens
1564 2793 1807 2863 malum,

161 2882 343 2955 plena
371 2881 585 2938 veneni
614 2880 903 2938 mortiferi
934 2882 1091 2954 (Ibid.
1123 2883 1201 2954 8).
1230 2904 1257 2932 ››
1291 2882 1449 2955 Rogo
1479 2888 1536 2939 te
1568 2887 1631 2939 ut
1666 2883 1809 2940 mihi

158 2971 537 3045 respondeas,
571 2971 622 3027 si
678 2969 884 3044 lingua
929 2970 1303 3028 incontinens
1360 2978 1450 3028 est
1478 2972 1724 3040 malum,
1756 2976 1812 3029 ct

156 3061 336 3136 plena
360 3060 567 3117 veneni
606 3060 913 3127 mortiferi,
975 3066 1033 3117 et
1090 3060 1291 3116 nullus
1323 3065 1515 3133 potest
1568 3062 1808 3118 domare

156 3151 425 3224 linguam
456 3149 817 3218 mortalium,
851 3154 907 3206 et
936 3150 1084 3206 tanti
1116 3150 1382 3206 criminis
1414 3167 1550 3207 reus
1579 3168 1663 3219 es,
1708 3152 1808 3207 ubi

156 3241 217 3297 in
251 3244 600 3314 perpetuum
634 3244 1006 3313 peccatorum
1038 3240 1176 3312 fuga
1204 3240 1233 3296 ?

230 3331 319 3387 l9.
342 3330 490 3386 Idem
508 3331 871 3403 persequitur.
898 3361 965 3371 —
989 3352 1018 3381 «
1043 3329 1207 3386 Unde
1227 3329 1401 3397 bella,
1425 3335 1483 3387 et
1505 3332 1658 3387 unde
1680 3330 1813 3387 rixas

157 3422 312 3476 inter
339 3436 441 3477 vos
465 3420 494 3475 ?
520 3418 723 3476 Nonne
752 3436 822 3476 ex
847 3418 1272 3492 voluptatibus,
1307 3437 1435 3492 quis
1466 3420 1725 3477 militant
1754 3420 1813 3477 in

157 3510 441 3568 membris
455 3507 663 3566 vestris
679 3509 813 3579 (Jac.
830 3508 933 3577 Iv,t
949 3510 1004 3580 )P
1027 3510 1140 3564 Aut
1160 3510 1426 3564 membra
1447 3526 1563 3565 non
1586 3508 1814 3566 habetis

156 3600 439 3666 humana,
462 3602 563 3655 aut
584 3600 634 3655 si
655 3597 832 3656 homo
862 3614 985 3654 non
1006 3602 1199 3671 potest
1220 3615 1348 3654 esse
1372 3600 1498 3657 sine
1531 3600 1814 3656 membris

158 3686 518 3746 confitemini
538 3687 901 3760 voluptatem
917 3691 1092 3760 atque
1113 3687 1407 3744 luxuriam
1425 3689 1483 3744 in
1506 3690 1715 3746 vestris
1729 3708 1816 3746 ar-

156 3780 343 3835 tubus
373 3778 646 3834 militare.
707 3777 889 3833 David
948 3778 1046 3850 qui
1106 3776 1332 3834 dixerat
1387 3779 1748 3836 confidenter
1797 3799 1809 3836 :

159 3892 188 3920 ‹‹
222 3869 412 3925 Proba
441 3883 556 3934 me,
588 3867 853 3935 Domine,
879 3872 937 3924 et
966 3871 1131 3923 tanta
1152 3884 1263 3935 me,
1298 3884 1402 3925 ure
1431 3885 1600 3926 renes
1631 3887 1813 3939 meos,

160 3963 221 4017 et
253 3975 355 4016 cor
383 3972 602 4025 meum,
635 3958 775 4031 quia
803 3961 937 4013 ante
957 3956 1191 4014 occulos
1223 3974 1383 4015 meos
1410 3959 1816 4017 misericordia

160 4055 263 4105 tua
293 4051 403 4116 est,
436 4052 493 4104 et
523 4045 850 4120 complacui
880 4047 940 4102 in
979 4046 1224 4103 veritate
1254 4051 1355 4103 tua
1383 4047 1559 4120 (Psal.
1594 4067 1724 4118 xxx,
1756 4054 1812 4118 2,

155 4137 234 4206 3).
271 4157 299 4185 «
331 4136 402 4191 Et
430 4134 643 4191 iterum
676 4151 688 4190 :
726 4157 753 4185 «
788 4136 904 4207 Ego
936 4139 1133 4191 autem
1188 4134 1253 4192 in
1292 4135 1626 4192 innocentia
1684 4153 1815 4194 mea

158 4226 463 4298 ingressus
476 4241 676 4293 sum;»
700 4228 813 4292 et,«
838 4224 945 4281 Pes
967 4240 1135 4280 meus
1150 4224 1311 4280 stetit
1334 4224 1392 4280 in
1415 4224 1809 4297 directo(Ibid.

158 4314 275 4386 11),
310 4336 339 4364 ››
372 4329 712 4387 quanquam
736 4311 949 4383 judicii
994 4313 1296 4370 veritalem
1328 4313 1430 4370 Dei
1479 4313 1812 4372 misericor-

154 4404 258 4460 dia
316 4402 633 4477 mitigaret,
665 4407 858 4458 tamen
912 4403 1051 4475 quia
1101 4401 1213 4459 hoc
1268 4420 1451 4460 ausus
1482 4408 1569 4460 est
1599 4403 1811 4476 dicere,

154 4490 512 4564 relinquitur
539 4507 856 4564 parumper
886 4489 1186 4564 fragilitati
1225 4508 1365 4558 suae,
1411 4495 1468 4547 et
1496 4496 1563 4548 ut
1590 4508 1690 4548 vos
1722 4493 1811 4548 di-

151 4580 316 4671 citis,
344 4579 567 4671 arbitrii
598 4579 896 4671 libertati,
910 4584 968 4635 et
999 4596 1101 4671 per
1130 4579 1484 4637 adulterium
1519 4580 1720 4654 lapsus
1750 4583 1809 4637 in
1841 4606 1888 4671 D

154 4668 567 4738 homicidium,
623 4673 829 4743 postea
883 4668 1147 4743 loquitur
1205 4686 1282 4725 :«
1337 4670 1614 4727 Miserere
1673 4672 1810 4738 mei,

154 4759 336 4829 Deus,
371 4759 692 4816 secundum
723 4775 998 4832 magnam
1029 4758 1495 4817 misericordiam
1525 4766 1710 4817 tuam.
1742 4762 1813 4817 Et

152 4849 485 4907 secundum
544 4848 986 4905 multitudinem
1044 4848 1494 4906 miserationum
1551 4855 1808 4919 tuarum,

152 4940 288 4997 dele
311 4938 681 5013 iniquitatem
713 4955 906 4995 meam
938 4939 1114 5011 (Psat.
1174 4956 1225 5007 L,
1262 4936 1313 5008 1⁸,
1344 4940 1420 5012 2).
1481 4962 1509 4990 ››
1558 4940 1673 4996 Nec
1704 4940 1812 4997 hoc

153 5030 311 5098 dico,
346 5029 501 5102 quod
529 5029 723 5085 virum
755 5032 1027 5086 sanctum
1076 5045 1369 5098 accusem,
1425 5029 1496 5086 de
1526 5046 1641 5102 quo
1668 5030 1809 5086 scri-

154 5124 331 5195 ptum
361 5121 470 5186 est,
502 5119 657 5192 quod
691 5117 892 5176 fecerit
920 5135 1125 5176 omnes
1150 5118 1485 5176 voluntates
1518 5118 1649 5188 Dei;
1709 5120 1810 5177 sed

152 5208 316 5284 quod
346 5206 549 5266 multis
596 5207 728 5266 aliis
756 5207 929 5265 bonis
976 5208 1094 5265 haec
1125 5209 1269 5267 vitia
1299 5209 1714 5282 compensarit,
1756 5215 1813 5265 et

225 5409 241 5445 ⁸
275 5406 624 5476 Vaticanus,
658 5424 846 5481 omnes
883 5407 1102 5481 ubique,
1135 5409 1441 5481 etc.,quod
1474 5408 1712 5481 quidem
1738 5410 1809 5467 ad

153 5483 422 5554 Grecam
453 5477 756 5554 exemplar
784 5484 894 5549 est,
926 5477 1056 5533 πᾶσι
1085 5477 1367 5554 παῖταχόὖ
1402 5477 1701 5554 με-ξανοᾲεῖν.

222 5552 456 5609 Ἀἀᾶὶι
487 5552 753 5608 Vatican.
796 5554 937 5609 bona
982 5569 1117 5609 cum
1168 5552 1429 5609 Romano
1479 5552 1761 5610 Psalterio
1796 5572 1809 5610 :

155 5644 293 5686 mox
316 5623 697 5699 Reginaegms.
729 5641 864 5681 cum
893 5624 1074 5683 veteri
1133 5624 1657 5699 edit.‘_iniquit_atem
1678 5696 1689 5699 _
1708 5643 1811 5699 pro

154 5695 512 5781 injustitiém,
545 5696 800 5773 denique
829 5714 946 5759 una
966 5713 1178 5759 omnes
1194 5695 1413 5775 quibus
1430 5697 1659 5758 utimur
1676 5695 1812 5758 libri

1918 560 1978 615 in
2010 560 2383 632 ponderibus,
2413 566 2472 617 et
2501 563 2574 617 ab
2595 577 2767 633 quem
2792 562 2989 635 Asaph
3018 563 3279 637 loquitur
3305 584 3317 622 :
3358 589 3385 618 ‹‹
3407 567 3576 624 Ciba-

1923 651 2011 705 bis
2046 668 2151 705 nos
2183 668 2331 723 pane
2363 650 2777 724 lacrymarum,
2828 657 2885 707 et
2942 656 3144 724 potum
3204 655 3372 713 dabis
3403 658 3575 715 nobis

1922 740 1984 795 in
2017 739 2293 812 lacrymis
2345 740 2493 796 765
2541 741 2599 796 in
2653 758 2929 797 mensura
2976 744 3151 813 (Psal.
3201 762 3387 813 Lxx1x,
3431 747 3510 816 6).
3545 770 3573 797 »

1922 828 2121 901 Neque
2151 828 2305 883 enim
2342 829 2599 901 injustus
2629 834 2719 885 est
2750 830 3051 901 Dominus,
3080 838 3145 888 ut
3172 837 3398 890 tantum
3446 853 3576 910 pec-

1924 922 2053 973 cata
2073 918 2504 986 condemnet,et
2525 919 2813 976 bonorum
2861 937 3102 994 operum
3146 939 3260 979 non
3292 911 3577 983 memine-

1923 1006 2016 1062 rit.
2052 1006 2215 1062 Unde
2245 1012 2301 1061 et
2336 1007 2393 1061 in
2425 1006 2539 1063 alio
2568 1007 2694 1064 loco
2726 1008 2880 1065 idem
2915 1010 3090 1065 David
3155 1012 3314 1068 canit
3347 1031 3359 1068 :
3394 1037 3423 1064 «
3456 1015 3577 1087 Ego

1923 1095 2041 1151 dixi
2072 1095 2129 1151 in
2162 1096 2525 1151 abundantia
2546 1114 2698 1165 mea,
2723 1115 2838 1155 non
2871 1100 3145 1156 movebor
3174 1101 3232 1156 in
3265 1106 3577 1172 aeternum,

1925 1184 2207 1254 Domine;
2241 1184 2298 1240 in
2333 1184 2630 1247 voluntate
2660 1188 2681 1220 ²
2739 1191 2840 1243 tua
2869 1189 3190 1260 prmstitisti
3222 1191 3416 1248 decori
3448 1210 3578 1251 meo

1924 1274 2220 1330 virtutem.
2278 1276 2549 1331 Avertisti
2585 1276 2788 1332 faciem
2846 1283 3011 1333 tua'n
3043 1297 3078 1334 a
3135 1297 3247 1336 me.
3285 1287 3341 1336 et
3390 1283 3580 1341 factus

1928 1380 2062 1419 sum
2085 1363 2470 1422 conturbatus
2492 1365 2660 1436 (Psal.
2689 1382 2844 1434 xxxx,
2867 1368 2922 1433 7,
2945 1366 3024 1438 8).
3052 1391 3073 1419 ι
3102 1400 3170 1407 —
3194 1392 3221 1419 ‹‹
3250 1370 3371 1425 Dixi
3397 1372 3576 1440 enim,

1925 1452 2316 1525 pronuntiabo
2347 1456 2551 1509 contra
2582 1460 2678 1509 me’
2703 1454 3007 1525 injustiam
3057 1473 3248 1513 meam
3308 1459 3576 1528 Domino,

1925 1546 1981 1597 et
2008 1546 2069 1597 tu
2102 1540 2382 1597 remisisti
2415 1542 2774 1613 impietatem
2806 1545 3026 1615 peccati
3058 1547 3170 1602 mei
3215 1548 3387 1616 (Psal.
3421 1567 3577 1616 xxxx,

1924 1630 2000 1701 5).
2038 1654 2065 1679 ››
2104 1631 2392 1702 Justoque
2422 1631 2758 1702 praecipitur
2787 1649 2798 1687 :
2836 1656 2863 1681 ‹‹
2896 1634 3101 1691 Revela
3132 1637 3203 1690 ad
3262 1620 3578 1695 Dominum

1923 1718 2078 1775 viam
2110 1724 2295 1787 tuam,
2328 1724 2385 1775 et
2414 1736 2585 1792 spera
2616 1720 2675 1775 in
2703 1738 2859 1789 eum,
2892 1727 2951 1778 et
2981 1723 3107 1795 ipse
3140 1725 3329 1782 faciet.
3355 1728 3418 1782 Et
3442 1729 3581 1783 edu-

1925 1814 2016 1865 cet
2046 1809 2213 1881 quasi
2246 1808 2446 1864 lumen
2470 1810 2765 1880 justitiam
2793 1814 2980 1879 tuam,
3005 1818 3063 1868 et
3086 1814 3377 1884 judicium
3408 1820 3579 1873 tuum

1924 1904 2208 1969 tanquam
2242 1898 2545 1955 meridiem
2579 1900 2749 1969 (Psal.
2783 1918 2973 1957 xxxvr.
2997 1902 3053 1968 5,
3080 1904 3157 1972 6).
3193 1927 3219 1955 ››
3255 1937 3321 1945 —-
3346 1929 3371 1955 ‹‹
3409 1905 3580 1965 Salus

1924 1988 2082 2043 enim
2107 1988 2408 2059 justorum
2440 2004 2474 2042 a
2504 1988 2750 2045 Domino
2781 1989 2939 2062 (Ibid.
2974 1991 3087 2064 30),
3122 2015 3150 2041 ››
3183 1993 3321 2065 quia
3347 1992 3463 2052 non
3494 2001 3583 2053 est

1925 2077 2151 2133 sanatio
2184 2077 2243 2132 in
2275 2093 2450 2132 carne
2477 2094 2679 2133 eorum
2713 2078 2911 2135 afacie
2930 2079 3029 2135 ira:
3051 2082 3203 2154 ejus.
3228 2084 3297 2139 Et
3321 2072 3580 2156 quotidie

1916 2167 2084 2236 juxta
2114 2166 2454 2239 Apostolum
2488 2168 2588 2239 qui
2621 2167 2846 2223 dixerat
2878 2186 2891 2224 :
2926 2192 2954 2219 «
2989 2170 3112 2226 Non
3166 2171 3322 2228 enim
3355 2174 3583 2245 habitat

1924 2256 1981 2309 in
2015 2272 2188 2312 carne
2220 2272 2351 2312 mea
2380 2256 2599 2312 bonum
2633 2257 2806 2328 (Rom.
2841 2275 2938 2325 vn,
2976 2260 3087 2331 18),
3124 2282 3150 2309 ››
3184 2246 3583 2335 ingemiScunt

1923 2345 2205 2413 dicentes,
2236 2368 2263 2394 ‹‹
2298 2346 2485 2402 Renes
2518 2347 2629 2402 mei
2660 2345 2888 2419 impleti
2916 2353 3055 2405 sunt
3089 2348 3491 2419 illusionibus,
3522 2358 3580 2408 et

1923 2449 2035 2490 non
2070 2439 2159 2489 est
2187 2433 2409 2491 sanitas
2439 2433 2497 2490 in
2556 2452 2731 2491 carne
2789 2452 2919 2492 mea
2949 2437 3124 2508 (Psal.
3159 2456 3375 2506 XXXVII,
3408 2441 3484 2509 8).
3548 2465 3576 2491 ››

1923 2523 2130 2580 Breves
2154 2524 2312 2579 enim
2344 2524 2540 2596 posuit
2569 2524 2693 2580 dies
2724 2530 2975 2593 nostros,
3018 2530 3076 2582 et
3106 2527 3442 2586 substantia
3474 2548 3576 2587 no-

1922 2616 2046 2668 stra
2076 2611 2245 2684 quasi
2277 2612 2530 2668 nihilum
2562 2613 2621 2668 in
2653 2620 2971 2687 conspectu
3025 2619 3173 2688 ejus.
3238 2642 3264 2667 «
3296 2618 3579 2676 Universa

1919 2702 2149 2758 vanitas
2203 2702 2398 2758 omnis
2445 2701 2622 2758 homo
2653 2704 2853 2760 vivens
2899 2706 3066 2776 (Psal.
3122 2724 3357 2775 xxxvm,
3408 2711 3485 2781 6),
3552 2733 3578 2757 ››

1920 2791 2007 2847 vel
2032 2791 2229 2848 vivens
2261 2791 2319 2847 in
2353 2809 2612 2865 corpore,
2644 2792 2733 2849 vel
2787 2794 2986 2850 vivens
3016 2795 3075 2850 in
3133 2796 3470 2864 virtutibus,
3521 2802 3579 2854 et

1920 2886 2115 2937 tamen
2148 2881 2349 2938 omnia
2375 2883 2622 2939 vanitas.
2658 2884 2881 2940 Incerto
2906 2885 3062 2940 enim
3094 2889 3251 2942 statu
3308 2886 3575 2943 fluctuat.

1920 2976 1978 3026 et
2010 2971 2151 3027 dum
2185 2988 2300 3027 non
2352 2970 2542 3040 timet,
2570 2973 2629 3028 in
2662 2990 2867 3030 sereno
2927 2974 3148 3046 patitur
3177 2979 3576 3048 tempestates.

1920 3059 2063 3115 Cum
2096 3060 2253 3116 enim
2274 3064 2429 3115 esset
2449 3059 2508 3114 in
2540 3059 2781 3128 honore,
2804 3077 2921 3116 non
2952 3061 3571 3134 intellexit,compara-

1919 3152 2016 3204 tus
2047 3153 2136 3204 est
2154 3148 2447 3220 jumentis
2480 3148 2915 3220 insipientibus,
2939 3154 2997 3205 et
3025 3149 3239 3206 similis
3272 3150 3461 3206 factus
3487 3155 3579 3207 est

1845 3227 1888 3294 C
1927 3236 2064 3292 illis.
2099 3260 2126 3287 «
2161 3238 2269 3293 Pro
2303 3236 2505 3305 nihilo,
2536 3236 2751 3310 inquit,
2783 3236 2975 3295 salvos
3031 3239 3204 3295 faciet
3257 3256 3357 3296 eos
3395 3241 3568 3309 (Psal.

1928 3344 2013 3398 LV,
2046 3327 2123 3398 8),
2152 3349 2179 3377 »
2210 3326 2366 3383 haud
2399 3327 2647 3383 dubium
2679 3327 2779 3400 qui
2805 3329 3022 3397 justos,
3057 3329 3155 3402 qui
3193 3347 3309 3385 non
3342 3329 3576 3402 proprio

1927 3415 2153 3489 merito,
2181 3417 2282 3474 sed
2313 3416 2415 3473 Dei
2448 3416 2748 3473 salvantur
2778 3417 3111 3484 clementia,
3173 3442 3201 3469 ››
3261 3420 3329 3475 Et
3365 3419 3578 3475 delicta

1926 3523 2074 3575 mea,
2108 3524 2141 3562 a
2172 3511 2226 3562 te
2258 3523 2373 3561 non
2404 3510 2544 3562 sunt
2573 3507 2915 3563 abscondita
2945 3507 2962 3580 (
2992 3509 3144 3563 Psal.
3180 3526 3372 3575 vam,
3405 3509 3482 3580 ὓ).
3548 3531 3575 3557 ››

1924 3599 2043 3652 Hoc
2075 3613 2144 3652 ex
2172 3612 2424 3669 persona
2447 3595 2661 3651 Christi
2693 3595 2929 3652 dicitur.
2963 3598 3023 3652 Si
3066 3595 3161 3652 ille
3222 3597 3320 3669 qui
3378 3614 3580 3670 pecca-

1925 3690 2052 3741 tum
2085 3703 2200 3742 non
2233 3685 2388 3755 fecit,
2432 3702 2536 3741 nec
2567 3684 2739 3742 dolus
2762 3684 3037 3741 inventus
3066 3689 3157 3741 est
3187 3686 3243 3740 in
3299 3702 3395 3741 ore
3426 3686 3576 3756 ejus,

1925 3792 2029 3848 pro
2060 3775 2230 3831 nobis
2262 3775 2469 3842 doluit,
2498 3779 2555 3831 et
2585 3779 2824 3847 peccata
2854 3778 3055 3830 nostra
3079 3774 3577 3847 portavit,quanto

1926 3866 2114 3938 magis
2139 3882 2244 3921 nos
2266 3866 2547 3922 debemus
2572 3870 2768 3921 nostra
2792 3864 2933 3919 vitia
2953 3863 3213 3918 confiteri
3235 3863 3262 3917 δῖ
3290 3886 3317 3913 ‹‹
3340 3860 3571 3933 Renuit,

1923 3955 2134 4024 inquit,
2192 3953 2481 4011 consolari
2541 3954 2741 4010 anima
2797 3969 2928 4008 mea
2973 3953 3145 4021 (Psal.
3203 3970 3389 4008 Lxxv1.
3432 3954 3508 4024 3),
3542 3973 3571 4001 ››

1923 4043 2301 4099 considerans
2359 4042 2570 4099 delicta
2622 4059 2748 4113 qum
2806 4042 3074 4097 feceram.
3136 4066 3155 4091 α
3217 4043 3576 4099 Recordatus

1923 4149 2057 4189 sum
2087 4132 2210 4201 Dei,
2238 4136 2296 4187 et
2324 4131 2555 4187 laetatus
2585 4148 2719 4186 sum
2750 4130 2906 4202 (Ibid.
2972 4132 3047 4200 4),
3112 4156 3137 4180 n
3185 4132 3452 4205 cogitans
3481 4148 3576 4187 me

1922 4221 2084 4277 illius
2114 4221 2426 4277 clementia
2453 4222 2915 4278 conservandum
2952 4240 2965 4277 :
2996 4243 3023 4271 ‹‹
3046 4225 3220 4278 Nocte
3246 4238 3381 4278 cum
3403 4221 3575 4278 corde

1924 4311 2433 4380 meomeditabar,
2463 4317 2521 4367 et
2552 4312 2865 4385 scopebam
2926 4311 3199 4384 spiritum
3232 4328 3451 4368 meum.
3509 4311 3578 4367 Et

1922 4400 2039 4456 dixi
2070 4417 2226 4457 nunc
2257 4401 2425 4474 cmpi,
2471 4401 2589 4457 haec
2646 4406 2737 4458 est
2787 4402 3033 4458 mutatio
3065 4402 3310 4459 dexterae
3368 4399 3578 4458 excelsi

1922 4490 2080 4561 (Ibid.
2112 4491 2187 4563 7).
2222 4513 2249 4540 n
2280 4490 2438 4546 Justi
2467 4508 2576 4547 vox
2620 4495 2729 4559 est,
2789 4491 2888 4564 qui
2948 4496 3080 4565 post
3134 4490 3573 4548 meditationem

1920 4580 2156 4648 somnii,
2191 4584 2248 4636 et
2269 4579 2637 4637 conscientiae
2670 4598 2895 4652 cruces,
2932 4581 3003 4636 ad
3053 4585 3380 4636 extremum
3440 4578 3521 4635 ait
3553 4596 3567 4635 :

1922 4670 2076 4725 Num:
2101 4671 2259 4742 cwpi,
2286 4670 2371 4725 vel
2410 4669 2811 4742 pmnitentiam
2866 4685 3057 4741 agere,
3090 4668 3177 4725 vel
3227 4668 3481 4724 scientias
3512 4666 3582 4723 1i-

1922 4775 2055 4815 men
2088 4758 2305 4815 intrare
2334 4759 2376 4826 3,
2414 4759 2563 4815 760
2601 4763 2659 4815 et
2688 4758 2809 4813 haec
2868 4757 2997 4829 ipsa
3027 4758 3098 4813 de
3127 4756 3299 4813 bonis
3347 4756 3419 4811 ad
3454 4771 3576 4811 me-

1919 4847 2065 4904 liora
2096 4848 2363 4916 mutatio,
2398 4865 2512 4904 non
2546 4864 2809 4905 mearum
2836 4847 3071 4915 virium,
3107 4847 3207 4902 sed
3240 4845 3487 4902 dexteras
3519 4848 3577 4901 et

1920 4938 2195 5011 potentiae
2227 4938 2330 4993 Dei
2359 4943 2468 4994 est.

1990 5030 2077 5084 20.
2114 5028 2368 5085 Potentia
2399 5029 2495 5083 Dei
2520 5026 2870 5100 pudicatur.
2894 5058 2963 5067 ——
2996 5025 3057 5082 In
3089 5030 3373 5082 mternum
3405 5022 3577 5082 mise-

1921 5118 2168 5174 ricordia
2197 5115 2579 5173 aadilicabitur
2606 5117 2781 5186 (Psal.
2842 5132 3112 5184 Lxxxvm,
3145 5114 3220 5186 3).
3274 5137 3294 5163 ο
3331 5112 3574 5173 Nullum

1920 5208 2083 5264 enim
2114 5212 2350 5281 tempus
2380 5212 2492 5278 est,
2520 5222 2637 5279 quo
2671 5221 2786 5262 non
2822 5204 3143 5261 aedificetur
3172 5202 3578 5262 misericordia

1920 5407 2099 5464 cordis
2121 5407 2232 5480 mei
2259 5406 2476 5463 habent
2506 5422 2608 5480 pro
2636 5406 2844 5479 peccati
2866 5407 2993 5480 mei.

1990 5481 2013 5514 ³
2044 5479 2308 5536 Martian.
2342 5483 2475 5551 post
2505 5476 2728 5534 Erasm.
2780 5477 2923 5533 satis
2981 5479 3302 5550 incongrue
3330 5476 3583 5551 scientias

1922 5553 2106 5608 lumen
2134 5548 2373 5617 intrare,
2405 5567 2543 5606 cum
2590 5555 2648 5606 et
2706 5565 2853 5605 mss.
2909 5555 3093 5605 nostri
3128 5548 3333 5605 omnes
3375 5548 3572 5606 limem

1963 5624 2247 5693 referant,
2279 5626 2338 5679 et
2365 5620 2654 5681 Victorius
2684 5626 2856 5680 anlea
2909 5638 2978 5681 ex
3035 5621 3322 5681 Brixianis
3351 5620 3572 5682 codici.

1920 5643 2034 5756 ἕως
2062 5695 2143 5755 ita
2170 5694 2553 5756 reposuisset.

1963 5713 2034 5755 us
2062 5695 2143 5755 ita
2170 5694 2553 5771 reposuisset.
