3966 6386
343 370 467 449 188

1605 380 1669 445 S.
1716 380 2024 445 EUSEBII
2068 376 2513 445 HIERONYMI

3633 322 3763 445 sin

366 533 405 572 n
436 515 690 590 singulis
719 515 1050 588 quibusque
1080 521 1437 585 sanctorum,
1498 520 1554 573 et
1610 515 1702 573 his
1758 514 1858 587 qui
1916 516 1986 570 de
2015 515 2070 583 Α
2098 516 2334 587 regibus
2371 514 2622 586 legimus
2654 515 2723 570 de
2755 515 2933 588 stirpe
2986 513 3191 583 David,
3250 500 3407 588 quod
3466 532 3583 572 non
3642 532 3759 575 suo

344 607 598 679 peccatis
626 610 933 662 transeunt
962 606 1033 661 ad
1065 606 1326 673 virtutes,
1363 630 1392 656 «
1422 612 1469 661 A
1519 606 1731 678 sagitta
1759 605 1990 660 volante

344 711 447 767 per
476 695 650 760 diem,
669 712 703 747 a
728 694 958 765 negotio
991 695 1436 766 perambulante
1458 696 1515 749 in
1539 694 1794 750 tenebris
1817 695 1986 765 (Psal.

340 800 427 851 xc,
460 784 536 855 6),
570 804 597 832 ››
658 782 790 853 quis
848 789 1113 839 nostrum
1170 786 1380 855 poterit
1439 784 1729 840 liberari?
1774 806 1802 833 ‹‹
1846 784 1989 838 Ecce

339 871 495 927 enim
526 876 857 943 peccatores
880 871 1258 928 intenderunt
1285 890 1510 939 arcum,
1534 878 1599 927 ut
1621 873 1898 944 sagittent
1928 871 1988 926 in

339 959 587 1015 obscuro
618 968 805 1015 rectos
837 961 1008 1016 corde
1034 962 1203 1029 (Psal.
1236 979 1295 1029 x,
1325 962 1400 1032 3).
1459 986 1481 1014 ι
1515 960 1733 1017 Nolunt
1781 977 1989 1033 pravos

336 1046 664 1116 vulnerare,
696 1048 797 1104 sed
829 1054 1016 1105 rectos
1045 1050 1235 1106 corde.
1269 1051 1494 1123 Sagitta
1523 1068 1625 1123 per
1655 1051 1810 1105 diem
1846 1049 1989 1106 voli-

337 1140 441 1205 tat,
473 1154 578 1210 per
604 1137 908 1194 haereticos
936 1138 993 1194 in
1028 1147 1363 1196 sanctarum
1412 1138 1801 1212 intelligentia
1834 1137 1986 1194 Scri-

338 1226 981 1299 pturarum.Negotium
997 1226 1057 1282 in
1070 1229 1323 1284 tenebris
1338 1233 1394 1285 et
1415 1233 1581 1285 nocte
1602 1226 1985 1301 perambulat,

338 1331 441 1387 per
468 1315 869 1388 philosophos,
901 1316 1000 1388 qui
1032 1332 1134 1388 per
1171 1318 1588 1374 obscuritatem
1647 1333 1986 1373 sermonum

336 1403 624 1461 involvere
654 1404 900 1477 cupiunt
956 1405 1279 1463 veritatem.
1345 1428 1374 1457 «
1432 1406 1678 1463 Plantati
1724 1408 1782 1461 in
1813 1407 1986 1462 domo

335 1491 586 1559 Domini,
621 1492 679 1547 in
713 1493 878 1548 atriis
910 1493 1013 1548 Dei
1074 1495 1258 1549 nostri
1318 1493 1607 1551 ﬂorebunt
1663 1496 1836 1565 (Psal.
1870 1512 1984 1562 XCI,

333 1580 443 1649 44).
483 1601 505 1629 ι
542 1579 789 1636 Plantati
821 1581 880 1636 in
912 1582 1086 1638 domo
1121 1581 1371 1652 Domini,
1406 1583 1554 1654 justi
1608 1591 1768 1652 sunt,
1802 1585 1857 1639 in
1892 1584 1989 1639 Ec-

337 1668 517 1725 clesia
556 1671 906 1727 confirmati.
929 1672 1038 1727 Sed
1071 1671 1130 1726 hi
1160 1689 1274 1727 non
1304 1672 1364 1727 in
1397 1674 1861 1745 priesentiarum,
1883 1675 1981 1728 sed

334 1758 393 1813 in
425 1758 620 1814 futuro
651 1759 709 1814 in
742 1758 906 1815 atriis
938 1759 1167 1815 Domini
1202 1761 1510 1829 florebunt,
1572 1762 1670 1817 ubi
1712 1766 1800 1817 est
1830 1769 1987 1817 certa

334 1851 391 1903 et
418 1862 625 1904 secura
654 1850 967 1920 possessio.
1003 1872 1030 1898 ‹‹
1066 1849 1390 1906 Misericors
1423 1854 1477 1906 et
1509 1851 1816 1906 Illiocrillol'
1872 1852 1983 1906 Do-

335 1935 552 2008 minus,
613 1936 967 2010 longanimis
1027 1943 1084 1994 et
1118 1938 1313 1994 multas
1374 1940 1769 1996 miserationis
1811 1941 1980 2011 (Psal.

333 2041 430 2091 cu,
462 2028 537 2094 8).
575 2050 595 2074 ιι
632 2049 659 2077 ι(
694 2027 899 2082 Suavis
930 2027 1215 2084 Dominus
1241 2029 1515 2084 omnibus
1549 2029 1585 2094 ¹,
1642 2035 1697 2084 et
1753 2030 1983 2085 miscri-

334 2114 530 2171 cordia
555 2116 681 2187 ejus
709 2133 887 2188 super
917 2116 1115 2172 omnia
1155 2134 1330 2189 opera
1380 2117 1537 2173 illius
1569 2119 1738 2188 (Psal.
1798 2137 1980 2187 cxmv,

331 2204 408 2275 9).
442 2226 470 2254 »
505 2205 723 2261 Tantas
754 2206 923 2262 audis
946 2205 1407 2272 misericordias,
1469 2212 1522 2263 et
1554 2207 1612 2262 in
1675 2214 1772 2263 tua
1804 2210 1984 2265 audes

332 2294 546 2350 virtute
604 2296 894 2351 confidere
926 2295 954 2349 ?
991 2319 1017 2345 «
1061 2296 1463 2351 Conﬁteantur
1522 2296 1650 2362 tibi,
1720 2297 1980 2365 Domine,

332 2383 530 2439 omnia
560 2400 735 2455 opera
759 2388 861 2440 tua
884 2386 1039 2455 (Ibid.
1072 2386 1175 2453 10).
1206 2408 1231 2434 ››
1256 2386 1313 2441 Si
1345 2386 1414 2441 de
1432 2389 1677 2441 cunctus
1710 2388 1982 2458 operibus

336 2472 452 2539 Dei,
488 2477 545 2528 et
575 2472 843 2529 homines
873 2479 1175 2546 sunt,ergo
1198 2492 1402 2531 omnes
1434 2476 1701 2531 homines
1734 2493 1839 2531 sua
1860 2494 1984 2548 pec-

330 2565 461 2616 cata
490 2562 903 2617 confiteantur.
939 2563 1212 2635 Legimus
1243 2563 1301 2617 in
1336 2563 1606 2619 Samuele
1656 2565 1877 2620 dictum
1911 2565 1981 2621 de

328 2649 637 2705 Salomone
672 2667 683 2704 :
724 2673 750 2700 «
783 2650 910 2722 Ipse
941 2652 1250 2707 aadificabit
1280 2654 1520 2707 domum
1553 2654 1777 2708 nomini
1829 2672 1977 2724 meo,

332 2742 389 2794 et
416 2738 664 2794 ﬁrmabo
695 2756 937 2811 regnum
969 2742 990 2774 ²
1018 2742 1146 2810 ejus
1177 2757 1363 2812 usque
1410 2742 1469 2796 in
1530 2742 1978 2814 sempiternum.

331 2828 448 2899 Ego
479 2843 575 2883 ero
607 2828 657 2883 ei
690 2827 748 2883 in
782 2834 1003 2899 patrem
1031 2834 1089 2884 et
1137 2831 1261 2901 ipse
1318 2830 1429 2885 erit
1485 2831 1628 2886 mihi
1686 2833 1743 2887 in
1790 2834 1976 2889 ﬁlium

330 2915 404 2987 (II
429 2916 555 2987 Reg.
583 2934 682 2985 vu,
720 2918 784 2972 13
821 2918 965 2989 14).»
985 2919 1052 2974 Et
1082 2919 1292 2974 iterum
1329 2936 1342 2973 :
1379 2943 1405 2967 ‹‹
1430 2920 1489 2975 Si
1528 2920 1726 2992 inique
1775 2925 1976 2995 egerit,

333 3005 669 3078 corripitam
703 3022 837 3062 eum
868 3006 925 3061 in
958 3006 1119 3079 virga
1140 3006 1470 3073 hominum,
1517 3010 1977 3068 misericordiam

333 3099 529 3150 autem
555 3111 745 3150 meam
768 3113 880 3150 non
907 3096 1169 3152 auferam
1188 3098 1258 3153 ab
1287 3114 1350 3153 eo
1374 3098 1536 3169 (Ibid.
1564 3099 1649 3170 44,
1676 3100 1779 3171 l5).
1802 3107 1975 3158 »Cum

331 3184 548 3257 egisset
577 3184 749 3240 David
780 3185 997 3258 gratias
1028 3186 1163 3256 Deo,
1215 3187 1283 3242 ad
1344 3193 1668 3245 extremum
1726 3189 1926 3246 intulit
1960 3210 1971 3248 :

331 3294 360 3322 «
392 3274 463 3330 Et
488 3273 609 3329 haec
638 3278 726 3329 est
755 3274 844 3331 lex
874 3274 1131 3332 hominis
1178 3278 1199 3310 ⁸
1256 3276 1413 3347 (Ibid.
1474 3278 1581 3349 19).
1644 3282 1674 3327 ››’

331 3361 506 3430 Deus,
539 3379 772 3435 semper
802 3366 1022 3437 respice
1054 3367 1123 3420 ad
1158 3365 1529 3421 clementiam
1564 3372 1749 3435 tuam,
1799 3374 1857 3425 et
1888 3371 1975 3426 in-

330 3450 665 3507 ﬁrmitatem
714 3451 925 3521 carnis,
994 3453 1185 3509 divino
1237 3454 1451 3510 auxilio
1504 3463 1784 3514 sustenta.
1827 3460 1973 3523 Quid

329 3538 498 3607 mihi,
528 3539 740 3610 inquit,
772 3544 829 3594 et
858 3541 1040 3605 vobis,
1098 3541 1200 3596 filii
1260 3548 1466 3602 Sarviae
1488 3549 1517 3604 ‘I
1546 3548 1850 3604 Maledicat
1879 3554 1975 3604 Se-

328 3626 464 3684 mei.
498 3627 759 3684 Domidis
790 3631 1063 3702 praecepit
1091 3632 1141 3686 ei
1175 3639 1237 3688 ut
1294 3637 1603 3694 maledicat
1660 3637 1857 3693 David.
1913 3638 1978 3693 Et

329 3716 461 3788 quis
491 3719 868 3790 respondebit
896 3719 967 3785 ei,
1002 3737 1181 3792 quare
1233 3722 1341 3778 hoc
1385 3726 1567 3782 fecisti
1601 3728 1673 3798 (II
1700 3731 1825 3797 Reg.
1862 3745 1974 3793 xvr,

334 3806 417 3877 10)
451 3808 474 3860 P
506 3829 532 3854 ››
565 3806 849 3863 Voluntas
878 3809 1033 3864 enim
1055 3811 1151 3865 Dei
1184 3829 1298 3868 non
1323 3814 1817 3883 discutienda,sed
1842 3834 1975 3872 cum

327 3894 650 3967 gratiarum
681 3896 907 3953 actione
938 3898 1211 3971 patienda
1266 3907 1374 3958 est.
1426 3905 1495 3960 Et
1547 3905 1605 3960 in
1638 3905 1747 3961 alio
1780 3905 1903 3960 loco
1959 3923 1970 3959 :

330 4006 357 4033 ‹‹
390 3981 672 4041 Dominus
706 3988 850 4041 767
880 3988 1200 4059 mandavit,
1233 3996 1297 4046 ut
1329 3992 1640 4065 dissiparet
1662 3994 1973 4050 consilium

326 4068 667 4144 Achitophel
701 4074 940 4142 bonum,
994 4081 1061 4132 ut
1113 4079 1427 4137 adduceret
1483 4100 1660 4155 super
1715 4084 1972 4139 Absalon

328 4158 550 4215 malum
585 4162 660 4230 (II
687 4162 815 4231 Reg.
849 4181 984 4234 xvu,
1020 4166 1128 4237 14).
1168 4190 1197 4217 ››
1254 4170 1424 4240 cujus
1478 4177 1629 4227 certe
1662 4173 1972 4228 consilium

327 4251 473 4316 erat,
508 4251 676 4320 quasi
708 4252 1020 4308 consilium
1053 4255 1174 4310 Dei.
1210 4257 1278 4312 Et
1306 4275 1423 4330 qua
1464 4260 1687 4317 ratione
1716 4266 1973 4333 potestas

327 4336 495 4393 liberi
525 4338 771 4406 arbitrii,
805 4342 1022 4411 majore
1056 4349 1337 4415 potestate
1397 4349 1677 4406 subversa
1709 4357 1797 4407 est
1826 4351 1853 4406 ‘I
1881 4351 1975 4407 Je-

327 4424 590 4496 roboam,
621 4428 721 4498 qui
756 4445 994 4501 peccare
1026 4432 1157 4488 fecit
1190 4435 1365 4492 Israel
1395 4440 1435 4503 ⁴,
1477 4440 1745 4511 arguitur
1794 4457 1975 4512 quare

328 4513 628 4588 reliquerit
658 4524 1008 4591 praeceptum
1040 4522 1293 4591 Domini,
1325 4526 1657 4599 diciturque
1687 4529 1758 4583 ad
1787 4546 1920 4584 eum
1957 4546 1969 4585 :

1733 3278 1976 3338 Domine
2007 3250 2049 3317 Ο

2101 606 2329 675 merito,
2363 605 2462 659 sed
2497 603 2672 659 David
2708 605 2890 677 patris
2912 604 3226 660 virtutibus
3256 604 3579 660 conservati
3610 604 3759 677 sint,

2100 693 2199 764 qui
2233 693 2432 749 fecerit
2463 693 2741 765 placitum
2776 695 2829 748 in
2875 697 3189 765 conspectu
3232 693 3352 749 Dei.
3407 697 3474 749 Et
3522 694 3762 751 venitur

2100 783 2170 836 ad
2204 790 2320 837 Asa
2352 799 2545 853 regem
2576 783 2749 850 Juda,
2784 783 2855 837 de
2887 800 3000 855 quo
3033 784 3317 855 scriptum
3351 787 3439 838 est
3480 799 3493 839 :
3531 806 3559 833 «
3594 783 3761 840 Fecit

2098 873 2209 925 Asa
2243 875 2465 925 rectum
2502 873 2557 925 in
2592 877 2903 943 conspectu
2937 871 3563 951 Domini,sicutDavidl
3587 876 3760 945 pater

2099 960 2225 1028 ejus
2260 960 2359 1031 (III
2389 964 2519 1027 Reg.
2549 977 2637 1014 xv.
2677 961 2779 1029 ll).
2815 983 2833 1010 α
2864 966 3124 1033 Cumque
3155 959 3211 1014 in
3240 959 3441 1017 multis
3472 960 3757 1018 laudibus

2100 1048 2227 1118 ejus
2259 1046 2573 1103 immorata
2594 1054 2747 1103 esset
2770 1047 3034 1115 historia,
3061 1049 3131 1104 ad
3164 1054 3490 1105 extremum
3524 1048 3750 1119 intulit,

2099 1160 2125 1185 ‹‹
2153 1137 2261 1192 Sed
2284 1137 2509 1193 excelsa
2533 1156 2646 1192 non
2674 1138 2934 1193 abstulit.
2964 1141 3226 1194 Attamen
3251 1156 3351 1194 cor
3370 1139 3499 1219 ejus
3533 1139 3759 1212 perfw

2098 1230 2222 1281 tum
2237 1231 2358 1281 erat
2371 1243 2501 1281 cum
2520 1228 2633 1283 Deo
2650 1244 2741 1282 om
2753 1228 3140 1284 nibusdiebus
3152 1228 3277 1283 vitae
3294 1246 3411 1284 suae
3430 1228 3619 1301 (Ibid.l
3634 1230 3751 1301 4).»

2099 1316 2237 1371 Ecce
2266 1319 2321 1371 et
2344 1316 2545 1387 justus
2575 1316 2807 1381 dicitur,
2842 1306 3056 1388 quippe
3086 1317 3258 1387 cujus
3296 1332 3396 1372 cor
3425 1318 3753 1389 perfectum

2097 1408 2222 1460 erat
2238 1420 2372 1459 cum
2403 1405 2540 1471 Deo,
2566 1410 2623 1459 et
2647 1410 2841 1459 tamen
2870 1405 2926 1460 in
2958 1405 3065 1461 hoc
3086 1405 3321 1472 erravit,
3344 1407 3497 1478 quod
3522 1406 3756 1465 excelsa

2098 1510 2211 1549 non
2235 1492 2496 1559 abstulit,
2521 1511 2648 1565 quae
2679 1494 2983 1549 Ezechiam
3006 1494 3305 1550 etJosiam
3336 1494 3587 1567 legimus
3618 1496 3756 1552 abs-

2096 1580 2322 1635 tulisse.
2349 1580 2504 1635 Elias
2537 1582 2595 1635 in
2626 1582 2795 1651 cujus
2827 1583 3036 1654 spiritu
3073 1587 3129 1638 et
3155 1584 3370 1639 virtute
3400 1583 3556 1640 venit
3574 1583 3754 1640 Joan-

2097 1687 2200 1724 nes
2232 1670 2780 1742 Baptista,adcujus
2810 1672 3289 1743 imprecationem
3305 1672 3628 1747 venitignis
3662 1674 3737 1731 de

2096 1758 2257 1827 c0310,
2276 1764 2332 1815 et
2354 1759 2624 1815 Jordanis
2653 1760 2869 1815 fluenta
2890 1760 3077 1816 divisa
3099 1762 3460 1827 sunt,timuit
3488 1762 3752 1833 Jezabel,

2093 1854 2150 1905 et
2172 1849 2337 1921 fugit,
2370 1848 2681 1920 lassusque
2722 1850 2780 1904 in
2813 1849 3129 1907 solitudine
3185 1851 3336 1907 sedit
3374 1853 3484 1908 sub
3516 1852 3749 1923 arbore,

2094 1944 2149 1994 et
2168 1955 2405 2012 gressus
2424 1940 2967 2011 angustia,mortem
2989 1939 3209 2011 rogavit
3225 1940 3455 1996 dicens:
3474 1965 3499 1990 ‹‹
3515 1941 3752 1998 Sufﬁcit

2093 2027 2260 2095 mihi,
2291 2026 2694 2097 Domine,tolle
2726 2028 2984 2083 animam
3013 2044 3419 2101 meam,neque
3446 2030 3601 2086 enim
3624 2031 3747 2086 mi-

2095 2117 2203 2173 lior
2229 2133 2358 2172 sum
2385 2117 2647 2189 patrihus
2671 2118 2927 2184 meis(III
2942 2119 3275 2189 Reg.x1x,1i).
3297 2141 3322 2165 ››
3340 2106 3746 2189 Huncjustum

2094 2223 2305 2277 negare
2327 2206 2460 2278 quis
2483 2213 2671 2278 polest
2694 2209 2716 2260 Ρ
2739 2207 2809 2261 Et
2834 2212 3171 2274 tamen,non
3195 2207 3387 2264 dicam
3411 2208 3747 2280 mulierem,

2094 2295 2193 2350 sed
2223 2295 2519 2350 hominem
2576 2296 2909 2365 formidare,
2968 2297 3039 2351 de
3096 2296 3275 2351 animi
3337 2298 3747 2369 pertubatione

2094 2385 2413 2454 descendit,
2447 2401 2573 2456 qua:
2633 2385 2767 2439 vitio
2827 2402 3019 2441 carere
3082 2402 3195 2441 non
3258 2390 3466 2457 potest,
3512 2386 3746 2443 dicente

2096 2474 2319 2529 David:
2361 2498 2380 2524 ι
2436 2475 2719 2529 Dominus
2780 2473 3092 2530 auxiliator
3141 2492 3326 2542 meus,
3361 2493 3475 2532 non
3526 2476 3744 2533 timebo

2093 2563 2233 2633 quid
2278 2564 2450 2617 faciat
2482 2563 2621 2617 mihi
2669 2563 2841 2618 homo
2896 2565 3064 2631 (Psal.
3122 2582 3289 2633 cxvii,
3356 2588 3381 2613 ››
3439 2565 3519 2621 De
3573 2566 3742 2622 Josa-

2092 2653 2232 2723 phat
2263 2670 2395 2723 rege
2417 2653 2568 2707 Juda
2600 2652 2881 2725 scriptum
2915 2657 3002 2707 est
3035 2670 3047 2708 :
3077 2673 3103 2705 ιι
3167 2654 3236 2708 Et
3296 2654 3407 2709 fuit
3452 2655 3742 2712 Dominus

2090 2758 2221 2796 cum
2255 2741 2556 2812 Josaphat,
2593 2742 2690 2813 qui
2726 2742 3049 2797 ambulavit
3079 2743 3137 2798 in
3196 2742 3304 2799 viis
3337 2743 3514 2800 David
3555 2745 3741 2817 patris

2090 2835 2180 2886 sui
2213 2830 2502 2902 prioribus
2535 2832 2606 2902 (II
2634 2832 2821 2886 Paral.
2863 2849 2994 2898 xvu,
3028 2833 3103 2900 3).
3170 2856 3195 2879 ››
3254 2832 3333 2887 Ex
3367 2849 3480 2905 quo
3513 2832 3741 2889 intelli-

2088 2922 2246 2992 gitur
2267 2920 2485 2991 primas
2500 2936 2633 2974 cum
2658 2919 2831 2974 David
2850 2919 3742 2990 habuissejustitias,etnovissi-

2090 3026 2185 3064 ma
2206 3027 2318 3064 non
2345 3008 2621 3064 habuisse
2646 3017 2881 3080 peccata
2905 3026 2916 3064 :
2938 3034 2964 3058 «
2992 3010 3116 3065 Non
3136 3010 3580 3082 speravit,ait,in
3600 3012 3744 3069 Baa-

2088 3099 2319 3167 lim,sed
2345 3099 2400 3153 in
2420 3099 2535 3154 Deo
2552 3100 2735 3169 patris
2750 3099 2925 3164 sui,et
2941 3099 3334 3155 ambulavitin
3355 3100 3659 3173 praeceptis
3676 3100 3744 3157 il-

2087 3188 2286 3258 lius,ct
2318 3206 2427 3243 non
2446 3190 2614 3259 juxta
2636 3194 2871 3261 peccata
2892 3189 3086 3244 Israel.
3112 3190 3600 3263 Confirmavitque
3622 3190 3741 3247 Do-

2089 3278 2284 3332 minus
2301 3294 2538 3349 regnum
2559 3277 2613 3333 in
2630 3296 2808 3333 manu
2840 3278 2987 3348 ejus,
3018 3280 3053 3333 7
3068 3279 3169 3334 88
3185 3279 3738 3336 etdeditomnisJu-

2088 3368 2160 3421 da
2179 3383 2423 3421 munera
2450 3366 3037 3439 Josaphat,factzeque
3072 3372 3210 3422 sunt
3239 3368 3540 3425 eiinlinitze
3556 3387 3740 3441 pecu-

2088 3457 2195 3510 nize
2214 3462 2387 3529 atque
2402 3456 2699 3523 divitize,et
2714 3456 2896 3511 multa
2908 3456 3092 3528 gloria
3110 3457 3306 3529 (Ibid.3
3320 3459 3545 3531 seqq)»
3563 3461 3739 3517 Cum-

2089 3564 2120 3616 q
2133 3563 2200 3601 ue
2218 3546 2569 3617 sumpsisset
2582 3563 2680 3600 cor
2692 3548 2739 3617 ej
2753 3563 2820 3601 us
2834 3547 3136 3601 audaciam
3155 3553 3391 3619 propter
3406 3549 3530 3604 vias
3544 3548 3744 3605 Domi-

2089 3636 2348 3699 ni,ctiam
2362 3633 2587 3690 excelsa
2607 3638 2662 3689 et
2688 3633 2849 3689 lucos
2871 3636 2940 3690 de
2965 3635 3119 3690 Juda
3144 3636 3516 3693 abstulit.llic
3536 3637 3739 3695 Achab
3794 3700 3797 3707 ι

2089 3724 2205 3795 regi
2240 3723 2589 3795 impiissimo
2625 3722 2907 3779 affinitate
2940 3727 3291 3796 conjunetus
3324 3732 3428 3783 cst.
3471 3727 3742 3801 Cumque

2085 3818 2216 3884 post
2263 3812 2522 3884 praelium
2553 3818 2933 3868 reverteretur
2963 3817 3308 3882 Jerusalem,
3345 3839 3371 3865 (ι
3404 3816 3655 3871 occurrit
3681 3816 3740 3873 ei

2082 3904 2186 3958 Jeu
2211 3901 2366 3957 filius
2393 3901 2577 3956 Anani
2609 3901 2887 3969 videns,ct
2923 3904 3005 3959 ait
3031 3905 3101 3959 ad
3134 3904 3479 3977 eum:Impio
3512 3905 3741 3978 praebes

2087 3990 2391 4057 auxilium,
2423 3995 2477 4046 et
2509 3990 2600 4045 his
2644 3991 2741 4063 qui
2803 3992 3052 4047 oderunt
3110 3993 3423 4051 Dominum
3477 3994 3745 4052 amicitia

2078 4081 2441 4153 jungeris.Et
2466 4080 2679 4136 idcirco
2702 4080 2849 4136 iram
2872 4082 3104 4138 Domini
3127 4083 3365 4155 quidem
3390 4084 3730 4154 merebaris;

2086 4170 2185 4226 sed
2218 4170 2370 4225 bona
2400 4187 2571 4241 opera
2603 4169 2835 4225 inventa
2865 4175 3003 4226 sunt
3031 4171 3089 4227 in
3122 4177 3201 4239 te,
3249 4190 3315 4229 eo
3347 4176 3500 4246 quod
3532 4174 3737 4230 abstu-
3792 4204 3797 4207 -

2083 4258 2221 4314 leris
2254 4258 2417 4314 lucos
2438 4260 2509 4314 de
2530 4263 2684 4313 terra
2713 4259 2885 4326 Juda,
2909 4260 2958 4316 ei
2984 4263 3397 4333 praeparaveris
3423 4279 3523 4318 cor
3542 4266 3737 4332 tuum,

2086 4355 2149 4404 ut
2180 4348 2505 4421 requireres
2562 4348 2874 4403 Dominum
2930 4351 2999 4421 (II
3059 4352 3245 4406 Paral.
3282 4370 3394 4420 XIX,
3421 4353 3557 4425 2.3).
3597 4375 3619 4403 ι
3652 4354 3737 4411 Ac

2085 4455 2156 4493 ne
2187 4442 2460 4510 putemus
2492 4437 2812 4509 prietcritas
2834 4438 3101 4508 justitias
3156 4440 3264 4496 hoc
3295 4446 3528 4511 peccato
3558 4446 3616 4497 et
3646 4441 3739 4498 in.

2088 4528 2418 4599 crepatione
2461 4526 2798 4599 prophetica
2875 4528 3054 4585 fuisse
3111 4529 3353 4599 deletas,
3411 4535 3613 4603 postea
3669 4531 3745 4589 de

327 4625 356 4653 «
390 4604 531 4661 Dedi
561 4606 662 4662 tibi
693 4624 936 4681 regnum
962 4611 1172 4667 domus
1196 4613 1464 4680 David,et
1486 4633 1600 4670 non
1635 4616 1797 4672 fuisti
1823 4617 1975 4674 sicut
2012 4632 2056 4696 ι)
2088 4616 2336 4672 Ochozia
2367 4616 2567 4687 stirpis
2600 4618 2704 4686 (Al.
2739 4617 2941 4689 stirpe)
2973 4620 3099 4689 ejus
3132 4620 3419 4692 scriptum
3440 4625 3551 4688 est,
3581 4622 3741 4693 quod

327 4708 529 4750 servus
561 4712 729 4753 meus
761 4698 939 4754 David
997 4701 1096 4771 qui
1160 4703 1472 4757 custodivit
1521 4705 1797 4761 mandata
1828 4723 1976 4776 mea,

326 4785 384 4837 et
411 4783 731 4841 ambulavit
788 4792 918 4859 post
958 4806 1049 4845 me
1100 4790 1158 4845 in
1192 4794 1311 4846 toto
1342 4792 1515 4847 corde
1576 4811 1702 4860 suo,
1744 4800 1799 4850 et
1849 4796 1981 4851 fecit

331 4871 609 4943 placitum
644 4875 704 4930 in
735 4882 1051 4949 conspectu
1084 4896 1210 4935 meo
1242 4881 1342 4949 (III
1364 4882 1488 4949 Reg.
1524 4900 1639 4948 xiv,
1665 4886 1739 4955 8).
1768 4908 1795 4934 ‹‹
1831 4885 1978 4959 Ergo

330 4963 387 5014 et
411 4962 715 5033 possibilia
746 4971 886 5022 sunt
915 4966 1016 5022 Dei
1053 4968 1346 5036 mandata,
1399 4987 1526 5042 quas
1558 4971 1735 5028 David
1772 4974 1977 5031 fecisse

327 5052 751 5122 cognoscimus,
786 5059 841 5111 et
878 5059 1075 5111 tamen
1124 5056 1441 5115 lassescere
1474 5065 1707 5117 sanctos
1741 5064 1811 5117 ad
1845 5080 1974 5135 per-

327 5140 692 5210 petuitatem,
717 5144 984 5216 justitiaa.

393 5229 482 5286 2i.
516 5231 681 5288 Multi
736 5235 965 5292 Patrum
1024 5238 1216 5292 merito
1272 5242 1595 5296 conservati.
1648 5242 1708 5296 In
1772 5240 1977 5298 multis

397 5423 417 5504 ξ
448 5423 609 5504 pnus
634 5427 842 5504 Yatic.,
876 5433 1054 5488 Bonus
1098 5434 1360 5491 Dominus
1390 5437 1661 5504 omnibus,
1702 5442 1811 5493 etc.

395 5492 419 5530 ¹
450 5497 603 5552 Idem
636 5492 987 5557 Vaticfcum
1020 5506 1218 5574 Regio,
1249 5509 1500 5563 Firmuho
1554 5492 1732 5564 salem
1813 5511 1976 5582 regni

324 5568 460 5626 eius.
496 5569 706 5626 Griece.
738 5573 827 5625 τὸν
868 5574 1054 5626 θῦὸνον
1092 5577 1269 5626 αὐτοῦ.

448 5611 460 5623 .
496 5589 706 5632 υΓίΕΟΟ,
738 5593 827 5625 τον
868 5589 1054 5632 υρονον
1092 5589 1269 5632 χυτοῦ.

346 5586 460 5640 νας.
496 5586 706 5638 υΓίΕΟΟ,
738 5593 827 5625 τον
868 5586 1054 5649 θρόνον
1092 5586 1269 5632 αὑτοῦ.

405 5640 426 5674 ³
456 5643 623 5698 Haud
647 5644 926 5732 scio‘num
962 5663 1029 5702 ex
1058 5649 1252 5732 aliquo
1285 5651 1595 5732 Scriptura?
1624 5652 1746 5732 loco
1766 5654 1881 5709 duo
1912 5654 1970 5709 hi

321 5731 529 5781 versus
558 5716 893 5789 recitantur,
926 5720 1081 5795 quod
1110 5716 1681 5794 Victorius-dubitat,
1739 5742 1813 5783 an
1864 5742 1972 5784 suo

2091 4705 2376 4761 invenerit
2406 4722 2540 4760 eum
2568 4705 2677 4760 Jeu
2710 4704 2986 4762 latentem
3012 4708 3070 4763 in
3102 4708 3744 4779 Samaria,adductum-

2091 4811 2203 4866 que
2234 4794 2509 4849 occiderit
2556 4812 2567 4850 ε
2605 4818 2629 4843 ‹‹
2666 4795 2731 4849 Et
2762 4795 3134 4868 sepelierunt,
3180 4798 3394 4871 inquit,
3455 4816 3609 4867 eum,
3670 4815 3740 4857 eo

2090 4885 2243 4956 quod
2277 4889 2429 4939 esset
2461 4884 2617 4939 filius
2645 4884 2952 4958 Josaphat,
3010 4888 3110 4959 qui
3172 4888 3482 4956 quaesierat
3539 4889 3739 4945 Domi-

2089 4990 2228 5028 num
2259 4973 2316 5028 in
2350 4977 2467 5029 toto
2490 4974 2661 5029 corde
2681 4992 2786 5030 suo
2818 4976 2913 5045 (IV
2944 4976 3065 5049 Reg.
3093 4994 3167 5044 ix,
3193 4979 3305 5049 28).
3333 5001 3351 5031 ι
3385 4979 3464 5034 De
3497 4978 3741 5035 Ezechia

2089 5061 2372 5135 scriptum
2419 5068 2507 5119 est
2569 5080 2581 5119 :
2639 5086 2666 5115 ‹‹
2707 5064 2858 5119 Fecit
2888 5070 3111 5121 rectum
3174 5067 3233 5121 in
3265 5066 3451 5123 oculis
3500 5067 3739 5124 Domini

2079 5152 2250 5222 juxta
2278 5152 2475 5207 omnia
2494 5169 2619 5225 quae
2653 5154 2866 5209 fecerat
2891 5156 3064 5211 David
3090 5162 3253 5228 pater
3274 5158 3424 5228 ejus.
3459 5158 3572 5213 Iste
3600 5157 3737 5214 abs-

2086 5241 2223 5297 tulit
2253 5242 2561 5313 excelsa,et
2590 5243 2859 5299 contrivit
2889 5249 3199 5313 statuas,et
3226 5245 3485 5302 incendit
3510 5245 3739 5316 lucum,

2086 5438 2572 5514 scnsugloquatur
2603 5439 3009 5514 Hieronymus,
3034 5442 3205 5514 quasi
3230 5443 3514 5514 interpres
3534 5444 3738 5501 verbo-

2086 5528 2238 5573 rum,
2268 5512 2390 5565 "(re
2419 5512 2619 5586 est/nr
2649 5512 2904 5568 hominis.
2938 5512 3101 5586 Certe
3155 5532 3340 5586 neque
3373 5512 3429 5569 in
3492 5516 3734 5573 Hebraeo

2085 5590 2264 5641 textu.
2298 5602 2482 5653 neque
2509 5584 2564 5637 iu
2600 5586 2861 5640 versione
2893 5584 3012 5642 ulla
3043 5584 3390 5643 invenimus.
3680 5640 3681 5643 η

2154 5656 2368 5734 ‘tlss.,
2399 5656 2493 5726 qui
2521 5672 2742 5734 peccare
2797 5658 2930 5734 fecit
2988 5661 3257 5733 populum
3311 5660 3481 5717 Israel
3536 5677 3554 5715 .'
3605 5659 3733 5732 alii,

2078 5727 2345 5801 populum
2373 5727 2574 5802 meum,
2606 5732 2715 5786 etc.
