3966 6428
190 379 290 469 s85

1017 381 1411 447 DIALOGUS
1457 380 1771 478 CONTRA
1813 379 2327 446 PELAGIANOS.
2352 413 2431 432 -
2458 383 2605 448 LIB.
2651 387 2732 449 II.

193 514 555 588 contrivitque
584 520 918 589 serpentem
949 535 1379 590 aeneum,quem
1413 519 1629 574 fecerat
1658 517 1819 589 Moy-
1851 517 1903 584 Α
1936 533 2049 588 que
2079 521 2137 572 et
2166 519 2415 590 argenti,
2467 524 2524 574 et
2564 534 2843 575 vasorum
2889 517 3312 590 supellectilem
3347 538 3360 575 :
3396 545 3424 570 ‹‹
3450 525 3578 579 Non

189 621 273 678 ses
293 606 382 679 (IV
405 607 536 675 Reg.
571 623 736 674 xvm,
758 607 811 675 3,
841 608 914 678 4).
938 630 964 657 ››
994 610 1060 662 Et
1117 608 1352 674 iterum,
1407 631 1433 657 ‹‹
1498 610 1558 663 In
1618 608 1812 664 Domi-

194 711 259 751 no
284 696 388 751 Deo
419 695 597 752 Israel
621 697 880 752 conﬁsus
910 701 1018 765 est,
1058 701 1114 752 et
1146 706 1274 768 post
1322 697 1514 768 ipsum
1560 714 1674 752 non
1707 697 1816 751 fuit

189 783 382 841 similis
413 785 464 841 ei
494 785 722 842 cunctis
762 785 1000 859 regibus
1028 785 1202 852 Juda,
1241 787 1342 858 qui
1390 787 1628 842 fuerunt
1682 791 1815 841 ante

186 889 328 929 eum.
360 873 618 930 Adhaesit
651 875 917 941 Domino,
949 880 1007 930 et
1038 892 1152 931 non
1206 875 1447 931 recessit
1495 876 1566 932 ab
1619 891 1706 939 eo,
1761 877 1816 930 et

183 963 480 1019 custodivit
527 965 804 1020 mandata
851 965 1000 1035 ejus,
1048 983 1175 1036 qua:
1217 965 1486 1036 praecepit
1535 964 1815 1020 Dominus

184 1050 374 1125 Moysi,
405 1056 461 1107 et
489 1057 615 1108 erat
642 1053 925 1110 Dominus
953 1070 1086 1108 cum
1122 1071 1207 1121 eo,
1243 1059 1302 1110 et
1330 1054 1388 1108 in
1421 1054 1718 1123 omnibus,
1755 1053 1812 1108 in

184 1141 384 1215 quibus
413 1141 741 1209 incedebat,
775 1143 1068 1216 sapienter
1112 1144 1322 1216 agebat
1351 1143 1509 1213 (Ibid.
1567 1147 1619 1210 5,
1660 1144 1736 1213 6),
1782 1161 1808 1193 ι

183 1231 427 1304 Cumque
453 1248 553 1288 rex
581 1232 954 1305 Assyriorum
987 1232 1378 1289 Sennachcrib
1411 1233 1658 1303 cepisset
1694 1231 1816 1286 uni-

180 1337 358 1377 versas
387 1321 564 1377 urbes
592 1322 778 1389 Judae,
813 1322 976 1379 misit
1009 1322 1080 1377 ad
1112 1339 1247 1377 eum
1282 1321 1558 1377 Ezechias
1591 1321 1650 1375 in
1709 1322 1817 1376 La-

182 1409 298 1466 chis
325 1410 523 1466 dicens
557 1428 570 1466 :
608 1433 635 1461 α
670 1410 928 1479 Peccavi,
962 1412 1166 1467 recede
1199 1429 1232 1467 a
1263 1427 1376 1478 me,
1427 1411 1818 1482 quodcunque

174 1499 1028 1572 jusseris,dabo.Imposuitque
1051 1518 1149 1555 rex
1172 1501 1541 1572 Assyriorum
1562 1499 1816 1554 Ezechiae

181 1592 428 1645 trecenta
455 1588 706 1662 argenti,
740 1593 796 1644 et
821 1589 1064 1662 triginta
1104 1589 1327 1645 talenta
1369 1588 1496 1644 auri
1531 1606 1542 1644 :
1577 1593 1632 1644 et
1659 1587 1821 1642 dedit

183 1677 448 1734 Ezechias
479 1694 714 1734 omnem
746 1677 1212 1750 pecuniam,quse
1243 1679 1478 1733 inventa
1504 1681 1592 1733 est
1623 1677 1681 1730 in
1716 1678 1818 1732 do-

180 1783 272 1823 mo
306 1767 524 1823 Domini
558 1771 614 1823 et
646 1767 703 1822 in
733 1767 1031 1823 thesauris
1069 1768 1281 1823 domus
1329 1767 1505 1839 regis.
1557 1766 1621 1822 In
1669 1770 1818 1821 tem-

1922 606 2050 672 fuit,
2082 607 2296 678 inquit,
2331 625 2442 675 res,
2481 625 2659 680 quam
2691 623 2807 664 non
2839 609 3172 665 ostenderet
3199 610 3285 666 eis
3301 610 3580 670 Ezechias

1919 695 1979 750 in
2004 697 2173 751 domo
2206 697 2438 752 Domini
2470 700 2511 766 ³,
2543 702 2602 753 et
2631 698 2691 752 in
2736 697 2897 754 omni
2947 702 3232 770 potestate
3295 717 3406 756 sua
3446 702 3576 772 (Isa.

1922 803 2114 852 xxxxv,
2138 787 2214 856 2).
2254 809 2282 835 ››
2317 788 2396 842 Ex
2426 803 2541 859 quo
2567 787 2954 860 intelligimus
2985 788 3160 844 etiam
3190 805 3330 845 vasa
3373 788 3581 863 templi

1926 874 2235 943 Babylonis
2267 881 2596 932 monstrata
2639 876 2868 949 legatis.
2915 877 3079 932 Unde
3116 883 3173 933 et
3218 878 3306 934 ira
3344 877 3578 934 Domini

1925 963 2274 1027 concitatur,
2306 968 2362 1018 et
2394 969 2596 1037 postea
2622 965 2783 1021 Isaiae
2814 965 3226 1022 vaticinatione
3255 969 3574 1040 cognoscit:

1926 1075 1952 1100 ‹‹
1979 1051 2058 1107 De
2089 1051 2228 1107 ﬁliis
2260 1054 2379 1108 tuis
2411 1053 2667 1108 eunuchi
2699 1059 2887 1120 erunt,
2930 1058 2989 1110 et
3029 1057 3227 1112 omnia
3260 1073 3401 1112 vasa
3426 1061 3575 1114 tem-

1924 1139 2006 1211 pli
2027 1141 2462 1198 transferentur
2490 1142 2846 1214 Babylonem
2879 1144 3038 1215 (Ibid.
3071 1145 3149 1215 6).
3184 1167 3214 1194 »
3264 1145 3348 1201 Ob
3395 1157 3574 1217 quam

1925 1246 2162 1285 causam
2193 1233 2214 1264 ⁴
2240 1231 2416 1287 etiam
2447 1231 2508 1286 in
2537 1231 2686 1287 libro
2707 1235 2936 1288 Dz'erum
2965 1233 3251 1306 scriptum
3273 1239 3364 1291 est
3392 1250 3407 1292 :
3447 1236 3580 1292 «Ce-

1926 1319 2067 1376 cidit
2087 1321 2360 1377 Ezechias
2391 1320 2640 1376 elatione
2680 1323 2873 1377 cordis
2905 1323 2997 1378 sui
3030 1325 3102 1394 (II
3160 1326 3344 1380 Parat.
3397 1339 3574 1396 xxxn,

1924 1410 2036 1480 26).
2074 1432 2100 1457 ››
2134 1410 2296 1465 Certe
2330 1410 2636 1465 Ezechiam
2655 1411 2890 1481 justum
2921 1427 3117 1479 nemo,
3164 1412 3281 1468 nisi
3328 1412 3573 1484 impius,

1927 1497 2258 1568 denegabit.
2296 1499 2750 1570 Dicas,peccavit
2778 1499 2838 1553 in
2859 1499 3238 1570 quihusdam,
3272 1505 3332 1556 et
3359 1500 3576 1557 idcirco

1922 1586 2122 1656 justus
2152 1602 2281 1642 esse
2311 1586 2484 1642 desiit
2517 1603 2529 1642 :
2559 1588 2661 1642 sed
2685 1587 2792 1642 hoc
2823 1588 3125 1659 Scriptura
3144 1605 3263 1644 non
3291 1588 3578 1660 loquitur,

1928 1675 2051 1730 Non
2083 1676 2241 1730 enim
2299 1693 2369 1731 ex
2399 1693 2465 1732 eo
2499 1677 2654 1747 quod
2686 1692 2862 1748 parva
2892 1677 3170 1750 peccavit,
3197 1677 3443 1748 justitiae
3471 1693 3578 1734 no-

1929 1781 2061 1820 men
2111 1765 2306 1831 amsit,
2340 1767 2439 1820 sed
2473 1783 2541 1820 ex
2571 1781 2637 1820 eo
2660 1766 2814 1837 quod
2845 1765 3031 1822 multa
3060 1769 3210 1823 110
3243 1767 3394 1823 bona
3423 1766 3580 1835 fecit,

178 1871 306 1928 pore
336 1855 432 1913 illo
465 1856 717 1914 concidit
745 1856 942 1912 valvas
975 1855 1177 1928 templi
1211 1856 1461 1924 Domini,
1494 1860 1550 1911 et
1581 1854 1815 1927 clypeos
1847 1893 1894 1957 B
1918 1853 2067 1923 justi
2096 1853 2444 1910 vocabulum
2477 1854 2758 1926 possidet.
2798 1855 2916 1910 Hoc
2950 1858 3140 1910 totum
3175 1856 3325 1912 dico.
3357 1861 3423 1912 ut
3452 1855 3579 1912 Scri

177 1961 313 2016 quos
347 1945 746 2014 deauraverat,
780 1951 837 2001 et
867 1944 1067 2001 omnia
1096 1946 1256 2002 dedit
1286 1945 1408 2018 regi
1438 1944 1814 2016 Assyriorum

178 2034 335 2104 (Ibid,
369 2035 477 2107 14),
499 2053 525 2086 ι
565 2036 826 2106 Cumque
856 2035 926 2090 de
957 2051 1023 2090 eo
1053 2039 1218 2090 tanta
1266 2034 1558 2101 dicantur,
1599 2050 1713 2088 non
1743 2033 1814 2087 ti-

178 2123 323 2178 muit
350 2123 699 2180 necessitate
719 2127 980 2194 cogente,
1013 2140 1140 2195 quae
1167 2123 1415 2178 Domino
1449 2125 1818 2178 consecrarat

175 2212 291 2285 regi
319 2213 522 2268 offerre
555 2212 1150 2285 Assyrio,diciturque
1181 2213 1253 2267 ad
1286 2228 1421 2268 eum
1459 2228 1471 2267 :
1507 2233 1534 2260 ‹‹
1567 2213 1683 2283 Ego
1715 2226 1815 2265 cu-

173 2301 417 2358 stodiam
440 2302 732 2359 civitatem
750 2301 902 2357 hanc
923 2304 1159 2374 propter
1180 2305 1356 2369 me,et
1373 2304 1609 2372 propter
1640 2299 1815 2355 David

170 2408 396 2449 servum
429 2407 626 2448 meum
660 2392 772 2463 (IV.
813 2393 939 2462 Reg.
982 2409 1076 2456 xx,
1107 2393 1203 2459 6),
1238 2413 1265 2440 ››
1313 2406 1429 2447 non
1474 2393 1709 2462 propter
1736 2393 1811 2456 te,

172 2479 308 2553 quia
335 2481 638 2553 superiora
666 2479 876 2547 fecisti,
937 2481 1172 2552 quando
1228 2484 1459 2535 centum
1523 2477 1817 2550 octoginta

175 2570 429 2643 quinque
461 2569 648 2626 millia
677 2569 966 2625 exercitus
1015 2569 1412 2641 Assyriorum,
1471 2567 1676 2640 angelo
1707 2584 1814 2623 cae-

175 2661 362 2726 dente,
395 2662 687 2732 prostrata
716 2664 878 2714 sunt.

242 2749 390 2805 769
415 2749 759 2806 22.13th
786 2757 838 2804 et
865 2750 1028 2806 Iasiae
1057 2765 1249 2820 regum
1275 2749 1542 2820 exempla.
1564 2778 1632 2788 -—-
1663 2747 1811 2813 Illud

171 2854 404 2911 quoque
430 2835 772 2910 diligentius
820 2838 1265 2904 attendendum,
1299 2838 1456 2908 quod
1514 2835 1814 2909 Scriptura

171 2932 624 2984 commemorat:
651 2950 680 2978 «
704 2928 1023 3001 .Egrotavit
1043 2927 1318 2983 Ezechias
1341 2943 1531 2998 usque
1561 2927 1633 2982 ad
1666 2943 1814 2982 mor-

169 3022 309 3085 tem,
339 3017 616 3089 venitque
647 3018 719 3073 ad
751 3034 887 3073 eum
922 3017 1102 3073 Isaias
1134 3016 1290 3072 filius
1322 3019 1518 3082 Amos,
1560 3016 1760 3072 dicens
1795 3034 1807 3071 :

167 3107 420 3180 Praecipe
448 3106 650 3163 domui
681 3111 817 3175 tuae,
845 3105 982 3178 quia
1013 3106 1257 3162 moreris
1286 3109 1370 3160 tu.
1396 3104 1502 3171 Qui
1528 3105 1812 3160 convertit

166 3197 374 3253 faciem
407 3195 423 3231 ¹
454 3212 623 3252 suam
655 3198 724 3252 ad
755 3197 1057 3268 parietem,
1092 3199 1148 3250 et
1178 3195 1361 3250 oravit
1390 3195 1461 3250 ad
1497 3195 1807 3250 Dominum

166 3287 366 3343 dicens
400 3304 413 3342 :
442 3285 712 3352 Obsecro,
749 3285 1010 3353 Domine,
1044 3291 1337 3341 memento
1367 3285 1660 3356 quomodo
1691 3300 1810 3339 am-
1838 3257 1880 3324 C

164 3375 491 3432 bulaverim
524 3376 583 3430 in
615 3379 928 3448 conspectu
955 3375 1143 3442 tuo,in
1165 3375 1401 3430 veritate
1424 3378 1479 3429 et
1499 3375 1669 3429 corde
1687 3389 1811 3446 per-

161 3465 314 3522 fecto
341 3470 399 3522 et
441 3465 661 3521 bonum
714 3463 774 3520 in
835 3463 1021 3521 oculis
1077 3465 1165 3519 tui
1225 3464 1478 3520 fecerim.
1513 3462 1810 3534 Flevitque

161 3555 438 3611 Ezechias
467 3554 643 3611 ﬂectu
677 3571 890 3626 magno
923 3556 1016 3626 (IV
1042 3557 1170 3626 Reg.
1201 3571 1296 3622 xx,
1326 3553 1349 3608 4
1387 3554 1618 3624 seqq.),»
1648 3553 1811 3608 Certe

153 3644 364 3715 justus
394 3646 517 3698 erat
544 3641 818 3698 Ezechias
848 3646 905 3697 et
933 3643 1106 3698 corde
1136 3641 1411 3714 perfecto.
1465 3641 1659 3696 Iturus
1691 3645 1814 3696 erat

158 3733 232 3787 ad
266 3730 849 3803 Dominum,plorare
878 3747 994 3786 non
1025 3730 1246 3786 debuit.
1275 3728 1496 3793 Quaeris
1528 3730 1812 3786 rationem

157 3820 410 3877 ﬂetuum
440 3820 468 3875 ‘I
498 3821 552 3875 Si
586 3820 930 3892 cogitaveris
963 3819 1290 3889 hominem,
1342 3835 1458 3874 non
1507 3820 1816 3875 miraberis

155 3903 873 3966 causas’doloris.Nullus
895 3908 1050 3966 enim
1077 3909 1438 3980 intrepridus
1457 3909 1615 3964 vadit
1636 3908 1707 3963 ad
1723 3909 1818 3979 ju-

154 4000 390 4057 dicium
422 3999 678 4068 Domini,
713 3999 938 4055 habens
969 3998 1388 4054 conscientiam
1420 4002 1814 4070 peccatorum.

153 4089 432 4160 Cumque
463 4089 734 4156 flevisset,
768 4088 956 4144 factus
992 4092 1082 4144 est
1119 4103 1310 4143 sermo
1346 4087 1568 4142 Domini
1603 4087 1674 4142 ad
1698 4087 1818 4143 Isa-

154 4183 283 4236 iam
317 4177 894 4251 prophetam,dicens
927 4193 939 4231 :
975 4200 1002 4227 «
1036 4177 1534 4244 Revertere,etdic
1560 4175 1816 4232 Ezechizs

152 4268 302 4326 duci
335 4285 466 4324 meo
495 4268 660 4338 (Ibid.
693 4267 770 4340 5).
808 4290 836 4317 »
861 4267 990 4323 Dux
1019 4266 1120 4322 Dei
1153 4265 1501 4339 appellatur,
1534 4268 1628 4322 cui
1659 4283 1818 4321 mors

148 4360 361 4415 fuerat
409 4357 680 4413 nuntiata
728 4357 867 4430 quia
905 4356 1240 4412 humilitate
1278 4359 1613 4428 prostratus
1654 4359 1742 4410 est
1803 4373 1815 4411 :

151 4472 182 4499 ‹‹
222 4448 383 4514 Haec,
411 4447 774 4519 inquit,dicit
804 4446 1087 4502 Dominus
1114 4447 1262 4502 Deus
1288 4444 1471 4501 David
1501 4445 1680 4517 patris
1710 4445 1816 4501 tui:

147 4535 378 4594 Audivi
419 4536 744 4592 orationem
802 4539 984 4603 tuam,
1041 4539 1098 4590 et
1146 4534 1262 4590 vidi
1313 4533 1602 4606 lacrymas
1663 4539 1816 4591 tuas.

1925 1947 2233 2013 pturarum
2258 1947 2601 1999 sanctarum
2632 1944 2991 2000 testimoniis
3021 1946 3578 2018 comprobetur,non

1927 2047 1996 2085 ex
2054 2048 2120 2086 eo
2181 2037 2516 2104 peccatores
2574 2050 2705 2090 esse
2753 2035 2974 2104 justos,
3041 2036 3197 2105 quod
3258 2033 3576 2106 aliquando

1925 2126 2348 2192 peccaverunt;
2381 2123 2484 2178 sed
2515 2139 2584 2178 ex
2622 2140 2687 2178 eo
2741 2124 2935 2194 justos
2995 2141 3356 2196 permanere.
3419 2124 3576 2197 quod

1926 2209 2128 2265 multis
2158 2211 2476 2267 virtutibus
2506 2212 2768 2267 floreant.
2807 2213 2882 2267 De
2909 2199 3072 2268 J’osia
3103 2213 3392 2284 scriptum
3434 2216 3526 2268 est
3555 2228 3571 2269 :

1931 2323 1951 2346 «ι
1991 2300 2144 2355 Fecit
2175 2305 2398 2356 rectum
2422 2301 2480 2355 in
2506 2305 2818 2373 conspectu
2843 2301 3162 2367 Domini,et
3177 2301 3572 2359 ambulavitin

1926 2388 2017 2442 via
2051 2389 2223 2444 David
2255 2389 2697 2460 patrissui.Non
2727 2389 2969 2446 recessit
2985 2407 3174 2462 neque
3206 2391 3276 2446 ad
3308 2391 3573 2448 dextram

1926 2493 2114 2548 neque
2147 2479 2219 2534 ad
2253 2479 2553 2534 sinistram
2585 2482 2657 2550 (II
2682 2481 2870 2536 Paral.
2899 2497 3090 2545 xxx1v,
3121 2481 3199 2552 2),
3232 2503 3255 2533 ι
3291 2483 3348 2536 et
3375 2483 3573 2536 tamen

1926 2584 2059 2622 cum
2083 2571 2237 2623 esset
2259 2569 2484 2638 justus,
2515 2573 2777 2641 tempore
2809 2569 3176 2626 necessitatis
3206 2574 3263 2625 et
3287 2569 3574 2642 angustias

1925 2656 2104 2711 mittit
2128 2658 2200 2712 ad
2223 2657 2430 2713 Oldam
2464 2658 2895 2730 prophetissam
2928 2675 3169 2715 uxorem
3216 2658 3574 2729 Sellum,tilii

1923 2747 2143 2813 Tecuae,
2207 2746 2310 2801 ﬁlii
2363 2752 2548 2802 Aaras
2591 2749 2854 2804 custodis
2905 2749 3178 2806 vestium.
3231 2771 3259 2799 «
3309 2749 3380 2804 Et
3427 2748 3573 2821 haec,

1924 2836 2133 2907 inquit,
2168 2835 2475 2892 habitabat
2504 2837 2832 2895 Jerusalem
2864 2838 2923 2893 in
2956 2839 3214 2896 secunda
3250 2837 3570 2910 (Ibid.22);»

1924 2925 2075 2981 haud
2112 2926 2356 2981 dubium
2390 2927 2532 2998 quin
2565 2927 2693 2982 urbi
2728 2933 2953 3000 partem
2986 2928 3294 3000 signiﬁcet,
3328 2945 3455 3000 qua:
3485 2927 3573 2983 ia-

1920 3015 2117 3071 teriori
2151 3032 2320 3070 muro
2349 3014 2715 3084 vallabatur;
2755 3039 2775 3068 ι
2812 3017 2882 3071 Et
2910 3016 3011 3072 illa
3054 3016 3354 3088 respondit
3387 3033 3400 3070 :
3435 3015 3565 3071 Haec

1920 3105 2060 3160 dicit
2095 3104 2375 3160 Dominus
2395 3105 2550 3160 Deus
2583 3105 2779 3173 Israel,
2815 3107 2891 3161 ite
2948 3111 3005 3160 et
3061 3105 3234 3161 dicite
3291 3105 3412 3159 viro
3460 3103 3562 3175 qui

1921 3193 2116 3249 missit
2144 3211 2244 3249 vos
2275 3194 2344 3248 ad
2372 3208 2462 3248 me
2495 3194 2808 3265 (Ibid.23).»
2841 3195 2901 3249 In
2934 3211 3049 3266 quo
3072 3193 3302 3250 occulta
3322 3198 3380 3249 et
3405 3195 3560 3265 regis

1920 3288 1976 3338 et
2002 3284 2373 3338 sacerdotum
2395 3289 2452 3338 et
2481 3283 2745 3338 omnium
2767 3283 3024 3338 virorum
3056 3283 3433 3356 reprehensio
3447 3287 3561 3351 est,

1919 3372 2073 3443 quod
2106 3370 2304 3426 nullus
2332 3373 2592 3427 virorum
2624 3376 2862 3428 sanctus
2895 3374 3148 3445 potuerit
3190 3372 3563 3446 reperiri,qui

1919 3465 2118 3532 posset
2146 3461 2344 3516 futura
2374 3463 2971 3534 prazdicereDenique
2991 3462 3342 3520 interficitur
3368 3463 3563 3521 Josias

1920 3569 1954 3607 ο.
1983 3551 2287 3606 Pharaone
2355 3567 2489 3623 rege
2519 3552 2770 3624 rEgypti,
2803 3569 2868 3608 eo
2902 3554 3059 3624 quod
3092 3553 3567 3610 nolueritaudiro

1920 3640 2096 3695 verba
2129 3639 2377 3708 Domini,
2410 3657 2478 3696 ex
2507 3657 2604 3696 ore
2633 3643 2898 3698 Jeremiae
2929 3642 3243 3714 prophetat,
3271 3643 3390 3698 sive
3412 3647 3477 3697 ut
3507 3643 3570 3699 in

1924 3728 2384 3801 Paralipomenis
2416 3731 2514 3802 (at.
2543 3731 3025 3804 Paralipomenon
3074 3731 3246 3801 libro)
3286 3731 3570 3803 scriptum

1924 3823 2012 3874 est
2045 3836 2056 3872 :
2095 3841 2122 3869 ‹‹
2155 3819 2352 3874 Noluit
2377 3820 2570 3875 Josias
2600 3821 2940 3889 reverti,sed
2965 3821 3187 3892 paravit
3215 3825 3416 3876 contra
3434 3834 3572 3876 eum

1926 3907 2166 3975 bellum,
2185 3924 2288 3963 nec
2319 3909 2576 3979 acquivit
2602 3909 2973 3964 sermonibus
3001 3909 3230 3964 Nechao
3259 3925 3326 3964 ex
3357 3925 3456 3964 ore
3476 3907 3575 3964 Dei

1929 3998 1998 4068 (II
2030 3998 2196 4052 Ραναί
2253 4015 2423 4065 xxxv,
2475 3998 2588 4069 22),
2625 4021 2651 4047 ››
2684 3999 2750 4053 Et
2807 3998 3092 4054 infertur:
3124 4020 3151 4048 ‹‹
3185 3998 3575 4070 Mortuusque

1929 4091 2016 4141 est
2037 4091 2093 4141 et
2125 4086 2393 4158 sepultus
2424 4086 2482 4140 in
2517 4086 2817 4143 mausoleo
2852 4092 3083 4159 patrum
3119 4092 3451 4157 suorum,et
3473 4086 3578 4144 uni

1923 4193 2126 4231 versus
2155 4176 2184 4230 .l
2197 4177 2312 4230 uda
2335 4181 2392 4231 et
2414 4176 2738 4233 Jerusalem
2755 4179 2774 4211 ⁵
2789 4177 3062 4233 luxerunt
3082 4195 3239 4248 eum,
3259 4177 3581 4251 praecipue-

1930 4283 2041 4336 que
2067 4265 2353 4321 Jeremias
2386 4268 2555 4338 cujus
2586 4281 2789 4323 omnes
2821 4273 3149 4325 cantatores
3180 4274 3356 4341 atque
3385 4273 3581 4325 canta-

1930 4355 2102 4411 trices
2131 4372 2317 4427 usque
2347 4357 2404 4410 in
2438 4361 2780 4427 praesentem
2815 4359 3446 4428 diem,lamentationes
3477 4375 3579 4416 su-

1931 4463 2032 4517 per
2053 4445 2275 4501 Josiam
2296 4445 2663 4516 replicant,et
2695 4448 2864 4519 quasi
2899 4448 2990 4504 lex
3021 4449 3275 4505 obtinuit
3305 4448 3578 4504 inlsrael.

1930 4536 2075 4590 Ecce
2108 4535 2394 4607 scriptum
2431 4535 2614 4592 fertur
2648 4538 2704 4591 in
2738 4538 3264 4595 lamentationibus
3306 4538 3467 4608 (Ibid.
3508 4537 3578 4594 24

148 4625 332 4694 (Ibid.
364 4627 421 4693 5)
455 4648 476 4678 ι
506 4623 756 4680 Additur
781 4622 834 4680 ei
865 4627 1099 4695 tempus
1123 4623 1336 4687 vitae,et
1360 4623 1430 4678 de
1450 4622 1821 4695 Assyriorum
1851 4629 1898 4696 Ι)
1929 4625 2065 4693 25.).
2107 4648 2134 4674 ››

149 4714 454 4772 manibus
480 4712 763 4770 liberatur
796 4732 809 4783 ;
842 4717 899 4769 et
927 4717 1124 4768 tamen
1157 4712 1391 4786 signum
1444 4711 1723 4784 postulat,
1757 4717 1822 4767 ut

151 4805 378 4861 credat
402 4819 604 4859 verum
639 4819 787 4871 esse,
822 4803 977 4874 quod
1013 4804 1163 4858 Deus
1208 4801 1630 4873 repromiserit,
1665 4802 1821 4872 quod

152 4893 387 4951 saltem
415 4910 604 4966 parvae
635 4892 933 4948 ﬁdelitatis
965 4891 1251 4946 indicium
1284 4889 1554 4946 est.Misit
1593 4907 1825 4961 quoque

150 5002 259 5041 rex
295 4982 616 5056 Babylonis
648 4981 888 5037 nuntios
910 4984 965 5036 et
987 4979 1231 5054 legatos,
1265 4979 1363 5051 qui
1407 4979 1457 5034 ei
1511 4985 1825 5051 congratu-

150 5074 440 5132 larentur
486 5073 559 5128 ob
613 5071 946 5127 restitutam
995 5070 1256 5142 corporis
1298 5068 1608 5124 sanitatem
1658 5085 1671 5124 :
1726 5069 1826 5141 qui

152 5159 436 5220 ostendit
466 5161 549 5217 eis
580 5177 784 5217 omnes
815 5160 1123 5216 thesauros
1155 5161 1505 5225 aromatum,
1542 5157 1669 5212 auri
1693 5175 1831 5229 quo-

229 5291 246 5324 ¹
288 5289 427 5345 1)υο
460 5287 724 5343 Vaticani
756 5303 924 5354 mss.,
951 5287 1058 5354 Qui
1088 5286 1285 5340 avertit
1314 5284 1534 5354 faciem,
1568 5287 1676 5339 etc.

230 5360 456 5417 ’Alter
483 5358 691 5425 Vatic.,
723 5375 831 5415 non
857 5357 1190 5414 desiderabis
1223 5371 1433 5421 causas,
1468 5361 1576 5410 etc.

232 5435 256 5469 ³
290 5431 600 5488 Victorius
634 5433 694 5485 in
739 5429 894 5485 domo
945 5445 1064 5491 sua,
1123 5446 1189 5484 ex
1243 5427 1531 5481 Brixianis
1581 5427 1747 5482 codd.
1778 5433 1836 5484 et

157 5505 380 5561 Graeco
412 5503 579 5560 Isaiae
606 5505 765 5558 textu
797 5499 846 5553 ἐν
871 5503 948 5570 τῷ
979 5495 1115 5570 οἷ’κῳ
1150 5497 1312 5551 αὐτοῦ
1343 5498 1625 5554 Hebraice
1659 5501 1834 5554 etiam

157 5585 379 5645 manu,
419 5579 481 5632 in
510 5575 666 5631 domo
723 5590 848 5639 sua,
899 5576 958 5628 at
1001 5570 1437 5645 l-lieronymiani
1496 5587 1838 5645 mss._quos

158 5641 596 5708 consuluimus
624 5661 757 5702 cum
781 5645 1074 5718 plerisque
1096 5642 1370 5700 omnibus
1401 5641 1842 5716 impressis’Do-

160 5725 322 5782 mini
353 5719 698 5798 praeferunt.

511 5850 782 5914 Ρλτιιοι.
828 5844 1050 5912 XXIII.

2001 4715 2094 4768 23.
2135 4714 2401 4784 Exempla
2429 4715 2542 4768 alia
2573 4724 2889 4770 sanctorum
2921 4719 2976 4770 in
3013 4716 3411 4787 Scripturis.—
3436 4715 3580 4770 Puto

1936 4804 2089 4874 quod
2114 4804 2488 4860 sermonibus
2510 4804 2604 4858 Dei
2625 4821 2726 4876 per
2744 4805 3068 4876 quemlibet
3086 4823 3197 4860 non
3220 4805 3583 4877 acquievisse

1935 4896 2237 4964 peceatum
2289 4891 2384 4946 sit.
2437 4894 2511 4947 De
2559 4893 2688 4965 ipso
2733 4894 3014 4948 Jeremias
3065 4893 3343 4966 loquitur,
3397 4911 3583 4966 quan-

1937 4998 2112 5052 quam
2145 4981 2254 5035 hoc
2287 4981 2546 5052 plerique
2579 4984 2903 5038 secundum
2933 4982 3587 5056 anagogenintelligant

1939 5073 2009 5127 de
2069 5073 2312 5126 Domino
2370 5070 2713 5127 Salvatore:
2763 5096 2790 5121 ‹‹
2843 5073 3098 5145 Spiritus
3157 5072 3320 5128 faciei
3372 5076 3585 5128 nostra

1939 5160 2207 5216 Christus
2242 5159 2522 5215 Dominus
2554 5166 2759 5232 captus
2790 5166 2878 5217 est
2908 5178 3010 5233 pro
3044 5163 3299 5233 peccatis
3341 5161 3583 5219 nostris.

2014 5288 2032 5318 ’δ
2062 5288 2202 5340 Mss.
2238 5302 2371 5340 cum
2402 5285 2579 5340 veteri
2612 5285 2778 5354 edit.,
2809 5286 2872 5341 ob
2901 5303 3067 5357 quam
3095 5287 3334 5358 culpam.

2016 5359 2034 5389 ⁸⁵
2080 5358 2298 5412 Nomen
2347 5358 2513 5410 Israel
2565 5373 2866 5427 perperam
2918 5358 3010 5412 hic
3061 5360 3385 5415 obtrudunt
3441 5359 3584 5416 editi

1947 5430 2228 5483 hactenus
2261 5427 2391 5481 libri
2426 5427 2482 5480 in
2517 5429 2734 5498 quibus
2763 5434 2852 5483 est
2881 5432 3168 5485 universus
3223 5434 3391 5487 Israel
3448 5431 3590 5488 Iuda

1947 5510 1998 5556 et
2028 5499 2468 5576 JerusutemSed
2497 5498 2638 5576 illud
2674 5516 2861 5576 neque
2894 5503 3230 5576 mss.nostri
3262 5510 3593 5576 agnoscunt

1951 5589 2136 5644 neque
2159 5571 2466 5652 Scriptura:
2490 5574 2845 5652 .textus,Mox
2874 5571 3388 5634 cantriceshabént
3413 5577 3590 5637 iidem

1951 5661 2095 5702 mss.
2128 5659 2230 5716 pro
2256 5645 2602 5698 cantatrices.

3197 5853 3274 5917 19
