3966 6394
411 369 527 434 587

1647 365 1712 427 S.
1757 359 2071 427 EUSEBII
2115 361 2578 429 HIERONYMI.

3688 355 3814 423 588

411 505 515 562 Cui
545 501 818 570 diximus,
851 500 966 556 Sub
998 499 1210 555 umbra
1237 501 1339 554 tua
1367 498 1630 554 vivemus
1672 497 1729 552 in
1778 497 2052 569 gentibus
2080 499 2136 566 Α
2168 498 2268 568 qui
2302 504 2512 567 rectus,
2544 499 2713 571 quasi
2745 499 2917 571 spina
2955 498 3026 553 de
3069 512 3204 570 sepe
3252 494 3413 568 (Ibid.
3466 495 3539 566 4).
3597 518 3628 545 ››
3678 493 3814 550 Hac

414 595 648 668 (Thren.
682 609 757 657 1v,
789 590 900 661 20).
932 610 960 639 »
993 588 1222 658 Moyses
1247 587 1338 643 cui
1372 588 1604 642 locutus
1635 591 1724 642 est
1771 586 2057 642 Dominus

416 683 559 739 facie
583 682 655 737 ad
688 680 893 736 faciem
927 677 1116 749 (Exod.
1150 694 1344 739 χχχιιι,
1379 677 1487 747 Η),
1513 680 1571 731 et
1599 674 1758 730 salva
1790 675 1942 730 facta
1969 678 2059 729 est

416 771 615 829 anima
642 769 790 839 ejus,
824 767 897 822 ad
928 783 1112 838 aquas
1138 764 1619 820 contradictionis
1660 763 1921 828 offendit,
1954 779 2059 817 nec

416 859 631 917 meruit
678 874 813 914 cum
863 858 1041 912 tratre
1075 857 1264 910 Aaron
1317 859 1533 909 terram
1583 851 2059 925 repromissionis

416 950 655 1005 intrare.
689 951 770 1002 De
797 945 1013 1017 quibus
1043 948 1100 1000 et
1130 942 1444 998 Psalmista
1473 941 1631 997 canit
1665 959 1677 996 :
1718 961 1744 992 ιι
1789 939 2060 1011 Absorpti

419 1041 560 1095 sunt
605 1034 800 1108 juncti
849 1037 1024 1106 petrae
1064 1031 1293 1103 judices
1330 1046 1568 1086 eorum:
1603 1029 1843 1084 audient
1888 1029 2064 1084 verba

420 1143 571 1194 mea,
602 1126 746 1181 771
785 1122 1062 1195 quoniam
1096 1119 1479 1192 placuerunt‘
1514 1120 1816 1190 (Psai,cx1.,
1849 1119 1960 1188 6).»
1997 1118 2066 1172 Et

421 1220 511 1272 est
539 1230 749 1271 sensus
783 1230 796 1267 :
830 1210 1070 1267 Judices
1101 1209 1302 1281 populi
1341 1209 1702 1275 Judszorum,
1737 1207 1966 1278 Moyses
2009 1210 2066 1260 et

420 1299 902 1370 Aaron,devorati
936 1303 1074 1354 sunt
1105 1315 1138 1352 a
1170 1302 1404 1370 peccato
1426 1295 1624 1369 populi
1640 1297 1811 1366 juxta
1840 1300 2062 1366 petram

420 1395 493 1450 de
513 1409 631 1465 qua
647 1405 934 1463 aquarum
959 1389 1178 1443 fluenta
1193 1390 1593 1454 manarunt,et
1613 1390 1766 1441 certe
1792 1384 1898 1456 ipsi
1919 1383 2066 1454 justi

417 1483 677 1548 fuerunt,
704 1483 760 1536 et
789 1477 1136 1534 obedierunt
1166 1475 1540 1531 sermonibus
1571 1473 1692 1541 Dei,
1726 1473 1826 1544 qui
1860 1489 1960 1544 per
2006 1487 2066 1526 se

419 1567 757 1627 suavissimi
789 1570 950 1622 sunt.
985 1564 1244 1636 Denique
1278 1563 1546 1635 sequitur
1576 1563 1646 1618 de
1689 1561 2068 1616 cadaveribus

420 1660 478 1715 in
514 1657 830 1722 solitudine
862 1658 1227 1710 mortuorum
1255 1669 1267 1707 :
1303 1676 1328 1699 ‹‹
1353 1651 1529 1715 Quasi
1547 1650 1877 1706 crassitudo
1901 1655 2066 1704 terra)

423 1746 642 1818 dirupti
663 1748 804 1800 sunt
824 1759 1000 1815 super
1021 1741 1542 1812 terram.Dispersa
1567 1744 1705 1794 sunt
1725 1757 1860 1794 ossa
1871 1743 2070 1794 nostra

424 1851 596 1892 secus
627 1832 923 1892 infernum
959 1830 1129 1901 (Psal.
1159 1845 1281 1899 CXL,
1313 1831 1367 1896 7,
1401 1831 1508 1897 8).-
1549 1830 1610 1884 In
1639 1829 1781 1884 Osee
1811 1828 2072 1899 loquitlr

427 1924 582 1980 Deus
625 1938 638 1979 :
674 1945 701 1973 ‹‹
738 1919 1116 1992 Desponsabo
1149 1923 1208 1973 te
1237 1918 1385 1973 mihi
1416 1919 1473 1972 in
1501 1917 1736 1989 justitia
1759 1923 1815 1972 et
1847 1916 2072 1988 judicio

430 2013 584 2086 (Osee
613 2028 676 2077 11,
713 2011 852 2080 l9).-
889 2008 1218 2079 Statimque
1250 2006 1556 2078 subjungit
1588 2024 1599 2061 :
1637 2029 1662 2055 ‹‹
1696 2008 1766 2061 Et
1786 2006 2076 2062 miserico-

429 2101 526 2158 dia
555 2105 612 2156 et
643 2097 1120 2156 miserationibus
1151 2097 1256 2164 ’,εἰ
1286 2096 1344 2151 ἱιι
1369 2096 1482 2151 ﬁde
1513 2096 1693 2167 (Ibid)
1727 2113 1790 2162 ;››
1814 2101 1873 2150 ut
1894 2095 2074 2167 largi-

427 2191 573 2248 toris
601 2187 841 2260 praemio
874 2185 1431 2259 recognoscat,quod
1456 2185 1578 2256 ipse
1592 2186 1667 2239 sit
1698 2185 2073 2240 Dominus.ln

428 2279 634 2336 eodem
665 2276 952 2348 scriptum
983 2278 1072 2330 est
1099 2273 1247 2329 libro
1281 2290 1294 2329 :
1334 2295 1361 2322 ‹‹
1393 2273 1546 2329 Deus
1575 2289 1680 2345 ego
1711 2290 1841 2329 sum
1874 2278 1929 2328 et
1959 2289 2074 2328 non

428 2368 626 2431 homo,
664 2365 721 2420 in
755 2363 947 2420 medio
978 2363 1065 2418 tui
1097 2367 1364 2432 sanctus,
1392 2367 1450 2417 et
1479 2378 1594 2417 non
1626 2363 1922 2434 ingrediar
1945 2361 2078 2417 civi-

427 2459 609 2513 tatem
638 2453 789 2526 (Osee
815 2453 1014 2524 xx,9),»
1045 2451 1314 2507 vitirrum
1349 2451 1572 2507 scilicet
1600 2450 2076 2507 conciliabulum.

431 2545 562 2618 Ipse
589 2542 752 2600 solus
781 2541 933 2598 hanc
995 2557 1112 2596 non
1158 2539 1488 2612 ingreditur
1535 2539 1848 2605 civitatem,
1900 2556 2079 2610 qnam

431 2631 738 2688 aedificavit
767 2629 906 2685 Cain
938 2629 998 2683 in
1023 2629 1257 2684 nomine
1280 2628 1382 2682 lilii
1408 2629 1500 2683 sui
1521 2629 1870 2699 Enoch,qua2
1884 2629 2082 2684 omnia

431 2720 801 2777 sacerdotum
834 2717 1094 2788 quotidie
1125 2733 1227 2772 ora
1255 2716 1684 2783 concelebrant,
1712 2717 1740 2768 ὁ
1773 2714 1936 2788 μόνος
1962 2716 2081 2769 ἀνα-

439 2809 714 2884 μάρτητος
747 2808 789 2878 ⁸,
821 2807 975 2877 quod
1006 2805 1067 2860 in
1099 2803 1300 2877 lingua
1332 2811 1532 2861 nostra
1562 2805 1794 2871 dicitur,
1828 2809 1924 2876 qui
1937 2808 2084 2862 solus

434 2900 658 2954 estsine
684 2903 917 2970 peccato.
954 2895 1088 2958 Quae
1134 2893 1265 2950 laus
1299 2895 1472 2965 juxta
1525 2895 1876 2950 sententiam
1922 2902 2083 2951 tuam

434 2989 657 3044 frustra
688 2987 805 3042 Deo
837 2987 1142 3056 reputatur
1167 2985 1265 3052 (al.
1299 2984 1658 3055 deputatur),
1709 2986 1755 3040 si
1806 2990 1894 3040 est
1922 3001 2082 3040 com-

439 3076 638 3134 munis
685 3091 820 3131 cum
870 3073 1113 3130 caeteris.
1151 3072 1268 3128 Nos
1315 3073 1472 3128 enim
1507 3074 1679 3144 juxta
1727 3081 1904 3134 Amos
1949 3091 2084 3129 con-

435 3165 722 3224 vertimus
746 3163 1042 3236 justitiam
1064 3162 1124 3218 in
1155 3161 1610 3229 absinthium,ec
1634 3163 1857 3220 fructus
1876 3163 2085 3235 judicii

2104 1874 2150 1938 B

2167 586 2724 659 hominumjustitia
2753 593 2859 654 est,
2885 593 2949 643 ut
2969 589 3140 660 juxta
3168 587 3343 643 verba
3371 585 3635 657 ejusdem
3657 583 3812 640 772

2169 676 2484 747 prophetae,
2520 694 2625 732 nec
2674 677 2883 742 amico,
2935 693 3038 731 nec
3069 676 3329 747 conjugi,
3388 690 3494 730 nec
3543 672 3682 729 {iliis
3737 672 3817 729 sit

2167 765 2542 830 credendum,
2579 766 2762 837 quia«
2796 765 3017 820 inimici
3049 764 3305 820 hominis
3336 761 3641 818 domestici
3682 762 3817 833 ejus

2169 854 2444 924 (Ibid.6).»
2475 853 2658 916 Quam
2684 854 3030 909 sententiam
3053 853 3228 908 etiam
3253 869 3442 909 sermo
3473 850 3819 906 Dominicus

2170 941 2569 1014 comprobavit
2598 943 2810 1012 (Matth.
2841 961 2898 1007 x,
2929 943 3039 1013 36).
3080 942 3241 997 Unde
3285 941 3458 996 datur
3495 939 3816 996 consilium

2172 1047 2273 1102 per
2303 1032 2574 1087 eumdem
2611 1031 2950 1103 prophetam
2979 1049 2990 1085 :
3028 1054 3055 1081 τι
3088 1031 3359 1087 Indicabo
3391 1029 3518 1096 tibi,
3551 1046 3583 1085 ο
3613 1029 3816 1096 homo,

2173 1120 2312 1191 quid
2346 1120 2422 1175 sit
2453 1121 2698 1190 bonum,
2729 1126 2788 1176 et
2817 1121 2957 1192 quid
2983 1121 3266 1176 Dominus
3298 1123 3519 1191 quaerat
3549 1135 3583 1174 a
3610 1117 3817 1188 te,uti-

2173 1225 2286 1279 que
2317 1209 2503 1264 facere
2526 1209 2843 1280 judicium,
2875 1215 2929 1264 et
2958 1209 3199 1281 diligere
3245 1207 3729 1275 misericordiam,
3763 1211 3824 1263 et

2175 1297 2493 1352 sollicitum
2524 1298 2825 1354 ambulare
2856 1315 2989 1354 cum
3017 1299 3132 1354 Deo
3161 1303 3262 1354 tuo
3294 1298 3472 1370 (Mich.
3523 1314 3598 1366 v1,
3655 1297 3736 1369 8).
3790 1319 3821 1344 ιο

2177 1385 2451 1456 Nunquid
2485 1386 2645 1453 dixit,
2681 1386 2890 1442 habeto
2922 1387 3314 1460 aequalitatem
3348 1385 3449 1442 Dei
3480 1391 3678 1442 etnon
3707 1385 3823 1441 hoc

2178 1474 2331 1544 quod
2363 1475 2685 1529 maximum
2719 1480 2830 1541 est,
2857 1500 2883 1525 «
2920 1475 3238 1532 sollicitum
3271 1474 3571 1531 ambulare
3593 1475 3824 1545 (al.am-

2179 1561 2338 1633 bula)
2370 1579 2503 1618 cum
2541 1565 2651 1619 Deo
2682 1570 2802 1619 tuo.
2838 1588 2864 1615 »
2903 1565 2974 1620 Ut
3007 1582 3310 1637 nunquam
3341 1581 3584 1620 securus
3613 1563 3720 1636 sis,
3757 1567 3825 1618 ut

2179 1653 2337 1706 omni
2370 1654 2738 1708 observantia
2770 1655 3068 1710 custodias
3099 1671 3198 1710 cor
3225 1659 3416 1717 tuum,
3460 1658 3523 1709 ut
3551 1653 3823 1709 conside-

2180 1755 2293 1803 res,
2328 1740 2606 1810 quoniam
2641 1743 2696 1795 in
2733 1742 2924 1797 medio
2947 1741 3292 1813 laqueorum
3321 1741 3681 1809 ambules,et
3708 1742 3823 1797 sub

2182 1845 2483 1885 murorum
2516 1830 2712 1902 pinnis
2744 1830 3116 1904 ingrediaris,
3146 1835 3210 1885 ut
3240 1829 3383 1885 illud
3417 1829 3676 1902 quotidie
3707 1845 3829 1885 me-

2185 1917 2407 1973 (literis:
2424 1939 2443 1965 α
2466 1920 2644 1974 Juxta
2663 1921 2933 1975 semitam
2958 1919 3300 1975 scandalum
3325 1924 3650 1992 posuerunt
3679 1918 3826 1974 mihi

2185 2007 2353 2077 (Psal.
2389 2026 2616 2076 cxxxxx,
2650 2011 2761 2079 6).»
2800 2032 2826 2058 ‹‹
2859 2009 3134 2079 Superbia
3165 2010 3322 2064 enim
3373 2008 3594 2064 resistit
3645 2007 3826 2078 Deus,

2184 2095 2509 2152 humilibus
2545 2102 2738 2152 autem
2771 2099 2871 2152 dat
2899 2099 3144 2169 gratiam
3177 2099 3309 2167 (Jac.
3345 2115 3422 2164 1v,
3453 2097 3526 2168 6).
3561 2118 3589 2146 ››

2255 2186 2342 2239 24.
2403 2186 2641 2241 Timidus
2689 2189 2862 2241 vitare
2905 2191 3076 2257 potest
3115 2186 3183 2240 ad
3237 2195 3443 2258 tempus
3482 2189 3724 2256 peccata.
3759 2213 3830 2224 —

2187 2273 2292 2338 Qui
2328 2279 2534 2330 cautus
2565 2279 2622 2330 et
2648 2274 2886 2328 timidus
2919 2280 3008 2330 est
3039 2279 3230 2345 potest
3262 2275 3332 2329 ad
3367 2277 3599 2346 tempus
3645 2273 3830 2328 vitare

2187 2367 2424 2433 peccata
2457 2382 2468 2431 ;
2503 2364 2600 2435 qui
2636 2381 2877 2419 securus
2909 2369 2996 2420 est
3020 2363 3089 2418 de
3113 2364 3351 2434 justitia
3382 2381 3509 2430 sua,
3541 2365 3832 2435 repugnat

2188 2451 2325 2518 Deo,
2358 2451 2632 2524 illiusque
2665 2452 2877 2508 auxilio
2909 2453 3245 2518 destitutus,
3285 2452 3516 2509 insidiis
3566 2451 3828 2508 hostium

2189 2544 2365 2612 patet.
2401 2564 2429 2590 «
2461 2545 2966 2613 Computrescant,
2995 2541 3139 2597 dicit
3171 2542 3456 2609 Habacuc,
3491 2557 3627 2598 ossa
3675 2556 3829 2606 mea,

2190 2633 2246 2684 et
2276 2630 2477 2685 subter
2509 2647 2601 2686 me
2630 2648 2853 2686 vermes
2886 2635 3168 2698 scateant,
3211 2636 3442 2686 tantum
3491 2635 3556 2686 ut
3602 2631 3834 2702 requie-

2191 2735 2350 2778 scam
2383 2719 2441 2772 in
2477 2719 2570 2773 die
2601 2720 2978 2792 angustiwmt
3000 2721 3312 2776 ascendam
3335 2721 3405 2775 ad
3425 2718 3708 2792 populum
3725 2719 3840 2774 for-

2193 2813 2308 2862 tem
2342 2823 2535 2863 meum
2571 2811 2793 2879 (Ilubac.
2829 2811 3046 2880 111,16).
3104 2832 3131 2857 ››
3180 2809 3282 2864 Hic
3330 2807 3739 2864 tribulationes
3786 2813 3846 2862 et

2194 2897 2494 2970 angustias
2524 2897 3018 2970 afﬂictionemque
3049 2897 3230 2972 animi
3261 2898 3623 2970 deprecatur.
3672 2899 3737 2952 ut
3766 2897 3844 2969 {in

2197 2986 2392 3040 futuro
2423 2986 2681 3041 virorum
2709 2987 2834 3057 jam
2885 3003 3016 3041 cum
3049 2986 3278 3043 Christo
3310 2985 3682 3058 regnantium
3725 3001 3844 3040 nu-

2197 3091 2355 3130 mero
2387 3075 2660 3131 societur.
2722 3076 2803 3130 Ex
2859 3092 2973 3146 quo
3024 3076 3398 3147 perspicuum
3444 3079 3550 3143 est,
3611 3075 3706 3130 hic
3728 3091 3846 3147 pu-

2199 3180 2376 3234 gnam
2408 3168 2583 3236 atque
2611 3168 2990 3231 certamen,et
3020 3165 3077 3219 in
3111 3165 3308 3220 futuro
3341 3180 3468 3221 esse
3507 3163 3843 3220 victoriam.

436 3257 500 3312 in
533 3243 986 3311 amaritudinem
1019 3253 1223 3324 (Amos,
1252 3269 1332 3320 v1,
1356 3253 1465 3323 i3).
1502 3254 1848 3324 Loquuntur
1897 3261 2083 3309 nauta:
2116 3241 2158 3307 C
2195 3252 2369 3308 Jesus
2406 3253 2564 3309 ﬁlius
2592 3254 2828 3319 Josedec,
2872 3254 3028 3325 quod
3077 3254 3493 3326 interpretatur
3549 3276 3577 3304 ‹‹
3629 3253 3844 3324 justus

444 3348 621 3416 atque
651 3347 907 3399 vectores
936 3341 995 3396 in
1026 3342 1174 3397 libro
1206 3341 1364 3397 Jonas
1391 3358 1404 3395 :
1429 3364 1454 3391 α
1481 3341 2081 3414 Rogamus,Domine,

441 3450 515 3492 ne
545 3433 756 3506 perdas
790 3447 894 3486 nos
925 3434 1160 3503 propter
1188 3430 1486 3485 hominem
1520 3430 1698 3486 istum
1729 3433 1964 3502 ‘,neque
1996 3431 2081 3485 in-

439 3523 624 3578 ducas
641 3535 817 3592 uper
837 3537 943 3576 nos
966 3519 1312 3592 sanguinem
1338 3519 1728 3575 innocentem.
1746 3521 1902 3575 Sicut
1924 3519 2081 3574 enim

437 3609 660 3684 placuit
689 3609 820 3678 tibi,
855 3607 938 3663 sic
968 3608 1184 3662 tactum
1217 3611 1324 3673 est,
1350 3607 1592 3662 Domine
1625 3608 1771 3678 (Ion.
1817 3625 1854 3674 1,
1904 3607 2013 3676 Ut).
2052 3631 2072 3658 ι

432 3698 713 3756 Nesciunt
743 3713 974 3765 causas,
1007 3696 1147 3767 quid
1181 3700 1473 3750 mereatur
1501 3695 1804 3767 propheta,
1838 3712 2040 3751 servus
2061 3696 2082 3728 ⁸

433 3788 735 3862 fugitivus,
766 3791 823 3843 et
849 3790 1047 3842 tamen
1071 3785 1405 3856 justiﬁcant
1433 3784 1700 3851 Deum,et
1731 3784 2075 3857 sanguinem

431 3878 803 3935 innocentem
837 3875 1116 3941 fatentur,
1149 3874 1318 3942 cuius
1349 3889 1525 3944 opera
1574 3890 1688 3928 non
1741 3876 1973 3928 norunt.
2009 3875 2078 3928 Et

429 3970 503 4024 ad
533 3972 861 4025 extremum
899 3982 910 4020 :
950 3987 978 4015 «
1013 3964 1177 4019 Sicut
1205 3962 1426 4035 placuit
1482 3963 1611 4033 tibi,
1661 3962 1930 4028 Domine,
1991 3962 2076 4017 sic

429 4059 648 4112 factum
679 4059 828 4112 est.»
854 4054 977 4110 Non
1006 4057 1276 4125 quaerunt
1295 4051 1591 4123 justitiam
1615 4051 1914 4106 sententiae
1934 4051 2032 4107 Dei
2057 4067 2069 4106 :

424 4147 531 4204 sed
561 4146 864 4201 veritatem
886 4143 1035 4215 justi
1056 4142 1276 4213 judicis
1307 4142 1677 4198 conﬁtentur.
1703 4140 1971 4196 Michzeas
1994 4140 2071 4196 la-

428 4231 732 4305 crymabili
761 4248 902 4287 voce
953 4235 1204 4288 testatur
1237 4247 1248 4286 :
1284 4253 1311 4278 «
1346 4230 1522 4285 Periit
1568 4233 1806 4286 sanctus
1838 4230 1934 4300 (al,
1986 4247 2070 4286 se-

423 4323 586 4394 men)
616 4322 686 4377 de
733 4325 910 4386 terra,
962 4324 1020 4374 et
1060 4323 1254 4374 rectus
1299 4320 1357 4373 in
1406 4319 1743 4374 hominibus
1793 4336 1908 4374 non
1956 4325 2065 4387 est,

423 4427 630 4470 omnes
659 4409 720 4465 in
751 4408 1037 4482 sanguine
1085 4407 1458 4476 insidiantur,
1514 4408 1922 4481 unusquisque
1954 4409 2063 4464 fra-

2197 3341 2426 3396 Domini
2457 3344 2499 3407 6,
2535 3365 2562 3390 »
2593 3343 2866 3398 sacerdos
2897 3359 3171 3414 magnus,
3205 3342 3449 3398 indutus
3479 3341 3845 3397 describitur

2191 3430 2453 3485 vestibus
2481 3431 2755 3498 sordidis,
2790 3431 2889 3502 qui
2908 3435 3211 3503 peccatum
3244 3448 3358 3486 non
3391 3432 3607 3500 fecit,et
3633 3434 3840 3487 tamen

2194 3523 2392 3575 nostra
2423 3524 2655 3590 peccata
2687 3519 2956 3591 portavit,
2989 3520 3061 3575 ad
3110 3520 3282 3590 cujus
3330 3521 3594 3576 dextram
3639 3519 3844 3576 stabat

2192 3607 2458 3672 Satanas,
2491 3613 2557 3664 ut
2588 3609 2992 3664 adversaretur
3020 3609 3071 3664 ei
3100 3611 3348 3676 [Zachar.
3383 3627 3468 3676 ιιι,
3493 3609 3565 3681 1).
3590 3608 3841 3664 Dicitur-

2190 3712 2301 3768 que
2331 3698 2402 3752 ad
2435 3713 2567 3753 eum
2602 3703 2734 3770 post
2760 3714 3018 3771 pugnam
3052 3703 3225 3770 atque
3254 3698 3555 3754 victoriam
3592 3715 3605 3752 :
3645 3719 3665 3746 ι
3714 3700 3839 3753 Au-

2189 3786 2334 3842 ferte
2372 3791 2592 3842 vestem
2647 3788 2947 3844 sordidam
3007 3788 3078 3843 ab
3137 3804 3203 3844 eo
3263 3788 3422 3859 (Ibid.
3482 3789 3538 3857 Α)
3597 3805 3670 3854 ;ι
3718 3791 3826 3842 et:

2187 3897 2213 3923 «
2254 3875 2391 3930 Ecce
2421 3875 2635 3930 abstuli
2669 3881 2788 3930 ate
2829 3876 3198 3947 iniquitatem
3253 3882 3437 3940 tuam,
3484 3899 3505 3926 ι
3539 3881 3596 3931 et
3646 3875 3840 3931 haeres

2183 3963 2474 4020 Joviniani
2506 3964 2808 4036 loquitur:
2847 3966 3042 4021 «Sine
3089 3965 3250 4021 omni
3298 3966 3539 4022 omnino
3589 3969 3837 4036 peccato

2184 4071 2340 4121 sum,
2377 4053 2614 4110 sordida
2636 4055 2982 4111 vestimenta
3011 4070 3124 4109 non
3157 4055 3363 4124 habeo,
3390 4054 3624 4127 proprio
3655 4070 3836 4126 regor

2182 4140 2441 4209 arbitrio,
2475 4142 2662 4212 major
2688 4139 2961 4213 Apostolo
2993 4158 3146 4197 sum.
3178 4141 3278 4197 Ille
3327 4143 3465 4198 facit
3502 4142 3657 4213 quod
3701 4145 3830 4197 non

2179 4229 2320 4296 vult,
2352 4235 2408 4285 et
2438 4231 2591 4303 quod
2625 4229 2749 4284 vult
2782 4247 2893 4285 non
2923 4230 3079 4297 facit,
3111 4247 3218 4303 ego
3267 4231 3414 4287 facio
3463 4231 3618 4302 quod
3664 4229 3827 4301 volo,

2179 4323 2233 4373 et
2284 4319 2437 4390 quod
2499 4318 2630 4374 nolo
2690 4335 2802 4374 non
2869 4319 3034 4386 facio,
3098 4325 3423 4393 praeparata
3477 4323 3617 4376 sunt
3671 4319 3828 4375 mihi

2175 4425 2354 4480 regna
2379 4407 2682 4475 cmlorum,
2713 4408 2829 4463 imo
2857 4407 2980 4480 ipse
3011 4425 3079 4464 ea
3108 4408 3251 4464 mihi
3306 4409 3452 4465 meis
3500 4409 3648 4464 778
3697 4409 3826 4464 vir-

419 4507 574 4560 trem
597 4517 774 4557 suum
795 4503 1044 4555 venatur
1067 4498 1138 4554 ad
1172 4497 1659 4554 mortem.Malum
1693 4514 1934 4553 manum
1957 4515 2065 4553 sua
2174 4497 2403 4552 tutibus
2435 4495 2801 4569 praeparavi.»
2829 4497 2892 4551 In
2917 4512 3031 4568 quo
3052 4498 3236 4553 Adam
3266 4503 3496 4554 tenetur
3510 4497 3824 4566 obnoxius,

420 4609 558 4648 rum
591 4589 797 4646 dicunt
823 4589 1042 4644 bonum
1075 4588 1258 4659 (Mich.
1298 4605 1400 4655 vu,
1434 4593 1486 4654 ‘2,
1521 4588 1597 4658 3).
1629 4606 1654 4638 ι»
1710 4589 1779 4641 Et
1808 4589 2060 4654 iterum;

413 4703 451 4757 μ
480 4681 588 4748 Qui
619 4679 877 4752 optimus
900 4677 1052 4733 inter
1081 4693 1180 4734 eos
1211 4681 1318 4745 est,
1353 4676 1522 4748 quasi
1555 4675 1818 4747 paliurus
1865 4681 1973 4744 est,
2007 4681 2064 4730 et

487 4845 504 4878 ¹
532 4840 904 4898 Μαινῐίιιιιεξιιιε
947 4854 1172 4904 omnes,
1225 4837 1441 4908 quibus
1486 4853 1631 4892 usus
1675 4842 1782 4902 est,
1831 4835 2060 4892 codices

415 4931 561 4974 mss.
598 4913 866 4986 praeferre
891 4911 1030 4965 dicit
1055 4913 1371 4986 potuerunt.
1405 4908 1616 4963 Contra
1645 4908 1827 4986 nostri
1847 4924 2058 4986 omnes

411 4979 619 5062 legunt
644 4986 972 5062 piacuerunt
1004 4979 1068 5036 et
1100 4980 1392 5062 Victorius
1441 4996 1672 5062 quoque
1715 4981 1795 5033 ita
1843 4979 1901 5062 in
1935 4979 2058 5062 suis

413 5047 1051 5132 reperit.'_Suffra_gatur
1087 5052 1405 5132 et_(_}ra3cus
1453 5047 1756 5132 ἦδύνθησαγ
1807 5055 1863 5132 et
1907 5051 2054 5132 sub-

415 5123 564 5187 ne'xa
594 5123 921 5184 S.Doctoris
949 5125 1233 5197 expositio
1263 5126 1360 5197 qui
1384 5139 1486 5193 per
1505 5139 1562 5177 se
1591 5123 1916 5176 suavissimi
1933 5127 2059 5197 sunt

414 5231 484 5244 -—
517 5201 800 5272 Quoniam
818 5194 1135 5272 potuerunt.
1161 5196 1244 5272 Ita
1265 5194 1694 5272 legun_t_9mnes
1716 5209 1868 5272 mss,
1888 5194 2056 5272 _codi-

412 5289 510 5331 ces
532 5264 748 5326 ‘nostri.
781 5264 1077 5323 Marianus
1108 5266 1248 5339 legit
1277 5264 1347 5321 ei
1375 5264 1531 5331 LXX,
1557 5266 1815 5336 quoniam
1838 5264 2057 5335 placue-

411 5347 566 5408 runt,
603 5343 887 5396 MARTIAN.
1091 5351 1098 5355 ‘

481 5417 502 5448 ²
529 5413 712 5468 Vatic.
745 5420 795 5467 et
824 5412 882 5466 ιη
900 5410 1295 5472 misericordia,
1314 5412 1365 5464 et
1393 5411 1455 5463 in
1474 5408 2050 5474 miserationibus,etc.

477 5488 502 5522 ³
531 5489 584 5536 Ὁ
619 5482 782 5558 μόνος
816 5481 1683 5558 dva‘vm'ip-cn'roqLNQtaquotidie
1711 5496 1818 5558 pra
1841 5497 2050 5558 .sacer-

408 5551 1083 5616 dotum'concelebrasse
1113 5554 1172 5609 in
1201 5552 1472 5608 Ecclesiis
1506 5551 1724 5607 summi
1757 5551 1854 5607 Dei
1887 5553 2048 5607 attri~

403 5632 616 5687 butum
646 5633 703 5699 et
758 5627 1195 5699 perfectionem,
1255 5624 1497 5681 dicendo
1533 5626 1612 5681 :0
1667 5639 1851 5680 mones
1913 5641 2048 5679 ana-

401 5705 662 5763 marteios
692 5698 870 5759 idest
897 5699 994 5774 qui
1022 5698 1167 5755 solus
1217 5699 1442 5755 estsine
1482 5699 1722 5771 peccato.
1772 5699 2047 5755 MABTIAN.

2095 4598 2141 4678 Β
2174 4591 2230 4678 et
2255 4586 2352 4678 alii
2385 4586 2487 4657 qui
2518 4602 2646 4641 reos
2679 4603 2739 4641 se
2770 4591 2980 4657 putant
3012 4587 3071 4641 in
3117 4587 3565 4644 similitudinem
3597 4604 3826 4660 prava-

2172 4674 2474 4730 ricationis
2505 4675 2656 4741 Adae,
2701 4690 2806 4747 ego
2854 4675 3017 4730 solus
3064 4692 3201 4731 cum
3253 4693 3382 4733 mea
3429 4682 3658 4735 caterva
3701 4693 3822 4733 non

2171 4868 2236 4911 ᾖ
2268 4836 2450 4891 Vatie.
2475 4853 2635 4911 quem
2663 4839 2850 4911 omnia
2878 4840 2987 4903 etc,
3007 4837 3334 4911 AIlymnum
3377 4838 3668 4911 designari
3720 4855 3823 4894 ar-

2168 4909 2373 4977 bitror,
2407 4907 2695 4980 quinunc
2726 4907 2940 4980 dicitur
2991 4907 3177 4964 Gloria
3233 4912 3293 4964 in
3348 4907 3581 4966 excelsis
3636 4911 3746 4966 Deo
3802 4930 3822 4965 .-

2166 4976 2475 5053 verbisque
2509 4979 2536 5031 ὁ
2578 4976 2740 5053 pave;
2767 4978 3172 5052 ἀναμάρτητος,
3206 4983 3558 5053 respondere
3600 4982 3660 5037 in
3695 4982 3817 5053 La-

2168 5052 2424 5106 tinorum
2450 5051 2775 5121 doxologia,
2808 5053 3085 5115 Quoniam
3117 5057 3175 5106 tu
3203 5051 3349 5108 solus
3378 5062 3616 5110 sanctus.
3666 5052 3818 5108 Hinc

2166 5128 2221 5178 et
2239 5140 2393 5206 mss.
2431 5122 2636 5205 nostri,
2671 5124 2775 5206 Qui
2803 5123 2950 5206 solus
2979 5139 3034 5178 es
3064 5125 3180 5206 sine
3206 5133 3440 5206 peccato,
3475 5125 3691 5206 legunt.

2235 5197 2256 5227 ⁴
2285 5195 2463 5266 Turpi
2498 5211 2690 5249 errore
2721 5194 3005 5249 hactenus
3051 5194 3307 5250 obtiu’uit
3334 5196 3393 5250 in
3453 5194 3626 5252 editis
3679 5213 3813 5266 pro-

2235 5213 2256 5227 '
2285 5213 2463 5266 '1'urp1
2498 5213 2690 5249 errore
2721 5213 3005 5249 nacxenus
3051 5213 3307 5250 ontiuuit
3334 5213 3393 5250 ιιι
3453 5213 3626 5252 eams
3754 5213 3811 5251 o-

2157 5269 2280 5336 pter
2326 5267 2598 5339 hominem
2637 5267 2869 5339 justum,
2915 5282 3034 5339 pro!
3068 5269 3255 5333 istum,
3309 5213 3811 5339 quemadmodzm

2162 5338 2478 5410 emendant
2508 5353 2650 5410 mss.
2687 5336 2892 5410 nostri,
2925 5342 2982 5392 et
3016 5336 3343 5410 Scripturm‘
3363 5344 3553 5395 textus
3587 5339 3646 5394 in
3677 5354 3811 5394 om-

2163 5409 2338 5464 nibus
2369 5408 2586 5481 linguis
2615 5408 2861 5481 praefert.

2231 5481 2252 5514 ⁵
2283 5480 2502 5536 Nomen
2535 5497 2723 5536 servus
2753 5480 2812 5534 in
2848 5497 2992 5536 mss.
3027 5482 3246 5536 nostris
3277 5482 3491 5538 rectius
3511 5481 3811 5539 desidera-

2161 5558 2276 5608 tur.

2230 5625 2250 5658 θ
2281 5623 2343 5702 l_n
2377 5622 2524 5702 libro
2557 5623 2875 5680 Nominum
2912 5624 2981 5681 de
3041 5625 3265 5700 Aggaeo,
3330 5627 3547 5686 Domini
3600 5628 3807 5702 justus,

2158 5697 2272 5756 sive
2291 5696 2651 5778 justiﬁcatus.
