3966 6406
43 361 159 425 589
186 384 195 429 ι

917 356 1307 426 DIALOGUS
1351 358 1667 429 CONTRA
1708 359 2240 425 PELAGIANOB.
2263 374 2344 409 -έ-
2371 360 2525 425 LIB.
2559 363 2636 426 II.

41 510 229 551 eneor.
258 492 375 550 Alii
407 490 595 550 clausi
626 492 886 561 cellulis,
935 497 991 548 et
1027 493 1276 549 feminas
1324 511 1440 549 non
1482 494 1688 549 viden-
1716 496 1770 560 Α
1870 495 1957 549 25.
1994 496 2090 549 Dei
2123 496 2366 565 justitia.
2414 527 2484 538 —-
2539 519 2567 547 «
2627 497 2929 562 Quomodo
2981 497 3080 569 [αι.
3140 496 3453 571 Quoniam]

40 602 119 653 es,
149 583 292 657 quia
321 582 525 640 miseri
555 588 715 654 sunt,
747 588 805 639 et
834 583 1011 639 verba
1050 600 1181 639 mea
1228 601 1345 639 non
1399 584 1676 650 audiunt,

36 677 386 746 torquentur
442 672 807 729 desideriis:
869 688 975 744 ego
1034 673 1209 728 etiam
1263 674 1310 727 si
1366 673 1682 728 mulierum

33 761 225 819 vallor
244 761 605 835 agminibus,
640 759 864 817 nullam
896 760 1082 818 habeo
1125 762 1679 834 concupiscentiam.

30 850 110 908 De
135 867 233 908 me
264 850 431 908 enim
465 851 687 907 dictum
719 855 845 907 est:
883 872 912 901 «
943 850 1194 923 Lapides
1224 850 1411 907 sancti
1442 851 1679 907 volvun-

31 944 126 996 tur
151 957 342 1014 super
359 944 576 996 terram
606 941 797 1010 (Zac/i.
829 957 903 1008 ιιι,
943 940 1028 1007 16,
1061 956 1165 996 sec.
1199 941 1381 1011 LXV);
1420 963 1440 989 υ
1476 944 1533 995 et
1553 940 1681 996 ideo

33 1046 149 1085 non
188 1029 406 1098 sentio,
459 1029 598 1101 quia
642 1028 812 1085 liberi
859 1028 1084 1085 arbitrii
1136 1034 1421 1102 potestate
1469 1029 1682 1085 Christi

31 1123 320 1191 tropaum
351 1117 725 1174 circumfero.
770 1118 1099 1174 Audiamus
1150 1135 1252 1191 per
1304 1119 1514 1175 Isaiam
1565 1118 1681 1174 cla-

33 1211 295 1264 mantem
330 1208 551 1263 Deum:
588 1229 616 1257 «
648 1206 906 1280 Populus
955 1224 1144 1274 meus,
1194 1207 1293 1279 qui
1351 1208 1551 1263 beatos
1581 1224 1683 1263 vos

33 1297 258 1364 dicunt,
290 1297 582 1353 seducunt
613 1312 735 1363 vos,
775 1300 832 1353 et
880 1296 1151 1353 semitam
1200 1297 1415 1368 pedum
1465 1302 1681 1352 vestro-

31 1403 165 1442 rum
206 1385 592 1459 supplantant
621 1386 748 1457 (Isa.
794 1403 870 1452 1x,
904 1386 1016 1453 46).
1054 1408 1081 1434 ››
1131 1386 1272 1451 Quis
1321 1385 1512 1458 magis
1541 1403 1681 1458 sup-

29 1475 264 1547 plantat
284 1458 576 1548 populum
608 1474 708 1530 Dei
738 1492 750 1530 :
786 1474 887 1546 qui
926 1473 1093 1530 liberi
1142 1474 1366 1530 arbitrii
1398 1478 1684 1547 potestate

28 1565 326 1621 subnixus
357 1563 606 1637 despicit
658 1563 943 1620 auxilium
986 1564 1336 1630 Conditoris,
1386 1570 1441 1619 et
1486 1565 1545 1620 in
1577 1581 1685 1619 sua

27 1653 339 1711 voluntate
367 1670 609 1710 securus
638 1657 750 1719 est,
784 1670 858 1710 an
890 1654 992 1726 qui
1030 1654 1103 1710 ad
1158 1653 1419 1726 singulas
1451 1658 1682 1709 senten-

27 1745 148 1800 tias
190 1748 614 1816 praeceptorum
663 1743 891 1799 Domini
934 1742 1229 1814 judicium
1276 1743 1686 1815 pertimescit?

1794 582 2119 639 inebriatus
2149 590 2260 655 est,
2314 586 2528 657 inquit,
2591 586 2652 642 in
2698 586 2842 643 cmlo
2895 586 3129 661 gladius
3175 603 3365 657 meus,
3397 593 3458 644 et

1794 688 1949 727 nunc
1980 690 2153 745 super
2186 675 2502 733 Idumaeam
2534 676 2852 733 descendet
2902 678 3033 747 (Isa.
3083 694 3279 745 XXXIV,
3309 678 3387 749 5).
3422 698 3452 729 »

1792 759 2035 817 Gladius
2068 762 2167 818 Dei
2208 764 2534 822 inebriatur
2589 766 2649 821 in
2709 765 2893 834 caelis,
2953 770 3011 822 et
3071 770 3196 822 tum
3231 766 3449 824 solium

1788 849 1901 904 erit
1928 850 1986 906 in
2017 852 2327 909 sanctitate
2358 870 2633 911 securum
2654 854 2683 910 ‘2
2721 856 2786 911 In
2837 856 3154 913 Idumaeam
3201 857 3442 913 descen-

1787 938 1886 994 det
1914 940 1955 1006 ³,
1989 957 2117 1012 quae
2144 941 2581 1015 interpretatur,
2614 944 2702 1000 vel
2732 946 3102 1014 sanguinaria
3151 944 3239 1001 vel
3271 949 3444 1003 terre-

1789 1044 1901 1082 na:
1934 1033 1997 1084 ut
2046 1031 2386 1103 prophetica
2438 1033 2789 1091 auctoritate
2840 1034 3157 1103 discamus,
3213 1050 3449 1091 omnem

1788 1120 2003 1174 terram
2034 1118 2295 1193 indigere
2317 1121 2568 1191 judicio.
2608 1122 2772 1179 Unde
2803 1123 3108 1196 sequitur:
3146 1123 3452 1180 «Victima

1788 1206 2022 1263 Domini
2046 1208 2105 1263 in
2130 1209 2329 1279 Bosra,
2349 1232 2377 1260 ››
2406 1227 2533 1283 quae
2555 1211 3000 1284 interpretatur,
3018 1229 3146 1269 caro
3176 1231 3189 1270 :
3218 1235 3247 1265 «
3276 1218 3334 1270 et
3362 1213 3450 1269 in-

1795 1296 2055 1352 terfectio
2086 1297 2216 1367 ejus
2244 1298 2431 1355 multa
2461 1300 2521 1355 in
2552 1304 2709 1357 terra
2735 1301 2941 1373 Edom,
2975 1324 3003 1350 ››
3025 1301 3085 1357 id
3106 1306 3218 1370 est,
3239 1304 3302 1357 in
3319 1319 3451 1359 san-

1791 1386 1961 1454 guine
2030 1386 2192 1456 (Ibid.
2275 1391 2353 1457 6),
2426 1390 2597 1460 juxta
2656 1390 2813 1463 quod
2871 1390 3037 1463 ponit
3093 1391 3450 1463 Apostolus:

1795 1496 1822 1523 ‹‹
1858 1474 2001 1530 Caro
2045 1480 2101 1531 et
2152 1478 2397 1551 sanguis
2450 1496 2697 1552 regnum
2749 1480 2848 1536 Dei
2898 1498 3015 1536 non
3066 1480 3456 1553 possidebunt

1800 1564 1852 1634 (Ι
1877 1566 2002 1621 Cor.
2036 1582 2129 1633 xv,
2161 1567 2277 1639 50.)
2312 1590 2338 1615 η
2378 1590 2397 1616 α
2435 1568 2531 1623 Vae
2563 1570 2663 1641 qui
2708 1569 3055 1625 contradicit
3102 1570 3289 1627 ﬁctori
3322 1587 3454 1638 suo,

1795 1670 1877 1707 vae
1917 1654 2016 1725 qui
2052 1654 2195 1710 dicit
2223 1656 2395 1729 patri,
2434 1657 2649 1730 thuid
2680 1675 2773 1713 me
2803 1658 3143 1731 generasti?
3169 1664 3228 1715 et
3258 1659 3456 1729 matri,

1800 1742 1988 1806 Quare
2020 1760 2113 1799 me
2166 1745 2445 1817 peperisti
2501 1747 2633 1816 (13a.
2684 1765 2814 1816 XLV,
2866 1746 2996 1819 40)?
3030 1769 3058 1797 »
3106 1748 3223 1804 Hoc
3254 1749 3327 1803 ad
3356 1763 3457 1804 eos

29 1833 119 1889 Ad
134 1831 1106 1906 hujuscemodihominesloquitur
1121 1833 1271 1888 Deus
1297 1848 1308 1886 :
1334 1832 1473 1888 «Vae
1496 1832 1682 1903 vobis,
1725 1869 1771 1934 B
1804 1833 2083 1903 pertinet,
2114 1835 2215 1905 qui
2247 1835 2472 1891 dicunt.
2507 1837 2694 1900 Quare
2724 1835 2859 1893 talis
2876 1835 3151 1893 conditus
3176 1853 3331 1906 sum,
3355 1839 3458 1909 qui

36 1924 144 1995 qui
178 1922 480 1995 sapientes
503 1921 646 1978 estis
676 1921 832 1993 apud
854 1938 977 1990 vos,
1005 1925 1060 1977 et
1089 1921 1483 1995 intelligentes
1504 1926 1694 1978 vestro
1725 1921 1769 1934 "
1805 1937 1920 1977 non
1954 1938 2197 1993 possum
2232 1924 2292 1979 in
2323 1930 2673 1997 perpetuum
2720 1942 2916 1982 carere
2963 1925 3244 1998 peccato?
3270 1925 3458 1990 Quare

26 2011 265 2084 judicio
295 2011 421 2083 (Isa.
454 2027 512 2079 v,
538 2010 653 2083 21).
688 2032 716 2061 ››
750 2009 933 2067 Isaias
967 2013 1137 2084 juxta
1186 2011 1534 2067 Hebraieum
1571 2009 1693 2084 plo-

33 2106 153 2171 rat,
186 2104 247 2158 et
273 2100 452 2158 dicit:
490 2122 517 2151 ‹‹
545 2100 644 2156 νιε
666 2099 832 2167 mihi,
857 2100 997 2172 quia
1017 2100 1191 2165 tacui,
1222 2100 1361 2173 quia
1385 2099 1697 2156 immunda

26 2191 285 2249 habens
299 2189 479 2260 labia,
506 2197 561 2246 et
593 2189 651 2245 in
681 2189 874 2246 medio
906 2188 1107 2263 populi
1131 2190 1443 2246 immunda
1471 2189 1695 2246 haben-

29 2280 112 2336 tis
140 2279 305 2336 labia
336 2279 630 2349 habitans,
678 2279 793 2335 vidi
850 2280 1164 2336 Dominum
1214 2280 1459 2335 sabaoth
1510 2279 1695 2336 oculis

24 2368 183 2425 meis
212 2370 347 2441 (Ita.
388 2385 467 2436 v1,
499 2370 575 2441 5).
612 2392 636 2419 ι
672 2367 774 2426 Ille
816 2368 1099 2425 virtutum
1152 2369 1381 2435 merito,
1404 2368 1505 2424 Dei
1536 2370 1696 2424 frue-

29 2460 216 2515 batur
267 2463 535 2531 aspectu,
586 2463 643 2514 et
690 2458 1049 2516 conscientia
1098 2463 1493 2532 peccatorum,
1541 2459 1697 2514 labia

26 2566 145 2604 sua
170 2548 475 2605 fatebatur
510 2548 839 2605 immunda.
897 2549 1023 2605 Non
1072 2549 1227 2621 quod
1280 2548 1513 2605 locutus
1540 2552 1697 2605 esset

30 2638 293 2711 aliquid,
345 2639 499 2710 quod
551 2636 837 2694 voluntati
889 2638 1116 2694 Domini
1173 2643 1546 2711 repugnaret,
1593 2639 1691 2695 sed

32 2728 199 2800 quod
226 2726 515 2794 siluisset,
546 2726 635 2783 vel
664 2727 895 2795 timore,
926 2727 1014 2782 vel
1057 2728 1281 2799 pudore
1328 2727 1693 2801 perterritus,

33 2834 149 2874 nec
180 2816 480 2890 arguisset
510 2816 746 2873 librtate
786 2817 1128 2890 prophetica
1176 2817 1460 2890 populum
1509 2817 1696 2875 delin-

35 2911 348 2980 quentem.
380 2905 497 2962 Nos
526 2909 834 2979 peccantes
866 2907 1101 2979 quando
1144 2906 1495 2980 corripimus
1526 2910 1565 2977 ¹,
1596 2907 1696 2980 qui

38 2996 370 3054 adulamur
397 2995 694 3064 divitibus,
720 2999 777 3051 et
797 3012 1120 3069 personnas
1142 2997 1464 3069 accipimus
1495 3015 1697 3071 pecca-

36 3091 266 3154 torum,
308 3083 498 3158 turpis
543 3084 689 3141 lucri
737 3085 973 3158 gratia?
1013 3085 1123 3142 nisi
1176 3086 1321 3142 forte
1349 3091 1471 3143 tota
1500 3087 1584 3145 eis
1613 3087 1695 3143 lo-

1802 2008 1918 2065 tale
1949 2028 2050 2067 vas
2077 2012 2300 2079 ﬁctum,
2326 2017 2393 2069 ut
2412 2031 2527 2070 non
2552 2014 3003 2071 adamantinum
3025 2022 3458 2088 permanerem,

1805 2100 1904 2155 sed
1938 2101 2008 2155 ad
2037 2117 2272 2157 omnem
2302 2107 2524 2159 tactum
2548 2103 2726 2159 fictile
2748 2107 2927 2176 atque
2947 2103 3188 2177 fragile’
3209 2104 3236 2160 ?
3268 2127 3295 2155 «
3324 2104 3456 2162 Om-

1805 2205 1908 2244 nes
1940 2189 2092 2244 sicut
2121 2206 2255 2246 oves
2286 2190 2611 2248 erravimus
2637 2211 2649 2257 ;
2683 2196 2740 2248 et
2760 2193 3026 2249 omnium
3052 2198 3320 2250 nostrum
3342 2194 3455 2251 Do-

1806 2278 2003 2334 minus
2036 2284 2273 2351 peccata
2302 2280 2555 2352 portavit
2603 2283 2729 2353 (Isa.
2780 2299 2900 2350 Lm,
2948 2283 3025 2352 6).
3081 2282 3335 2339 Intuitus
3364 2287 3454 2340 est

1804 2367 1984 2435 enim,
2024 2374 2080 2423 et
2130 2368 2439 2443 diligenter
2476 2370 2758 2442 inspexit,
2814 2369 3168 2443 nullumque
3216 2372 3453 2444 reperit,
3554 2372 3563 2377 ’

1807 2456 1907 2528 qui
1943 2457 2233 2527 judicaret
2263 2459 2445 2529 juste,
2481 2459 2582 2531 qui
2626 2475 2794 2515 suam
2826 2460 2885 2514 in
2935 2459 3212 2516 omnibus
3243 2460 3494 2518 faceret»

1804 2545 2189 2602 voluntatem.
2220 2548 2291 2602 Et
2320 2546 2535 2604 idcirco
2566 2547 2873 2604 brachium
2896 2549 3023 2619 ejus
3044 2547 3295 2605 salutem
3317 2567 3458 2623 pra:-

1807 2635 1957 2703 buit,
1989 2640 2045 2691 et
2066 2636 2303 2707 justitia
2332 2653 2441 2693 sua
2471 2636 2713 2694 salvavit
2742 2638 2961 2709 omnia,
2990 2641 3054 2693 ut
3075 2639 3269 2695 omnis
3290 2656 3461 2696 mun-

1805 2725 1917 2781 dus
1931 2725 2282 2797 subjiciatur
2296 2726 2434 2793 Deo,
2455 2731 2512 2782 et
2544 2726 2706 2782 illius
2728 2726 3040 2784 clementia
3060 2732 3454 2794 conservetur.

1807 2813 2052 2870 Fuimus
2101 2814 2258 2871 enim
2310 2815 2624 2881 immundi,
2673 2833 2790 2872 non
2840 2816 3029 2890 pauci,
3079 2817 3180 2873 sed
3229 2834 3455 2875 omnes.

1807 2926 1835 2952 «
1869 2904 2044 2969 Quasi
2079 2920 2312 2976 pannus
2343 2909 2741 2974 menstruataz,
2775 2909 3046 2978 reputata
3092 2910 3234 2962 sunt
3260 2909 3459 2964 omnia

1808 2993 1867 3047 in
1899 2991 2025 3065 lege
2056 3010 2230 3066 opera
2262 2998 2464 3050 nostra
2493 2996 2619 3066 (Isa.
2656 3012 2804 3063 LXIV,
2835 2996 2911 3065 6).
2947 3018 2975 3044 ››
3004 2996 3088 3050 Ad
3128 2995 3455 3053 Jerusalem

1806 3082 1865 3136 in
1922 3081 2181 3138 Ezechiel
2235 3082 2496 3154 loquitur
2554 3084 2755 3140 Deus:
2810 3106 2838 3132 ‹‹
2900 3083 3159 3140 Perfecta
3203 3098 3334 3141 eras
3390 3086 3452 3141 in

38 3175 291 3248 quimur
317 3175 416 3247 [αι.
449 3173 782 3247 loquamur]
814 3175 1168 3231 confidentia
1205 3193 1455 3248 quorum
1488 3176 1697 3249 Opibus
1741 3246 1766 3249 ι
1806 3172 2013 3227 decore
2052 3189 2181 3227 meo
2210 3172 2422 3241 (Ezech.
2455 3190 2571 3239 xvx,
2608 3173 2731 3244 14);
2771 3195 2801 3221 η.
2837 3176 2894 3227 et
2939 3175 3028 3227 est
3071 3188 3302 3244 sensus,
3335 3189 3452 3229 non

39 3246 432 3337 indigemus?
461 3246 541 3319 Uti
560 3262 705 3319 talia
733 3279 847 3319 non
878 3280 1145 3337 agamus,
1180 3246 1245 3320 ut
1291 3246 1695 3321 abstineamus
1726 3246 1769 3313 (ἶ
1809 3260 1867 3315 in
1925 3260 2043 3316 tuis
2100 3261 2395 3329 operibus.
2457 3277 2572 3316 non
2631 3262 2689 3316 in
2747 3264 2848 3316 tua
2904 3260 3280 3332 conscientia,
3323 3279 3456 3319 001'-

38 3370 154 3411 nos
231 3354 306 3408 ab
374 3352 534 3409 omni
593 3352 786 3425 specie
850 3357 1240 3425 peccatorum,
1301 3358 1453 3411 certe
1497 3371 1699 3411 verum

36 3443 330 3509 tacuisse,
362 3444 664 3514 peccatum
714 3446 820 3498 est.
867 3443 1216 3514 Quanquam
1268 3444 1422 3516 apud
1456 3444 1699 3515 Septua-

36 3533 215 3607 ginta
243 3548 362 3588 non
394 3531 471 3587 sit
500 3531 807 3602 scriptum,
842 3554 870 3581 ‹‹
904 3532 1051 3596 Quia
1074 3533 1248 3601 tacui,
1286 3554 1312 3581 υ
1345 3533 1468 3600 sed,
1505 3555 1530 3582 ‹‹
1563 3533 1704 3604 quia

34 3624 442 3693 compunctus
454 3637 608 3688 sum,
637 3643 664 3670 ››
687 3620 1045 3677 conscientia
1066 3620 1289 3679 scilicet
1306 3627 1700 3694 peccatorum,

36 3715 103 3766 ut
131 3709 292 3767 illud
323 3708 688 3782 compleatur
716 3707 1125 3780 propheticum
1152 3725 1164 3762 :
1206 3731 1233 3759 ‹‹
1264 3708 1547 3765 Versatus
1571 3726 1703 3764 sum

36 3802 95 3855 in
190 3799 459 3866 miseria,
531 3799 675 3854 dum
752 3797 1017 3870 infigitur
1091 3798 1235 3853 mihi
1300 3799 1472 3870 spina
1530 3801 1701 3871 (Psal.

36 3906 202 3957 xxxx,
235 3888 324 3961 4).
365 3908 393 3937 ››
425 3886 527 3944 Ille
556 3887 777 3960 peccati
808 3886 981 3960 spina
1009 3888 1464 3961 compungitur:
1497 3892 1560 3943 tu
1593 3888 1706 3943 vir-

38 3984 249 4035 tutum
284 3976 528 4033 ﬂoribus
555 3993 802 4033 vernas:
855 4000 883 4027 ‹‹
916 3977 1252 4043 Erubescet,
1308 3977 1517 4050 inquit,
1569 3977 1711 4033 luna

38 4074 94 4125 et
158 4065 567 4124 confundetur
612 4064 721 4133 sol,
781 4066 1015 4139 quando
1058 4066 1379 4123 visitaverit
1430 4067 1711 4123 Dominus

38 4172 235 4231 super
264 4154 542 4211 militiam
583 4154 711 4211 cmli
761 4155 820 4210 in
868 4154 1112 4212 excelsis
1164 4156 1305 4226 (lea.
1348 4173 1501 4221 xxw,
1533 4156 1647 4227 23),
1679 4175 1706 4207 ι

40 4248 157 4305 hoc
222 4248 321 4302 est
375 4245 533 4318 quod
594 4246 747 4301 774
802 4246 861 4301 in
920 4246 1034 4301 alio
1091 4247 1215 4301 loco
1267 4245 1553 4318 scriptum
1585 4250 1713 4302 est:

39 4361 66 4385 «ι
99 4338 298 4405 Astra
328 4351 563 4407 quoque
595 4352 710 4391 non
741 4339 880 4391 sunt
908 4336 1131 4391 munda
1158 4335 1218 4390 in
1243 4340 1558 4408 conspectu
1585 4336 1714 4407 ejus

39 4428 160 4498 (Job
181 4467 200 4494 ,
229 4441 368 4493 xxv,
391 4424 470 4495 5),
504 4446 531 4475 η
566 4428 641 4494 et,
676 4448 705 4475 ‹‹
736 4426 1060 4481 Adversum
1091 4423 1341 4497 angelos
1392 4442 1551 4492 suos,
1586 4441 1714 4498 per-

38 4528 300 4570 versum
351 4510 493 4583 quid
539 4510 752 4584 reperit
801 4512 948 4584 (Job,
996 4530 1072 4579 1v,
1125 4513 1235 4581 l8).
1287 4535 1314 4560 ››
1367 4512 1532 4568 Luna
1579 4530 1712 4569 eru-

37 4602 272 4671 bescit,
307 4599 396 4657 sol
428 4600 827 4670 confunditur,
858 4605 915 4657 et
958 4600 1166 4657 caalum
1199 4602 1459 4674 operitur
1506 4602 1713 4670 cilicio,
1747 4624 1793 4688 Ι)

38 4698 95 4749 et
126 4708 253 4749 nos
277 4690 559 4763 intrepidi
591 4696 766 4764 atque
796 4690 1083 4759 laetantes,
1116 4691 1286 4764 quasi
1334 4693 1494 4747 omni
1526 4708 1716 4748 carea-

39 4800 189 4840 mus
223 4778 396 4849 vitio,
431 4796 808 4838 occurremus
848 4779 1069 4852 judicis
1118 4781 1437 4853 majestati,
1482 4782 1715 4853 quando

38 4873 373 4929 tabescent
403 4873 653 4942 montes,
706 4869 880 4926 erecti
924 4868 1194 4925 videlicet
1244 4869 1305 4926 in
1354 4872 1714 4943 superbiam,

40 4968 97 5019 et
127 4959 346 5019 omnis
382 4958 590 5015 militia
619 4959 923 5029 ccelorum,
952 4958 1041 5015 vel
1077 4964 1257 5031 astra,
1306 4958 1394 5016 vel
1444 4959 1717 5034 angelicae

44 5050 424 5125 dignitates:
460 5054 517 5105 et
561 5048 1071 5123 complicabuntur
1116 5049 1270 5105 sicut
1311 5046 1444 5104 libri
1485 5049 1633 5119 coeli,
1663 5054 1720 5107 et

46 5138 258 5198 omnis
314 5138 604 5196 exercitus
652 5156 855 5196 eorum
901 5138 1089 5195 instar
1156 5137 1430 5195 foliorum
1482 5139 1715 5197 deﬂuet.

124 5361 142 5395 ι
178 5360 332 5415 Mss.
363 5354 965 5428 peccantesialiquando
986 5355 1336 5424 corripimus,
1367 5370 1529 5428 aeque
1549 5355 1716 5411 bene.

44 5429 289 5488 Verum
344 5426 518 5502 paulo
575 5426 819 5484 inferius
865 5444 933 5485 ex
980 5428 1191 5484 iisdem
1242 5426 1625 5502 praetulimus,
1660 5428 1724 5484 Ut

52 5505 207 5561 talia
233 5500 360 5560 ποῇ’
399 5516 653 5570 agamus,
702 5516 836 5555 cum
886 5504 1057 5556 antea
1102 5505 1277 5566 esset,
1332 5500 1399 5570 Ut
1440 5500 1573 5563 alia,
1606 5504 1718 5555 etc.

125 5577 150 5609 ²
213 5568 473 5631 Multum
531 5568 779 5628 diversis
830 5572 1043 5640 verbis,
1121 5568 1490 5626 concinniore
1545 5571 1721 5627 etiam

58 5664 246 5706 sensu
279 5646 509 5704 habent
538 5660 684 5701 mss.
719 5643 900 5699 nostri
932 5648 980 5700 et
1008 5645 1072 5700 in
1108 5648 1205 5699 tua
1250 5642 1429 5701 solum
1457 5644 1565 5701 erit
1591 5659 1724 5703 san-

57 5722 257 5783 ditate
270 5718 556 5801 jejunus?
584 5717 647 5776 In
676 5714 998 5789 Idumaeam,
1031 5720 1140 5776 etc.

1810 3350 2018 3421 disque
2090 3351 2396 3421 jactantia,
2480 3352 2579 3406 sed
2675 3350 2733 3405 in
2816 3367 2945 3407 meo
3030 3350 3257 3420 decore,
3343 3368 3487 3425 qua'

1810 3443 1867 3495 te
1931 3438 2241 3495 clementia
2309 3456 2440 3496 mea
2506 3439 2776 3496 libertate
2816 3442 2839 3475 ⁶
2903 3441 3275 3498 donaveram.
3346 3442 3461 3499 De-

1813 3528 1988 3601 nique
2020 3529 2078 3583 in
2112 3530 2609 3602 consequentibus
2656 3530 2921 3603 loquitur
2969 3531 3040 3587 ad
3071 3547 3223 3599 eam,
3255 3547 3465 3603 quam-

1814 3620 1886 3674 do
1927 3617 2185 3675 salvetur
2214 3636 2328 3674 non
2361 3636 2468 3675 suo
2498 3619 2724 3687 merito,
2774 3620 2923 3676 775
2975 3620 3076 3676 sed
3122 3621 3250 3691 ejus
3282 3621 3461 3676 mise-

1816 3707 2085 3764 ricordia.
2141 3708 2509 3765 Recordabor
2551 3709 2705 3781 pacti
2752 3711 2866 3765 mei
2912 3713 3108 3764 tecum
3158 3710 3217 3764 in
3258 3708 3466 3766 diebus

1817 3798 2219 3854 adolescentia:
2251 3802 2383 3865 tuae,
2430 3803 2488 3853 et
2536 3798 2832 3853 suscitabo
2880 3795 2987 3853 tibi
3046 3801 3284 3869 pactum
3317 3814 3475 3853 sem-

1819 3886 2137 3959 piternum,
2180 3891 2237 3942 et
2268 3885 2664 3943 recordaberis
2698 3886 2926 3942 viarum
2958 3890 3221 3953 tuarum,
3255 3889 3312 3942 et
3337 3903 3500 3943 conv

1821 3976 2084 4032 funderis
2114 3976 2281 4047 (Ibid.
2314 3977 2403 4043 60,
2435 3975 2549 4046 6|).
2587 4000 2608 4028 ι
2665 3976 2733 4031 Et
2774 3975 3026 4031 iterum:
3085 3998 3105 4026 α
3160 3975 3471 4032 Suscitabo

1821 4070 2059 4137 pactum
2108 4081 2304 4119 meum
2335 4068 2528 4120 tecum
2562 4068 2618 4120 et
2657 4064 2806 4120 scies
2848 4064 2988 4137 quia
3025 4081 3131 4137 ego
3162 4063 3470 4134 Dominus,

1822 4157 1888 4209 ut
1917 4154 2240 4210 recorderis
2271 4157 2328 4209 et
2358 4153 2760 4222 confundaris,
2801 4157 2859 4209 et
2910 4171 3026 4210 non
3071 4154 3148 4210 sit
3174 4153 3282 4209 tibi
3314 4154 3471 4211 ultra

1823 4243 2049 4316 aperire
2080 4259 2166 4309 os,
2200 4260 2315 4315 prae
2348 4243 2691 4299 confusione
2720 4248 2845 4312 tua,
2867 4260 3002 4299 cum
3020 4243 3183 4301 fuero
3204 4243 3470 4317 placatus

1823 4332 1929 4389 tibi
1961 4331 2021 4387 in
2080 4332 2357 4388 omnibus
2414 4349 2543 4404 quae
2602 4332 2811 4402 fecisti,
2869 4334 2951 4390 ait
3007 4333 3294 4391 Dominus
3324 4338 3478 4392 Deus

1826 4421 1983 4493 (Ibid.
2052 4421 2141 4489 62,
2199 4422 2312 4490 63).
2392 4444 2418 4470 »
2481 4423 2622 4478 Ecce
2693 4426 2888 4495 aperte
2948 4423 3142 4480 divino
3209 4439 3479 4481 sermone

1827 4515 2210 4579 monstratur,
2245 4510 2387 4582 quid
2417 4510 2476 4566 in
2519 4510 2632 4567 alio
2682 4510 2805 4568 loco
2851 4513 3095 4568 dixerit:
3148 4535 3176 4562 ‹‹
3206 4511 3273 4567 Et
3303 4528 3477 4568 mun-

1827 4601 1975 4657 dans
2005 4604 2060 4655 te
2128 4616 2244 4654 non
2305 4598 2479 4655 faciet
2536 4599 2903 4656 innocentem
2965 4600 3219 4671 (Nahum.
3256 4618 3294 4668 ι,
3326 4600 3476 4670 3);»

1827 4689 1981 4763 quod
2004 4689 2155 4760 justi
2186 4705 2418 4761 quoque
2450 4693 2505 4744 et
2536 4694 2667 4760 post
2697 4693 3001 4762 peccatum
3029 4690 3089 4745 in
3121 4692 3342 4746 statum
3366 4688 3479 4763 pri-
3554 4740 3563 4745 -

1828 4780 2050 4835 stinum
2080 4778 2361 4844 restituti,
2393 4793 2458 4833 os
2491 4777 2715 4850 operire
2749 4795 2864 4834 non
2898 4778 3173 4846 audeant,
3208 4778 3309 4834 sed
3340 4794 3477 4835 cum

1824 4868 2099 4942 Apostolo
2130 4868 2328 4923 dicant
2358 4885 2370 4922 :
2408 4890 2435 4917 (ί
2460 4867 2568 4931 Qui
2601 4884 2713 4923 non
2741 4884 2871 4924 sum
2897 4868 3110 4940 dignus
3128 4869 3318 4924 vocari
3342 4883 3480 4942 apo-

1828 4958 2014 5016 stolus
2070 4957 2207 5030 quia
2238 4961 2583 5030 persecutus
2613 4974 2745 5014 sum
2778 4957 3097 5014 Ecclesiam
3148 4957 3248 5014 Dei
3281 4960 3329 5031 (I
3354 4958 3475 5015 Cor.

1828 5066 1922 5115 xv,
1953 5050 2030 5120 9).
2070 5071 2096 5097 ››
2141 5047 2405 5119 Denique
2462 5051 2519 5102 et
2575 5038 2632 5102 in
2692 5047 2806 5103 alio
2866 5047 2991 5105 loco
3048 5065 3152 5121 per
3206 5049 3480 5106 eumdem

1829 5138 2177 5212 prophetam
2193 5138 2262 5192 ad
2279 5154 2397 5205 eos,
2419 5136 2519 5209 qui
2534 5134 2693 5193 illius
2707 5137 3168 5195 misericordiam
3184 5137 3482 5194 consecuti

1903 5357 1925 5390 ³
1952 5359 2088 5411 Mss.
2122 5355 2201 5410 Ad
2226 5370 2441 5410 omnem
2465 5358 2671 5427 tactum
2700 5354 2904 5412 inutile
2931 5363 3092 5427 atque
3119 5356 3476 5425 frangibile:

1832 5427 1994 5512 aliine
2033 5426 2250 5499 quibus
2305 5443 2460 5482 unus
2516 5426 2857 5495 Vaticanus,
2912 5429 3075 5499 futile
3129 5432 3293 5501 atque
3313 5429 3479 5502 fran-

1831 5500 2120 5652 gfﬁzlﬁhps
2152 5568 2359 5652 vatio”
2391 5586 2495 5652 quo
2551 5577 2601 5624 te
2656 5568 2969 5652 clementia;
3012 5588 3151 5652 mea:
3208 5573 3481 5652 libertate,

1834 5648 1945 5704 etc.
1975 5641 2146 5701 Alius
2178 5642 2479 5702 clementiae
2498 5656 2634 5699 mea:
2653 5642 3006 5717 liberalitate,
3022 5650 3131 5703 etc.

3331 367 3451 430 590
3478 375 3503 403 ,
