3966 6388
444 368 562 434 5M
1704 362 1772 423 S.
1815 354 2132 422 EUSBBII
2173 347 2644 420 HIERONYMI.
3262 393 3268 399 .
3737 337 3858 405 59!

451 502 594 557 sunt
623 499 664 568 ¹,
697 497 960 572 loquitur
985 498 1140 554 Deus
1169 513 1182 551 :
1217 517 1244 545 «
1280 494 1348 553 Et
1394 491 1842 548 recordabimini
1863 490 2091 546 viarum
2119 487 2176 554 Α
2207 488 2308 543 sed
2357 488 2591 560 propria
2637 485 2933 542 voluntate
2962 501 2974 550 ;
3025 480 3164 572 quia
3212 480 3549 572 docuerunt-
3581 473 3855 572 linguam

447 563 866 645 vestrarum-et
895 586 1159 646 omnium
1191 581 1478 638 scelerum
1507 584 1852 648 vestrorum,
1883 578 2097 650 quibus
2205 593 2372 631 suam
2407 575 2800 644 mendacium,
2825 577 2882 630 et
2904 571 3071 645 proni
3090 571 3359 627 feruntur
3373 568 3444 625 ad
3467 563 3853 639 injustitiam.

452 675 665 751 polluti
693 677 894 744 eratis,
925 680 982 732 et
1011 671 1343 746 displicebit
1372 671 1536 727 vobis
1568 669 1664 743 [αι.
1689 666 2097 741 displicebitis]
2209 688 2235 714 ‹‹
2267 665 2325 720 Si
2357 665 2638 737 EtbiOps,
2671 664 2774 732 ait,
2802 661 3114 718 mutaverit
3146 657 3355 751 pellem
3402 658 3688 751 suam,_et
3719 669 3857 726 par-

452 744 515 824 in
543 771 859 839 conspectu
898 744 1123 829 vestro,
1159 761 1221 816 in
1272 759 1497 816 cunctis
1544 758 1788 815 malitiis
1836 774 1984 830 quas
2015 755 2098 810 fe-
2208 755 2320 809 dus
2337 755 2675 809 varietatem
2697 768 2886 818 suam,
2905 755 2960 806 et
2977 766 3080 804 vos
3103 745 3369 820 poteritis
3395 746 3582 802 facere
3604 744 3854 810 bonum,

455 855 640 922 cistis,
673 830 731 912 et
761 852 958 910 scietis
987 851 1126 923 quia
1146 865 1250 922 ego
1272 848 1577 915 Dominus,
1601 864 1736 903 cum
1760 846 2096 902 benefecero
2207 859 2338 898 cum
2373 842 2695 898 didiceritis
2727 840 2882 896 mala
2907 839 3124 909 (larem.
3169 854 3290 905 xm,
3341 835 3453 904 23).
3491 857 3527 923 ii
3551 832 3699 923 Ergo
3732 830 3858 904 pel-

455 921 878 1016 vobispropter
893 921 1104 995 nomen
1127 921 1346 1006 meum,
1374 954 1489 992 non
1515 937 1839 993 secundum
1866 933 1989 990 vias
2004 950 2096 988 ve-
2206 930 2280 986 lis
2309 931 2633 1002 [Ethiopica
2662 935 2716 984 et
2750 929 3065 1000 pardorum
3097 925 3344 981 varietas
3387 921 3710 994 disciplina
3742 924 3857 987 est,

459 1012 1040 1101 strasmalasmeque
1056 1028 1382 1084 secundum
1402 1025 1822 1083 sceleravestra
1842 1022 2100 1096 pessima
2209 1036 2323 1074 non
2356 1023 2599 1086 natura),
2633 1035 2758 1089 quae
2790 1017 3032 1071 docetur
3077 1019 3132 1069 et
3182 1012 3470 1078 discitur;
3522 1015 3720 1066 tamen
3753 1024 3860 1063 au-

461 1124 698 1196 (Ezeelt.,
721 1137 814 1186 xx,
841 1099 1072 1188 43,14).
1100 1140 1122 1169 ι
1156 1117 1588 1172 Erubescamus
1610 1118 1785 1186 atque
1807 1113 2096 1177 dicamus,
2209 1108 2342 1163 ferri
2376 1125 2494 1162 non
2524 1110 2715 1180 potest
2742 1105 2947 1160 vitium
2980 1101 3167 1158 inoliti
3207 1100 3368 1168 mali,
3418 1099 3533 1156 nisi
3563 1115 3668 1172 per
3693 1113 3856 1166 eum,

458 1193 616 1282 quod
646 1207 970 1280 loquuntur
998 1206 1059 1262 bi
1085 1205 1320 1278 quijam
1344 1207 1583 1278 praamia
1604 1202 1899 1259 consecuti
1924 1203 2094 1257 sunt:
2209 1197 2302 1252 cui
2333 1196 2530 1252 omnia
2558 1193 2859 1268 possibilia
2891 1196 3048 1248 sunt.

460 1297 776 1370 loquamur
804 1299 1135 1369 peccatores
1177 1310 1355 1367 super
1401 1299 1640 1362 terram,
1692 1297 1750 1348 et
1795 1292 1855 1346 in
1909 1287 2098 1361 fragili

459 1386 809 1458 mortalique
838 1401 1077 1457 corpore
1108 1383 1431 1452 constituti,
1479 1383 1634 1454 quod
1682 1385 1914 1437 sanctos
1943 1378 2100 1433 vide-

460 1489 593 1534 mus
622 1476 681 1532 in
727 1473 888 1532 cretis
939 1474 1148 1541 dicere,
1199 1472 1375 1529 etiam
1424 1469 1858 1542 incorruptione
1906 1472 1963 1522 et
1989 1466 2100 1521 im-

461 1565 814 1623 mortalitate
843 1564 1129 1620 donatos:
1164 1585 1191 1614 «
1223 1563 1293 1617 Et
1331 1560 1544 1624 dicitis,
1594 1559 1806 1631 inquit,
1857 1557 1982 1612 Non
2015 1560 2103 1611 est

460 1658 617 1716 reatu
644 1654 738 1710 via
765 1651 1018 1719 Domini,
1042 1667 1177 1707 cum
1195 1654 1399 1705 vestrze
1419 1649 1520 1703 viae
1539 1665 1725 1721 prava:
1744 1647 1863 1702 sint
1883 1647 2098 1716 (Ezech.

458 1760 661 1810 xxxiii,
690 1743 802 1813 26).
837 1745 871 1796 a
900 1740 1322 1798 Pharisaeorum
1355 1742 1444 1794 est
1473 1739 1582 1793 hoc
1653 1735 2027 1809 supercilium
2057 1735 2098 1802 ³,

2277 1288 2368 1340 27.
2428 1285 2591 1340 Unde
2645 1283 2908 1355 loquitur
2964 1282 3034 1336 ad
3089 1297 3245 1352 eum,
3307 1279 3405 1353 qui
3463 1279 3622 1336 solus
3679 1295 3862 1336 verus

2212 1374 2479 1429 medicus
2503 1378 2590 1430 est
2623 1390 2634 1427 :
2667 1397 2694 1422 «
2727 1376 2881 1427 Sana
2939 1385 3051 1438 me,
3115 1369 3382 1434 Domine,
3439 1371 3496 1424 et
3553 1367 3812 1425 sanabor
3843 1387 3857 1425 :

2211 1464 2435 1521 salvum
2470 1481 2562 1519 me
2592 1463 2701 1528 fac,
2735 1460 2997 1527 Domine,
3031 1463 3088 1514 et
3117 1459 3314 1515 salvus
3346 1475 3481 1526 ero;
3531 1463 3595 1514 tu
3638 1474 3700 1515 es
3730 1459 3860 1532 glo-

2211 1554 2297 1609 ria
2339 1554 2432 1619 [αι.
2468 1550 2760 1624 gloriatio]
2791 1565 2922 1605 mea
2978 1553 3034 1604 et
3091 1565 3227 1620 spes
3279 1564 3409 1604 mea
3463 1549 3679 1615 (larem.
3715 1536 3858 1624 xm,

2210 1643 2321 1711 44).
2359 1663 2386 1691 ››
2435 1623 2493 1696 Si
2533 1639 2690 1696 enim
2739 1639 2808 1694 ad
2861 1637 3253 1693 conditionem
3306 1652 3497 1692 meam
3547 1623 3861 1692 infelicita.

2211 1743 2446 1802 temque
2478 1729 2808 1801 respiciam,
2841 1726 2987 1781 nihil
3019 1725 3176 1782 aliud
3210 1724 3320 1780 nisi
3355 1725 3464 1781 hoc
3504 1742 3752 1798 possum
3782 1725 3865 1780 lc.

463 1837 529 1889 ut
554 1835 790 1904 peccata
827 1828 1078 1901 propriae
1117 1827 1434 1883 voluntatis
1482 1827 1732 1881 referant
1777 1826 1846 1880 ad
1893 1822 2100 1879 Condi-
2134 1861 2180 1926 Β
2214 1821 2348 1891 qui:
2386 1844 2412 1868 «
2446 1818 2785 1926 Maledictus
2843 1816 3018 1870 homo
3066 1815 3088 1848 ⁴
3252 1814 3650 1926 .ἂῐ1ῐὶυηῐίῗ³νίῒ
3683 1815 3864 1926 Lpatri

459 1922 606 1978 toris
663 1919 964 1990 injuriam,
1018 1922 1075 1972 et
1101 1916 1260 1972 illius
1299 1915 1595 1988 justitiam
1645 1913 2098 1970 calumnientur.

463 2012 809 2067 Sacerdotes
879 2006 1084 2079 templi
1158 2005 1408 2079 mystici,
1483 2005 1637 2077 quod
1687 2005 2105 2075 interpretatur

464 2099 743 2166 Ecclesia,
774 2097 879 2152 filii
907 2097 1154 2164 Sadoch,
1197 2113 1328 2152 cum
1378 2094 1744 2151 vestimentis
1792 2092 2104 2150 ministerii

465 2207 581 2247 non
612 2188 994 2262 egrediuntur
1022 2187 1094 2241 ad
1126 2185 1411 2260 populum
1443 2185 1654 2257 (Ezech.
1686 2201 1836 2252 xuv,
1879 2185 1958 2250 l5,
1996 2182 2103 2252 l6),

465 2296 540 2337 ne
567 2279 828 2335 humana
857 2276 1294 2332 conservatione
1324 2273 1670 2332 sanctificati
1715 2272 2104 2329 maculentur.

464 2369 532 2425 Et
558 2372 622 2425 tu
642 2367 706 2423 in
733 2366 926 2422 medio
957 2364 1138 2437 vulgi,
1171 2381 1445 2436 unusque
1475 2365 1545 2419 de
1575 2361 1790 2436 populo
1821 2362 2108 2417 mundum

464 2473 591 2516 esse
620 2461 678 2514 te
707 2454 936 2513 credis?

533 2609 628 2666 26.
662 2608 743 2663 Ea:
783 2606 1038 2663 Ieremia.
1070 2636 1138 2645 -—
1166 2605 1482 2663 Jeremiam
1531 2603 1877 2676 prophetam
1926 2603 2114 2659 brevi-

469 2702 559 2755 ter
613 2698 1043 2770 percurrentes,
1101 2711 1279 2751 sensu
1351 2693 1539 2767 magis
1606 2709 1783 2764 quam
1845 2709 2114 2748 sermone

470 2773 804 2859 carpamus.
838 2806 866 2834 «
900 2782 1171 2848 Circuite,
1203 2782 1414 2854 inquit,
1439 2783 1500 2837 in
1522 2782 1772 2838 exitibus
1791 2781 2114 2838 Jerusalem

476 2881 534 2932 et
562 2873 802 2954 quaerite
840 2872 899 2928 in
949 2871 1158 2945 plateis
1214 2872 1343 2942 ejus
1416 2872 1566 2926 716
1624 2871 1809 2925 sicubi
1868 2871 2120 2943 reperire

478 2963 746 3038 poteritis
768 2961 980 3029 virum,
1015 2961 1113 3033 qui
1137 2961 1308 3031 juxta
1329 2961 1624 3032 justitiam
1651 2960 1804 3015 vivat
1832 2964 1889 3016 et
1920 2961 2116 3028 ﬁdem,

481 3059 538 3111 et
567 3069 664 3110 ero
696 3051 985 3128 propitius
1032 3053 1269 3122 propter
1315 3066 1470 3105 eum.
1521 3048 1796 3115 Quamvis
1845 3050 2000 3105 enim
2033 3049 2120 3104 di-

482 3147 652 3202 cant:
688 3141 842 3198 Vivit
869 3139 1173 3203 Dominus,
1220 3139 1619 3195 fraudulenter
1652 3139 1878 3210 jurant,
1928 3144 1985 3194 et
2014 3138 2121 3195 hoc

2214 1926 2362 1976 meo,
2391 1908 2614 1963 dicens:
2639 1907 2780 1962 Ecce
2811 1907 2985 1961 natus
3013 1908 3102 1958 est
3160 1902 3263 1957 tibi
3321 1918 3499 1974 puer;
3544 1902 3646 1959 ﬁat
3683 1903 3864 1961 homo

2215 1997 2312 2053 ille
2361 1997 2576 2054 similis
2622 1995 2888 2062 urbibus,
2941 2008 3091 2064 quas
3122 1991 3407 2047 subvertit
3454 1990 3626 2047 Deus.
3673 1992 3866 2056 Quare

2215 2088 2371 2142 enim
2405 2087 2463 2140 in
2495 2085 2671 2141 vulva
2714 2101 2829 2139 non
2885 2082 3089 2138 statim
3141 2079 3307 2152 perii,
3357 2085 3412 2135 et
3458 2079 3667 2137 fuisset
3712 2081 3862 2137 mihi

2217 2176 2550 2249 sepulcrum
2607 2177 2794 2228 mater
2851 2187 3004 2237 mea,
3061 2175 3118 2224 et
3189 2167 3360 2223 vulva
3415 2169 3546 2240 ejus
3594 2169 3863 2228 infernus

2219 2262 2650 2337 sempiternus?
2677 2263 2865 2326 Quare
2903 2275 3176 2330 egressus
3207 2274 3338 2313 sum
3372 2274 3439 2313 ex
3470 2263 3654 2330 utero,
3688 2264 3754 2316 ut
3782 2263 3864 2316 vi-

2220 2357 2415 2411 derem
2445 2353 2676 2409 labores
2706 2355 2762 2405 et
2793 2347 3081 2413 miserias,
3115 2352 3171 2402 et
3219 2351 3711 2405 consumerentur
3739 2351 3866 2408 dies

2223 2445 2337 2501 mei
2367 2444 2426 2498 in
2458 2441 2734 2498 aerumnis
2767 2441 2964 2510 (Jerem
2998 2455 3107 2505 .xx,
3160 2437 3230 2492 45
3272 2437 3445 2509 seqq.)
3471 2437 3500 2492 ?
3527 2456 3554 2488 ι
3607 2439 3866 2496 Tantum

2223 2536 2294 2590 de
2326 2551 2433 2589 sua
2478 2530 2811 2587 conditione
2855 2543 3096 2584 securus
3146 2531 3256 2596 est,
3306 2531 3364 2582 et
3407 2526 3490 2582 sic
3533 2528 3780 2586 conﬁdit
3806 2531 3864 2587 in

2223 2622 2582 2687 fortitudine,
2616 2623 2680 2675 ut
2710 2622 2960 2673 mortem
2999 2617 3144 2672 77⁵1
3201 2615 3471 2687 ρνωῖθιιιιι
3498 2616 3649 2673 vitae.
3685 2605 3872 2676 Novo?

2226 2719 2315 2770 rat
2343 2713 2499 2768 enim
2548 2710 2760 2765 vulnus
2805 2723 2980 2764 suum
3029 2710 3087 2762 et
3132 2705 3454 2777 potentiam
3496 2707 3645 2778 ejus,
3690 2724 3865 2780 quem

2227 2803 2411 2861 celare
2439 2800 2585 2856 nihil
2614 2804 2820 2872 potesl,
2853 2796 2953 2868 qui
2984 2795 3235 2867 loquitur
3280 2811 3383 2866 per
3429 2795 3777 2868 prophetam
3809 2800 3863 2853 δε

2228 2919 2255 2945 ‹‹
2289 2894 2442 2949 Deus
2473 2889 2952 2962 appropinquans
2995 2900 3121 2957 ego,
3155 2889 3212 2940 et
3264 2900 3379 2940 non
3409 2885 3611 2956 procul
3642 2886 3865 2958 (Jerem.

2229 2999 2390 3049 xxm,
2420 2982 2534 3047 23.)
2565 2998 2591 3029 ιι
2623 2977 2730 3041 Qui
2758 2975 2913 3031 enim
2947 2973 3159 3030 ccelum
3187 2973 3370 3045 replet
3399 2979 3457 3030 et
3481 2978 3722 3046 terram,
3747 2977 3872 3034 nul-

2230 3072 2324 3127 lus
2354 3071 2544 3142 potest
2570 3065 2751 3121 vitare
2800 3065 2926 3135 ejus
2971 3061 3262 3129 notitiam,
3314 3067 3374 3119 et
3419 3063 3614 3120 cordis
3641 3067 3871 3123 occulta

2233 3161 2438 3217 celare.
2471 3156 2577 3222 Qui
2610 3157 2905 3210 scrutatur
2933 3167 3122 3218 renes,
3155 3151 3502 3225 introspicit.
3533 3153 3598 3209 Et
3628 3159 3695 3211 ut
3724 3156 3871 3213 scia-

479 3234 677 3307 ipsum
709 3231 766 3286 in
797 3229 1104 3287 mendacio
1135 3231 1350 3300 (larem.
1392 3246 1446 3294 v,
1497 3230 1547 3296 1,
1595 3231 1675 3298 2).
1727 3228 1960 3284 Refutat
1990 3245 2091 3301 pec

2244 3266 2368 3305 mus
2396 3246 2494 3302 Dei
2526 3262 2652 3301 esse
2690 3244 2908 3298 bonum
2941 3257 3114 3296 omne
3145 3240 3299 3311 quod
3337 3241 3630 3312 gerimus:
3666 3266 3697 3293 ‹‹
3731 3245 3872 3318 Ego,

479 3327 747 3378 catorum
773 3317 1096 3387 sacriﬁcia;
1125 3318 1442 3374 vescendas
1473 3317 1727 3373 detrahit
1746 3318 2121 3376 offerentibus

479 3409 706 3472 hostias
723 3409 772 3477 ³,,
799 3407 997 3464 dicens
1029 3422 1090 3463 se
1122 3424 1236 3463 non
1269 3407 1585 3462 mandasse
1609 3407 1874 3478 patribus
1896 3424 2120 3474 eorum,

477 3497 714 3570 quando
739 3495 940 3551 eduxit
980 3511 1081 3552 eos
1125 3495 1196 3551 de
1243 3499 1398 3551 terra
1445 3494 1694 3568 Egypti,
1741 3502 1804 3550 ut
1851 3496 2123 3553 offerrent

474 3585 816 3660 hujusmodi
877 3583 1181 3640 sacriﬁcia.
1245 3584 1370 3639 Non
1427 3584 1583 3640 enim
1639 3583 1956 3652 voluntate,
2019 3587 2118 3643 sed

476 3676 772 3734 idolorum
843 3673 1279 3747 comparatione
1338 3673 1654 3740 mandavit,
1715 3674 1938 3730 malens
2009 3675 2121 3732 sibi

475 3765 670 3822 offerri
696 3763 986 3834 victimas,
1014 3779 1191 3835 quam
1232 3763 1625 3820 daemonibus.
1674 3767 1887 3819 Omnes
1936 3781 2119 3820 reces-

475 3858 682 3921 serunt
711 3855 788 3909 ab.
813 3870 900 3922 eo,
933 3851 1132 3908 nullus
1161 3856 1252 3908 est
1279 3852 1376 3924 qui
1411 3851 1686 3924 loquatur
1710 3852 1883 3920 bona,
1911 3857 1966 3909 et
1987 3859 2122 3926 agat

477 3943 880 4017 paenitentiam
907 3942 979 4019 de
1010 3942 1263 4018 peccatis
1295 3942 1440 3998 suis.
1474 3943 1814 4016 Sequuntur
1854 3944 2122 4016 proprias

474 4034 826 4104 voluntates,
882 4032 1051 4104 quasi
1097 4047 1285 4104 equus
1352 4037 1659 4104 promptus
1707 4033 1778 4088 ad
1830 4032 2116 4104 praelium.

477 4121 798 4180 Intendunt
828 4121 1089 4193 linguam
1123 4137 1291 4178 suam
1325 4120 1496 4194 quasi
1546 4137 1743 4177 arcum
1775 4139 1786 4190 ;
1823 4122 2120 4178 mentiun-

476 4215 575 4266 tur
603 4208 822 4281 omnia,
854 4213 910 4266 et
957 4226 1074 4265 non
1123 4213 1211 4266 est
1256 4209 1316 4264 in
1367 4209 1450 4265 eis
1495 4209 1730 4265 veritas.
1779 4211 2119 4267 Amicorum

479 4315 714 4374 quoque
742 4299 1026 4354 cavendas
1059 4298 1303 4356 insidias
1338 4299 1618 4371 praecipit,
1643 4303 1700 4354 et
1721 4299 1865 4354 nulli
1888 4301 2121 4358 credere

476 4387 902 4462 proximorum.
923 4386 1196 4460 Singulos
1223 4388 1380 4444 enim
1401 4387 1666 4444 insidiari
1690 4389 1914 4457 amicis,
1939 4393 1996 4444 et
2016 4391 2123 4446 fra-

478 4482 628 4534 trem
645 4491 680 4531 a
699 4475 899 4542 fratre,
919 4474 1131 4548 decipi,
1149 4479 1204 4532 et
1223 4475 1331 4532 hoc
1351 4477 1535 4534 facere
1557 4493 1672 4532 non
1694 4481 1917 4532 naturae
1943 4477 2116 4549 malo,

2232 3337 2443 3410 inquit,
2477 3331 2756 3407 plantabo
2787 3348 2906 3398 eos,
2959 3333 3024 3384 ut
3075 3344 3449 3402 nequaquam
3479 3331 3876 3407 eradicentur,

2231 3433 2288 3484 et
2317 3443 2421 3498 ego
2453 3425 2601 3480 dabo
2632 3423 2716 3478 eis
2748 3420 3158 3493 cogitationem
3190 3423 3247 3475 et
3287 3436 3550 3490 sensum,
3602 3426 3668 3478 u-t
3700 3423 3877 3481 intel-

2232 3515 2418 3588 ligant
2451 3530 2547 3568 me
2603 3513 2818 3582 (Jerem.
2878 3526 3034 3578 xxiv,
3091 3509 3144 3576 6,
3201 3510 3342 3579 7).»
3400 3510 3462 3565 Si
3518 3511 3794 3584 cogitatio
3826 3520 3879 3569 et

2232 3621 2442 3661 sensus
2463 3603 2680 3658 dantur
2696 3617 2730 3655 a
2750 3600 2888 3666 Deo,
2915 3603 2972 3654 et
2992 3597 3322 3654 intellectus
3350 3598 3581 3654 Domini
3609 3617 3676 3657 ex
3692 3601 3877 3670 illius,

2231 3692 2332 3766 qui
2365 3690 2698 3746 noscendus
2751 3692 2858 3754 est,
2911 3685 3105 3741 radice
3148 3684 3421 3757 pullulat,
3473 3686 3572 3743 ubi
3623 3692 3679 3744 et
3708 3688 3880 3746 liberi

2230 3781 2456 3838 arbitrii
2500 3782 2731 3834 tantum
2781 3775 3036 3849 superba
3073 3773 3361 3846 jactatio?
3408 3776 3697 3836 Volumus
3729 3779 3882 3836 scire

2230 3869 2624 3926 conditionem
2640 3870 2925 3932 nostram,
2941 3864 3255 3920 audiamus
3268 3863 3592 3922 historiam.
3606 3867 3879 3924 Joacbim

2230 3977 2327 4014 rex
2356 3957 2531 4024 Juda,
2559 3954 2867 4026 cunctique
2893 3953 3034 4009 socii
3065 3954 3195 4024 ejus
3217 3957 3276 4008 et
3291 3953 3582 4026 principes
3597 3956 3751 4027 ejus,
3775 3973 3880 4012 au-

2229 4048 2370 4103 ditis
2418 4045 2792 4102 sermonibus
2840 4042 3011 4110 Urize,
3059 4041 3373 4098 voluerunt
3423 4042 3684 4099 occidere
3743 4060 3881 4100 eum

2229 4139 2445 4206 (Jerem.
2481 4152 2634 4200 xxvx,
2662 4135 2775 4203 2i).
2808 4132 2972 4197 Quod
3022 4148 3158 4187 cum
3209 4130 3306 4187 ille
3350 4131 3676 4202 didicisset,
3710 4133 3889 4190 timo-

2232 4243 2292 4281 re
2323 4223 2668 4298 perterritus
2699 4221 2848 4293 fugit
2877 4221 2933 4276 in
2958 4221 3294 4292 Egyptum.
3315 4219 3431 4275 Cur
3452 4225 3704 4277 mortem
3721 4221 3894 4279 time-

2232 4315 2349 4378 bat,
2383 4313 2484 4385 qui
2515 4310 2823 4383 explicavit
2854 4309 3212 4365 sententiam
3263 4309 3516 4378 Domini,
3560 4326 3593 4365 a
3624 4309 3724 4382 qui
3761 4327 3794 4365 a
3827 4327 3894 4367 se

2232 4400 2490 4457 nuntiari
2519 4399 2754 4455 Domini
2786 4402 3025 4454 noverat
3045 4397 3408 4454 voluntatem
3435 4399 3462 4452 ‘I
3482 4398 3892 4472 Dedignamur

2231 4509 2334 4564 per
2363 4488 2602 4561 singula
2632 4487 2920 4543 auxilium
2956 4486 3077 4556 Dei,
3112 4491 3170 4542 et
3198 4487 3270 4542 ad
3313 4485 3472 4543 illius
3504 4491 3712 4544 nutum
3747 4505 3896 4546 cun-

549 4617 792 4695 {Unus
851 4618 1114 4674 Vatican.
1143 4620 1328 4695 __z°llz'us
1389 4620 1768 4695 misericordia
1814 4623 2128 4695 conservati
2157 4609 2202 4673 Β
2240 4621 2574 4695 Conditoris
2631 4619 2910 4692 injuriam
2970 4619 3214 4693 propriae
3272 4619 3596 4678 voluntatis
3654 4627 3902 4695 peccata

476 4693 624 4753 sunt,
681 4690 815 4746 Mox
873 4691 1272 4763 ex_omnibus
1332 4699 1384 4745 et
1454 4691 1903 4763 recordabz'mz'ni,
1958 4693 2134 4763 juxta

476 4764 742 4824 Graecum
795 4761 1192 4834 μνησθήσεσθε,
1244 4762 1616 4834 reposuimus
1672 4779 1805 4818 cum
1854 4761 2129 4830 Victorio,

480 4851 596 4906 quo
635 4850 740 4906 pro
792 4833 1061 4906 Martian.
1102 4833 1502 4906 recordamini.
1554 4835 1973 4891 Annotandum
2022 4836 2130 4892 hoc

474 4905 606 4962 loco
637 4905 984 4976 Pelagianos
1015 4905 1113 4978 qui
1145 4907 1206 4961 in
1232 4906 1321 4960 die
1342 4906 1547 4976 jmlz’eii
1587 4907 1798 4978 iniquis
1844 4915 1898 4962 et
1943 4923 2130 4977 pecca-

479 4977 686 5034 toribus
716 4993 827 5032 non
857 4977 1191 5048 parcendum
1223 4977 1513 5043 dicebant,
1562 4977 1690 5032 ideo
1737 4978 2024 5033 confutari
2057 4981 2129 5035 ab

477 5049 851 5121 Hieronymo,
883 5049 1039 5120 quod
1075 5048 1228 5121 inter
1258 5048 1596 5121 graviorum
1612 5053 1683 5121 et
1703 5048 1982 5104 leviorum
2013 5050 2129 5106 cul-

474 5119 870 5196 parum'reos
904 5119 1028 5177 non
1077 5119 1525 5192 distinguerent.
1579 5119 1709 5175 Vid.
1775 5137 1902 5192 quae
1951 5139 2131 5196 supra

475 5193 875 5247 observamus.

543 5264 565 5296 ²
585 5265 801 5317 Auctor
817 5261 1312 5318 Constitutionum
1335 5262 1804 5333 Apostolicarum
1827 5263 1866 5318 l.
1891 5281 1969 5332 v1,
1996 5281 2044 5320 c.
2069 5267 2125 5321 6.

475 5332 801 5406 Pharisaos
827 5333 1100 5406 Fortunae
1132 5350 1198 5390 ac
1225 5335 1365 5389 Fato
1389 5332 1566 5405 opera
1585 5337 1955 5406 peccantium
1987 5336 2130 5392 dicit

474 5403 789 5478 ascribere.
816 5404 1106 5478 Josepbus
1135 5423 1290 5472 vero,
1321 5403 1542 5477 Antiqq.
1575 5403 1699 5478 xm,
1733 5410 1786 5476 9,
1820 5413 1877 5462 et
1923 5424 2036 5473 XIV,
2069 5412 2124 5475 2,

473 5477 746 5601 quaedam
777 5475 1055 5561 humana,
1090 5483 1191 5533 aut
1222 5477 1396 5560 etiam
1431 5475 1631 5533 omnia
1665 5475 1803 5560 Fato
1835 5479 2128 5562 quideme

519 5547 782 5601 hariséms
812 5549 990 5601 tribui
1023 5551 1254 5601 fatetur-
1285 5555 1368 5601 ita
1394 5553 1589 5601 tamen
1617 5559 1676 5601 ut
1698 5549 1949 5601 liberum
1971 5553 2126 5601 arbi-

519 5547 782 5614 harisaeis
812 5549 990 5611 tribui
1023 5551 1254 5617 fatetur,
1285 5549 1368 5604 ita
1394 5553 1590 5606 tamen
1617 5559 1676 5606 ut
1697 5547 1950 5606 liberum
1971 5553 2126 5607 arbi-

472 5625 626 5695 trum
660 5618 784 5677 tolli
831 5620 1093 5695 nollent.
1121 5621 1254 5695 Sed,
1283 5626 1404 5678 tam
1449 5622 1704 5695 implexa
1757 5623 1960 5695 eorum
1993 5640 2124 5680 sen-

471 5692 654 5753 tentia
683 5696 825 5767 erat,
860 5700 923 5752 ut
954 5693 1159 5752 merito
1190 5692 1581 5772 Hieronymus
1611 5701 1858 5768 asserat,
1893 5694 2027 5753 illos
2051 5696 2124 5754 ad

2241 4693 2534 4750 retulisse.

2312 4767 2333 4800 ³
2364 4768 2573 4821 Verius
2627 4765 2872 4820 fortasse
2932 4764 3048 4817 duo
3093 4762 3276 4818 \‘utic.
3330 4763 3473 4820 Mss.
3533 4781 3668 4821 cum
3707 4766 3891 4822 veteri

2241 4838 2406 4902 edit.,
2437 4837 2727 4892 vescendas
2763 4836 2936 4890 tradit
2965 4836 3315 4906 offerentibus
3345 4836 3567 4892 hostias.
3843 4831 3848 4838 ’

2310 4912 2330 4943 ⁴
2391 4908 2760 4982 Superiorem
2805 4906 2975 4982 -huic
3059 4905 3410 4982 versiculum
3474 4908 3555 4964 ita
3604 4909 3895 4982 praeponit

2240 4981 2425 5036 Vatic.
2459 4977 2611 5048 cod.,
2645 5003 2671 5029 ‹‹
2709 4977 3017 5033 Maledicta
3047 4979 3171 5035 dies
3204 4978 3260 5032 in
3292 4995 3409 5050 qua
3441 4977 3623 5037 natus
3643 4977 3803 5046 sum,
3832 4985 3898 5038 et.

2241 5070 2356 5107 non
2389 5053 2467 5108 sit
2499 5051 2756 5125 diesiilla
2783 5050 3110 5125 benedicta,
3144 5049 3201 5105 in
3231 5049 3351 5125 qua
3378 5053 3603 5125 peperit
3635 5067 3889 5125 meme:-

2239 5129 2327 5179 ter
2357 5140 2506 5179 mea.
2548 5146 2576 5173 ››
2607 5124 2779 5187 Tum,
2811 5144 2838 5170 ‹‹
2865 5121 3208 5177 Maledictus
3231 5121 3425 5188 homo,
3451 5121 3478 5174 ὖ
3503 5128 3614 5179 etc.
3636 5129 3694 5178 et
3719 5121 3894 5184 facile

2241 5196 2474 5267 quidem
2506 5211 2574 5250 ex
2613 5194 2753 5267 aliis
2808 5192 2973 5247 libris
3032 5193 3126 5247 ille
3175 5193 3442 5250 videatur
3497 5194 3782 5251 excidisse
3814 5195 3890 5251 ob

2238 5268 2479 5394 simglist
2500 5266 2657 5322 vocis
2703 5281 3038 5330 occursum,
3087 5281 3156 5319 ex
3193 5281 3310 5336 qua
3358 5267 3682 5323 versiculus
3739 5267 3891 5324 alter

2239 5356 2332 5393 mc
2380 5355 2450 5394 ca
2484 5356 2571 5393 ur.

2239 5339 2571 5394 inchoatur.

2308 5411 2596 5475 ‘Victor.,
2647 5411 2750 5463 Per
2796 5408 3042 5464 eumdem
3097 5407 3436 5480 prophetam,
3487 5424 3697 5481 nempe
3725 5409 3889 5466 Jers-

2238 5483 2417 5537 miam
2452 5499 2522 5537 ne
2565 5481 2785 5551 absque
2837 5496 2904 5534 ea
2953 5496 3090 5534 voce
3147 5482 3413 5537 diversus
3468 5482 3540 5537 ab
3599 5481 3888 5540 hactenus

2237 5551 2476 5626 laudato
2534 5553 2815 5626 propheta
2870 5551 3041 5626 innui
3105 5553 3418 5608 videretur.
3496 5551 3676 5613 Paulo
3736 5555 3889 5616 intra

2237 5625 2391 5700 Vat.,
2423 5627 2519 5700 qui
2536 5625 2815 5685 scrutator
2841 5625 2988 5682 renis
3023 5625 3350 5700 introspicit,
3379 5628 3490 5689 etc.
