3966 6408
102 393 218 466 593

966 406 1354 474 DIALOGUS
1398 405 1714 476 CONTRA
1755 405 2552 481 PELAGIANOS.—LIB.
2583 411 2662 480 Π.

3395 389 3514 477 ωιὶ

104 541 196 595 cta
221 551 422 613 gerere
452 534 830 616 negligimus,
853 559 987 599 cum
1020 543 1285 618 legamus
1308 549 1539 603 sanctos
1569 546 1746 614 viros,
1780 545 1837 613 Α
1866 550 2032 623 mini)
2065 552 2438 621 conﬁrmant,
2466 554 2728 612 dicentes
2761 569 2773 614 :
2809 569 2925 612 non
2951 551 3340 630 peccavimus,
3366 568 3506 615 eum

102 628 278 686 etiam
308 628 621 688 hominum
643 631 969 705 indiguisse
1016 635 1286 706 praesidio
1311 637 1338 691 ?
1380 635 1750 692 Periclitatur

98 719 388 777 Jeremias
420 725 478 778 et
498 721 803 778 manifeste
833 721 1066 791 dicitur,
1101 725 1256 796 quod
1288 725 1527 782 auxillio
1545 727 1594 781 ei
1621 727 1749 782 iue-

97 809 174 866 rit
206 827 423 868 manus
453 810 690 867 Abicam
722 810 824 866 lilii
866 812 1122 885 Saphan,
1181 831 1253 870 ne
1313 816 1640 872 traderetur
1687 816 1745 872 in

100 903 457 973 potestatem
488 900 664 974 vulgi,
697 905 754 956 et
781 901 1125 958 obrueretur
1154 903 1474 976 lapidibus.

157 991 258 1058 28.
292 991 585 1061 Evangelii
608 993 809 1062 gratia.
849 1022 920 1032 ——
966 991 1214 1048 Abolitis
1271 993 1416 1067 legis
1483 1011 1749 1052 caeremo-

99 1080 497 1148 niis,etduro
559 1081 810 1153 pondere
846 1085 1108 1138 veterum
1156 1088 1600 1156 praeceptorum,
1663 1102 1747 1142 re-

100 1170 468 1243 promittitur
504 1169 798 1242 Evangelii
850 1171 1055 1242 gratia,
1099 1173 1407 1246 legemque
1462 1174 1748 1230 Dominus

101 1259 429 1333 pollicetur,
465 1263 530 1315 ut
548 1277 752 1316 omnes
775 1277 910 1316 eum
944 1261 1211 1316 noverint
1240 1279 1273 1317 a
1294 1262 1540 1318 minimo
1560 1280 1750 1335 usque

101 1349 175 1405 ad
208 1347 555 1416 maximum,
596 1349 798 1406 dicens
823 1367 834 1406 :
858 1373 884 1400 «
918 1348 1222 1406 Dimittam
1255 1356 1494 1423 peccata
1522 1369 1746 1419 eorum,

99 1439 482 1512 iniquitatum
511 1438 746 1496 illarum
780 1439 935 1496 ultra
962 1457 1188 1497 memor
1217 1457 1331 1498 non
1393 1458 1490 1498 ero
1523 1443 1745 1514 (Jerem.

97 1547 258 1598 xxxi,
283 1531 397 1601 34).
430 1551 459 1580 ››
487 1531 674 1596 Quam
705 1533 899 1585 autem
931 1529 1244 1586 habuerint
1289 1532 1473 1586 sancti
1528 1532 1635 1587 viri
1688 1533 1746 1587 in

91 1618 228 1693 lege
284 1619 459 1676 veteri
498 1617 812 1690 justitiam,
849 1621 1116 1692 sequenti
1158 1637 1430 1677 sermone
1508 1622 1746 1677 demon-

91 1713 249 1766 strat
280 1726 296 1766 :
329 1731 358 1758 «
387 1708 516 1764 Filii
534 1708 711 1765 Israel
743 1712 800 1764 et
849 1708 954 1764 ﬁlii
999 1709 1153 1765 Juda
1184 1709 1561 1781 iniquitatem
1605 1712 1749 1767 fece-

93 1815 157 1856 re
184 1801 528 1872 perpetuam
557 1797 616 1854 in
660 1802 973 1871 conspectu
1013 1815 1172 1866 meo;
1223 1800 1294 1856 ab
1354 1799 1749 1857 adolescentia

91 1904 209 1944 sua
237 1902 426 1960 usque
456 1887 527 1943 ad
568 1887 723 1942 diem
747 1891 1123 1988 praesentem,
1156 1893 1214 1944 et
1260 1888 1464 1946 civitas
1509 1889 1744 1947 Jerusa-
1776 1923 1824 1989 B

93 1976 214 2033 lem
245 1977 316 2034 ab
347 1976 514 2035 initio
544 1976 896 2032 conditionis
917 1994 1035 2033 suae
1057 1994 1245 2049 usque
1275 1979 1347 2032 ad
1381 1979 1534 2035 diem
1586 1995 1742 2036 ever-

89 2067 288 2124 sionis
306 2083 427 2123 sua;
455 2082 550 2122 me
605 2067 677 2122 ad
725 2065 1088 2122 iracundiam
1146 2068 1477 2139 provocavit
1528 2070 1744 2141 (Jerem.

93 2174 282 2229 χχχιι,
311 2144 424 2225 30).
461 2178 482 2205 n
510 2156 752 2212 Attende
784 2156 923 2226 quid
946 2155 1119 2225 dicat,
1183 2156 1360 2213 ﬁnem
1391 2159 1535 2230 juge
1583 2159 1747 2231 prin-

94 2246 275 2321 cipio,
311 2262 482 2302 omne
505 2245 762 2301 medium
785 2249 1016 2318 tempus
1049 2245 1109 2301 in
1137 2245 1276 2302 vitio
1311 2252 1417 2303 est.
1464 2248 1747 2304 Jeremias

89 2334 503 2394 sanctiﬁcatus
533 2334 591 2389 in
623 2335 817 2390 utero‘
843 2340 1160 2407 antequam
1185 2339 1358 2392 natus
1377 2337 1634 2408 (Ierem.1
1664 2339 1743 2410 5),

91 2425 284 2498 virgo,
343 2423 626 2498 propheta
677 2423 886 2480 veteris
942 2423 1303 2482 Testamenti
1354 2427 1747 2499 pertremiscit

88 2505 462 2582 Sedechiam,
493 2517 552 2570 et
582 2513 855 2570 ﬂebiliter
882 2515 1168 2582 obsecrat,
1202 2515 1406 2572 dicens
1441 2534 1452 2572 :
1489 2539 1518 2567 ‹‹
1578 2518 1745 2574 Nunc

84 2621 253 2679 ergo,
287 2604 519 2660 domine
541 2603 621 2658 mi
653 2619 768 2672 rex,
804 2603 946 2659 audi
991 2604 1464 2676 deprecationem
1524 2624 1740 2678 meam,

87 2700 148 2751 et
178 2692 488 2768 praevaleat
516 2693 669 2764 apud
700 2697 758 2748 te
787 2691 1111 2749 obsecratio
1143 2710 1297 2760 mea,
1349 2711 1419 2750 ne
1478 2695 1744 2752 remittas

93 2784 254 2840 118
286 2797 382 2839 me
411 2782 471 2837 in
503 2783 740 2838 domum
773 2781 1070 2838 Jonatban
1102 2783 1328 2852 scribas,
1367 2801 1438 2840 ne
1491 2785 1572 2840 ibi
1615 2801 1741 2858 per-

88 2890 223 2931 eam
256 2874 474 2945 (larem.
502 2888 712 2940 xxxvn,
749 2871 915 2940 19).»
962 2871 1005 2927 0
1065 2872 1350 2945 propheta
1408 2891 1512 2929 cur
1567 2874 1743 2930 times

91 2962 350 3036 impium
377 2977 572 3034 regem
594 2961 622 3015 ?
652 2961 765 3017 Cur
793 2977 928 3016 eum
959 2962 1196 3029 metuis,
1229 2979 1404 3035 quem
1439 2964 1591 3020 nosti
1616 2965 1743 3036 jam

80 3054 336 3126 jamque
365 3049 686 3123 periturum
710 3051 738 3105 ‘?
760 3066 1052 3111 carcerem
1083 3051 1448 3120 reformidas,
1505 3052 1597 3108 cui
1642 3071 1741 3126 pa-

87 3146 260 3199 ratur
289 3138 599 3213 paradisus
619 3139 1082 3212 PRespondebit'
1100 3140 1244 3196 mihi
1275 3159 1287 3196 :
1317 3141 1501 3198 Homo
1525 3160 1657 3198 sum
1684 3145 1742 3199 in

88 3229 331 3287 mortali
360 3245 532 3285 carne
552 3233 608 3284 et
636 3229 1000 3301 corruptibili
1047 3229 1423 3298 constitutus,
1479 3231 1738 3288 dolorem

85 3319 308 3387 sentio,
326 3318 598 3374 horresco
608 3317 1081 3390 cruciatus,quos
1091 3317 1267 3374 etiam
1281 3320 1559 3377 Dominus
1574 3338 1740 3379 meus

81 3425 197 3485 pro
219 3424 353 3465 mea
378 3405 565 3463 salute
595 3423 878 3464 sensurus
896 3411 1004 3464 est.
1035 3407 1341 3465 Miseretur
1361 3409 1621 3466 humano
1643 3428 1739 3484 ge-

82 3498 215 3557 neri
245 3497 424 3564 Deus,
457 3499 514 3552 et
544 3512 658 3552 non
688 3495 814 3552 vult
835 3495 1020 3568 perire
1051 3498 1206 3570 quod
1238 3497 1392 3554 fecit.
1423 3523 1452 3550 ‹‹
1487 3499 1616 3554 Noli
1668 3500 1738 3555 ti-

82 3603 274 3655 mere,
301 3584 504 3651 Jacob,
527 3583 668 3640 dicit
693 3584 980 3641 Dominus
1012 3603 1026 3653 ;
1050 3601 1156 3659 ego
1177 3587 1335 3643 enim
1366 3605 1499 3644 sum
1546 3594 1739 3646 tecum

79 3681 143 3735 et
169 3672 522 3730 interﬁciam
553 3689 755 3729 omnes
782 3677 986 3746 gentes
1017 3675 1075 3730 in
1099 3691 1246 3747 quas
1279 3675 1527 3748 dispersi
1559 3682 1644 3746 te;
1688 3685 1744 3735 te

79 3780 226 3822 vero
258 3764 456 3838 ipsum
486 3761 674 3835 perire
705 3779 821 3818 non
846 3761 1084 3832 faciam,
1119 3766 1222 3821 sed
1252 3766 1551 3840 castigabe
1580 3772 1635 3823 te
1685 3769 1744 3823 in

71 3851 348 3928 justitia,
379 3855 436 3907 et
463 3851 548 3908 ita
577 3851 898 3908 miserebor
924 3853 1031 3922 tui,
1066 3857 1130 3909 ut
1172 3859 1230 3910 te
1275 3854 1579 3913 innoxium
1629 3875 1745 3932 non

83 3942 428 4014 relinquam
456 3943 681 4011 (Jerem.
713 3958 844 4008 xxx,
870 3942 958 4012 10,
990 3941 1094 4012 Ii).
1133 3965 1160 3993 »

160 4032 256 4088 29.
294 4031 583 4087 Salvemur
619 4031 720 4086 Dei
768 4031 1171 4088 misericordia.
1223 4063 1290 4072 —
1331 4033 1492 4091 Unde
1541 4040 1598 4091 et
1643 4053 1750 4092 nos

91 4122 364 4180 dicimus
393 4121 727 4192 essejustos
745 4121 766 4155 ³
797 4125 1030 4177 sanctos
1059 4122 1234 4187 viros,
1268 4127 1326 4178 et
1347 4127 1477 4196 post
1514 4130 1751 4197 peccata

92 4211 404 4286 placentes
434 4209 572 4279 Deo,
607 4225 719 4266 non
753 4227 860 4265 suo
893 4212 1123 4266 tantum
1183 4210 1412 4282 merito,
1472 4215 1572 4270 sed
1621 4215 1750 4284 ejus

89 4298 442 4364 clementia,
461 4299 556 4356 cui
581 4299 776 4356 omnis
806 4303 1074 4356 creatura
1112 4301 1375 4372 subjecta
1414 4306 1521 4372 est,
1567 4307 1624 4360 et
1670 4304 1754 4359 in-

89 4390 267 4464 diget
305 4387 707 4445 misericordia
737 4389 886 4458 ejus.
912 4389 1168 4444 Audiant
1197 4388 1470 4457 haeretici,
1495 4392 1595 4457 qui
1637 4393 1753 4450 ele-

85 4483 318 4538 vantur
346 4493 447 4550 per
471 4477 835 4552 superbiam,
869 4482 927 4534 et
956 4477 1161 4534 dicunt
1193 4496 1206 4534 :
1233 4500 1260 4528 «
1286 4479 1403 4551 Ipsi
1450 4479 1623 4537 nobis
1672 4483 1752 4539 fe-

1858 643 2220 715 peccaverint
2258 643 2310 699 ie
2341 643 2838 716 pulchritudinem
2853 646 3104 718 justitias
3126 647 3278 716 ,etin
3301 666 3503 723 exspe-

1859 731 2174 788 ctationem
2205 737 2440 805 patrum
2473 734 2692 803 (larem.
2728 752 2778 805 L,
2808 735 2885 806 7).
2920 756 2949 785 ››
2980 735 3081 793 Vis
3102 737 3250 794 scire
3271 740 3510 811 quando

1857 819 2056 876 omnia
2076 825 2310 892 peccata
2323 821 2644 878 ﬁniantur?
2658 823 2808 878 Audi
2823 825 3096 883 eumdem
3116 826 3461 900 prophetam
3485 845 3500 884 :

1861 933 1888 960 ‹‹
1916 911 1979 965 In
2012 913 2270 982 tempore
2300 910 2424 980 illo,
2456 911 2599 968 dicit
2626 913 2933 982 Dominus,
2955 918 3246 986 qumretur
3283 915 3504 988 iniqui-

1860 1001 1950 1061 tas
1975 997 2033 1053 in
2066 999 2263 1066 Israel,
2304 1005 2496 1056 etnon
2528 1001 2657 1068 erit,
2706 1006 2765 1058 et
2786 1006 3089 1074 peccatum
3145 1002 3206 1059 in
3226 1005 3404 1074 Juda,
3454 1010 3512 1064 et

1860 1103 1975 1141 non
2007 1086 2335 1144 invenietur
2365 1089 2522 1154 (Ibid.
2553 1093 2668 1159 20).
2711 1110 2736 1142 ιο
2765 1092 2898 1161 Cur,
2927 1107 3124 1164 quasso
3149 1093 3498 1165 PSequitur:

1862 1174 2053 1239 «Quia
2075 1177 2366 1248 propitius
2387 1195 2482 1233 ero
2497 1178 2634 1234 illis.
2655 1205 2679 1226 ιι
2696 1179 2803 1236 Ubi
2819 1185 3016 1241 autem
3033 1182 3368 1255 propitiatio
3385 1187 3498 1254 est,

1861 1264 2155 1336 praecessit
2185 1270 2319 1321 ante
2350 1271 2674 1338 peccatum.
2729 1268 2888 1324 Tolle
2936 1268 3116 1342 igitur
3149 1280 3323 1342 posse
3345 1275 3386 1340 ‘,
3446 1276 3506 1346 et

1858 1355 2173 1409 concedam
2214 1355 2435 1422 omnia,
2465 1356 2719 1413 donante
2751 1357 2888 1426 Deo,
2941 1358 3282 1417 subsistere.
3316 1385 3347 1412 ‹‹
3398 1367 3507 1421 Βο-

1859 1458 2003 1498 num
2033 1446 2122 1499 est
2159 1443 2484 1515 praestolari
2513 1461 2647 1502 cum
2679 1444 2911 1503 silentio
2960 1447 3217 1506 salutare
3271 1450 3506 1509 Domini

1857 1532 2092 1605 (Thren.
2130 1551 2213 1602 ιιι,
2245 1535 2369 1605 26);
2404 1557 2431 1586 »
2467 1535 2687 1592 bonum
2719 1541 2806 1593 est
2834 1554 3048 1609 ponere
3079 1538 3138 1594 in
3165 1539 3400 1612 pulvere
3431 1557 3498 1599 os

1857 1638 2055 1691 suum;
2086 1622 2222 1679 dare
2262 1623 2606 1696 percutienti
2638 1642 2700 1681 se
2730 1626 3050 1694 maxillam,
3084 1629 3336 1686 saturari
3395 1649 3500 1703 op.

1857 1711 2128 1783 probriis,
2161 1721 2326 1785 sp‘em
2359 1713 2571 1769 habere
2612 1714 2672 1770 in
2723 1714 2965 1771 Domino
2990 1717 3146 1785 (Ibid.
3179 1718 3270 1785 27,
3299 1720 3496 1793 δέρᾳ.)

1857 1800 1914 1855 Si
1951 1800 2107 1856 enim
2138 1801 2370 1874 abjecit,
2402 1806 2460 1858 et
2490 1803 3500 1877 miserebiturjuxtamultitndinem

1856 1887 2391 1946 misericordiarum
2417 1905 2659 1947 suarum
2694 1910 2706 1948 :
2741 1909 2932 1964 neque
2958 1894 3115 1951 enim
3173 1896 3508 1956 humiliavit

1858 1979 2030 2034 corde
2062 1997 2168 2035 suo
2199 1984 2256 2036 et
2287 1980 2499 2051 abjecit
2553 1979 2705 2039 ﬁlios
2726 1981 3057 2039 hominum.
3081 1984 3324 2043 Frustra
3343 1994 3506 2045 mur-

1858 2072 2052 2123 murat
2084 2067 2258 2124 homo
2316 2082 2420 2141 pro
2477 2070 2730 2142 peccatis
2784 2071 2927 2128 suis.
2987 2072 3326 2131 Scrutemur
3380 2077 3504 2134 vias

1858 2160 2110 2226 nostras,
2144 2161 2201 2212 et
2253 2175 2585 2229 quaeramus
2643 2162 2700 2215 et
2752 2165 3113 2218 revertamur
3167 2164 3240 2219 ad
3305 2164 3506 2222 Domi-

1856 2261 1999 2300 num
2033 2246 2188 2317 (Ibid.
2225 2247 2312 2313 40,
2346 2247 2455 2315 41).
2491 2248 2774 2303 Levemus
2801 2248 2974 2305 cordo
3013 2265 3148 2306 cum
3183 2253 3333 2310 770
3379 2271 3503 2312 me-

1857 2333 2032 2389 nibus
2064 2333 2134 2390 ad
2187 2335 2504 2392 Dominum
2560 2331 2621 2392 in
2682 2335 2914 2406 ccelum,
2970 2337 3358 2412 dicamusque
3393 2338 3502 2400 ei:

1856 2445 1884 2472 «
1921 2423 2122 2495 Inique
2151 2424 2402 2496 egimus,
2434 2429 2490 2481 et
2520 2426 2591 2481 ad
2623 2424 2991 2482 iracundiam
3031 2427 3500 2499 proVoca‘vimus,

1856 2511 2071 2569 idcirco
2101 2518 2163 2569 tu
2195 2514 2571 2571 inexorabilis
2601 2530 2662 2570 es
2693 2515 2853 2585 (Ibid.
2887 2516 2999 2587 42).

1925 2602 2013 2657 30.
2050 2602 2252 2658 Causas
2281 2604 2484 2658 divinae
2511 2605 2822 2660 mutuniatis
2849 2606 3150 2661 noscimus.
3183 2637 3252 2650 —-
3299 2603 3503 2667 Daniel

1854 2692 2139 2764 propheta
2166 2691 2427 2765 loquitur
2457 2693 2526 2749 ad
2582 2693 3139 2766 Nabuchodonosor,
3181 2698 3337 2769 quod
3398 2700 3502 2756 do-

1853 2781 2111 2836 minetur
2138 2781 2412 2838 Excelsus
2443 2798 2622 2856 regno
2661 2783 2990 2851 hominum,
3019 2787 3076 2839 et
3097 2785 3195 2842 det
3213 2785 3361 2842 illud
3379 2787 3503 2844 cui-

1852 2885 2082 2942 cunque
2098 2869 2363 2937 voluerit,
2388 2875 2445 2927 et
2465 2876 2789 2927 extremum
2815 2876 2989 2944 atque
3009 2874 3339 2946 projectum
3360 2893 3499 2936 con-

1853 2959 2059 3016 stituat
2090 2976 2268 3032 super
2295 2958 2462 3014 illud.
2497 2960 2795 3034 Interroga
2823 2977 2958 3017 eum
2991 2978 3106 3034 qua
3135 2977 3316 3021 causa
3361 2965 3498 3023 ulti-

1854 3065 2017 3104 mum
2066 3054 2240 3120 atque
2287 3050 2629 3121 despectum
2678 3049 2998 3106 constituat
3045 3051 3108 3107 in
3165 3067 3383 3125 regem,
3427 3044 3503 3111 ἐι

1852 3138 2027 3194 faciat
2079 3138 2236 3208 quod
2293 3137 2576 3193 voluerit:
2628 3142 2686 3194 et
2741 3138 2988 3208 discute,
3050 3142 3248 3196 utrum
3306 3141 3498 3215 ipsius

1850 3226 2123 3283 voluntas
2155 3228 2318 3299 justa
2348 3226 2443 3293 sit,
2475 3227 2546 3282 de
2577 3243 2691 3299 quo
2722 3226 3008 3299 scriptum
3031 3230 3121 3283 est
3147 3245 3160 3284 :
3188 3251 3216 3278 ‹‹
3242 3230 3347 3297 Qui
3371 3247 3497 3287 sus-

1772 3291 1815 3358 C
1853 3315 1995 3372 citat
2042 3317 2114 3372 de
2155 3291 2326 3372 “terra
2392 3291 2698 3383 brumilem,
2757 3319 2815 3372 et
2841 3291 2941 3373 -de
3000 3291 3281 3384 stercore
3309 3319 3498 3378 elevat

1850 3422 2186 3478 pauperem,
2219 3409 2284 3460 ut
2314 3403 2556 3461 collocet
2580 3421 2716 3460 eum
2753 3418 2888 3460 cum
2911 3404 3299 3479 principibus,
3354 3425 3490 3465 cum

1850 3493 2218 3567 principibus
2247 3493 2446 3567 populi
2478 3494 2569 3548 sui
2611 3493 2781 3564 (Psal.
2813 3509 2948 3562 0x11,
2990 3494 3046 3564 7,
3077 3494 3155 3566 8).
3190 3516 3219 3544 ››
3249 3500 3340 3552 An
3375 3497 3494 3553 for-

1851 3585 2005 3641 sitan
2036 3585 2206 3656 juxta
2235 3588 2291 3639 te
2321 3584 2543 3656 absque
2556 3583 2779 3654 judicio
2802 3583 3229 3655 atquejustitia
3247 3584 3497 3658 gloriam

1853 3676 2062 3746 quaerit
2103 3690 2428 3745 auramque
2484 3671 2848 3745 popularem,
2909 3676 2974 3728 ut
3015 3671 3270 3730 humiles
3313 3675 3504 3750 erigat

1854 3765 1914 3820 in
1942 3779 2186 3836 regnum
2208 3767 2265 3820 et
2280 3766 2544 3835 potentes
2591 3761 2925 3818 humilitate
2963 3762 3493 3819 commutet?Audi

1856 3854 2201 3928 prophetam
2231 3851 2516 3908 dicentem
2553 3867 2566 3906 :
2604 3872 2632 3901 ‹‹
2662 3851 2878 3909 Omnes
2910 3850 3268 3908 habitatores
3322 3853 3490 3908 terra

1858 3943 2027 4016 quasi
2060 3941 2205 3997 nihil
2239 3940 2490 4014 reputati
2532 3944 2672 3998 sunt
2700 3941 2854 4013 apud
2886 3956 3022 3996 eum
3054 3940 3178 4012 (Isa.
3211 3955 3303 4009 XL,
3337 3941 3448 4008 17).
3471 3961 3500 3990 ››

1862 4031 2015 4089 Fecit
2033 4032 2189 4088 enim
2223 4032 2614 4102 quodcunque
2643 4029 2828 4085 voluit
2856 4029 2914 4084 in
2946 4028 3087 4086 c0310
3119 4032 3177 4086 et
3206 4029 3266 4085 in
3323 4033 3501 4098 terra,

1860 4126 1916 4179 et
1946 4137 2118 4178 nemo
2158 4124 2264 4188 est,
2299 4120 2400 4192 qui
2432 4117 2666 4176 resistat
2687 4117 2971 4176 voluntati
2995 4119 3124 4192 ejus
3145 4119 3186 4190 ⁸,
3216 4123 3320 4176 aut
3372 4135 3508 4192 pos-

1861 4210 1937 4267 sit
1975 4209 2184 4278 dicere,
2216 4208 2402 4272 Quare
2458 4208 2568 4265 hoc
2626 4207 2836 4276 fecisti,
2892 4209 3063 4280 cujus
3113 4212 3251 4264 sunt
3309 4207 3510 4264 omnia

1861 4299 2120 4374 operain
2142 4299 2404 4367 veritate,
2437 4303 2495 4355 et
2521 4299 2625 4354 via:
2672 4298 2834 4355 illius
2882 4298 3134 4371 justitia,
3191 4302 3250 4356 et
3304 4314 3508 4372 super-

1860 4391 2090 4446 bientes
2119 4392 2310 4461 potest
2337 4387 2462 4461 ipse
2492 4387 2824 4446 humiliare.
2878 4388 3203 4446 Antiochus
3253 4387 3509 4461 Epipha-

1865 4496 1968 4536 nes
2001 4495 2099 4534 rex
2124 4477 2570 4534 crudelissimus
2629 4478 2917 4534 subvertit
2972 4477 3156 4534 altare
3201 4477 3512 4550 ipsamque

87 4569 296 4627 cimus
327 4582 543 4623 cornua
573 4567 773 4638 (Amos.
809 4583 882 4635 v1,
920 4567 1029 4635 14).
1062 4588 1091 4617 ››
1126 4568 1385 4624 Audiant
1411 4569 1558 4626 illud
1597 4573 1752 4645 quod
1858 4567 2156 4641 justitiam
2187 4566 2322 4622 fecit
2350 4565 2700 4635 conculcari,
2736 4566 2877 4639 quia
2906 4581 3250 4624 concessum
3297 4567 3422 4622 erat
3478 4581 3513 4619 a

86 4655 330 4717 audivit
355 4657 519 4713 Moab
555 4673 568 4712 :
604 4678 632 4707 «
655 4655 1003 4713 Audivimus
1036 4657 1376 4729 superbiam
1415 4660 1605 4729 Moab,
1651 4679 1748 4718 su-
1785 4667 1829 4732 1)
1861 4656 2108 4715 Domino
2139 4673 2151 4713 ε
2178 4671 2504 4728 causasque
2536 4655 2747 4724 reddit,
2775 4664 2999 4728 propter
3049 4659 3278 4728 peccata
3329 4653 3513 4726 pluri-

87 4747 326 4823 perbus
351 4749 442 4802 est
465 4745 654 4802 valde.
688 4745 1071 4802 Altitudinem
1102 4745 1284 4814 illius,
1338 4752 1396 4805 et
1442 4750 1753 4807 elationem
1863 4765 1955 4804 ma
1986 4748 2056 4820 (II
2084 4746 2432 4816 Mach.v,17).
2467 4745 2614 4817 Ergo
2632 4761 2747 4800 non
2770 4744 2906 4800 fecit
2922 4744 3076 4817 quod
3108 4743 3236 4816 ipse
3279 4745 3513 4799 tantum

85 4842 150 4895 et
183 4834 702 4910 glorificationem,
731 4839 788 4892 et
823 4835 1186 4891 inflationem
1249 4837 1442 4894 cordis
1500 4855 1605 4912 ego
1660 4857 1752 4896 co-
1864 4836 2066 4904 voluit,
2099 4836 2199 4892 sed
2234 4835 2388 4906 quod
2419 4838 2656 4907 propter
2686 4837 2922 4906 peccata
2965 4831 3164 4906 populi
3223 4829 3517 4888 concessit

89 4925 306 5003 gnavi,
340 4924 480 4981 dicit
507 4925 816 4996 Dominus,
850 4925 1130 4998 quoniam
1167 4943 1540 5000 nequaquam
1588 4931 1756 5002 juxta
1866 4925 2172 4983 Dominus.
2210 4923 2466 4994 Denique
2494 4922 2783 4995 sequitur,
2812 4923 2969 5014 quod
3002 4938 3127 5014 non
3151 4937 3222 4977 ex
3276 4919 3517 5014 propria

78 5016 470 5078 inflationem
501 5015 630 5088 ejus
660 5019 717 5072 et
750 5005 1045 5071 fortitudo
1091 5015 1252 5072 illius
1311 5021 1399 5073 est
1453 5018 1580 5089 (Isa.
1639 5038 1756 5087 xw,
1869 5014 2071 5074 fecerit
2101 5011 2458 5078 fortitudine,
2493 5012 2594 5068 sed
2626 5025 2696 5069 ex
2743 5013 2871 5084 ejus
2922 5007 3168 5085 imperio
3216 5008 3320 5082 qui
3367 5026 3512 5082 pra:-

89 5105 173 5178 6).
213 5127 245 5156 »
268 5102 614 5177 Diciturque
643 5104 714 5161 ad
741 5104 1150 5178 hujuscemodi
1193 5104 1462 5162 homines
1495 5125 1506 5164 :
1549 5133 1569 5157 α
1639 5109 1754 5164 Ini-
1869 5105 2024 5178 cepit
2053 5107 2118 5159 ut
2139 5104 2322 5158 fieret.
2353 5101 2500 5157 Illud
2531 5107 2726 5158 autem
2763 5102 2917 5174 quod
2968 5101 3026 5156 in
3087 5098 3348 5156 oratione
3407 5115 3518 5154 sua

88 5193 238 5254 mici
271 5197 480 5251 autem
502 5203 706 5250 eorum
739 5194 920 5266 (haud
944 5193 1191 5250 dubium
1225 5193 1366 5267 quin
1397 5196 1593 5269 gregis
1645 5198 1756 5255 Do-
1869 5193 2167 5268 loquitur:
2201 5215 2228 5242 «
2280 5191 2675 5260 Peccavimus,
2732 5191 2933 5263 inique
2983 5188 3235 5262 egimus,
3292 5187 3516 5260 injuste

170 5390 290 5470 ‘I_n
319 5389 503 5470 altero
529 5391 717 5448 Vatic.
771 5396 830 5448 et
872 5391 1048 5448 veteri
1107 5393 1230 5449 edit
1282 5408 1448 5449 voces
1505 5395 1566 5449 in
1609 5399 1762 5453 utero
1873 5396 2068 5470 autem
2101 5387 2286 5470 nostri
2317 5385 2510 5470 silent.
2644 5467 2653 5470 _
2736 5459 2752 5470 _
2936 5457 2947 5468 '
3043 5457 3053 5468 ν

95 5479 219 5522 non
247 5463 567 5521 habentur.
1943 5465 1965 5499 ³
1992 5459 2284 5518 Victorius
2309 5459 2577 5514 voculam
2605 5467 2654 5514 et
2684 5459 2756 5516 ad
2788 5459 3224 5514 concinniorem
3273 5469 3517 5512 sensum

163 5539 189 5573 ³
232 5525 761 5610 Lege’i'idum‘puto
820 5551 905 5592 res
947 5535 1194 5602 audebis,
1255 5538 1320 5590 ut
1379 5550 1408 5590 e
1458 5537 1760 5596 codicibus
1873 5532 2176 5615 contendit
2204 5531 2794 5614 superraddendann
3500 5594 3515 5610 ο

163 5595 456 5662 orentiiiis
487 5607 857 5662 ethrixianis
898 5551 1189 5662 eictorius
1239 5607 1560 5662 rescripsit.
1612 5617 1760 5662 tam-
1944 5610 1966 5643 ⁴
2019 5604 2254 5662 Scilicet
2297 5618 2448 5662 posse
2509 5619 2635 5658 suis
2691 5602 2936 5662 Viribus,
3002 5603 3061 5656 et
3108 5597 3332 5662 absque
3416 5593 3515 5653 Dei

96 5593 857 5680 morenﬁﬁishﬁBi-ixianis
898 5593 1193 5680 Victorius
1239 5607 1560 5680 rescripsit,
1607 5593 1760 5668 tam:
1886 5593 1966 5643 77‘
2016 5593 2448 5680 Scilicetposse
2509 5601 2635 5658 suis
2691 5601 2936 5669 viribus,
3002 5603 3061 5656 et
3108 5597 3332 5672 absque
3416 5593 3519 5653 Dei

101 5665 854 5761 egiaqnyiit'illifplacei,
912 5677 1237 5761 Pelagium,
1285 5680 1388 5734 sed
1423 5665 1762 5761 ‘Jeremiar—n
1877 5679 2120 5761 auxilio...
2289 5665 2307 5757 ξ
2437 5747 2490 5761 η
2543 5747 2616 5761 Α
2810 5744 2847 5761 μ

103 5744 604 5829 alloqui-pergere
631 5744 900 5813 videatur
928 5744 1098 5811 nobis
1143 5751 1554 5824 Hieronymus.
1616 5755 1759 5814 Mss.
1946 5755 1967 5789 ⁸
1996 5749 2178 5810 Vatic.
2202 5749 2296 5820 qui
2333 5747 2555 5804 resistat
2581 5744 2911 5820 fortitudini
2937 5745 3076 5819 ejus,
3109 5746 3220 5801 etc.
3308 5817 3317 5826 .
