3966 6404
506 405 627 477 595

1746 410 1812 481 S.
1855 412 2169 483 EUSEBII
2206 407 2679 483 HIERONYMI.

3788 408 3901 478 596

418 588 423 591 ς
508 545 802 623 gessimus
829 548 886 605 et
909 545 1262 607 recessimus
1288 566 1322 606 a
1351 550 1643 607 mandatis
1675 554 1731 606 et
1753 550 2002 622 justitiis
2022 551 2143 608 tuis
2171 554 2226 618 Α
2258 556 2430 624 atque
2464 550 2706 607 mortale
2737 547 3171 623 incorruptione
3199 551 3257 607 et
3289 544 3732 608 immortalitate
3777 548 3903 605 mu-

508 640 674 710 (Dan.
710 656 791 706 ιιι,
818 639 931 709 29),
968 662 995 687 ››
1027 644 1084 695 et
1103 640 1685 711 cazterahujusmodi,
1712 640 1910 696 soletis
1932 641 2145 709 dicere,

516 728 671 783 780
700 727 855 798 quod
906 731 963 782 et
1005 728 1243 796 David‘,
1274 733 1332 784 et
1366 728 1592 797 Daniel,
1644 735 1701 785 et
1748 746 1951 785 omnes
2012 747 2147 802 pro-

492 816 714 889 ‘phetae,
746 832 863 870 non
895 833 999 887 pro
1031 834 1116 884 se,
1147 818 1246 888 qui
1279 817 1465 873 sancti
1495 823 1680 888 erant,
1742 819 1841 873 sed
1892 835 1961 874 ex
2017 835 2150 890 per-

486 921 654 960 sona
676 903 873 976 populi
904 910 1043 961 sunt
1071 905 1269 962 locuti.
1303 907 1628 963 Adversum
1684 924 1862 980 quam
1922 908 2148 980 opinio-

510 1010 644 1049 nem
674 993 800 1066 ipse
829 994 1203 1066 respondebit
1233 1002 1287 1050 et
1315 995 1493 1051 dicet:
1530 1018 1557 1044 «ι
1591 996 1733 1051 Cum
1766 996 1955 1051 adhuc
2022 1013 2148 1051 ora-

511 1098 655 1150 rem,
680 1086 739 1139 et
764 1083 1071 1139 conﬁterer
1100 1089 1334 1155 peccata
1377 1101 1505 1139 mea
1557 1089 1613 1139 et
1658 1088 1895 1156 peccata
1949 1084 2147 1156 populi

515 1171 690 1227 Israel
722 1171 881 1243 (Dan.
916 1189 993 1239 1x,
1025 1174 1136 1244 20).
1175 1196 1200 1221 ››
1231 1173 1405 1229 Vides
1449 1189 1584 1245 ergo
1645 1174 1801 1245 quod
1856 1177 1979 1229 tam
2047 1191 2149 1245 pro

511 1262 763 1334 peccatis
794 1262 939 1329 suis,
973 1278 1150 1334 quam
1179 1279 1282 1334 pro
1315 1262 1568 1335 peccatis
1583 1262 1804 1334 populi,
1835 1263 2146 1318 Dominum

509 1350 587 1404 sit
614 1350 979 1422 deprecatus,
1005 1354 1063 1406 et
1082 1351 1353 1406 effuderit
1406 1351 1841 1422 deprecationes
1899 1367 2037 1405 suas
2090 1350 2147 1405 in

510 1442 826 1511 conspectu
857 1439 1088 1495 Domini
1120 1439 1222 1495 Dei
1254 1439 1368 1495 sui.
1391 1439 1725 1495 Visiterum
1749 1455 2149 1509 nosse,quan-

508 1528 582 1584 do
617 1533 920 1601 peccatum
951 1533 1008 1583 et
1035 1527 1317 1599 iniquitas
1349 1527 1634 1583 ﬁniatur?
1682 1530 2028 1599 Quanquam
2068 1527 2151 1583 di-

507 1634 675 1674 versa
704 1618 782 1674 sit
809 1621 1115 1673 auctorum
1158 1616 1558 1688 interpretatio
1587 1617 1628 1683 ³,
1684 1617 1821 1671 audi
1873 1617 2147 1672 eumdem

507 1706 854 1780 prophetam
889 1722 901 1759 :
936 1726 963 1753 «
997 1706 1379 1778 Septuaginta
1408 1705 1786 1761 hebdomadas
1845 1705 2144 1777 completa:

509 1799 649 1850 sunt
671 1809 850 1866 super
869 1792 1154 1866 populum
1176 1798 1370 1859 tuum,
1393 1780 1648 1865 etsuper
1668 1794 1961 1850 civitatem
1984 1799 2147 1850 tuam

2259 645 2433 710 tetur,
2491 658 2726 697 necesse
2775 647 2884 709 est,
2946 658 3053 697 nos
3100 640 3403 712 subjacere
3454 643 3710 712 peccato,
3788 654 3901 696 non

2258 734 2482 785 natura;
2530 734 2586 785 et
2635 729 3009 799 conditionis,
3064 734 3127 784 ut
3175 734 3238 783 tu
3288 728 3685 796 ealumniaris,
3737 729 3900 796 vitio,

2260 818 2361 883 sed
2394 817 2726 890 fragilitate,
2757 823 2815 873 et
2844 817 3300 873 commutatione
3329 816 3644 874 voluntatis
3690 817 3901 874 huma-

2259 922 2365 973 nae,
2399 923 2530 978 quae
2562 923 2664 978 per
2695 911 2993 962 momenta
3021 903 3279 962 variatur
3309 924 3322 962 :
3357 906 3497 978 quia
3525 907 3682 964 Deus
3741 907 3904 964 solus

2258 999 2348 1051 est
2379 994 2790 1050 immutabilis.
2832 996 3051 1060 Quaeris
3082 996 3181 1051 ubi
3211 996 3372 1064 Abel,
3408 996 3507 1051 ubi
3539 997 3759 1062 Enoch,
3801 995 3903 1053 ubi

2257 1084 2430 1140 Jesus
2460 1084 2618 1139 filius
2649 1085 2820 1151 Nave,
2854 1084 2954 1139 ubi
2996 1084 3261 1153 Eliszeus,
3322 1085 3628 1157 ceterique
3677 1095 3902 1142 sancto-

2260 1189 2389 1227 rum
2421 1172 2804 1244 peccaverint.
2837 1174 2960 1229 Non
2991 1178 3081 1229 est
3111 1190 3344 1231 necesse
3376 1175 3595 1230 nodum
3617 1175 3677 1230 in
3710 1175 3903 1248 scirpo

2257 1277 2551 1331 quaerere;
2611 1261 2836 1316 utinam
2894 1279 3128 1333 possem
3185 1267 3243 1319 et
3299 1264 3609 1320 manifesta
3664 1265 3907 1321 reticere

2259 1354 2500 1421 peccata
2532 1349 2543 1403 l
2570 1349 2629 1405 Si
2661 1350 2747 1407 vis
2779 1368 2811 1406 a
2842 1367 2935 1407 me
2959 1368 3157 1407 verum
3208 1352 3432 1421 audire,
3485 1352 3700 1410 nescio.
3740 1374 3770 1403 ‹‹
3810 1354 3906 1410 Ni-

2259 1436 2362 1505 hil,
2389 1438 2582 1509 inquit
2612 1437 2756 1493 mihi
2786 1439 3056 1495 conscius
3078 1456 3231 1507 sum,
3273 1456 3376 1496 nec
3428 1446 3622 1497 tamen
3679 1442 3739 1497 in
3797 1443 3906 1499 hoc

2248 1526 2611 1599 justiﬁcatus
2642 1544 2773 1582 sum
2808 1528 2950 1598 (Cor.
2984 1545 3059 1595 1v,
3092 1529 3165 1597 4).
3231 1551 3259 1578 ››
3294 1552 3320 1578 ‹‹
3382 1529 3564 1586 Homo
3616 1530 3775 1587 videt
3848 1532 3906 1587 in

2259 1613 2421 1680 facie,
2448 1616 2601 1669 Deus
2631 1614 2688 1669 in
2747 1615 2919 1669 corde
2974 1617 3042 1686 (II
3071 1617 3202 1685 Reg.
3238 1634 3350 1685 xv1,
3387 1620 3463 1689 7).
3507 1640 3533 1668 ι)
3570 1619 3744 1691 Apud
3770 1621 3901 1692 ejus

2259 1701 2679 1758 conscientiam
2710 1707 2884 1775 atque
2901 1711 3281 1777 conspectum
3306 1707 3504 1763 nullus
3517 1708 3906 1778 justiﬁcatur.

2259 1791 2423 1845 Unde
2450 1794 2508 1845 et
2538 1790 2753 1846 Paulus
2810 1791 3072 1864 loquitur
3126 1796 3530 1852 confidenter:
3597 1819 3625 1845 «
3686 1797 3906 1853 Omnes

510 1887 799 1951 sanctam,
830 1886 897 1937 ut
926 1881 1332 1955 compleantur
1360 1882 1723 1955 iniquitates,
1757 1888 1813 1938 ct
1843 1884 2018 1939 finem
2051 1901 2150 1940 ac-
2181 1926 2228 1991 B
2262 1886 2669 1951 peccaverunt,
2693 1885 2749 1935 et
2780 1880 3047 1953 indigent
3075 1882 3264 1957 gloria
3294 1884 3392 1940 Dei
3426 1886 3599 1955 (Rom.
3620 1886 3851 1955 111,23);
3880 1909 3905 1935 υ

510 1972 692 2044 cipiat
717 1976 1043 2044 peccatum,
1094 1975 1159 2026 ut
1202 1971 1496 2043 diepereat
1546 1971 1849 2043 iniquitas,
1883 1977 1939 2028 et
1996 1989 2147 2028 reve-

509 2060 663 2117 letur
706 2059 941 2132 justitia
968 2061 1011 2130 3,
1071 2060 1429 2131 sempiterna
1484 2060 1644 2131 (Ibid.
1697 2061 1810 2133 2i).
1868 2083 1895 2110 ››
1953 2062 2149 2125 Quan-

508 2150 610 2205 diu
653 2165 789 2222 ergo
821 2149 916 2204 ille
954 2148 1088 2204 ﬁnis
1134 2149 1423 2215 adveniat,
1472 2154 1530 2204 et
1579 2150 1981 2223 corruptivum
2038 2151 2148 2207 hoc

579 2294 594 2326 ί
628 2293 870 2349 Nomem
908 2291 1081 2346 David
1112 2292 1171 2347 in
1202 2291 1417 2348 nostris
1448 2309 1591 2349 mss.
1619 2294 1896 2351 omnibus
1918 2295 2147 2351 deside-

505 2368 669 2420 ratur
702 2382 715 2432 ;
750 2364 999 2419 fortasse
1029 2363 1241 2419 verius.

575 2437 598 2470 ²
645 2432 1108 2508 Εονυωέλνατίεε
1172 2435 1681 2508 interpretationes
1746 2437 2016 2493 edisserit
2088 2437 2148 2493 in

503 2506 975 2578 Commentariis,
1010 2523 1136 2578 cap.
1168 2506 1221 2561 9.

573 2579 596 2614 ⁸
625 2578 788 2635 Unus
814 2577 1027 2649 Vatic.,
1060 2577 1365 2634 revertatur
1394 2581 1626 2645 iustitia.

2258 1973 2316 2023 et
2348 1986 2360 2024 :
2397 1992 2423 2017 ‹‹
2459 1968 2922 2026 ConclusitDeus
2948 1972 3147 2028 omnia
3166 1972 3279 2028 sub
3300 1979 3533 2045 peccato
3554 1975 3906 2032 utomnium

2262 2057 2610 2113 misereatur
2639 2060 2811 2130 (Rom.
2846 2076 2923 2127 x1,
2966 2060 3079 2129 32),
3140 2084 3166 2109 υ
3228 2065 3285 2117 et
3331 2066 3535 2120 cetera
3583 2058 3909 2138 que‘smpe

2264 2145 2673 2219 replicavimus
2694 2150 2713 2182 ‘

2329 2290 2351 2322 ‘
2379 2292 2517 2367 Post
2548 2289 2667 2367 haec
2697 2289 2873 2344 editio
2902 2288 3150 2367 Vallars.
3201 2290 3377 2347 habet
3410 2310 3423 2347 :
3460 2295 3721 2367 _E.tplicit
3770 2298 3909 2355 liber

2258 2359 2522 2435 secundus
2542 2379 2564 2424 ;
2593 2362 2666 2435 ad
2694 2378 2820 2435 quae
2840 2362 3019 2435 verba
3048 2361 3198 2418 hanc
3248 2365 3529 2435 appendit
3557 2359 3853 2426 'notulam
3892 2389 3903 2424 :

2263 2433 2324 2486 In
2386 2448 2527 2513 mss.
2581 2434 2738 2489 Finit
2786 2433 2920 2488 libri
2966 2449 3096 2504 pars
3162 2433 3417 2490 secunda.
3485 2439 3693 2511 Incipit
3778 2457 3909 2513 pars

2259 2513 2449 2568 tertia.
2475 2512 2637 2568 Enrr.

1210 2764 3875 2793 __.____.__________.._____.______________________

1742 2923 2070 3011 LIBER
2126 2925 2668 3017 TERTIUS.

582 3314 635 3370 4.
669 3312 980 3385 Baptismus
1026 3313 1240 3365 tantum
1280 3313 1566 3382 prastat-ita
1616 3317 1835 3381 peccata
1895 3309 2143 3367 dimittit.
2182 3312 2224 3381 C
2262 3312 2333 3368 Et
2362 3317 2555 3371 tamen
2588 3314 2696 3371 hoc
2727 3316 2894 3384 scito,
2944 3315 3303 3389 baptismum
3348 3320 3639 3391 praeterita
3687 3323 3917 3383 donare

583 3434 651 3443 -—
684 3402 827 3457 781
861 3399 1101 3455 Canos.
1130 3397 1452 3454 Delectatus
1508 3414 1640 3452 sum
1688 3403 1923 3455 tuorum
1951 3400 2150 3456 multi-

510 3490 820 3564 plicatione
851 3503 1212 3553 sermonum,
1275 3486 1347 3539 de
1404 3486 1622 3554 quibus
1680 3486 1965 3558 scriptum
2014 3492 2147 3544 est:

510 3603 538 3630 «
570 3579 633 3635 In
666 3575 1038 3648 multiloquio
1070 3592 1183 3630 non
1234 3570 1475 3646 effugies
1526 3579 1826 3645 peccatum
1878 3577 2059 3647 (Prov,
2092 3595 2149 3644 x,

2263 3409 2497 3474 peccata
2529 3421 2642 3459 non
2676 3405 2932 3460 futuram
2991 3422 3219 3461 servare
3259 3407 3582 3477 justitiam,
3627 3426 3763 3483 quae
3827 3415 3920 3472 la-

2259 3491 2397 3547 bore
2419 3496 2475 3547 et
2504 3492 2812 3559 industria,
2845 3509 2911 3548 ac
2944 3492 3268 3565 diligentia,
3327 3499 3384 3550 et
3436 3512 3671 3568 semper
3732 3517 3918 3575 super

2260 3581 2458 3636 omnia
2488 3580 2588 3636 Dei
2619 3579 2930 3636 clementia
2949 3582 3281 3638 custoditur
3315 3600 3328 3638 :
3380 3588 3446 3638 ut
3505 3590 3784 3645 nostrum
3837 3593 3921 3649 sit

510 3669 694 3739 19);»
732 3667 833 3723 sed
856 3665 997 3739 quid
1019 3664 1091 3719 ad
1144 3663 1433 3718 causam?
1488 3663 1652 3718 Certe
1714 3663 1823 3719 hoc
1877 3666 2149 3722 fateberis
2258 3685 2481 3741 rogare,
2552 3669 2711 3725 illius
2768 3671 3023 3727 tribuere
3083 3672 3238 3743 quod
3288 3679 3571 3746 rogatur:
3632 3683 3920 3738 nostrum

502 3774 625 3824 eos,
657 3757 757 3830 qui
784 3754 997 3812 Christi
1026 3752 1321 3826 baptisma
1352 3752 1648 3808 consecuti
1680 3757 1838 3819 sunt,
1894 3771 2009 3809 non
2049 3754 2149 3810 ha-

2260 3758 2567 3830 incipere’,
2617 3757 2777 3814 illius
2837 3760 3149 3831 perlicere:
3202 3766 3467 3818 nostrum
3497 3763 3706 3823 offerre
3748 3772 3922 3841 quod

501 3846 637 3902 bere
658 3834 980 3918 peccatum.
1015 3842 1161 3897 Etsi
1194 3841 1415 3913 absque
1455 3845 1690 3913 peccato
1735 3846 1894 3909 sunt,
1950 3844 2146 3914 justos
2254 3864 2594 3919 possumus,
2652 3846 2813 3904 illius
2867 3847 3111 3919 implere
3170 3850 3323 3921 quod
3382 3867 3497 3906 non
3555 3834 3919 3924 possumus.

500 3949 649 3991 esse.
681 3936 945 4005 Cumque
975 3929 1329 4001 semeljusti
1378 3930 1613 3999 fuerint,
1659 3930 1709 3985 ei
1760 3932 1983 4003 egerint
2029 3931 2143 3988 sol-

499 4022 676 4089 licite,
710 4039 881 4094 posse
911 4022 970 4076 in
1003 4021 1429 4092 sempiternum
1479 4020 1778 4089 justitiam
1828 4022 2140 4089 custodire,

500 4119 567 4159 ac
599 4119 703 4175 per
759 4103 869 4159 hoc
926 4117 1099 4158 omne
1156 4102 1339 4156 vitare
1396 4106 1721 4171 peccatum.
1768 4104 1958 4157 ATTIO.
2016 4103 2141 4158 Non

500 4192 798 4248 erubescis
853 4189 1153 4263 explosum
1208 4192 1384 4261 atque
1436 4190 1776 4245 damnatam
1844 4190 2138 4247 Joviniani

498 4280 850 4336 sententiam
884 4278 1100 4350 sequi?
1150 4278 1219 4333 Et
1286 4277 1384 4333 ille
1441 4278 1595 4333 enim
1655 4278 1748 4335 his
1788 4280 2139 4336 testimoniis

496 4369 734 4441 tuisque
764 4368 969 4424 nititur
989 4367 1389 4440 argumentis;
1425 4368 1541 4423 imo
1580 4374 1643 4423 tu
1694 4368 1851 4423 illius
1906 4369 2139 4425 inventa

496 4456 759 4525 sectaris,
792 4457 852 4511 in
882 4456 1115 4513 Oriente
1145 4457 1353 4512 docere
1400 4456 1758 4524 desiderans,
1809 4473 1940 4528 quae
1995 4457 2134 4513 olim

494 4546 683 4602 Comze
739 4550 796 4601 et
860 4545 1085 4601 dudum
1144 4544 1202 4600 in
1239 4545 1469 4600 Africa‘
1531 4545 1916 4601 condemnata
1974 4550 2133 4600 sunt.

495 4636 645 4709 Lege
675 4651 810 4707 ergo
842 4634 982 4707 quid
1015 4634 1099 4689 illi
1133 4651 1481 4706 responsum
1516 4633 1613 4701 sit,
1647 4637 1705 4688 et
1743 4633 1849 4688 tibi
1894 4650 2130 4706 reslion-

491 4741 625 4782 sum
656 4725 871 4781 ducito.
906 4725 970 4780 In
1002 4724 1381 4797 dogmatibus
1411 4722 1568 4777 enim
1608 4726 1664 4777 et
1704 4724 2128 4793 quaestionibus

488 4812 847 4869 disserendis
877 4829 993 4868 non
1026 4827 1293 4883 persona,
1329 4810 1430 4864 sed
1462 4825 1641 4864 causa
1670 4811 1981 4879 quaerenda
2011 4816 2122 4866 est.

562 4957 575 4988 ¹
610 4956 733 5010 Non
768 4956 922 5027 quod
953 4955 1127 5027 etiam
1160 4951 1220 5007 in
1251 4951 1463 5027 Africa,
1499 4957 1563 5027 ut
1604 4953 1850 5027 adnotat
1890 4953 2126 5027 Martia-

472 5022 671 5094 'na:us,
709 5022 989 5082 damnata
1016 5025 1222 5079 fuisset
1256 5023 1547 5096 Joviniani
1599 5024 1727 5096 ipsa
1775 5026 1847 5079 de
1890 5024 2127 5080 homine

466 5097 795 5163 sententia,
829 5114 955 5167 quae
986 5097 1078 5150 vix
1106 5100 1265 5151 extra
1320 5094 1544 5149 italiam
1600 5094 1893 5167 eruperat,
1949 5103 2012 5152 ut
2058 5113 2124 5152 ex

468 5115 795 5163 sententia,
870 5115 955 5151 [NB
986 5115 1078 5150 VlX
1106 5115 1265 5151 ρΧιΓα
1320 5115 1544 5149 uanam
1600 5115 1893 5167 eruperat,
1949 5115 2012 5152 ιιι
2058 5115 2124 5152 ΘΧ

571 5115 957 5242 Αυευεῐῆἱὺτ
987 5168 1052 5223 de
1082 5169 1285 5242 Haeres.
1316 5170 1591 5238 apparet;
1638 5168 1752 5242 sed
1805 5168 1932 5242 ideo
1982 5168 2128 5242 dixit

482 5239 716 5295 Hieron.
750 5241 903 5312 quod
947 5239 1348 5312 impeccantia,
1401 5255 1580 5312 quam
1628 5240 1990 5312 Jovinianus
2026 5241 2121 5296 de-

484 5310 1009 5379 tendebat'dudum,
1037 5310 1107 5366 id
1161 5318 1250 5365 est
1304 5326 1490 5378 nuper
1550 5310 1608 5364 in
1666 5311 1857 5365 Africa
1914 5311 2125 5367 fuisset

484 5383 796 5456 damnata;
831 5384 969 5456 quia
998 5383 1057 5438 in
1087 5384 1206 5437 Afr.
1259 5382 1522 5456 synodo,_
1556 5398 1629 5456 an
1684 5384 1788 5456 412
1844 5387 1942 5437 aut
1995 5383 2123 5456 413,

482 5454 794 5511 damnatus
826 5452 1015 5509 fuerat
1059 5471 1220 5509 error
1277 5452 1525 5508 leestii
1576 5454 1647 5508 de
1706 5454 2119 5524 impeccantia,

485 5543 657 5599 quem
682 5527 955 5599 eumdem
987 5542 1114 5599 esse
1144 5525 1321 5581 sentit
1351 5542 1484 5580 cum
1507 5524 1602 5599 illo
1623 5526 1930 5599 Joviuiani.
1960 5527 2119 5581 Idem

481 5595 739 5655 sensisse
769 5598 1040 5652 videntur
1095 5598 1152 5652 S.
1202 5599 1445 5668 August.
1507 5595 1608 5669 libi.
1670 5598 1739 5652 De
1798 5598 2012 5669 nuptiis
2070 5606 2123 5652 et

481 5673 718 5743 Concup.
744 5685 907 5743 num.
943 5670 1028 5743 15,
1055 5685 1108 5739 ρ.
1135 5670 1333 5743 30801,
1364 5670 1428 5743 18
1461 5684 1537 5743 :_«
1568 5668 1791 5743 Jactate
1840 5668 1904 5724 ut
1960 5685 2121 5724 men-

481 5738 681 5800 suram
710 5739 1000 5797 Joviniani
1016 5738 1337 5813 .periectius
1362 5738 1675 5811 impleatis.
1697 5762 1726 5805 ι»

2255 3960 2281 3985 ‹‹
2317 3937 2439 3993 Nisi
2468 3938 2625 3993 enim
2658 3938 2942 3993 Dominus
2973 3938 3340 3996 azdificaverit
3367 3941 3632 4011 domum,
3678 3944 3745 4001 in
3812 3965 3923 4005 va-

2253 4034 2396 4071 num
2428 4017 2836 4073 laboraverunt
2865 4018 2963 4090 qui
2995 4017 3284 4075 aedificant
3317 4037 3466 4076 eam.
3519 4021 3645 4079 Nisi
3703 4024 3927 4084 Domi-

2252 4114 2364 4153 nus
2393 4097 2734 4153 custodierit
2772 4098 3088 4165 civitatem,
3146 4099 3206 4154 in
3265 4106 3479 4155 vanum
3536 4102 3745 4175 vigilat
3805 4108 3918 4178 [αι.

2248 4185 2531 4259 vigilabit]
2592 4186 2689 4259 qui
2748 4187 3007 4243 custodit
3034 4204 3164 4243 eam
3217 4189 3444 4260 (Psalm.
3501 4207 3688 4261 cxxvx,
3752 4196 3834 4267 1).
3890 4222 3923 4248 »ι

2250 4275 2411 4330 Unde
2450 4280 2507 4330 et
2553 4274 2865 4347 Apostolus
2922 4276 3228 4349 precipit:
3303 4300 3331 4325 «
3393 4277 3487 4334 Sic
3544 4280 3787 4352 currite,
3847 4290 3924 4341 ut

2248 4364 2773 4436 comprehendatis.
2809 4364 3022 4421 Omnes
3049 4365 3285 4437 quidem
3312 4373 3580 4433 currunt,
3603 4369 3708 4425 sed
3741 4387 3921 4431 unus

2246 4453 2457 4525 accipit
2510 4455 2822 4510 coronam8
2855 4456 2903 4525 (I
2931 4460 3054 4512 Cor.
3100 4474 3175 4525 1x,
3209 4457 3321 4527 24).
3360 4477 3386 4504 ››
3445 4457 3515 4512 Et
3572 4456 3631 4512 in
3658 4457 3920 4521 Psalmo

2245 4543 2529 4615 scriptum
2551 4548 2679 4599 est:
2714 4566 2738 4592 ο‹
2774 4545 3035 4614 Domine,
3068 4548 3134 4600 ut
3163 4547 3329 4601 scuto
3356 4545 3524 4601 bonae
3571 4544 3921 4607 voluntatis

2242 4636 2355 4687 tua:
2399 4632 2690 4688 coronasti
2744 4649 2860 4689 nos
2910 4634 3080 4705 (Psal.
3141 4650 3196 4700 v,
3246 4633 3412 4704 43).»
3470 4634 3682 4691 Nostra
3738 4638 3922 4695 enim

2240 4721 2477 4778 victoria
2507 4726 2564 4777 et
2583 4738 2796 4777 corona
2820 4723 3096 4791 victoriae,
3124 4722 3283 4778 illius
3316 4724 3683 4795 protectione
3743 4728 3921 4786 782

2241 4814 2298 4865 et
2322 4808 2521 4882 clypeo
2547 4815 2786 4881 paratur
2815 4811 2920 4882 [aL
2948 4812 3328 4883 praeparatur]
3372 4828 3385 4867 :
3446 4817 3505 4868 et
3568 4812 3668 4869 hic
3713 4818 3925 4873 curri-

2308 4954 2328 4986 ²
2357 4954 2626 5029 Noslr_um
2658 4954 2926 5029 incipere.
2975 4959 3052 5029 Ei;
3108 4955 3229 5029 hoc
3276 4955 3400 5029 loco
3449 4956 3643 5029 dicere
3702 4962 3929 5029 potuit

2237 5029 2479 5100 sanctus
2515 5026 2866 5100 Benedictus
2924 5026 3165 5100 Prologo
3214 5026 3273 5082 in
3324 5028 3610 5100 Regulam
3665 5026 3852 5087 suam
3903 5050 3920 5089 :

2235 5098 2361 5179 «‘In
2397 5096 2629 5179 primis,
2649 5103 2713 5179 ut
2733 5097 3020 5179 quidquid
3046 5096 3340 5179 agendum
3362 5096 3605 5179 in'choas
3639 5100 3925 5171 bonum,

2235 5169 2308 5223 ab
2338 5184 2404 5223 eo
2436 5168 2632 5244 perfici
2664 5168 3727 5244 instantissimeorationegdeposcas,
3776 5196 3806 5224 »
3845 5168 3929 5232 et

2234 5246 2456 5326 pattera.
2492 5240 2777 5326 M‘ARTIA‘N.
2803 5273 2871 5326 T—
2895 5242 3005 5326 ΝΘ¹
3025 5259 3211 5313 pravaa
3272 5240 3672 5326 intelllgéntize
3697 5244 3925 5326 _loc1_Js

2234 5310 2328 5385 hic
2359 5316 2571 5385 pateat,
2588 5312 2761 5385 adde,
2782 5310 3130 5382 clausulam,
3153 5330 3333 5385 quam
3356 5310 3533 5371 simili
3583 5319 3925 5375 sententia:

2234 5383 2512 5461 inrepist.
2543 5383 2647 5461 430
2698 5384 2767 5439 ad
2828 5383 3439 5461 Demetriademjpse
3493 5386 3925 5461 Hieronymus

2233 5456 2375 5531 satis
2405 5455 2721 5511 orthodoxe
2742 5456 3123 5531 semetipsum
3170 5455 3490 5531 explicans,
3557 5455 3851 5531 apposuit.
3900 5482 3919 5520 :

2233 5554 2271 5599 ,ιγ
2306 5527 2622 5598 Ipsumque
2644 5528 2801 5599 quod
2836 5535 3100 5584 nostrum
3145 5527 3260 5596 est,
3305 5530 3430 5585 sine
3473 5527 3929 5591 'Dei'inisera-

2234 5598 2391 5653 tione
2425 5598 2689 5654 nostrum
2718 5616 2829 5654 non
2881 5605 2988 5656 est.
3026 5622 3052 5648 ››

3118 5600 3255 5656 Vide
3314 5617 3440 5673 qua:
3500 5600 3677 5673 paulo
3734 5605 3930 5665 infra

2234 5687 2394 5724 num.
2434 5671 2499 5725 iO
2530 5671 2906 5726 adnotamus.
3332 5671 3379 5707 Ὺ
3502 5671 3519 5673 “
3896 5704 3899 5705 ν

2222 5780 2227 5784 -
2298 5742 2320 5776 ³
2352 5741 2512 5798 Unus
2540 5742 2727 5800 Vatic.
2755 5742 2848 5799 sed
2875 5758 2989 5800 non
3017 5754 3205 5802 omne:
3250 5745 3529 5816 accipient
3588 5759 3917 5813 coronam.
