3966 6432
155 404 278 481 897

159 566 314 620 mus,
337 553 404 608 ut
433 549 493 609 in
532 545 728 610 futuro
773 550 1378 627 comprehendamus:
1432 551 1512 609 ibi
1563 551 1807 626 accipiet
1835 552 1890 619 Α

159 658 455 709 coronam,
514 641 617 714 qui
671 641 731 697 in
792 641 900 697 hoc
959 641 1171 698 saeculo
1237 641 1420 699 victor
1476 641 1806 708 exstiterit;

159 731 448 804 nobisque
494 735 627 804 post
675 732 1036 804 baptismum
1087 731 1339 788 dicitur:
1393 733 1596 788 «Ecce
1629 748 1809 787 sanus

158 820 353 876 factus
382 836 467 888 es,
491 821 616 892 jam
646 819 764 874 noli
798 836 1055 892 peccare,
1107 837 1178 877 ne
1229 820 1371 892 quid
1415 820 1674 876 deterius
1704 819 1809 874 tibi

158 911 464 982 contingat
520 911 695 982 (Joan.
754 927 808 975 ν,
871 911 979 978 14).
1040 928 1064 960 ι
1131 911 1235 965 Et:
1300 933 1327 960 ‹‹
1369 909 1617 965 Nescitis
1674 909 1813 981 quia

157 999 448 1071 templum
507 999 607 1054 Dei
667 999 829 1068 estis,
889 1005 947 1054 et
1004 1000 1256 1071 Spiritus
1315 999 1415 1055 Dei
1467 999 1694 1054 habitat
1751 998 1810 1053 in

159 1088 324 1146 vobis
345 1088 372 1143 ?
401 1086 462 1143 Si
493 1088 628 1160 quis
675 1087 960 1161 templum
1013 1088 1113 1144 Dei
1167 1088 1482 1156 violaverit,
1515 1087 1814 1159 disperdet

162 1193 298 1235 eum
328 1180 480 1232 Deus
513 1177 557 1248 (ι
617 1177 737 1232 Cor.
801 1194 885 1245 III,
949 1177 1035 1244 16,
1091 1178 1199 1248 17).
1237 1199 1264 1226 ››
1314 1178 1382 1232 Et
1409 1177 1469 1232 in
1503 1176 1615 1232 alio
1646 1177 1810 1232 loco:

165 1289 194 1316 «
229 1266 510 1322 Dominus
539 1265 841 1321 vobiscum
891 1270 999 1334 est,
1052 1266 1314 1338 quandiu
1357 1283 1459 1322 vos
1505 1266 1646 1322 estis
1677 1281 1810 1320 cum

164 1372 231 1413 eo
281 1354 326 1411 si
381 1354 734 1428 reliqueritis
782 1371 938 1426 eum,
993 1359 1051 1411 et
1108 1354 1203 1411 ille
1261 1355 1550 1427 relinquet
1604 1372 1704 1411 vos
1745 1356 1817 1424 (II

163 1445 353 1501 Paral.
385 1461 488 1512 xu,
522 1444 597 1514 5).
635 1467 663 1494 ››
699 1443 758 1499 In
795 1445 965 1515 cujus
1008 1447 1182 1522 putas
1230 1444 1473 1499 delubro
1515 1448 1690 1516 atque
1719 1461 1813 1499 sa-

164 1534 350 1591 crario
379 1532 591 1589 Christi
645 1532 874 1604 puritas
924 1538 1249 1605 permanet,
1300 1532 1621 1605 templique
1661 1549 1813 1588 sere-

164 1624 324 1680 nitas
353 1621 511 1678 nullo
544 1621 746 1677 nubilo
794 1622 1220 1678 contristatur?
1261 1623 1545 1678 Eumdem
1587 1637 1818 1694 semper

164 1711 395 1769 vultum
434 1711 647 1767 habere
702 1728 818 1767 non
863 1727 1220 1782 possumus;
1269 1712 1424 1782 quod
1474 1712 1544 1766 de
1583 1711 1817 1766 Socrate

169 1801 319 1859 falso
396 1799 728 1874 philosophi
807 1799 906 1874 [αἱ.
984 1799 1357 1873 philosopho]
1442 1799 1812 1873 gloriantur;

164 1893 386 1992 quanto
418 1889 924 1992 magisnanimum
947 1889 974 1944 ‘2
1012 1888 1210 1992 'I‘Vlultae
1257 1889 1436 1945 facies
1480 1889 1811 1957 hominum,
1846 1927 1892 1992 Β

162 1980 247 2037 sic
278 1984 336 2036 et
362 1979 540 2036 corda
583 1978 830 2034 diversa.
889 1979 949 2034 Si
1007 1978 1133 2035 ﬁeri
1193 1982 1406 2050 posset,
1466 1981 1531 2033 ut
1587 1993 1818 2049 semper

163 2086 327 2142 aqua:
359 2067 731 2142 baptismatis
780 2084 1004 2124 mersos
1053 2071 1338 2133 tenerent,
1378 2066 1677 2123 volitantia
1710 2083 1816 2122 nos

163 2160 418 2231 desuper
446 2161 682 2230 peccata
729 2173 845 2212 non
896 2161 1236 2230 tangerent:
1284 2156 1536 2228 Spiritus
1573 2161 1816 2212 sanctus

164 2252 433 2305 tueretur
463 2246 560 2319 [αἱ.
594 2247 832 2317 tuetur].
884 2245 994 2302 Sed
1029 2246 1338 2317 impugnat
1381 2244 1678 2312 inimicus,
1711 2262 1816 2300 nec

160 2337 351 2393 victus
382 2334 619 2401 recedit,
653 2335 753 2390 sed
810 2351 1044 2406 semper
1099 2335 1159 2389 in
1216 2334 1453 2390 insidiis
1483 2339 1590 2401 est,
1626 2339 1691 2389 ut
1720 2351 1814 2389 sa-

161 2426 336 2500 gittet
364 2423 426 2479 in
456 2422 684 2479 occulto
725 2427 914 2479 rectos
939 2425 1128 2478 corde.

234 2517 289 2569 2.
322 2517 408 2571 Bx
433 2513 728 2581 Evangelia
759 2514 918 2580 iuxta
948 2512 1217 2567 Hebraeos.
1271 2543 1338 2551 —
1390 2512 1453 2567 ln
1505 2511 1816 2584 Evangelio

155 2606 332 2678 juata
358 2602 635 2670 Hebraeos,
697 2602 854 2673 quod
915 2600 1224 2657 Chaldaico
1275 2601 1511 2673 quidem
1558 2601 1817 2673 Syroque

164 2709 457 2758 sermone,
492 2690 592 2747 sed
639 2690 939 2746 Hebraicis
987 2689 1196 2746 litteris
1245 2690 1532 2762 scriptum
1561 2699 1667 2755 est,
1703 2707 1816 2762 quo

163 2786 418 2840 utuntur
467 2797 652 2852 usque
699 2780 871 2836 hodie
916 2779 1218 2848 Nazareni,
1264 2779 1563 2836 secundum
1592 2780 1816 2851 Aposto-

167 2876 250 2931 ιω
274 2873 314 2942 ¹,
348 2871 488 2937 sive,
520 2873 586 2925 ut
617 2869 878 2942 plerique
908 2874 1236 2937 autumant,
1269 2871 1437 2942 juxta
1479 2871 1815 2938 Matthaeum,

167 2961 328 3034 quod
357 2963 414 3016 et
440 2958 503 3016 in
527 2957 866 3013 Caesariensi
913 2957 1162 3013 habetur
1203 2957 1578 3026 bibliotheca,
1623 2963 1822 3013 narrat

167 3049 456 3107 historia:
492 3070 520 3098 ‹‹
551 3049 696 3103 Ecce
728 3051 916 3103 mater
959 3046 1187 3103 Domini
1235 3053 1292 3103 et
1337 3047 1544 3103 fratres
1575 3049 1702 3119 ejus
1732 3048 1822 3102 di-

171 3140 384 3196 cebant
413 3136 502 3193 ei:
534 3137 794 3192 Joannes
826 3136 1086 3208 Baptista
1132 3135 1390 3208 baptizat
1431 3136 1491 3191 in
1523 3136 1819 3192 remissio-

1271 3278 1335 3316 ro
1378 3262 1580 3317 eodem
1625 3276 1685 3315 se
1717 3261 1817 3315 ba-

171 3336 310 3392 bere
339 3332 716 3405 Evangelium
746 3333 1068 3389 secundum
1097 3331 1405 3388 duodecim
1431 3332 1821 3404 Apostolos,et

171 3403 446 3487 Evangel.
473 3403 963 3487 jﬁxtaﬁebraeos,
994 3409 1051 3487 et
1078 3403 1493 3487 Nazarenumg
1513 3405 1818 3487 Rerperam

173 3476 374 3550 itaque
404 3476 600 3549 priora
629 3477 745 3550 duo
777 3477 1218 3550 sic__distinguit
1259 3476 1413 3550 Beda
1461 3476 1817 3550 initioCom.

173 3495 259 3535 Ita
304 3495 374 3532 ue
404 3495 600 3549 priora
629 3495 745 3532 ouo
777 3495 860 3531 διο
906 3495 1218 3550 aisungmt
1259 3495 1413 3532 neua
1461 3495 1626 3531 mmo
1657 3495 1817 3531 Com.

171 3551 234 3606 in
260 3495 507 3616 (Lucam,
543 3553 607 3604 ut
635 3547 1013 3621 Evangelium
1039 3548 1358 3621 duodecim
1408 3547 1818 3618 Apostolorum

172 3623 330 3678 inter
354 3621 572 3692 scripta
591 3619 921 3691 apocrypha
936 3621 1015 3692 ab
1037 3619 1320 3692 haereticis
1345 3621 1620 3690 profecta,
1643 3621 1821 3692 Evan-

174 3693 393 3766 gelium
423 3691 556 3766 vero
582 3693 905 3766 secundum
929 3691 1197 3747 Hebraeos
1218 3691 1375 3766 inter
1399 3692 1619 3762 scripta
1643 3691 1822 3766 eccleo

173 3763 414 3823 siastica
458 3763 709 3819 referat:
759 3785 785 3812 ‹‹
821 3764 977 3818 Inter
1019 3781 1166 3834 quae,
1215 3763 1426 3833 inquit,
1475 3764 1822 3818 notandum-

176 3837 335 3911 quod
363 3835 578 3911 dicitur
605 3834 982 3911 Evangelium
1005 3835 1176 3911 juxta
1206 3835 1500 3911 Hebraeos,
1527 3851 1643 3889 non
1673 3835 1826 3911 inter

173 3905 562 3992 apocrypha‘s',
597 3906 696 3962 sed
724 3905 884 3992 inter
925 3906 1350 3992 ecclesiasticas
1391 3908 1824 3992 numerandum

172 3978 477 4037 historias.
505 3978 652 4050 Nam
686 3982 743 4034 et
773 3978 885 4049 ipsi
944 3995 1119 4034 sacrae
1171 3978 1469 4048 Spiriturae
1524 3978 1824 4050 interpreti

172 4053 531 4123 Hieronymo
563 4049 838 4123 pleraque
891 4066 960 4105 ex
1017 4067 1083 4106 eo
1140 4049 1475 4123 testimonia
1517 4049 1823 4122 usurpare,

170 4130 234 4182 et
263 4121 461 4195 ipsum
491 4121 851 4177 in’Latinum
885 4123 1266 4193 Graecumque
1299 4122 1490 4178 visum
1521 4125 1610 4177 est
1639 4121 1828 4177 trans-

178 4198 333 4254 ferre
363 4210 711 4251 sermonem.
748 4216 775 4242 ››

245 4268 268 4301 ²
298 4266 442 4322 Hinc
493 4263 892 4321 calumniandi
944 4263 1307 4320 occasionem
1357 4263 1630 4320 Julianus
1662 4263 1823 4318 Pela-

168 4337 684 4411 gianusarripuit,
721 4338 890 4408 cujus
921 4337 1097 4411 verba
1125 4336 1323 4392 isthmc
1355 4335 1722 4411 Augustinus
1745 4351 1830 4390 re-

170 4408 322 4467 citat
348 4409 450 4464 lib.
484 4408 755 4481 1v’0pert's
811 4409 1134 4481 imperfecti,
1195 4425 1322 4481 cap.
1383 4411 1488 4463 88:
1551 4430 1572 4457 ι
1610 4408 1827 4481 Verum

168 4483 292 4549 his,
325 4485 388 4536 ut
415 4497 507 4537 res
538 4478 817 4552 postulat,
850 4478 1133 4552 impletis,
1158 4478 1328 4550 juvat
1355 4486 1428 4552 rte
1460 4478 1827 4552 (Augustine)

167 4552 262 4609 vel
299 4550 668 4609 mediocriter
697 4550 1002 4607 convenire
1033 4569 1150 4623 qua
1190 4551 1404 4607 ﬁducia
1437 4556 1496 4606 tu
1529 4550 1660 4605 cum
1693 4550 1828 4605 Hie--

166 4623 403 4697 ronymi
427 4624 644 4697 scripta
664 4623 1152 4697 collaudes,dica_s
1173 4623 1231 4677 in
1255 4623 1484 4678 Christo
1509 4640 1622 4697 non
1646 4623 1826 4697 fuisse

167 4693 504 4771 peccatum,
533 4693 668 4771 cum
699 4695 794 4771 ille
823 4695 1063 4771 Dialogo
1093 4694 1432 4771 illo,_que_m_
1457 4693 1829 4771 subnomine

164 4765 355 4826 Astici
384 4772 442 4823 et
468 4767 748 4824 Critobuli
781 4767 951 4832 mira,
984 4772 1040 4822 et
1074 4773 1136 4822 ut
1158 4765 1335 4822 talem
1355 4767 1533 4822 fidem
1560 4766 1823 4829 decebat,

165 4845 479 4898 venustate
505 4839 856 4911 composuit,
889 4839 1068 4895 etiam
1101 4838 1288 4910 quinti
1325 4837 1640 4910 Evangelii,
1669 4837 1825 4911 quod

166 4930 207 4968 ει
238 4929 304 4968 se
334 4910 684 4968 translatum
707 4910 870 4979 dicit,
894 4911 1232 4967 testimonio
1253 4911 1474 4965 nitatur
1496 4910 1824 4975 ostendere,

165 4983 475 5042 Christum
503 4999 616 5039 non
651 4983 840 5038 solum
875 4982 1160 5050 naturale,
1185 4998 1387 5036 verum
1417 4981 1592 5036 etiam
1625 4979 1827 5036 volun-

164 5055 394 5113 tarium
423 5055 698 5112 habuisse
731 5060 1059 5127 peccatum,
1081 5059 1326 5127 propter
1357 5053 1512 5124 quod
1539 5069 1599 5107 se
1622 5069 1829 5124 cogno-

163 5128 326 5185 verit
351 5127 595 5199 Joannis
639 5126 990 5199 baptismate
1035 5126 1400 5199 diluendum,
1439 5148 1466 5173 ››
1508 5131 1616 5199 etc.
1650 5128 1829 5199 Aper:

166 5199 424 5280 tissimaa
455 5194 930 5281 calumniienhzec
987 5197 1676 5281 repospit‘Angustinus‘:
1701 5194 1738 5246 “‹‹
1773 5194 1830 5249 Si

169 5270 482 5346 posuisses
530 5271 704 5346 verba
752 5269 1126 5346 ll_ieronymi,_
1156 5269 1423 5346 fortassis
1463 5269 1830 5346 ostenderem

169 5340 474 5418 quomodo
505 5341 843 5414 accipienda
862 5340 1060 5418 essent
1081 5341 1207 5418 sine
1232 5340 1620 5418 blasphemia,
1656 5355 1831 5410 quam

168 5412 241 5473 fu
272 5414 360 5472 illi
389 5412 706 5486 importare
737 5415 965 5470 conaris
992 5431 1002 5469 :
1037 5415 1192 5485 quod
1227 5413 1421 5486 sinon
1449 5412 1832 5486 po_ssi_m,_non

171 5493 380 5546 tamen
413 5482 540 5558 ejns
570 5487 744 5558 ﬁdem
790 5502 968 5558 quam
1017 5482 1151 5540 cum
1203 5483 1333 5540 aliis
1367 5482 1834 5558 praeclarissimis

170 5555 457 5617 Ecclesiae
508 5555 823 5614 catholicae,
852 5557 1190 5613 doctoribus
1241 5557 1448 5619 tenuit,
1495 5555 1624 5610 ideo
1658 5571 1834 5625 repu-

173 5631 787 5712 diandamnputarem,
810 5629 949 5701 quia
973 5627 1435 5712 diaiss'e‘ali‘quid
1458 5625 1836 5712 inveniretur,

173 5707 239 5761 in
273 5697 690 5776 quogillisnon
725 5697 1086 5758 consonaret.
1143 5697 1538 5776 lllud'autem
1583 5697 1728 5776 mihi
1771 5715 1838 5776 ei;

176 5770 669 5848 hujusbominis
696 5790 968 5848 persona
1015 5777 1217 5848 contra
1259 5776 1315 5848 te
1364 5770 1508 5848 satis
1538 5775 1646 5848 est,
1681 5770 1838 5842 quod

175 5843 321 5910 cuin
350 5847 410 5906 id
441 5847 660 5909 sentiat
678 5843 749 5905 de
770 5850 1006 5921 peccato
1031 5843 1301 5919 originali
1323 5844 1481 5917 quod
1503 5843 1588 5903 sic
1615 5858 1840 5902 aversa-

245 3265 263 3298 ¹
283 3262 414 3319 Hoc
441 3261 567 3317 loco
597 3260 812 3317 diserte
849 3261 1016 3317 docet
1045 3261 1198 3317 Hier.

1851 3294 1894 3362 C

1003 413 1393 482 DIALOGUS
1437 413 1752 480 CONTRA
1795 411 2315 478 PELAGIANOS.
2338 447 2415 462 -
2443 414 2590 481 LIB.
2621 411 2728 483 Ill.

3450 387 3570 479 898

1920 568 2052 608 nem
2102 560 2520 624 peccatorum:
2582 571 2788 611 eamus
2845 555 2902 610 et
2955 547 3322 627 baptizemur
3365 546 3437 610 ab
3470 563 3570 608 eo:

1920 640 2074 698 Dixit
2102 646 2299 698 autem
2331 643 2453 698 eis:
2488 644 2636 708 Quid
2667 644 2918 717 peccavi,
2968 649 3034 700 ut
3080 644 3290 700 vadam
3336 646 3393 700 et
3419 643 3568 714 bap~

1919 730 2062 785 tizer
2091 731 2161 785 ab
2222 730 2378 786 eo’?
2434 731 2555 788 Nisi
2611 732 2759 788 forte
2816 732 2925 788 hoc
2979 733 3176 805 ipsum
3235 733 3389 804 quod
3423 729 3569 798 dixi,

1919 818 2250 890 ignorantia
2278 824 2384 874 est.
2420 843 2448 870 »
2481 821 2551 876 Et
2586 822 2644 876 in
2676 823 2879 878 eodem
2910 821 3240 878 volumine:
3279 844 3300 870 ε
3336 820 3396 876 Si
3428 836 3567 893 pec-

1920 908 2155 975 caverit,
2196 909 2346 964 783
2379 911 2580 982 inquit,
2613 911 2794 967 frater
2834 916 2974 968 tuus
3003 911 3062 966 in
3111 911 3308 978 verbo,
3347 915 3405 965 et
3428 909 3574 966 satis

1918 996 2026 1051 tibi
2058 997 2276 1064 fecerit,
2311 999 2528 1070 septies
2559 999 2618 1054 in
2651 1001 2743 1056 die
2801 1001 3035 1073 suscipe
3091 1017 3248 1057 eum.
3302 998 3456 1055 Dixit
3482 997 3569 1055 illi

1920 1086 2119 1142 Simon
2151 1086 2478 1159 discipulus
2507 1089 2673 1161 ejus:
2709 1090 2936 1162 Septies
2974 1090 3034 1144 in
3065 1090 3158 1146 die
3180 1093 3208 1145 ?
3251 1087 3574 1162 Respondit

1920 1174 2226 1247 Dominus,
2259 1181 2316 1230 et
2347 1176 2489 1233 dixit
2514 1177 2604 1232 ei:
2651 1178 2838 1234 Etiam
2898 1195 3003 1251 ego
3060 1179 3190 1235 dico
3220 1178 3346 1247 tibi,
3381 1193 3570 1250 usque

1921 1264 2257 1336 septuagies
2287 1266 2500 1337 septies
2531 1267 2736 1337 (Matth.
2771 1282 2933 1335 xvm,
2963 1271 3066 1335 22;
3099 1270 3228 1323 Luc.
3263 1283 3401 1335 xvn,
3433 1267 3511 1336 4).
3544 1287 3574 1317 η

1925 1373 1952 1403 ‹‹
1984 1353 2208 1408 Etenim
2242 1354 2298 1408 in
2329 1355 2628 1426 prophetis
2649 1373 2884 1428 quoque
2905 1361 3217 1429 postquam
3247 1356 3405 1411 uncti
3432 1357 3576 1412 sunt

1923 1441 2141 1513 Spiritu
2204 1447 2428 1509 sancto,
2509 1444 2780 1500 inventus
2838 1450 2928 1502 est
2997 1462 3188 1502 sermo
3255 1445 3500 1517 peccati.
3545 1465 3578 1494 »

1925 1532 2187 1603 Ignatius
2212 1532 2253 1598 ³,
2285 1533 2374 1586 vir
2399 1533 2756 1604 apostolicus
2779 1539 2835 1589 et
2858 1539 3101 1607 martyr,
3132 1534 3336 1590 scribit
3365 1534 3575 1590 audac—

1922 1623 2048 1675 ter:
2092 1641 2112 1668 α
2149 1620 2337 1693 Elegit
2366 1621 2650 1678 Dominus
2682 1623 2996 1695 apostolos,
3030 1623 3130 1694 qui
3163 1639 3338 1695 super
3367 1637 3573 1680 omnes

1925 1709 2192 1765 homines
2249 1715 2581 1782 peccatores
2634 1716 2820 1766 erant.
2858 1733 2885 1760 n
2943 1713 3023 1767 De
3089 1728 3341 1784 quorum
3401 1707 3576 1767 celeri

1925 1799 2301 1854 conversione
2334 1798 2648 1856 Psalmista
2678 1800 2871 1856 canit:
2922 1824 2949 1850 ‹‹
3006 1799 3405 1874 Multiplicatze
3439 1801 3580 1858 sunt

1923 1887 2296 1944 infirmitates
2343 1905 2568 1957 eorum,
2638 1893 2838 1962 postea
2883 1889 3349 1946 acceleraverunt
3403 1888 3578 1961 (Psal.

1925 1994 2017 2042 xv,
2070 1979 2141 2044 4).
2183 1999 2206 2028 ι
2271 1977 2496 2042 Quibus
2554 1979 2930 2047 testimoniis,
2993 1978 3043 2035 si
3099 1995 3216 2035 non
3270 1979 3452 2035 uteris
3509 1978 3580 2035 ad

1926 2065 2356 2135 auctoritatem,
2391 2072 2555 2123 utere
2585 2067 2792 2124 saltem
2849 2069 2921 2124 ad
2972 2068 3402 2140 antiquitatem,
3436 2067 3578 2140 quid

1925 2172 2131 2211 omnes
2178 2155 2559 2211 ecclesiastici
2618 2156 2724 2211 viri
2783 2158 3095 2213 senserint.
3154 2157 3265 2214 Fac
3320 2156 3580 2229 aliquem

1924 2244 2306 2316 baptizatum,
2337 2243 2424 2300 vel
2457 2245 2679 2315 statim,
2723 2246 2809 2301 vel
2858 2247 2918 2300 in
2973 2246 3120 2318 ipsis
3153 2246 3361 2302 diebus
3390 2249 3581 2302 morte

1926 2335 2314 2401 subtractum,
2348 2339 2405 2390 et
2434 2335 2749 2389 concedam
2782 2333 2907 2398 tibi,
2935 2335 3089 2406 quod
3120 2335 3436 2389 concedere
3463 2349 3582 2389 non

1927 2423 2131 2489 debeo,
2163 2439 2268 2477 nec
2299 2421 2588 2494 cogitasse
2637 2421 2884 2494 aliquid,
2919 2439 3025 2478 nec
3055 2421 3340 2490 locutum,
3373 2421 3434 2477 in
3466 2437 3582 2493 quo

1926 2527 2120 2566 errore
2149 2516 2206 2566 et
2238 2511 2568 2583 ignorantia
2622 2510 2937 2567 laberetur.
2996 2512 3146 2567 Num
3193 2511 3294 2582 [αἱ.
3329 2509 3416 2584 Et]
3446 2509 3580 2566 ideo

1926 2601 2054 2656 sine
2084 2605 2318 2672 peccato
2377 2601 2505 2665 erit,
2566 2601 2706 2672 quia
2760 2601 3058 2656 videbitur
3096 2617 3211 2656 non
3245 2615 3584 2672 superasse,

1928 2691 2028 2746 sed
2060 2690 2282 2762 fugisse
2313 2695 2638 2762 peccatum,
2664 2707 2728 2744 ac
2759 2706 2873 2745 non
2905 2691 3100 2762 potius
3126 2689 3266 2762 quia
3286 2688 3387 2745 Dei
3412 2687 3586 2744 mise-

1927 2778 2178 2835 ricordia
2208 2779 2281 2834 de
2312 2783 2684 2851 peccatorum
2717 2795 2947 2834 carcere
2985 2778 3270 2834 liberatus
3311 2775 3586 2850 migravit

1930 2867 2000 2923 ad
2032 2867 2393 2924 Dominum?
2436 2867 2553 2923 Hoc
2597 2872 2654 2923 et
2701 2885 2806 2923 nos
2855 2867 3130 2934 dicimus,
3181 2883 3356 2940 posse
3399 2871 3581 2922 Deum

1931 2957 2217 3029 quidquid
2248 2956 2527 3024 voluerit;
2563 2961 2620 3012 et
2649 2956 2948 3013 hominem
2995 2973 3096 3030 per
3142 2972 3203 3012 se
3249 2960 3308 3012 et
3348 2955 3585 3028 propria

1928 3045 2246 3114 voluntate,
2281 3047 2434 3118 quod
2468 3050 2529 3101 tu
2577 3047 2814 3112 asseris,
2861 3045 2989 3101 sine
3034 3049 3266 3118 peccato
3308 3060 3438 3101 esse
3469 3060 3587 3100 non

1931 3151 2122 3206 posse.
2157 3135 2258 3190 Sin
2308 3138 2499 3190 autem
2562 3139 2774 3206 potest,
2835 3134 3054 3189 frustra
3107 3149 3264 3189 nunc
3286 3131 3494 3205 jungis
3525 3133 3584 3187 et

1932 3260 2033 3326 ris,
2068 3263 2132 3315 ut
2161 3258 2291 3313 inde
2323 3275 2414 3314 me
2443 3257 2700 3330 appelles
2722 3257 3128 3322 Manichaeum,
3153 3256 3349 3330 ipsum
3379 3258 3577 3330 tamen

1929 3331 2038 3386 hoc
2070 3330 2363 3403 appellare
2394 3326 2741 3386 non—audes.
2777 3353 2803 3379 δ)
2838 3330 3129 3403 Nimirum
3154 3326 3578 3403 ex‘l-Iieronymi

1929 3397 2126 3458 verbis
2149 3397 2320 3475 plane
2352 3406 2599 3475 constat,
2635 3418 2823 3474 neque
2862 3401 2960 3457 isti
2994 3400 3306 3475 Evangelio
3328 3397 3579 3456 auctori-

1930 3481 2110 3530 tatem
2143 3473 2215 3529 ab
2247 3473 2344 3528 illo
2377 3473 2577 3541 tribui,
2612 3473 2798 3545 neque
2829 3490 2962 3529 eum
3013 3489 3142 3529 esse
3165 3473 3310 3545 'ejus
3340 3487 3581 3545 apocry-

1933 3547 2032 3619 phi
2091 3545 2223 3600 libri
2282 3562 2552 3619 sensum,
2600 3542 2718 3601 imo
2776 3542 3226 3617 blasphemiam,
3258 3542 3580 3619 ut_aliquo

1935 3614 2152 3690 peccati
2185 3633 2395 3690 genere
2425 3617 2691 3672 Christus
2713 3614 3126 3684 macularetur,
3149 3616 3302 3690 quod
3333 3614 3582 3690 Joannis

1933 3684 2224 3762 baptismp
2267 3689 2490 3762 diluere
2533 3706 2680 3760 opus
2727 3695 2899 3762 esset.
2941 3690 3091 3744 Sane
3139 3684 3436 3762 Julianus,
3479 3684 3581 3756 qui

1934 3759 2704 3832 calumniandianimo’ista
2735 3760 2990 3832 maligne
3033 3762 3122 3814 est
3163 3759 3583 3832 interpretatus

1934 3835 1994 3888 in
2025 3850 2091 3910 eo
2123 3833 2304 3910 etiam
2332 3831 2572 3910 fallitur,
2606 3833 2776 3910 quod
2824 3825 3252 3886 Nazarenorum
3282 3825 3582 3910 Evangelii

1934 3905 2260 3960 versionem
2292 3902 2386 3958 hic
2416 3903 2526 3959 loci
2553 3898 2654 3958 'ab'
2690 3903 3040 3964 Hieronymo
3074 3900 3387 3957 memorari
3419 3898 3582 3964 dicit,

1936 3977 2091 4048 quod
2124 3975 2219 4030 ille
2250 3975 2429 4048 tradit
2485 3975 2543 4029 in
2590 3974 2847 4047 Catalog.
2901 3970 2958 4029 S.
3012 3977 3070 4027 E.
3105 3989 3232 4046 cap.
3266 3973 3338 4028 de
3366 3970 3585 4027 Jacobo

1936 4045 2114 4102 fratre
2147 4045 2400 4102 Domini.

2005 4121 2027 4153 ³
2060 4121 2122 4174 In
2155 4117 2339 4173 Vatic.
2373 4133 2483 4172 ms.
2519 4117 2721 4188 lgnalii
2759 4133 2970 4172 nomen
3016 4131 3132 4188 non
3180 4113 3453 4188 habetur,
3483 4111 3586 4169 sed

1935 4196 2104 4246 vacat
2132 4189 2414 4261 spatium.
2440 4185 2658 4245 Revera
2689 4206 2802 4244 non
2826 4190 2883 4244 S.
2921 4187 3184 4261 lgnatius
3209 4186 3332 4241 haec
3353 4185 3426 4241 de
3457 4201 3591 4261 apo-

1937 4261 2103 4318 stolis
2133 4257 2387 4333 scripsit,
2418 4261 2515 4333 sed
2558 4260 2924 4333 i_n_Barnabze
2950 4257 3223 4333 'epistola
3250 4257 3586 4333 occurrunt,

1938 4352 1992 4406 ρ.
2029 4334 2137 4388 463
2171 4327 2291 4406 *Οῂ
2320 4329 2375 4384 δὲ
2395 4330 2523 4406 τούς
2568 4328 2736 4406 laico;
2768 4331 2900 4406 frob:
2939 4327 3251 4406 pellexit-ac;
3300 4328 3589 4406 ξιηρὺσσειν

1936 4398 1998 4458 ῖτὸ
2078 4401 2395 4477 εὖ-αγγὲλιον
2460 4401 2622 4477 αὐτοῦ
2685 4398 2957 4473 ἐξελέξατό
3016 4398 3172 4463 ὄντας
3233 4398 3387 4476 ὑπὲρ
3417 4404 3588 4477 natde

1940 4474 2232 4550 sipara-ricta
2264 4475 2678 4550 ἀνομωῖὲρουςζ
2756 4477 3027 4550 Quoniam
3070 4474 3344 4550 proprios
3379 4474 3591 4550 aposto-

1940 4545 2020 4604 lo;
2049 4545 2210 4603 Suum
2239 4545 2599 4615 Evangeliam
2626 4547 3052 4618 praedicatur“.
3072 4545 3266 4618 elegit,
3301 4545 3396 4615 qui
3423 4558 3592 4612 supra

1939 4637 2098 4676 omne
2126 4627 2413 4692 peccatum
2438 4627 2597 4673 erant
2625 4615 2971 4692 nequissimi.
3005 4618 3125 4692 Nc_c_
3152 4615 3436 4692 diffitetur
3453 4628 3592 4692 conf

1862 4668 1906 4732 D
1938 4668 2763 4761 éeﬁééﬁili
2775 4668 3046 4761 ifiiiim'.‘
3061 4668 3134 4743 δὲ
3151 4668 3470 4761 ξνὲὲρω
3503 4688 3594 4739 est

1937 4764 1997 4818 in
2030 4764 2308 4834 Barnabae
2343 4748 2620 4834 Epistola,
2655 4748 2828 4816 unde,
2849 4760 3096 4815 fortasse
3139 4757 3345 4834 Celsus
3374 4757 3594 4834 hause:

1937 4836 2012 4890 rit
2069 4825 2669 4914 apostolos-infames
2726 4848 2854 4914 esse
2899 4837 2958 4886 et
3008 4828 3425 4914 nequissimos,
3477 4825 3591 4914 legi

1937 4898 2232 4979 apostolos
2262 4924 2295 4961 a
2323 4907 2462 4962 Jcsu
2494 4905 2676 4960 fuisse
2702 4903 2936 4970 electos,
2969 4898 3367 4979 quiimprobi
3406 4898 3657 4979 erant,“1

2035 4978 2180 5053 nulli
2218 4978 2425 5053 magis.
2466 4979 2657 5053 n_Qu_a:
2688 4992 2925 5053 rursum
2951 4970 3254 5053 profertS.
3277 4970 3594 5053 Gregoqu

1939 5043 2345 5106 Nazianzenus
2381 5050 2441 5103 in
2490 5048 2806 5103 Philocalia
2848 5064 2916 5103 ex
2951 5043 3269 5102 sententiis
3328 5043 3597 5114 Origenis

1939 5105 2064 5193 Cap.
2102 5122 2187 5178 l8.
2225 5122 2409 5192 Igitur
2440 5121 2732 5193 memoria:
2762 5119 3006 5193 lapsum_
3028 5105 3596 5193 tribuamusﬁlictia1

1942 5181 2140 5266 nyino,
2174 5181 2282 5265 qui”
2306 5193 2528 5266 [gnatio
2559 5181 3017 5266 ascribit;quod
3052 5181 3667 5266 n_u_squamliinlejusl?

1941 5252 2208 5336 epistolis
2265 5252 2578 5320 invenitur.
2625 5264 2761 5336 Non
2810 5252 3666 5336 ἶώρνολῦεὺίιὶὲ,ξηδῠῂέδορὓωξὶξ

1943 5319 2270 5416 cist'fraudi
2318 5319 2411 5392 illi
2448 5336 2631 5416 fuisse
2658 5319 2951 5416 "volumen

1945 5409 2422 5481 apostolicornm,
2458 5408 2514 5461 in
2571 5407 2821 5481 quibus
2851 5396 3671 5481 Ignatianaaprdeeilerentm

1945 5465 2225 5536 Barnabas
2258 5486 2311 5534 et
2353 5465 2667 5534 Clementis
2714 5465 3495 5549 scripth’stlbseqile’renm,
3518 5465 3676 5549 μανι)

1945 5557 2045 5608 aut
2084 5558 2208 5627 tota
2238 5551 2497 5627 cellectio
2531 5551 2752 5627 [gnatio
2777 5537 3676 5627 _potuerit!dnseribi,vlant

1948 5623 2231 5696 terposita
2261 5623 2537 5696 Barnabm
2555 5611 2978 5696 “epistolawlitt
3016 5631 3111 5696 {eos
3151 5611 3608 5696 iqudi'ﬁtebdttltf

1949 5681 2336 5767 Hieronymus
2383 5681 3646 5767 ιίὶπο,,εἰποωξίαὶὴιιρρίιςςᾳῃὶηεηυιξοςηξδῖεῆ

1948 5770 2128 5826 beret.
2168 5752 2309 5823 Vide
2355 5752 2806 5837 Manendumii‘n
3287 5755 3552 5836 omnem
3584 5752 3684 5837 seq

2439 5820 2697 5902 ,J'i'aqi-ioe
2751 5820 2900 5902 Saroq
2931 5820 3076 5884 «me
3120 5820 3231 5884 aliis
3284 5820 3344 5881 δί
3395 5841 3494 5894 aeq
3534 5820 3686 5879 salui
