3966 6408
1639 370 1703 440 S.
1730 368 2048 441 E-USEBII
2086 368 2555 441 HIEMNYMI.

3675 367 3805 445 nos

404 509 680 595 gratiam.
713 527 829 584 qua
854 513 1062 585 potens
1094 526 1209 569 non
1241 509 1481 584 indiget.
1512 510 1676 576 Quod
1708 510 1754 565 si
1797 526 1911 566 non
1944 524 2044 583 po-
2073 512 2131 579 Α
2160 509 2420 581 Loquere
2462 514 2529 567 ut
2566 509 2678 579 vis,
2731 513 3139 584 argumentare
3183 512 3251 569 ut
3295 506 3458 580 libet,
3485 523 3801 585 nunquam

403 602 523 660 test
551 602 771 673 absque
802 600 901 656 Dei
931 600 1141 673 gratia,
1173 600 1349 657 stulte
1380 606 1441 657 tu
1474 600 1670 656 dixisti
1703 616 1871 672 posse
1894 601 2048 672 quod

408 707 526 749 non
576 695 785 763 potest.
836 690 1149 762 Quidquid'
1192 691 1348 746 enim
1407 707 1473 745 ex
1540 688 1779 744 alterius
1838 689 2052 761 pendet

405 780 665 848 arbitrio,
700 796 814 836 non
856 780 985 851 ejus
1029 784 1117 835 est
1160 796 1335 851 quem
1377 795 1545 852 posse
1588 778 1916 845 contendis,
1948 778 2047 833 sed

403 869 587 938 illius,
622 870 749 925 sine
780 886 893 942 quo
925 886 1059 925 eum
1092 886 1205 925 non
1235 886 1405 940 posse
1427 868 1801 940 perspicuum
1832 872 1938 922 est.

427 991 431 995 ι
473 960 526 1015 3.
566 961 719 1015 Inter
747 974 857 1017 esse
886 967 938 1014 et
959 975 1115 1029 posse
1156 967 1422 1030 quantum
1460 958 1641 1013 distet.
1675 988 1740 997 —
1773 956 1830 1012 (ι’.
1866 957 2045 1029 Rogo,

402 1053 668 1122 quaeest
709 1048 820 1104 ista
866 1049 1140 1122 pravitas,
1187 1048 1303 1103 imo
1361 1048 1585 1119 absque
1636 1046 1857 1102 ratione
1909 1064 2048 1102 con-

400 1137 630 1195 tentio?
687 1138 768 1193 Ne
823 1137 932 1192 hoc
989 1137 1223 1209 quidem
1284 1135 1430 1190 mihi
1488 1136 1614 1201 das,
1674 1140 1738 1191 ut
1777 1152 2048 1207 egressus

404 1229 557 1287 784
588 1244 771 1300 aquas
823 1227 917 1298 [αι.
969 1227 1140 1297 aqua]
1198 1224 1568 1297 baptismatis
1625 1224 1751 1280 sine
1810 1229 2045 1296 peccato

399 1317 529 1374 sit?
559 1318 619 1372 Α.
647 1320 762 1371 Aut
816 1332 920 1388 ego
978 1331 1216 1371 sensum
1275 1331 1471 1370 meum
1526 1314 1720 1370 verbis
1758 1313 2044 1386 explicare

397 1423 513 1467 non
544 1404 726 1473 valeo,
772 1408 891 1473 aut,
938 1421 1032 1460 me
1073 1403 1419 1476 explicante,
1466 1403 1539 1458 ad
1598 1401 2042 1475 intelligendum

392 1495 615 1552 tardior
644 1509 727 1550 es.
761 1493 818 1550 C.
866 1493 1130 1557 Quonam
1176 1492 1396 1548 modo?
1434 1492 1495 1547 A.
1541 1492 1862 1547 Recordare
1901 1491 2041 1563 quid

390 1588 449 1642 et
477 1588 541 1641 tu
572 1582 808 1651 dixeris,
848 1587 907 1637 et
947 1598 1053 1654 ego
1098 1579 1239 1652 quid
1283 1580 1508 1652 loquar.
1554 1578 1808 1635 Posuisti
1851 1578 2042 1634 homi-

390 1689 528 1731 nem
558 1673 687 1729 sine
718 1673 954 1744 peccato
1007 1686 1136 1726 esse
1156 1670 1197 1735 ¹,
1256 1668 1305 1723 si
1335 1668 1495 1723 velit.
1528 1668 1645 1739 Ego
1676 1667 2041 1739 impossibile

386 1761 501 1819 hoc
530 1762 592 1817 in
620 1759 856 1817 homine
884 1774 1013 1815 esse
1051 1757 1396 1829 respondeo,
1446 1773 1561 1811 non
1607 1755 1747 1829 quia
1778 1757 1978 1812 statim
2008 1774 2043 1814 a

386 1850 743 1923 baptismate
774 1848 950 1903 homo
994 1850 1229 1919 peccato
1281 1849 1493 1913 careat,
1542 1846 1644 1901 sed
1694 1843 1839 1901 illud
1888 1850 2036 1902 tem-

387 1955 502 2013 pus
543 1938 779 2010 quando
823 1936 951 1992 sine
990 1939 1224 2006 peccato
1274 1939 1384 2000 est,
1430 1950 1803 2006 nequaquam
1846 1935 2033 2006 possi-

383 2026 600 2084 bilitati
630 2026 921 2092 humanae,
964 2024 1065 2081 sed
1104 2024 1205 2080 Dei
1245 2023 1441 2096 gratiae
1488 2023 1820 2096 deputatur.
1873 2023 2033 2080 Tolle

381 2116 567 2193 igitur
619 2131 811 2187 posse,
869 2118 926 2170 et
979 2130 1084 2186 ego
1144 2128 1273 2168 esse
1333 2112 1670 2167 concedam.
1730 2112 2029 2176 Quomodo

380 2207 540 2264 enim
571 2208 779 2279 potest,
812 2202 913 2274 qui
944 2219 1045 2275 per
1082 2218 1144 2256 se
1183 2218 1297 2257 non
1343 2200 1577 2273 potest?
1619 2201 1733 2256 Aut
1772 2218 1899 2272 qua:
1940 2204 2029 2257 est

377 2294 483 2351 illa
512 2292 915 2366 impeecantia,
947 2308 1073 2363 quae
1105 2291 1306 2346 statim
1333 2289 1593 2362 corporis
1625 2289 1805 2361 hujus
1841 2296 2026 2346 morte

375 2382 674 2440 ﬁnitur'?
731 2383 843 2438 Aut
898 2384 1051 2436 certe
1108 2379 1157 2435 si
1218 2379 1372 2434 ultra
1415 2379 1595 2434 vitam
1656 2379 2022 2449 protraxerit,

376 2472 572 2531 deli-eti
605 2475 663 2528 et
688 2470 1029 2543 ignorantiae
1062 2467 1320 2541 periculo
1367 2468 1633 2538 subjacet
1682 2468 1778 2533 [αἱ.
1821 2469 2020 2540 subja-

375 2562 573 2632 eebit].
606 2561 663 2616 C.
726 2559 1036 2616 Dialectica
1087 2574 1180 2613 me
1235 2561 1359 2613 arte
1418 2555 1745 2621 concludis,
1804 2561 1861 2612 et
1904 2574 2021 2613 non

372 2649 704 2714 Christiana
737 2647 997 2720 loqueris
1026 2645 1422 2717 simplicitate,
1456 2645 1639 2701 nodos
1670 2644 1814 2699 mihi
1842 2661 2019 2717 quos-

374 2739 514 2795 dam
572 2737 725 2792 inter
781 2752 942 2793 essse
997 2739 1055 2790 et
1109 2750 1233 2791 esse
1287 2750 1457 2807 posse
1516 2734 1895 2789 concinnans.
1954 2737 2016 2790 A.

370 2827 571 2900 Egone
599 2824 910 2881 verborum
955 2823 1216 2896 strophis
1272 2821 1435 2886 ludo,
1493 2838 1626 2877 cum
1678 2821 1786 2878 hoc
1817 2824 1889 2878 de
1918 2828 2020 2879 tua

367 2914 721 2988 processerit
742 2912 1023 2969 ofﬁcina?
1065 2913 1152 2968 Tu
1195 2911 1351 2966 enim
1394 2911 1561 2979 dicis,
1610 2927 1725 2966 non
1756 2928 1883 2968 esse
1913 2912 2017 2968 ho-

368 3004 590 3061 minem
622 3003 749 3060 sine
779 3005 1036 3076 peccato,
1070 3001 1169 3057 sed
1201 3017 1329 3056 esse
1352 3017 1542 3073 posse,
1566 3017 1699 3056 cum
1730 3017 1760 3056 e
1790 3006 2016 3057 contra-

365 3093 452 3152 rio
484 3110 590 3167 ego
619 3092 915 3149 tribuam3
946 3092 1100 3164 quod
1134 3090 1381 3163 negasti,
1418 3107 1545 3145 esse
1572 3090 1870 3146 hominem
1892 3090 2018 3147 sine

369 3186 606 3257 peccato
652 3199 754 3255 per
808 3180 909 3237 Dei
960 3180 1235 3253 gratiam,
1295 3184 1352 3233 et
1401 3182 1598 3233 tamen
1637 3195 1740 3249 per
1783 3196 1844 3234 se
1898 3196 2012 3235 non

2160 598 2307 653 mihi
2339 598 2589 655 liberum
2622 600 2928 656 arbitrium
2972 600 3366 673 extorquebis,
3413 602 3568 673 quod
3619 601 3806 661 semel

2158 689 2447 744 concessit
2476 689 2650 756 Deus,
2684 707 2789 745 nec
2818 690 3039 745 valebis
3070 690 3299 746 auferre
3339 691 3491 762 quod
3522 690 3673 748 mihi
3701 690 3807 747 tri-

2157 777 2286 831 buit
2317 782 2467 833 Deus
2488 778 2529 845 ‘,
2562 795 2732 850 posse
2781 779 2830 834 si
2877 779 3132 835 voluero.
3184 782 3248 837 Α.
3288 778 3551 853 Exempli
3593 780 3806 853 gratia,

2158 882 2274 921 uno
2317 870 2547 922 tantum
2599 871 2837 923 utamur
2887 867 3262 924 testimonio:
3318 867 3574 924 «Inveni
3625 868 3807 927 David

2157 953 2344 1009 filium
2374 955 2405 1010 J
2413 973 2561 1024 esse,
2590 956 2780 1012 virum
2831 958 3158 1013 secundum
3207 973 3307 1013 cor
3337 974 3555 1025 meum,
3587 957 3693 1029 qui
3720 956 3808 1014 fa-

2157 1043 2272 1098 ciat
2299 1060 2502 1099 omnes
2529 1044 2858 1101 voluntates
2910 1062 3071 1101 meas
3125 1048 3260 1117 (Act.
3313 1064 3440 1114 xm,
3492 1049 3600 1113 22;
3649 1049 3801 1103 Psal.

2156 1149 2428 1199 Lxxxvui,
2459 1136 2571 1204 2t).
2608 1156 2635 1182 »
2668 1134 2846 1190 David
2902 1140 3169 1191 sanctum
3219 1152 3347 1193 esse
3397 1152 3514 1193 non
3551 1136 3804 1195 dubium

2153 1225 2264 1287 est,
2295 1225 2350 1277 et
2377 1226 2570 1279 tamen
2601 1224 2703 1295 qui
2733 1223 2951 1279 electus
2983 1229 3091 1290 est,
3125 1229 3190 1280 ut
3216 1240 3421 1283 omnes
3451 1225 3552 1282 Dei
3591 1224 3803 1283 volun-

2152 1312 2300 1366 tates
2340 1311 2571 1379 faceret,
2604 1312 2803 1384 aliqua
2828 1313 3037 1369 fecisse
3085 1313 3550 1386 reprehenditur.
3583 1313 3806 1387 Utique

2153 1399 2431 1470 possibile
2460 1406 2585 1456 erat
2611 1402 2663 1456 ei
2694 1402 2903 1469 facere,
2936 1402 3038 1475 qui
3069 1403 3139 1459 ad
3182 1403 3292 1459 hoc
3338 1402 3699 1472 electusest,
3733 1407 3804 1463 ut

2152 1503 2355 1543 omnes
2388 1488 2485 1544 Dei
2509 1489 2837 1546 voluntates
2884 1490 3116 1547 faceret.
3167 1491 3280 1547 Nec
3329 1491 3485 1548 Deus
3530 1492 3591 1548 in
3621 1493 3802 1566 culpa

2151 1580 2257 1644 est,
2292 1577 2387 1649 qui
2423 1578 2688 1649 praedixit
2715 1596 2850 1635 eum
2910 1583 3154 1637 cunctas
3208 1598 3449 1638 suorum
3480 1587 3801 1656 pracepto-

2150 1681 2284 1721 rum
2316 1667 2502 1724 facere
2542 1670 2889 1737 voluntates,
2924 1670 3025 1726 sed
3084 1668 3168 1725 illi
3225 1669 3326 1743 qui
3373 1670 3650 1744 pmdicta
3677 1689 3803 1731 non

2149 1753 2303 1810 fecit.
2354 1756 2551 1828 Neque
2594 1757 2752 1813 enim
2803 1757 2969 1827 dixit,
3022 1758 3314 1815 invenisse
3359 1775 3423 1816 se
3461 1759 3655 1816 virum
3692 1761 3802 1833 qui

2148 1847 2389 1900 cunctas
2420 1846 2480 1901 in
2511 1851 2856 1919 perpetuum
2886 1865 3004 1904 suae
3028 1848 3317 1919 jussionis
3347 1850 3563 1907 faceret
3588 1849 3802 1907 volun-

2144 1934 2314 2000 tates,
2346 1935 2447 1989 sed
2480 1934 2581 2006 qui
2612 1939 2839 1991 tantum
2871 1940 3115 1993 cunctas
3148 1936 3362 1994 faceret
3399 1937 3734 1999 voluntates
3754 1940 3802 1996 ⁸.

2141 2020 2257 2075 Hoc
2290 2026 2347 2079 et
2375 2040 2482 2079 nos
2510 2023 2789 2093 dicimus,
2822 2042 2993 2097 posse
3022 2025 3322 2084 hominem
3371 2040 3487 2084 non
3530 2044 3801 2101 peccaro,

2141 2110 2189 2165 si
2222 2110 2378 2179 velit,
2409 2129 2513 2185 pro
2561 2117 2840 2185 tempore,
2897 2131 3002 2186 pro
3050 2113 3198 2182 loco,
3249 2132 3353 2187 pro
3394 2115 3802 2177 imbecillitate

2138 2217 2434 2272 corporea,
2466 2203 2751 2274 quamdiu
2781 2204 3043 2260 intentus
3081 2207 3171 2260 est
3217 2204 3474 2271 animus,
3505 2206 3798 2278 quamdiu

2135 2290 2356 2346 chorda
2386 2289 2544 2347 nullo
2574 2291 2713 2347 vitio
2744 2291 2975 2348 laxatur
3003 2292 3063 2347 in
3096 2292 3337 2350 cithara.
3363 2294 3525 2359 Quod
3558 2294 3607 2353 si
3638 2312 3797 2368 pau—

2133 2378 2323 2434 lulum
2357 2395 2418 2434 se
2449 2380 2743 2435 remiserit
2762 2382 2803 2447 9,
2834 2381 3126 2452 quomodo
3150 2381 3250 2454 qui
3274 2382 3517 2440 adverso
3539 2382 3791 2445 ﬂumine

2131 2466 2389 2524 lembum
2408 2467 2608 2531 trahit.
2633 2468 2683 2524 si
2705 2468 2995 2526 remiserit
3012 2486 3243 2537 manus,
3262 2469 3460 2527 statim
3477 2470 3783 2532 reti-clabu-

2129 2560 2245 2623 tur,
2275 2561 2331 2612 et
2362 2557 2681 2613 ﬂuentibus
2708 2558 2900 2630 aquis,
2934 2574 3049 2630 quo
3078 2574 3194 2615 non
3230 2557 3357 2615 vult
3385 2559 3659 2629 ducitur;
3690 2562 3782 2622 sic

2130 2644 2391 2701 humana
2420 2646 2696 2718 conditio,
2729 2647 2778 2701 si
2804 2646 3112 2719 paululum
3144 2663 3207 2704 se
3249 2648 3559 2717 remiserit,
3598 2648 3783 2709 discit

2128 2733 2502 2806 fragilitatem
2534 2753 2723 2803 suam,
2758 2740 2815 2792 et
2844 2736 3031 2792 multa
3068 2753 3130 2792 se
3178 2753 3293 2794 non
3341 2753 3513 2809 posse
3558 2755 3779 2812 cogno-

2128 2822 2255 2878 scit.
2291 2823 2543 2881 Putasne
2591 2825 2923 2897 apostolum
2959 2824 3205 2881 Paulum
3252 2842 3319 2881 eo
3364 2830 3626 2900 tempore
3655 2844 3778 2901 quo

2128 2911 2437 2981 scribebat,
2474 2936 2502 2964 «
2534 2916 2867 2981 Lucernam,
2897 2916 3010 2970 sive
3030 2913 3328 2986 penulam,
3357 2931 3534 2987 quam
3559 2916 3779 2990 reliqui

2125 3002 2344 3057 Troade
2374 3003 2529 3074 apud
2561 3004 2835 3075 Carpum,
2886 3003 3124 3060 veniens
3171 3004 3335 3073 affer,
3384 3020 3452 3062 ac
3480 3003 3683 3075 libros,
3715 3011 3781 3065 et

2126 3090 2380 3148 maxime
2410 3094 2783 3149 membranas
2811 3094 2883 3163 (II
2906 3095 3036 3149 Tim.
3061 3111 3134 3161 ιν,
3172 3094 3280 3163 13),
3311 3115 3341 3144 »
3372 3094 3443 3151 de
3474 3094 3777 3157 ccelcstiue

2053 3181 2087 3257 '_
2127 3180 2414 3253 cogitasse
2446 3182 2759 3255 mysteriis,
2792 3187 2849 3237 et
2878 3198 2991 3238 non
3026 3183 3097 3238 de
3122 3182 3213 3238 his
3237 3199 3363 3257 qua:
3389 3182 3447 3238 in
3473 3199 3586 3240 usu
3607 3200 3773 3243 com-

368 3252 566 3344 posse.
605 3252 670 3325 οἱ
694 3270 934 3325 Frustra
972 3252 1112 3341 ergo
1147 3271 1363 3325 dantur
1389 3271 1693 3340 praecepta,
1724 3267 1772 3322 si
1804 3284 1873 3323 ea
1900 3266 2012 3322 im-
2044 3252 2088 3321 C
2126 3252 2324 3325 munis
2359 3269 2488 3325 vitae
2512 3252 2630 3326 ivel
2686 3271 2945 3343 corporis
2998 3252 3330 3328 necessaria
3383 3272 3565 3328 sunt?
3617 3274 3772 3332 780

371 3360 531 3434 plere
569 3376 687 3415 non
726 3374 1065 3430 possumus.
1099 3357 1333 3414 A.Deus
1367 3356 1671 3429 possibilia
1696 3357 2012 3422 mandavit,

369 3449 481 3505 hoc
509 3447 656 3505 nulli
686 3447 932 3503 dubium
963 3451 1070 3502 est.
1099 3447 1204 3503 Sed
1235 3446 1376 3519 quia
1404 3446 1673 3501 homines
1713 3446 2017 3517 possibilia

368 3554 484 3594 non
519 3537 759 3602 faciunt,
792 3536 1009 3591 idcirco
1063 3536 1254 3591 omnis
1303 3535 1561 3591 mundus
1611 3535 1887 3591 subditus
1926 3541 2014 3591 est

364 3626 504 3696 Deo,
537 3630 595 3683 et
621 3624 844 3697 indiget
874 3623 1275 3681 misericordia
1317 3624 1465 3695 ejus.
1511 3625 1626 3677 Aut
1654 3627 1805 3678 certe
1836 3623 1884 3679 si
1917 3641 2009 3680 os-

363 3716 600 3774 tendere
638 3715 918 3788 potueris,
965 3713 1064 3786 qui
1111 3713 1382 3769 universa
1431 3710 1826 3784 compleverit,
1871 3716 2008 3769 tunc

359 3805 577 3878 poteris
616 3805 1017 3862 demonstrare
1055 3819 1183 3858 esse
1228 3800 1529 3857 hominem
1572 3800 1670 3871 qui
1705 3818 1819 3857 non
1860 3802 2009 3857 indi-

357 3898 457 3966 get
483 3893 887 3950 misericordia
915 3892 1038 3949 Dei.
1075 3892 1260 3947 Omne
1289 3892 1444 3946 enim
1478 3890 1631 3961 quod
1666 3889 1789 3945 fieri
1818 3896 2008 3963 potest

353 3981 546 4037 tribus
577 3987 804 4038 constat
830 3981 1216 4053 temporibus,
1250 3983 1351 4034 aut
1382 3977 1693 4051 praeterito,
1739 3988 1839 4035 aut
1867 3998 2005 4053 prae-

358 4070 535 4134 senti,
570 4071 721 4129 785
768 4078 868 4127 aut
910 4070 1129 4125 futuro.
1180 4068 1297 4124 Hoc
1353 4069 1508 4139 quod
1558 4068 1796 4138 asseris,
1830 4086 2002 4141 posse

351 4157 649 4215 hominem
695 4159 821 4215 sine
866 4163 1101 4230 peccato
1153 4174 1280 4213 esse
1327 4158 1375 4212 si
1430 4155 1588 4223 velit,
1610 4163 1870 4214 monstra
1914 4160 2001 4215 fa-

352 4250 514 4303 ctum
544 4263 673 4304 esse
700 4248 772 4303 de
820 4247 1132 4320 praeterito,
1175 4251 1277 4301 aut
1318 4250 1473 4301 certe
1516 4263 1673 4301 nunc
1722 4247 1843 4302 fieri
1879 4266 1893 4303 :
1926 4249 1997 4303 de

348 4336 548 4392 futuro
590 4341 793 4408 postea
840 4335 1189 4392 videbimus.
1247 4334 1407 4399 Quod
1459 4334 1508 4391 si
1554 4334 1783 4391 nullum
1832 4341 1996 4409 potes

346 4425 674 4493 ostendere,
706 4425 808 4497 qui
838 4425 966 4483 sine
1005 4425 1166 4480 omni
1209 4424 1446 4481 omnino
1490 4430 1724 4496 peccato
1765 4430 1866 4481 aut
1895 4426 1991 4495 sit,

342 4518 447 4571 aut
475 4514 669 4580 fuerit,
702 4518 903 4581 restat,
942 4519 1008 4570 ut
1051 4514 1123 4570 de
1174 4515 1367 4570 futuro
1410 4518 1640 4570 tantum
1672 4514 1991 4587 disputatio

338 4693 826 4765 praesenti,victus
842 4692 1077 4749 teneris.
1097 4691 1155 4748 Si
1176 4692 1390 4766 aliquis
1404 4692 1790 4765 fueritpostea
1803 4696 1991 4766 major

2125 3357 2210 3413 Da
2238 3358 2384 3414 mihi
2414 3358 2713 3416 hominem
2742 3361 2841 3431 qui
2873 3376 2989 3416 non
3018 3360 3261 3427 esuriat,
3303 3376 3419 3417 non
3449 3361 3632 3432 sitiat,
3662 3380 3770 3421 ne-

2125 3463 2237 3512 que
2264 3447 2472 3521 algent,
2505 3465 2621 3505 non
2653 3449 2865 3517 doleat,
2900 3466 3014 3505 non
3065 3449 3373 3516 febricitet,
3406 3466 3522 3506 non
3552 3453 3769 3510 tormi-

2122 3537 2294 3593 nibus
2323 3541 2381 3593 et
2410 3537 2590 3593 urinae
2628 3537 3073 3595 difﬁcultatibus
3118 3541 3499 3611 torqueatur;
3542 3545 3602 3596 et
3653 3557 3765 3616 ego

2118 3626 2223 3683 tibi
2259 3627 2594 3695 concedam,
2624 3643 2791 3698 posse
2821 3626 3119 3683 hominem
3153 3626 3297 3683 nihil
3348 3627 3463 3685 nisi
3489 3629 3509 3662 ⁷
3538 3630 3611 3687 de
3641 3631 3766 3686 vir-

2116 3716 2344 3772 tutibus
2388 3714 2661 3788 cogitare.
2725 3716 2978 3772 Cmditur
3027 3716 3345 3789 Apostolus
3392 3734 3428 3774 a
3484 3718 3765 3777 ministro

2115 3805 2249 3875 (Act.
2283 3822 2441 3871 mu,
2472 3807 2548 3875 2),
2581 3808 2641 3860 et
2668 3810 2870 3860 contra
2896 3805 3235 3862 Pontiﬁcem
3267 3806 3367 3879 qui
3398 3807 3615 3863 cedere
3644 3807 3762 3864 im-

2114 3908 2251 3965 pera
2264 3898 2433 3960 «erat,
2461 3893 2807 3949 sententiam
2838 3892 3039 3965 dirigit
3066 3911 3079 3949 :
3118 3916 3139 3943 ι
3176 3894 3459 3950 Percutiet
3494 3899 3553 3951 te
3578 3894 3760 3967 Deus,

2111 3983 2302 4054 paries
2333 3981 2597 4039 dealbate
2622 3982 2778 4053 (Ibid.
2811 3983 2889 4053 3).
2918 4004 2945 4031 »
2968 3983 3076 4038 Ubi
3098 3987 3186 4039 est
3212 3982 3313 4039 illa
3333 3983 3618 4056 patientia
3636 3985 3762 4044 Sal-

2109 4072 2345 4138 vatoris,
2378 4070 2478 4143 qui
2511 4071 2679 4144 quasi
2710 4086 2899 4143 agnus
2928 4071 3141 4128 ductus
3170 4071 3246 4129 ad
3273 4071 3599 4140 victimam,
3624 4090 3757 4132 non

2108 4160 2335 4231 aperuit
2362 4176 2425 4216 os
2458 4175 2630 4215 suum
2664 4160 2789 4231 (Isa.
2823 4176 2941 4227 Lm,
2973 4162 3051 4232 7).
3084 4161 3185 4217 sed
3218 4159 3534 4218 clementer
3560 4161 3756 4236 loqui-

2105 4253 2203 4304 tur
2230 4247 2592 4304 verberanti:
2647 4268 2667 4293 α
2700 4249 2755 4303 Si
2798 4248 2950 4305 male
2990 4248 3221 4305 locutus
3270 4266 3423 4318 sum,
3470 4266 3651 4324 argue
3679 4252 3757 4310 de

2106 4336 2296 4393 malo:
2325 4337 2375 4393 si
2405 4342 2601 4392 autem
2635 4337 2798 4408 bene,
2838 4336 2980 4409 quid
3028 4354 3121 4395 me
3175 4338 3350 4394 caedis
3379 4340 3555 4409 (Joan.
3581 4356 3752 4412 xvul,
3830 4378 3839 4382 -

2101 4427 2192 4497 27)
2217 4429 2239 4481 P
2268 4448 2297 4475 ››
2328 4426 2453 4481 Non
2482 4424 2756 4497 Apostolo
2788 4426 3173 4493 detrahimus,
3207 4428 3303 4485 sed
3351 4426 3599 4501 gloriam
3628 4429 3755 4488 Do-

2102 4513 2245 4569 mini
2274 4514 2675 4587 praedicamus,
2711 4515 2811 4586 qui
2842 4514 2902 4570 in
2934 4532 3105 4572 carne
3155 4532 3389 4588 passus,
3430 4518 3626 4574 cunis
3654 4519 3753 4575 in-

234 4594 247 4611 “
341 4603 438 4660 sit.
472 4604 711 4660 Interim
744 4604 805 4659 in
836 4604 1067 4659 duobus
1088 4603 1471 4676 temporibus,
1497 4604 1786 4676 prmterito
1816 4609 1991 4676 atque
2018 4622 2067 4688 Ι)
2098 4604 2313 4675 iuriam
2345 4607 2583 4675 superat
2630 4609 2688 4658 et
2735 4603 3109 4677 fragilitatem
3136 4623 3148 4672 ;
3207 4609 3272 4662 ut
3318 4611 3545 4663 taceam
3572 4606 3747 4677 illud,

2098 4694 2253 4766 quod
2319 4697 2775 4749 commemorat:
2824 4717 2853 4744 ‹‹
2911 4693 3235 4752 Alexander
3290 4695 3531 4754 aerarius
3559 4696 3751 4756 multa

335 4782 709 4855 patriarchis.
742 4782 1063 4856 prophetis,
1087 4781 1391 4855 apostolis,
1413 4782 1513 4854 qui
1536 4786 1771 4854 peccato
1790 4788 1985 4838 careat
2093 4782 2238 4838 mihi
2268 4781 2423 4838 mala
2450 4783 2741 4851 ostendit;
2774 4784 2978 4840 reddet
3009 4783 3093 4839 illi
3123 4785 3407 4841 Dominus
3435 4786 3494 4841 in
3515 4783 3617 4843 illa
3647 4785 3748 4846 die

332 4876 475 4929 tunc
506 4871 723 4929 futuris
778 4873 851 4928 de
908 4873 1124 4937 futuro,
1179 4872 1227 4925 si
1285 4871 1562 4943 potueris,
1608 4872 1977 4942 persuadeto.

402 4962 455 5015 4.
487 4961 649 5016 Posse
679 4960 957 5016 hominem
979 4977 1082 5033 pro
1111 4964 1349 5031 tempore
1374 4976 1481 5015 non
1523 4975 1765 5031 peccare.
1820 4992 1886 5001 —
1919 4961 1976 5016 C.

402 5084 419 5118 ί
449 5084 691 5153 Victor.,
723 5087 984 5152 Posuisti,
1039 5101 1192 5157 posse
1248 5084 1526 5139 hominem
1579 5086 1977 5157 sineﬂpeeeato,

328 5159 438 5237 etc.
470 5155 1199 5238 aquibus-verbum-iposse
1241 5174 1273 5210 a
1321 5172 1396 5238 se.
1429 5155 1875 5238 superadditum
1909 5173 1977 5214 ex

2083 4873 2285 4943 justus
2307 4872 2491 4943 judex
2520 4871 2600 4939 (II
2630 4874 2762 4927 Tim.
2799 4890 2877 4940 iv,
2911 4871 3023 4943 14).
3061 4895 3088 4923 ››

2159 4962 2214 5016 ὅ.
2247 4965 2360 5017 Nec
2387 4968 2463 5017 est
2493 4960 2780 5033 culpanda
2810 4962 3079 5018 Creatoris
3108 4962 3373 5020 conditio.
3394 4994 3458 5006 —
3489 4964 3546 5019 C.
3566 4962 3741 5039 Cogis

2085 5102 2202 5143 esse
2233 5086 2494 5157 reposuit
2523 5104 2552 5143 e
2585 5103 2727 5142 mss.

2156 5160 2178 5193 ὀ
2206 5158 2419 5232 Vocem
2449 5160 2589 5215 Deus
2620 5162 2818 5231 utpote
2866 5160 3223 5232 superfluam
3275 5160 3412 5217 hinc
3441 5160 3736 5218 Victorius

325 5227 764 5302 ipSaGritobuli
798 5228 1191 5302 propositione
1238 5227 1671 5302 constareait;
1703 5232 1973 5302 atqueex
2086 5230 2324 5302 amovit.

326 5297 421 5355 his
452 5298 604 5355 infra
636 5318 647 5356 :
683 5324 709 5350 ‹‹
736 5297 821 5357 Tu
850 5297 1006 5359 enim
1038 5299 1183 5354 dicis
1215 5316 1327 5355 non
1362 5315 1488 5353 esse
1517 5297 1813 5353 hominem
1846 5301 1974 5356 sine

2098 5276 2404 5385 f'Wéiim,
2436 5301 2527 5357 sed
2573 5304 2670 5383 qui
2715 5306 2931 5385 tanturn
2975 5311 3196 5358 cunctas
3241 5305 3445 5385 facere;
3474 5276 3749 5385 voluntas

322 5376 581 5445 peccato,
610 5373 710 5445 sed
744 5388 872 5427 esse
900 5388 1154 5445 posse,»
1188 5372 1255 5427 Et
1286 5370 1459 5445 paulo
1492 5369 1769 5425 inferius:
1799 5394 1826 5421 «
1855 5373 1971 5428 Hoc
2082 5378 2175 5445 (es,
2222 5390 2343 5445 quae
2401 5369 2601 5429 sensui
2657 5373 2937 5445 explendo
2998 5369 3334 5431 necessaria
3387 5376 3511 5432 visa
3567 5380 3730 5444 sunt,

322 5443 478 5523 quod
511 5444 736 5523 asseris_
753 5442 927 5523 posse
961 5443 1256 5523 hominem
1288 5442 1427 5523 eine
1472 5447 1706 5523 peccato
1737 5459 1886 5510 esse,
1920 5445 1968 5501 si
2078 5442 2361 5523 hactenus
2390 5462 2522 5523 vero
2556 5445 2614 5523 in
2643 5442 2811 5501 edi—tis
2840 5447 3097 5514 deerant,
3135 5447 3477 5504 suﬂ'ecimus
3520 5442 3731 5523 ϐιγνδέ-

320 5513 479 5573 velit.
518 5538 537 5562 ι
575 5519 682 5570 etc.
717 5513 856 5569 Mss.
890 5518 1082 5569 autem
1118 5514 1300 5570 nostri
1333 5514 1525 5567 silent.

389 5588 410 5620 ²
443 5588 504 5641 lu
536 5602 603 5642 eo
634 5586 855 5642 scilicet
884 5588 984 5656 qui
1018 5588 1216 5642 statim
1249 5605 1281 5641 a
1314 5586 1603 5655 baptismo
1629 5587 1890 5643 moritur.

386 5658 408 5693 ³
438 5662 577 5713 Mss.
620 5673 756 5713 eum
797 5658 971 5712 veteri
1023 5657 1295 5725 editione,
1342 5675 1465 5713 cum
1495 5674 1523 5713 e
1551 5660 1831 5715 contrario
1868 5675 1964 5725 ego

2077 5517 2268 5572 ticano
2301 5516 2636 5585 exemplari.

2145 5590 2166 5623 ³
2202 5590 2362 5653 Mss.,

2398 5588 2546 5657 Quod
2583 5590 2635 5642 si
2662 5588 2951 5659 paululum
2980 5592 3272 5659 remiserit,
3305 5591 3528 5659 absque
3557 5606 3636 5647 se.

2142 5661 2162 5695 ⁷
2195 5660 2430 5727 Victor.,
2488 5660 2634 5715 nihil
2690 5659 2847 5715 aliud
2916 5662 3051 5731 nisi,
3117 5666 3377 5731 etc.,-ex

3482 5663 3726 5747 rixianis

314 5730 418 5810 tibi
446 5730 712 5797 m’buam,
736 5731 844 5786 etc.
877 5728 1176 5786 Consentit
1210 5729 1530 5810 Victorius,
1563 5729 1667 5810 qui
1705 5734 1760 5785 et
1788 5728 1962 5810 paulo
2070 5732 2239 5790 codd.
2275 5731 2452 5791 Paulo
2482 5736 2617 5806 post
2647 5731 2852 5803 nostri,
2884 5734 2981 5806 qui
3008 5728 3613 5810 cirdemimperauwit.

312 5798 469 5864 infra
501 5816 607 5876 per
661 5816 719 5861 se
768 5816 880 5862 esse
932 5817 1045 5862 non
1095 5817 1249 5877 posse
1305 5798 1677 5876 scripsit,'et
1719 5798 1961 5863 veibum
