3966 6412
161 379 283 454 σοι

1027 377 1420 448 DIALOGUS
1464 376 1783 448 CONTRA
1822 375 2444 448 PELAGI‘ANOSI:
2472 381 2630 449 LIB.‘
2668 379 2778 450 III.

3454 379 3584 452 60!

173 533 286 589 ne,
320 514 614 591 utloquar
642 517 798 591 quod
824 517 951 590 jam
983 518 1207 575 dudum
1252 519 1463 592 gestio,
1507 523 1564 575 et
1619 524 1817 575 tamen
1846 517 1904 586 Α
2024 518 2395 577 Voluntatem
2417 525 2702 590 nostram,
2731 521 2879 595 [qua
2929 519 3144 578 obtulit
3195 536 3367 578 omne
3425 521 3581 595 quod

174 609 545 682 erumpentia
571 608 748 670 verba
773 625 888 664 non
921 624 1144 680 promo.
1174 608 1385 674 A.Quis
1415 608 1572 665 enim
1603 613 1660 664 te
1684 625 1816 681 pro-

173 699 358 771 hibet,
389 698 544 771 quod
575 698 755 756 sentis
779 697 1016 757 dicere?
1047 703 1166 754 Aut
1194 698 1353 754 enim
1384 700 1540 770 quod
1554 698 1818 756 dicturus

173 807 255 858 es,
286 789 513 848 bonum
544 791 651 855 est,
684 791 742 843 et
761 803 869 844 nos
899 788 1053 843 bono
1074 787 1345 844 fraudare
1363 805 1478 844 non
1511 789 1820 857 debes,aut

171 878 424 946 malum,
456 882 514 934 et
536 876 747 934 idcirco
779 893 895 934 non
945 876 1128 934 nostri
1171 877 1382 949 gratia,
1434 878 1535 933 sed
1595 880 1821 950 pudore

170 967 414 1026 siluisti.
451 967 516 1023 0.
548 966 768 1033 Dicam,
803 966 1002 1023 dicam
1024 965 1341 1038 aliquando
1399 967 1556 1038 quod
1606 968 1816 1024 sentio.

171 1056 377 1114 Omnis
405 1055 728 1127 disputatio
760 1059 862 1113 tua
885 1055 1025 1112 illuc
1052 1055 1362 1123 delabitur,
1424 1061 1488 1111 ut
1545 1061 1818 1113 naturam

171 1161 432 1212 accuses,
455 1150 514 1201 et
542 1145 776 1218 culpam
833 1146 1051 1201 referas
1109 1146 1180 1200 ad
1219 1146 1426 1214 Deum,
1489 1145 1590 1219 qui
1639 1147 1818 1203 talem

172 1234 476 1297 hominem
508 1235 790 1292 condidit.
823 1236 886 1291 A.
920 1235 1037 1291 Hoc
1065 1234 1347 1291 illuderat
1375 1236 1527 1306 quod
1561 1235 1817 1305 volebas,

171 1326 229 1382 et
257 1322 500 1380 nolebas
530 1323 722 1379 dicere
742 1323 770 1377 ‘I
800 1323 916 1391 dic,
948 1324 1068 1392 dic,
1099 1341 1317 1396 quasso,
1349 1330 1417 1380 ut
1471 1342 1676 1382 omnes
1721 1330 1823 1381 tua

172 1413 446 1472 fruantur
474 1410 804 1484 prudentia.
841 1412 1240 1483 Reprehendis
1269 1413 1476 1481 Deum,
1510 1430 1689 1484 quare
1717 1414 1820 1469 ho-

173 1502 397 1564 minem
428 1500 630 1557 fecerit
658 1500 958 1558 hominem
979 1500 1006 1555 ?
1038 1500 1465 1573 reprehendant
1511 1509 1569 1559 et
1609 1502 1821 1575 angeli,

174 1607 282 1652 cur
303 1588 492 1664 angeli
521 1589 659 1646 sint.
694 1589 900 1646 Omnis
931 1595 1203 1649 creatura
1231 1596 1524 1659 causatur,
1557 1608 1738 1663 quare
1764 1591 1824 1647 id

173 1679 256 1740 sit
281 1679 435 1752 quod
465 1679 702 1736 condita
721 1683 834 1746 est,
864 1682 923 1735 et
952 1696 1068 1737 non
1101 1679 1161 1736 id
1192 1680 1346 1752 quod
1391 1682 1589 1736 condit
1615 1681 1824 1754 potuit.

170 1769 408 1828 Scilicet
437 1784 594 1826 nunc
625 1767 772 1826 mihi
805 1768 1132 1840 puerilibus
1165 1768 1825 1841 declamatiunculisllu-

1926 609 2138 680 potuit,
2171 614 2227 665 et
2253 608 2535 678 laborem,
2569 610 2669 682 qui
2699 609 2998 667 contendit
3022 614 3088 666 ut
3112 611 3345 678 faceret,
3378 614 3436 668 et
3464 610 3574 668 hu-

1928 697 2259 767 militatem,
2292 716 2423 771 quae
2454 716 2687 773 semper
2715 700 2969 772 respexit
3014 701 3085 756 ad
3136 699 3420 756 auxilium
3477 701 3580 758 Dei

1930 789 1994 845 C.
2029 788 2174 860 Ergo
2207 787 2257 843 si
2287 804 2402 844 non
2437 789 2682 845 fecimus
2715 791 2871 862 quod
2903 788 3198 862 praacepit,
3248 793 3350 845 aut
3399 789 3586 846 voluit

1929 892 2036 932 nos
2067 877 2343 948 adjuvare
2373 877 2549 943 Deus,
2582 882 2684 934 aut
2715 878 2922 934 noluit.
2956 878 3016 934 Si
3046 877 3230 934 voluit
3249 881 3307 934 et
3335 878 3580 949 adjuvit,

1929 970 1988 1022 et
2011 970 2208 1022 tamen
2240 983 2355 1022 non
2378 967 2624 1024 fecimus
2655 968 2812 1040 quod
2833 967 3127 1024 voluimus
3152 969 3316 1035 °,non
3347 984 3455 1024 nos
3481 968 3582 1024 sed

1930 1054 2027 1111 ille
2056 1060 2366 1127 superatus
2395 1061 2505 1112 est.
2539 1057 2639 1112 Sin
2669 1061 2868 1114 autem
2899 1057 3088 1113 noluit
3116 1058 3412 1129 adjuvare,
3463 1074 3581 1113 non

1931 1150 2020 1201 est
2047 1145 2220 1218 culpa
2257 1147 2406 1217 ejus,
2439 1146 2539 1218 qui
2568 1147 2755 1205 voluit
2786 1147 3102 1215 facere,sed
3151 1147 3310 1203 illius
3349 1147 3449 1219 qui
3481 1148 3584 1203 ad-

1924 1235 2131 1305 juvare
2163 1235 2432 1308 potuit,et
2462 1236 2654 1292 noluit
2703 1237 2914 1292 facere.
2966 1239 3027 1291 Α.
3075 1237 3202 1293 Non
3255 1236 3536 1310 intelligis
3565 1239 3586 1272 ‘

1933 1319 2282 1395 διλήμματον
2314 1328 2483 1379 tuum
2514 1324 2573 1380 in
2604 1325 2824 1397 grande
2853 1324 3359 1397 blasphemiarum
3428 1325 3586 1382 deci-

1933 1413 2092 1468 disse
2121 1413 2463 1469 barathrum
2489 1431 2503 1480 ;
2537 1418 2603 1469 ut
2633 1430 2700 1470 ex
2730 1417 2979 1485 utraque
3012 1417 3195 1485 parte,
3219 1418 3320 1470 aut
3371 1413 3588 1470 invali-

1933 1503 2046 1558 dus
2075 1501 2152 1558 sit
2179 1506 2354 1570 Deus,
2387 1506 2488 1558 aut
2517 1502 2770 1569 invidus,
2805 1506 2863 1558 et
2882 1519 3000 1558 non
3021 1506 3254 1558 tantum
3286 1501 3338 1559 ei
3389 1501 3586 1559 laudis

1935 1592 2034 1658 sit,
2065 1592 2221 1663 quod
2240 1593 2529 1648 bonorum
2561 1597 2764 1648 auctor
2791 1597 2880 1648 est
2909 1595 2968 1648 et
2997 1591 3250 1663 adjutor,
3299 1595 3587 1663 quantum

1935 1681 2401 1753 vituperationis,
2435 1683 2590 1754 quod
2615 1681 2773 1738 mala
2801 1697 2917 1737 non
2973 1681 3248 1736 coercuit.
3312 1680 3588 1738 Detrahe.-

1935 1772 2034 1823 tur
2052 1783 2187 1840 ergo
2233 1767 2339 1836 illi,
2391 1785 2497 1823 cur
2547 1767 2848 1824 diabolum
2898 1783 3026 1824 esse
3073 1766 3426 1841 permiserit,
3485 1785 3590 1826 cur

170 1858 433 1956 dandum
465 1861 574 1924 est,
604 1861 663 1958 et
693 1856 927 1958 aculice
981 1861 1157 1956 atque
1209 1857 1451 1914 formica
1508 1876 1697 1931 usque
1753 1860 1826 1916 ad
1858 1891 1906 1958 Β
1939 1874 2149 1930 passus
2180 1856 2340 1958 sit,et
2368 1857 2680 1929 hucusque
2711 1858 2970 1930 patiatur
2998 1857 3260 1930 quotidie
3282 1856 3506 1930 aliquid
3528 1857 3588 1914 in

166 1945 485 2010 Cherubim
517 1948 573 2002 et
603 1945 923 2018 Seraphim
942 1945 1196 2012 veniam,
1229 1963 1334 2003 cur
1367 1963 1480 2004 non
1512 1948 1746 2021 singula
1766 1948 1826 2004 in

171 2034 406 2093 meliori
436 2038 590 2092 statu
613 2034 849 2091 condita
880 2034 1301 2107 sint.Cumque
1331 2037 1403 2092 ad
1436 2037 1692 2095 excelsas
1725 2055 1827 2094 ve-

173 2140 316 2182 nero
338 2123 684 2190 Potestates,
717 2123 1006 2182 causabor
1053 2128 1112 2178 et
1160 2124 1377 2192 dicam,
1435 2142 1618 2198 quare
1672 2128 1828 2184 Deus

175 2212 346 2280 solus
374 2216 606 2268 tantum
633 2212 788 2268 Deus
819 2212 916 2282 sit,
950 2217 1008 2268 et
1038 2227 1152 2270 non
1184 2213 1384 2270 omnia
1411 2215 1553 2271 deos
1609 2216 1826 2272 fecerit.

171 2305 291 2360 Aut
319 2302 477 2359 enim
509 2301 1005 2374 impossibilitatis
1028 2302 1198 2373 juxta
1243 2307 1299 2358 te
1349 2305 1389 2370 ³,
1440 2307 1544 2360 aut
1599 2304 1848 2360 invidiae.

175 2407 317 2448 reus
345 2390 476 2448 erit.
512 2390 891 2462 Reprehende
931 2406 1088 2456 eum,
1131 2407 1234 2446 cur
1289 2395 1346 2447 et
1401 2391 1700 2448 diabolum
1769 2393 1830 2448 in

166 2481 298 2548 'boc
328 2479 550 2536 mundo
575 2495 703 2536 esse
732 2479 1032 2546 concedat,
1055 2483 1114 2536 et
1154 2480 1318 2538 aufer
1366 2497 1664 2548 coronam,
1696 2499 1832 2538 cum

184 2573 481 2633 certamen
513 2565 848 2624 abstuleris.
882 2567 939 2621 C.
973 2567 1098 2622 Non
1117 2583 1250 2624 sum
1286 2568 1432 2625 787
1467 2573 1586 2625 tam
1608 2586 1830 2638 vecors,

183 2662 255 2718 ut
283 2674 516 2731 querar,
550 2672 656 2722 cur
684 2654 954 2713 diabolus
984 2656 1080 2725 sit,
1112 2659 1284 2728 cujus
1308 2657 1528 2714 invidia
1556 2675 1714 2716 mors
1744 2659 1832 2715 in-

182 2745 482 2818 troivitjin
535 2745 737 2803 orbem
796 2749 1121 2802 terrarum:
1180 2747 1281 2802 sed
1341 2746 1446 2804 hoc
1503 2747 1689 2815 doleo,
1731 2764 1838 2805 cur

180 2837 294 2904 viri
326 2835 726 2905 ecclesiastici,
760 2841 817 2893 et
840 2835 938 2908 qui
972 2835 1390 2908 magistrorum
1414 2837 1526 2894 sibi
1547 2841 1838 2910 usurpant

182 2925 560 3000 vocabulum,
584 2924 794 2982 tollant
813 2924 1064 2982 liberum
1087 2923 1395 2982 arbitrium
1429 2943 1440 2980 :
1467 2942 1581 2998 quo
1605 2925 1836 2984 sublato

185 3013 643 3073 Manichaeorum
672 3018 826 3070 secta
864 3014 1246 3070 construitur.
1279 3016 1340 3070 A.
1366 3015 1556 3086 Egone
1585 3015 1836 3072 liberum

183 3103 328 3162 tollo
357 3103 689 3172 arbitrium,
719 3104 820 3176 qui
853 3103 912 3159 in
943 3107 1067 3160 tota
1094 3103 1496 3176 disputatione
1529 3122 1659 3162 mea
1683 3103 1831 3160 nihil

183 3193 346 3250 aliud
377 3193 491 3266 egi,
525 3192 638 3250 nisi
669 3197 735 3249 ut
764 3193 1250 3265 omnipotentiam
1314 3194 1408 3250 Dei
1469 3212 1604 3251 cum
1654 3194 1836 3251 libero

185 3280 428 3352 arbitrio
458 3280 978 3338 conservarem‘w.
1013 3282 1312 3346 Quomodo
1346 3297 1543 3339 servas
1583 3283 1833 3340 liberum

183 3369 495 3440 arbitrum,
527 3369 628 3441 qui
659 3369 802 3426 dicis
862 3370 1162 3428 hominem
1220 3371 1368 3427 nihil
1424 3389 1598 3444 posse
1644 3373 1833 3429 facere

185 3459 303 3518 nisi
335 3458 488 3515 Deus
519 3474 752 3531 semper
780 3459 1112 3530 adjuverit?
1147 3467 1219 3516 Λ.
1254 3459 1312 3517 Si
1335 3460 1394 3516 in
1422 3461 1595 3535 culpa
1613 3463 1831 3535 est,qui

182 3547 370 3604 libero
398 3547 638 3605 arbitrio
681 3549 883 3622 jungit
938 3549 1036 3604 Dei
1089 3549 1488 3620 adjutorium:
1549 3568 1686 3624 ergo
1735 3551 1832 3607 ille

183 3635 477 3706 laudetur,
511 3636 612 3708 qui
643 3636 742 3692 Dei
774 3635 926 3694 tollit
953 3637 1257 3694 auxilium.
1295 3640 1358 3694 C.
1392 3643 1519 3695 Non
1551 3639 1690 3696 tollo
1734 3640 1832 3697 Dei

182 3722 494 3796 auxilium,
553 3725 770 3798 quippe
821 3742 923 3798 per
981 3727 1151 3798 cujus
1207 3727 1454 3799 gratiam
1513 3745 1831 3801 possumus

180 3830 360 3877 omne
389 3815 542 3886 quod
575 3831 892 3888 possumus
921 3834 934 3884 ;
970 3817 1071 3872 sed
1100 3820 1418 3889 utrumque
1447 3819 1572 3875 suis
1611 3819 1830 3876 ﬁnibus

178 3901 605 3960 terminamus:
630 3906 696 3960 ut
723 3907 780 3960 et
809 3903 908 3960 Dei
940 3903 1017 3959 sit
1043 3904 1244 3976 gratia:
1276 3907 1432 3977 quod
1465 3907 1625 3963 dedit
1663 3907 1831 3966 liberi

181 3990 412 4048 arbitrii
447 3996 820 4064 potestatem,
872 3997 931 4048 et
981 3997 1194 4052 nostrae
1253 3994 1592 4064 voluntatis,
1644 3997 1832 4054 facere

181 4078 349 4156 quid,
380 4077 467 4152 vel
499 4097 615 4137 non
672 4081 895 4137 facere:
944 4086 1001 4138 et
1057 4084 1212 4155 quod
1270 4083 1621 4142 facientibus
1687 4103 1830 4158 prae-

183 4169 398 4236 mium,
428 4173 622 4226 etnon
646 4169 996 4228 facientibus
1026 4188 1196 4243 pmna
1216 4177 1498 4228 servetur.

253 4259 310 4313 6.
345 4258 485 4328 Quid
515 4259 656 4316 Deus
683 4264 901 4318 coronet
931 4261 992 4315 in
1013 4260 1185 4317 nobis.
1220 4292 1285 4301 —
1316 4263 1382 4317 A.
1415 4261 1642 4318 Videris
1688 4262 1833 4319 mihi

182 4346 508 4405 obliviosus
539 4363 691 4417 esse,
720 4353 779 4405 et
805 4348 975 4420 quasi
1007 4348 1153 4405 nihil
1185 4366 1366 4422 supra
1386 4349 1607 4406 dictum
1630 4351 1836 4424 sit,per

178 4436 421 4494 easdem
444 4437 857 4511 disputationis
875 4439 1082 4496 reverti
1106 4438 1312 4497 lineas.
1350 4440 1465 4497 Hoc
1485 4441 1640 4497 enim
1663 4441 1836 4513 longa

181 4525 618 4595 dissertatione,
633 4527 979 4585 conclusum
1001 4529 1381 4602 est,utgratia
1410 4547 1520 4587 sua
1549 4530 1835 4590 Dominus

1937 1946 2159 2002 mundo
2191 1945 2333 2002 mali
2366 1946 2512 2002 fieri.
2548 1946 2763 2011 Quaerit
2784 1946 2894 2002 hoc
2941 1947 3218 2014 Marcion,
3270 1951 3328 2002 et
3385 1963 3590 2004 omnes

1942 2037 2094 2093 188
2125 2035 2532 2092 hereticorum
2564 2036 2867 2108 canes,qui
2899 2035 3082 2092 Vetus
3111 2035 3340 2092 laniant
3388 2037 3590 2094 Testa-

1937 2128 2287 2194 mentum,et
2314 2124 2729 2196 hujuscemodi
2750 2124 3157 2199 syllogismum
3187 2128 3377 2181 texere
3449 2141 3584 2182 con-

1939 2219 2273 2270 sueverunt.
2304 2218 2421 2270 Aut
2447 2214 2615 2270 scivit
2645 2217 2794 2270 Deus
2833 2213 3136 2270 hominem
3196 2215 3258 2270 in
3317 2213 3590 2286 paradiso

1939 2303 2196 2375 positum
2228 2303 2742 2374 praevaricaturum
2773 2319 2901 2359 esse
2931 2302 3275 2359 mandatum
3304 2301 3595 2369 illius,aut

1941 2391 2268 2448 nescivit.Si
2302 2392 2611 2459 scivit,non
2645 2397 2735 2448 est
2763 2393 2821 2448 in
2852 2391 3025 2464 culpa
3053 2391 3104 2447 is
3135 2390 3235 2463 qui
3279 2391 3593 2463 praescien-

1940 2483 2083 2538 tiam
2115 2482 2218 2538 Dei
2239 2481 2420 2538 vitare
2450 2497 2569 2537 non
2600 2481 2810 2552 potuit,
2843 2480 2943 2536 sed
2975 2479 3072 2535 ille
3103 2479 3203 2552 qu’i
3233 2477 3412 2535 talem
3451 2495 3592 2535 con-

1943 2571 2112 2638 didit,
2145 2575 2213 2627 ut
2251 2572 2352 2627 Dei
2411 2587 2528 2626 non
2576 2574 2776 2643 posset
2830 2568 3139 2626 scientiam
3196 2568 3471 2624 devitarc.
3531 2567 3592 2625 Si

1944 2660 2208 2727 nescivit,
2233 2660 2325 2716 cui
2352 2659 2778 2732 praescientiam
2800 2657 2980 2724 tollis,
3031 2657 3224 2714 aufers
3281 2660 3339 2713 et
3385 2655 3594 2713 divini-

1944 2754 2145 2806 tatem.
2169 2749 2288 2805 Hoc
2320 2748 2476 2805 enim
2507 2764 2717 2821 genere
2770 2748 2827 2803 in
2887 2746 3059 2820 culpa
3104 2746 3214 2802 erit
3268 2745 3370 2820 qui
3426 2742 3600 2819 elegit

1946 2839 2086 2896 Saul
2119 2839 2382 2894 futurum
2413 2842 2618 2911 postea
2648 2854 2845 2911 regem
2869 2837 3314 2910 impiissimum.
3346 2837 3416 2892 Et
3471 2835 3598 2893 Sal-

1943 2932 2108 2984 vator
2135 2932 2237 2984 aut
2257 2928 2618 3001 ignorantiae,
2652 2931 2754 2982 aut
2783 2925 3084 2999 injustitia
3114 2924 3411 2981 tenebitur
3439 2941 3596 2993 reus,

1947 3033 2050 3072 cur
2079 3017 2137 3072 in
2168 3015 2480 3089 Evangelio
2510 3017 2586 3071 sit
2614 3015 2847 3071 locutus
2873 3033 2886 3070 :
2921 3037 2950 3064 «
2981 3015 3186 3070 Nonne
3216 3030 3318 3070 vos
3371 3014 3597 3070 duode-

1946 3106 2059 3161 cim
2093 3122 2198 3178 ego
2229 3105 2376 3178 elegi
2407 3105 2722 3177 apostolos,
2745 3109 2804 3160 et
2834 3120 2990 3159 unus
3017 3103 3090 3158 de
3123 3102 3287 3158 vobis
3327 3101 3596 3158 diabolus

1947 3199 2036 3251 est
2064 3195 2240 3266 (Joan.
2272 3212 2350 3261 v1,
2381 3195 2473 3264 71)
2503 3193 2530 3249 ?
2559 3216 2587 3244 »
2622 3196 2920 3265 Interroga
2949 3208 3218 3260 eum,cur
3247 3191 3461 3246 Judam
3483 3190 3596 3247 ele-

1865 3265 1912 3332 C
1947 3284 2097 3358 gerit
2125 3284 2482 3356 proditorem
2510 3283 2539 3338 ?
2569 3299 2676 3338 cur
2703 3282 2754 3338 ei
2786 3281 3009 3338 loculos
3030 3280 3592 3353 commiserit,quem

1941 3375 2129 3431 furem
2169 3389 2298 3430 esse
2315 3389 2432 3429 non
2464 3372 2774 3445 ignorabat
2797 3370 2940 3426 PVis
2997 3370 3202 3427 audire
3249 3369 3536 3426 rationem
3570 3371 3594 3425 Ρ

1941 3462 2096 3518 Deus
2111 3461 2806 3534 praasentiajudicat,non
2841 3459 3058 3515 futura.
3091 3462 3208 3514 Nec
3237 3458 3594 3515 condemnat

1941 3569 2008 3608 ex
2038 3550 2424 3624 praescientia,
2458 3566 2634 3622 quem
2658 3549 2883 3606 noverit
2909 3548 3088 3604 talem
3119 3549 3259 3616 fore,
3321 3547 3420 3620 qui
3481 3547 3594 3603 sibi

1942 3645 2144 3714 postea
2174 3639 2520 3713 displiceat:
2562 3639 2663 3696 sed
2695 3642 2870 3695 tantae
2922 3637 3204 3693 bonitatis
3259 3641 3349 3692 est
3395 3639 3453 3693 et
3498 3636 3590 3692 in-

1941 3729 2190 3786 ell'abilis
2212 3729 2554 3794 clementia},
2585 3733 2648 3784 ut
2677 3728 2859 3800 eligat
2916 3743 3074 3794 eum,
3126 3741 3302 3798 quem
3352 3723 3587 3780 interim

1938 3820 2160 3876 bonum
2181 3818 2386 3884 cernit,
2419 3822 2477 3874 et
2495 3817 2606 3873 scit
2635 3817 2856 3872 malum
2886 3817 3172 3882 futurum,
3203 3815 3353 3870 dans
3379 3813 3430 3870 ei
3480 3829 3589 3885 po-

1940 3912 2213 3969 testatem
2244 3906 2640 3964 conversionis
2667 3911 2728 3962 et
2769 3905 3144 3977 pcsnitentiaa,
3189 3903 3361 3974 juxta
3415 3901 3583 3958 illum

1941 4013 2180 4054 sensum
2212 3995 2499 4068 Apostoli:
2535 4018 2563 4046 ‹‹
2623 3995 2864 4067 Ignoras
2920 3992 3058 4064 quia
3114 3990 3448 4064 benignitas
3487 3989 3590 4047 Dei

1941 4088 2013 4143 ad
2044 4085 2449 4159 pmnitentiam
2481 4089 2536 4140 te
2586 4082 2878 4140 adducit?
2930 4081 3256 4138 secundum
3311 4079 3587 4136 duritiam

1942 4181 2138 4233 autem
2168 4179 2333 4231 tuam
2361 4178 2436 4246 .et
2483 4190 2582 4229 cor
2639 4171 3012 4245 impanitens
3061 4169 3434 4227 thesaurizas
3484 4169 3591 4226 tibi

1943 4267 2090 4322 iram
2122 4265 2181 4320 in
2211 4264 2303 4320 die
2327 4264 2424 4320 irae
2459 4267 2516 4318 et
2545 4261 2916 4319 revelationis
2939 4260 3090 4333 justi
3112 4259 3324 4332 judicii
3354 4259 3596 4332 Dei,qui

1943 4354 2146 4411 reddet
2166 4352 2486 4426 unicuique
2516 4352 2842 4409 secundum
2887 4367 3064 4424 opera
3112 4351 3242 4423 ejus
3295 4350 3471 4421 (Rom.
3531 4365 3592 4417 ιι,

1945 4446 1996 4512 4,
2028 4445 2105 4516 5).
2143 4444 2374 4515 »Νθῳιθ
2402 4441 2558 4498 enim
2588 4441 2720 4498 ideo
2751 4441 3008 4515 peccavit
3037 4439 3394 4512 Adam,quia
3442 4438 3597 4494 Deus

1944 4533 2054 4589 hoc
2076 4534 2338 4588 luturum
2371 4536 2646 4598 noverat;
2707 4531 2807 4588 sed
2867 4528 3156 4603 praescivit
3191 4533 3366 4598 Deus,
3425 4527 3596 4598 quasi

180 4632 308 4689 qua
331 4617 505 4709 nobis
534 4619 824 4675 concessit
851 4617 1103 4692 liberum
1126 4619 1456 4709 arbitrium,
1490 4620 1551 4676 in
1582 4620 1833 4694 singulis
1865 4642 1916 4709 D
1944 4623 2118 4689 Deus,
2161 4622 2315 4694 quod
2348 4621 2445 4676 ille
2475 4624 2600 4676 erat
2652 4619 2886 4691 propria
2926 4618 3238 4709 voluntate
3267 4617 3585 4709 facturus.

179 4705 462 4779 operibus
484 4707 650 4777 juvat
680 4713 856 4782 atque
887 4713 1197 4765 sustentet.
1232 4708 1289 4764 Ο.
1314 4709 1461 4773 Quid
1493 4727 1629 4783 ergo
1673 4728 1833 4768 coro-

177 4797 286 4855 nat
317 4794 376 4852 in
407 4795 574 4854 nobis
591 4799 632 4866 ³,
665 4801 722 4854 et
750 4797 952 4856 laudat
991 4799 1149 4870 quod
1179 4797 1305 4871 ipse
1362 4805 1638 4872 operatus
1695 4806 1785 4858 est
1815 4806 1838 4858 Ρ

253 4938 267 4972 ¹
308 4936 489 4996 Voces
516 4941 677 5003 iuxta
708 4947 759 4996 te
790 4941 1162 4997 Martianmus
1194 4946 1326 5013 post
1355 4943 1578 4999 Erasm.
1623 4945 1833 5001 omise-

177 5013 296 5076 rat,
329 5026 435 5068 nos
464 5026 536 5067 ex
563 5029 708 5068 mss.
745 5013 1085 5070 sutl’ecimus
1118 5019 1175 5070 et
1205 5015 1386 5070 veteri
1419 5014 1690 5072 editione.
1736 5017 1834 5071 Vi-

177 5081 406 5139 ctorius
441 5099 674 5156 quoque
701 5088 876 5142 antea
899 5103 967 5142 ex
997 5086 1272 5154 Mediceo,
1326 5086 1631 5158 Fesulano,
1673 5088 1834 5145 aliis-

177 5169 299 5226 que
349 5170 492 5232 mss.
521 5162 914 5232 reposuerat,
958 5174 1220 5232 _easque__
1246 5157 1833 5232 inferioricontextus

176 5225 417 5308 asserit,
479 5228 577 5308 ubi
619 5225 1224 5308 ’βίλημμά-Οι-ἱιοῖωὶί
1260 5229 1632 5308 __explod_itur.
1704 5233 1835 5308 Mox

176 5300 371 5353 Vatic.
406 5314 508 5370 pro
541 5302 598 5356 in
631 5300 730 5374 {ioc
758 5300 958 5374 mundo
989 5318 1106 5356 esse
1160 5300 1301 5374 legit
1350 5300 1417 5374 in
1477 5303 1574 5358 hoc
1629 5305 1834 5361 mundo

177 5373 599 5450 tantum'posse.
637 5373 871 5446 Reginae
902 5389 1155 5430 ms.cum
1188 5373 1362 5429 veteri
1395 5373 1656 5431 editione
1671 5393 1835 5450 aeque

179 5442 335 5498 bene
363 5446 580 5500 tantum
605 5442 738 5501 esse:

248 5513 598 5599 {Hactenus
626 5515 764 5599 editi
809 5516 950 5585 Quid
1004 5533 1132 5588 ergo
1181 5519 1342 5599 ῥαφαί
1382 5521 1560 5599 ριιιιιεΔ
1613 5523 1834 5599 coronat

173 5587 370 5662 verbis
392 5588 547 5662 juvat
599 5593 766 5660 atque
820 5587 1126 5662 perperam
1182 5587 1474 5652 intrusis,‘
1512 5594 1570 5646 et
1629 5595 1834 5648 contra

176 5659 485 5738 scriptoris
516 5659 796 5738 mentem,
820 5659 982 5733 quod
1016 5678 1084 5717 ex
1105 5665 1224 5738 toto
1260 5665 1541 5738 contextu
1595 5662 1782 5738 liquet
1816 5682 1828 5721 :

176 5747 281 5790 nos
297 5729 415 5790 illa
443 5729 1013 5806 expunximus'mss.
1055 5731 1420 5803 auctoritate,
1455 5733 1517 5794 in
1574 5729 1828 5808 quorum

1945 4715 2169 4770 Accusa
2217 4726 2353 4783 ergo
2409 4709 2595 4766 Deum
2645 4708 2958 4776 mendacii,
3009 4721 3191 4779 quare
3249 4704 3462 4762 dixerit
3496 4721 3600 4777 per

1943 4802 2157 4859 Jonam
2181 4818 2194 4856 :
2222 4822 2250 4850 ‹‹
2281 4798 2487 4855 Adhuc
2516 4803 2634 4854 tres
2663 4797 2811 4863 dies,
2861 4801 2920 4853 et
2970 4795 3175 4854 Ninive
3228 4796 3599 4852 subvertetur

1947 4943 2108 5000 nullo
2139 4942 2492 4997 invenimus.

2015 5018 2036 5051 ⁸
2071 5019 2232 5072 Unus
2261 5014 2446 5070 Vatic.
2481 5013 2771 5069 contrario
2805 5028 2982 5068 sensu
3032 5013 3080 5065 et
3130 5019 3312 5066 tamen
3369 5009 3599 5077 fecimus

1947 5089 2100 5171 quod
2124 5087 2421 5143 voluimus.
2455 5084 2804 5141 Confer.lib.
2839 5085 2895 5139 S.
2931 5083 3243 5156 Augustini
3267 5081 3332 5137 de
3360 5081 3596 5152 Per/eet.

1973 5161 2121 5215 ustit.

1938 5179 2189 5287 wind/on
2239 5229 2503 5300 intelligis
2561 5225 2935 5300 διλήμματον.
2990 5225 3115 5282 Non
3176 5219 3468 5300 δίλημμαν,
3539 5228 3602 5300 9t

1943 5304 2083 5360 editi
2101 5303 2255 5368 libri,
2279 5301 2381 5358 sed
2414 5287 2982 5373 ἕιλὴμμαέςὶνᾶὶεερῐιι
3005 5301 3216 5372 cuncta
3246 5287 3602 5373 exemplaria

1943 5392 2087 5456 mss.
2116 5379 2184 5456 ξξι
2211 5367 2294 5429 ita
2313 5367 2637 5456 “legendum
2670 5367 3241 5456 docet'iiermogen.,
3271 5367 3373 5456 lib.
3413 5367 3501 5456 liv
3537 5367 3602 5424 de

1942 5449 2278 5526 Inventiqne.
2312 5439 2519 5526 Suidas
2551 5460 2786 5526 quoque
2815 5439 3258 5526 interdilémma
3306 5445 3363 5525 et
3391 5439 3599 5526 dilem-

1941 5522 2130 5590 mctqn
2169 5518 2277 5590 hoc
2326 5516 2491 5590 ponit
2537 5511 2935 5590 d'iscrimen‘g
2969 5511 3238 5590 ᾼίλτ,μμα
3275 5511 3336 5590 ῖὸ
3380 5511 3599 5590 tractu;

1942 5579 2360 5663 λαμϐανόμενοῆ
2393 5586 2694 5665 φρόνημριε
2749 5590 2805 5665 et
2865 5579 3217 5665 atl'hzxpi‘fiw
3277 5579 3450 5660 διχῶς
3508 5604 3598 5638 νο-

1939 5657 2283 5737 odgiwov,'id
2315 5657 2441 5732 est,
2460 5657 2721 5731 bifariam
2750 5657 3094 5717 intellectum
3123 5657 3411 5716 Maenas.
