3966 6404
341 361 470 428 003

1589 353 1656 419 Β.
1700 345 2010 418 EUSEBII
2051 347 2521 417 HIERONYMI.

3629 332 3756 408 604

348 499 528 572 (Joan.
565 509 648 566 Ill,
681 492 751 568 4).
785 516 811 544 ››
844 491 954 551 Sed
975 491 1348 566 respondebit
1369 490 1472 549 tibi
1505 507 1608 564 per
1633 487 1988 546 Jeremiam:
2021 486 2078 553 Α
2107 488 2300 554 rebus,
2337 489 2437 545 sed
2470 488 2863 557 sermonibus,
2895 485 2953 544 id
2986 493 3091 558 est,
3151 502 3267 544 non
3323 479 3584 553 veritate,
3647 477 3751 536 sed

354 611 382 637 ‹‹
416 589 502 643 Ad
535 601 829 643 summam
859 583 1067 656 loquar
1105 590 1303 640 contra
1340 585 1568 655 gentem
1627 583 1684 636 et
1725 594 1992 651 regnum,

354 682 419 733 ut
445 676 733 732 eradicent
765 679 820 728 et
849 673 1149 728 destruam
1199 678 1256 728 et
1314 671 1648 742 disperdam
1711 668 1874 722 illud.
1935 665 1990 721 Si

350 764 750 839 paenitentiam
781 761 963 834 egerit
992 778 1135 833 gens
1168 761 1266 816 illa
1297 778 1329 815 a
1362 759 1515 815 malo
1563 776 1691 820 suo,
1725 755 1880 828 quod
1911 754 1994 810 lo-

351 860 524 910 cutus
555 870 685 908 sum
717 852 998 908 adversus
1019 868 1168 917 eam,
1216 867 1384 922 agam
1435 852 1492 904 et
1550 863 1655 920 ego
1714 845 1966 918 poeniten

348 944 489 1000 tiam
515 959 692 1014 super
721 939 876 996 malo
899 940 1052 1012 quod
1085 939 1328 1011 cogitavi
1362 943 1424 992 ut
1456 938 1704 992 {acerem
1737 936 1808 989 ei.
1837 937 1903 987 Et
1923 933 1993 986 ad

354 1047 650 1087 summam
681 1029 888 1101 loquar
918 1029 988 1083 de
1020 1033 1188 1101 gente
1221 1035 1274 1082 et
1305 1042 1502 1099 regno,
1538 1029 1600 1079 ut
1630 1024 1909 1079 aediﬁcem
1942 1025 1998 1076 et

350 1120 611 1193 plantem
644 1118 810 1184 illud,
845 1118 893 1173 si
929 1118 1124 1172 fecerit
1155 1115 1372 1171 malum
1406 1116 1462 1170 in
1488 1116 1809 1185 conspectu
1869 1127 1995 1166 meo

351 1213 416 1265 ut
446 1227 559 1263 non
594 1208 793 1263 audiat
851 1221 1050 1260 vocem
1099 1221 1309 1271 meam,
1365 1201 1764 1275 paenitentiam
1825 1215 1995 1272 agam

351 1315 528 1369 super
559 1294 891 1366 bono,quod
915 1292 1143 1349 locutus
1175 1310 1307 1348 sum
1340 1298 1404 1347 ut
1434 1292 1680 1347 facerem
1703 1290 1752 1344 ei
1777 1290 1993 1359 (Jerem.

349 1404 510 1453 xv.u,
539 1387 571 1438 7
599 1401 743 1457 seqq.
769 1384 807 1453 ).
836 1405 862 1432 »
897 1381 1317 1453 Indignabatur
1361 1381 1658 1451 quondam
1681 1383 1738 1434 et
1791 1378 1994 1441 Jonas,

346 1490 450 1528 cur
465 1473 580 1529 Deo
612 1470 785 1526 fuerit
808 1470 1054 1541 jubente
1088 1467 1408 1522 mentitus:
1437 1467 1537 1521 sed
1577 1464 1786 1534 injusti
1849 1479 1994 1517 ma:-

349 1562 495 1617 roris
539 1559 824 1632 arguitur;
885 1556 1112 1612 malens
1169 1572 1302 1610 cum
1355 1553 1608 1626 pernicie
1643 1553 1791 1608 789
1824 1551 1993 1605 innu-

351 1649 650 1706 merabilis
681 1645 881 1719 populi
913 1661 1113 1701 verum
1137 1644 1347 1711 dicere,
1384 1659 1560 1714 quam
1611 1658 1744 1696 cum
1803 1644 1996 1695 tanto-

349 1755 481 1806 rum
512 1736 700 1792 salute
733 1733 985 1788 mentiri.
1018 1733 1261 1786 Ponitur
1303 1732 1354 1786 ei
1404 1735 1738 1802 exemplum
1775 1747 1786 1784 :
1822 1752 1848 1777 «
1908 1727 1994 1781 Tu

347 1825 512 1882 doles
535 1841 710 1897 super
738 1823 971 1892 hedera,
1002 1823 1116 1875 sive
1145 1820 1447 1876 cucurbita
1477 1820 1537 1874 in
1568 1836 1685 1891 qua
1736 1835 1852 1874 non
1905 1815 1997 1872 la-

349 1913 589 1980 borasti,
623 1927 812 1983 neque
844 1909 1028 1966 fecisti
1052 1913 1115 1964 ut
1162 1912 1466 1974 cresceret,
1522 1925 1649 1980 quae
1710 1907 1818 1962 sub
1878 1921 1997 1960 una

349 2008 517 2067 nocte
549 2005 686 2058 nata
715 2004 826 2067 est,
857 2003 915 2054 et
946 2015 1061 2054 una
1087 2003 1253 2053 nocte
1285 1997 1478 2070 periit,
1512 2003 1567 2053 et
1591 2013 1696 2069 ego
1721 2013 1837 2052 non
1870 2011 1997 2068 par-

349 2108 478 2166 cam
517 2089 720 2146 Ninive
743 2086 959 2143 civitati
991 2087 1300 2158 magneﬁn
1332 2102 1450 2158 qua
1487 2090 1628 2142 sunt
1653 2085 1785 2158 plus
1815 2101 1994 2156 quam

349 2183 582 2236 centum
615 2175 816 2250 viginti
848 2174 1032 2231 millia
1061 2175 1391 2244 hominum,
1425 2174 1523 2246 qui
1557 2174 1826 2230 nesciunt
1855 2172 1994 2246 quid

349 2271 426 2326 sit
458 2269 608 2323 inter
647 2267 941 2322 dexteram
973 2268 1030 2318 et
1058 2263 1358 2319 sinistram
1391 2279 1559 2318 suam
1579 2265 1753 2331 (Iona:
1782 2279 1857 2330 ιν,
1907 2262 1993 2329 10,

351 2359 438 2430 il)
473 2361 495 2412 ἓν
527 2380 554 2407 ››
587 2355 646 2412 Si
681 2355 740 2410 in
781 2353 1157 2427 parvulorum
1188 2357 1354 2408 astate
1383 2356 1439 2408 et
1461 2351 1995 2424 simplicium,quos

349 2452 510 2512 certe,
574 2449 905 2517 peccatores
963 2442 1144 2498 fuisse
1201 2459 1317 2498 non
1377 2442 1594 2514 poteris
1650 2441 1992 2513 approbare,

347 2540 510 2612 tanta
537 2534 646 2590 fuit
675 2531 985 2588 hominum
1017 2530 1352 2599 multitudo,
1412 2530 1550 2601 quid
1603 2531 1865 2586 dicemus
1925 2529 1995 2585 de

351 2625 657 2694 utriusque
688 2637 862 2676 sexus
891 2623 1059 2675 aetate
1089 2619 1663 2693 diversa,quze,juxta
1691 2617 1993 2674 Philonem

348 2719 408 2769 et
437 2709 968 2784 prudentissimum
1001 2708 1015 2741 ¹
1045 2707 1529 2780 philosophorum
1554 2707 1900 2779 (Platonem,
1934 2707 1993 2761 in

352 2802 596 2868 Timaeo),
629 2798 699 2854 ab
732 2795 980 2852 infantia
1002 2811 1188 2867 usque
1219 2797 1288 2850 ad
1322 2797 1674 2869 decrepitam
1729 2800 1992 2852 senectu-

352 2896 493 2966 tem,
527 2886 854 2960 septenario
898 2883 1099 2941 ordine
1139 2884 1479 2952 devolvitur,
1537 2886 1677 2940 dum
1737 2885 1847 2941 sibi
1913 2884 1996 2940 sic

351 2978 607 3036 invicem
639 2978 874 3030 aetatum
907 2973 1266 3030 incrementa
1295 2975 1640 3045 succedunt,
1665 2977 1729 3028 ut
1762 2975 1995 3046 quando

352 3070 423 3124 de
449 3067 562 3123 alia
590 3070 960 3122 transeamus
991 3063 1062 3119 ad
1095 3062 1292 3132 aliam,
1327 3064 1542 3120 sentire
1602 3063 1846 3119 minime
1897 3079 1994 3118 va-

347 3157 578 3216 leamus
598 3155 646 3212 ?.

2105 578 2425 633 mendacio.
2451 579 2696 635 Possum
2724 578 2883 634 enim
2922 575 3066 634 illud
3092 576 3198 633 tibi
3219 572 3480 649 Apostoli
3510 585 3752 643 respon-

2104 669 2275 724 dere:
2310 691 2338 718 ‹‹
2373 668 2489 724 Etsi
2521 669 2830 741 imperitus
2861 683 3148 735 sermone,
3183 682 3296 722 non
3321 670 3515 719 tamen
3555 660 3751 716 scien-

2103 759 2185 812 tia
2212 760 2291 829 (ιι
2319 758 2444 812 Cor.
2478 776 2556 824 x.,
2589 759 2664 825 6).
2703 779 2728 805 ››
2761 758 3001 823 Quando
3032 756 3189 812 enim
3218 753 3750 827 loqueris,coactus

2104 847 2678 918 argumentationum
2723 846 2982 918 strophis
3037 845 3143 901 tibi
3190 844 3386 899 videor
3437 839 3746 906 assentire,

2105 953 2239 992 eum
2271 941 2465 991 autem
2499 936 2770 1002 tacueris,
2797 952 2865 991 ex
2893 935 3088 990 animo
3120 949 3326 988 rursus
3355 931 3626 996 elabitur,
3689 934 3752 982 ut

2105 1025 2326 1096 liquido
2353 1028 2629 1096 appareat
2659 1023 3114 1096 disputationem
3145 1027 3308 1077 tuam
3342 1038 3455 1076 non
3476 1036 3546 1075 ex
3571 1017 3748 1073 fonti-

2107 1116 2218 1169 bus
2251 1112 2516 1170 veritatis
2547 1115 2699 1169 790
2729 1117 2786 1168 et
2811 1113 3145 1168 Christiana
3185 1109 3584 1183 simplicitate,
3646 1105 3751 1161 sed

2103 1220 2173 1261 ex
2196 1203 2673 1274 philosophorum
2703 1202 2972 1256 minutiis
3001 1206 3057 1257 et
3093 1206 3216 1256 arte
3273 1198 3644 1254 descendere.
3684 1195 3750 1248 A.

2103 1293 2203 1347 Vis
2225 1309 2360 1364 ergo
2394 1309 2488 1348 me
2517 1308 2752 1347 rursum
2774 1291 2856 1346 uti
2881 1289 3235 1346 testimoniis
3261 1287 3700 1361 Scripturarum
3722 1282 3752 1336 Τ

2107 1381 2172 1436 Et
2203 1382 2495 1452 quomodo
2526 1382 2754 1452 jactant
2793 1379 3065 1452 discipuli
3115 1379 3222 1445 tui,
3291 1378 3522 1433 nullum
3581 1389 3755 1445 argu-

2105 1470 2448 1526 mentationi
2477 1475 2587 1526 tuae
2619 1486 2791 1541 posse
2813 1475 2867 1524 et
2884 1467 3345 1541 problematibus
3367 1461 3756 1538 respondere?

2107 1561 2162 1616 C.
2198 1560 2321 1616 Non
2355 1558 2545 1615 solum
2605 1559 2754 1626 volo,
2817 1558 2917 1614 sed
2971 1563 3027 1612 et
3080 1558 3270 1629 cupio.
3325 1556 3473 1612 Doce
3529 1570 3625 1610 me
3682 1553 3758 1608 de

2103 1649 2417 1721 Scripturis
2447 1649 2688 1715 sanctis,
2720 1647 2843 1714 ubi,
2877 1646 3104 1702 sublata
3135 1645 3302 1701 liberi
3353 1643 3577 1701 arbitrii
3640 1658 3753 1715 po-

2103 1744 2332 1808 testate,
2367 1738 2541 1794 faciat
2569 1737 2765 1804 homo,
2801 1736 2954 1807 quod
2987 1751 3090 1808 per
3120 1750 3182 1790 se
3212 1739 3314 1789 aut
3345 1733 3531 1789 noluit
3549 1733 3591 1797 ⁸,
3640 1734 3748 1787 aut

2106 1847 2220 1887 non
2245 1827 2452 1901 potuit.

2175 1922 2229 1976 8.
2262 1920 2674 1990 Scripturarum
2702 1915 3037 1970 testimonia.
3069 1943 3138 1954 —
3167 1914 3228 1968 Α.
3263 1913 3388 1968 Non
3420 1912 3521 1979 ita,
3563 1915 3627 1965 ut
3685 1914 3756 1964 tu

2107 2006 2403 2081 proponis,
2436 2005 2536 2060 sed
2571 2007 2637 2058 ut
2663 2002 2876 2058 veritas
2907 2001 3093 2074 poscit
3120 2006 3178 2056 et
3202 2001 3370 2068 ratio,
3421 1998 3755 2071 Scriptura-

2106 2114 2236 2153 rum
2278 2095 2516 2151 vocibus
2543 2097 2631 2148 est
2661 2093 2968 2148 utendum.
3004 2089 3288 2162 Loquitur
3315 2089 3495 2146 Jacob
3528 2088 3588 2143 in
3623 2103 3753 2144 ora-

2107 2187 2261 2242 tione
2287 2201 2435 2241 sua:
2472 2207 2498 2232 ‹‹
2524 2183 2582 2238 Si
2617 2181 2789 2237 fuerit
2846 2179 3131 2236 Dominus
3185 2180 3339 2235 Deus
3386 2194 3638 2243 mecum,
3694 2181 3758 2233 et

2106 2272 2446 2331 custodierit
2480 2270 2646 2325 mein
2676 2268 2790 2335 via,
2823 2285 2924 2340 per
2952 2283 3129 2339 quam
3161 2283 3266 2339 ego
3315 2283 3510 2339 pergo,
3571 2271 3631 2322 et
3651 2267 3754 2322 de-

2105 2363 2254 2419 derit
2284 2360 2428 2417 mihi
2459 2375 2669 2433 panem
2703 2358 2772 2413 ad
2806 2357 3307 2424 manducandum,
3350 2360 3408 2412 et
3433 2356 3753 2412 vestimen-

2104 2458 2230 2508 tum
2257 2451 2329 2507 ad
2356 2448 2760 2521 operiendum,
2791 2450 2848 2501 et
2877 2445 3177 2501 reduxerit
3222 2457 3318 2501 me
3370 2456 3505 2500 cum
3561 2443 3758 2500 salute

2105 2542 2164 2597 in
2195 2542 2436 2596 domum
2479 2536 2660 2609 patris
2691 2534 2824 2600 mei,
2850 2535 2960 2590 erit
2997 2533 3140 2589 mihi
3163 2532 3447 2590 Dominus
3474 2534 3534 2589 in
3564 2533 3754 2589 Deum

2105 2636 2162 2686 et
2192 2628 2341 2701 lapis
2372 2629 2483 2682 iste
2513 2641 2686 2698 quem
2710 2624 2878 2696 posui
2903 2623 2961 2678 in
2993 2621 3255 2691 titulum,
3287 2623 3397 2678 erit
3440 2621 3586 2678 mihi
3644 2624 3754 2678 do-

2106 2734 2240 2776 mus
2269 2716 2393 2785 Dei,
2437 2720 2494 2771 et
2551 2713 2816 2770 omnium
2876 2728 3242 2784 quascunque
3297 2711 3526 2768 dederis
3579 2712 3753 2782 mihi,

2104 2808 2362 2865 decimas
2392 2805 2628 2861 offeram
2660 2802 2766 2857 tibi
2799 2801 2952 2872 (Gen.
2985 2818 3186 2872 xxvm,
3218 2802 3289 2856 20
3344 2806 3401 2857 et
3449 2817 3593 2874 seqq.
3615 2803 3655 2874 ).
3722 2824 3745 2854 ι

2103 2895 2400 2968 Numquid
2431 2891 2670 2961 dixit,Si
2699 2890 2950 2947 liberum
2969 2889 3277 2946 arbitrium
3303 2891 3758 2960 conservaveris,

2105 2990 2160 3043 et
2191 2985 2388 3039 cibum
2412 2987 2469 3038 et
2494 2980 2912 3037 vestimentum
2936 2995 3062 3035 meo
3103 2977 3300 3034 labore
3342 2979 3648 3051 quasiero,
3700 2984 3760 3035 et

2104 3077 2389 3130 revertere
2414 3073 2474 3126 in
2500 3070 2743 3126 domum
2763 3069 2945 3140 patris
2969 3068 3080 3124 mei
3114 3073 3138 3126 ἓ
3168 3069 3379 3124 Omnia
3400 3069 3499 3124 dat
3519 3069 3758 3125 Domini

2105 3160 2481 3225 voluntati,ut
2506 3161 2799 3213 mereatur
2829 3156 3088 3229 accipere
3117 3157 3275 3229 quod
3336 3160 3625 3228 precatur.
3650 3157 3759 3214 Re-

420 3248 474 3300 7.
510 3245 732 3299 Minime
757 3245 966 3315 peccati
1015 3250 1203 3298 auctor
1257 3248 1336 3297 est
1391 3243 1550 3298 Deus.
1585 3274 1653 3281 —
1723 3243 1780 3297 ϐ.
1850 3242 1996 3296 Tota

2123 3250 2352 3306 Iertenti
2374 3250 2444 3304 de
2472 3245 2889 3317 Mesopotamia
2915 3245 3094 3300 Jacob
3151 3224 3490 3317 angelorum
3549 3261 3756 3302 occur-

353 3332 782 3408 argumentatio
812 3336 916 3388 tua
944 3331 1058 3386 huc
1088 3331 1297 3397 tendit,
1350 3337 1413 3386 ut
1468 3332 1624 3404 quod
1683 3330 1861 3388 Graeci
1910 3329 1994 3386 di-

291 3490 295 3492 _
351 3427 493 3480 cunt
520 3423 543 3457 ²
574 3418 931 3489 αὐτεξούσιον,
966 3425 1023 3475 et
1043 3437 1150 3476 nos
1186 3420 1432 3476 liberum
1492 3420 1858 3493 appellamus
1915 3437 2000 3475 ar-

352 3511 616 3578 bitrium,
648 3507 930 3565 vocabulo
976 3508 1222 3577 tribuas,
1273 3526 1333 3564 re
1390 3511 1639 3565 auferas.
1697 3510 1784 3564 Tu
1843 3509 1998 3565 enim

352 3605 646 3660 auctorem
679 3602 1051 3671 peccatorum
1074 3597 1216 3654 facis
1248 3597 1454 3663 Deum,
1479 3599 1619 3654 dum
1651 3599 1864 3655 asseris
1916 3598 1999 3654 ni-

352 3690 432 3746 hil
456 3687 754 3745 hominem
787 3703 888 3760 per
919 3702 982 3742 se
1007 3703 1174 3759 posse
1206 3686 1413 3754 facere,
1479 3687 1578 3742 sed
1639 3687 1996 3743 adminiculo

354 3780 471 3852 Dei,
502 3779 593 3834 cui
626 3779 949 3850 imputetur
979 3793 1151 3832 omne
1184 3777 1338 3849 quod
1387 3777 1656 3832 facimus.
1717 3778 1832 3833 Nos
1891 3794 1995 3833 au-

350 3875 489 3938 tem,
524 3869 644 3926 sive
672 3868 918 3933 bonum,
951 3867 1070 3922 sive
1102 3865 1323 3922 malum
1385 3866 1561 3922 homo
1621 3867 1837 3932 fecerit,
1898 3884 2000 3939 per

348 3959 517 4014 liberi
548 3957 774 4014 arbitrii
807 3960 1152 4028 potestatem
1185 3957 1236 4011 ei
1265 3956 1520 4011 dicimus
1561 3955 1861 4029 imputari,
1897 3957 1996 4029 qui

353 4048 486 4104 fecit
517 4047 670 4118 quod
700 4045 904 4112 voluit,
935 4051 1146 4114 etnon
1203 4045 1276 4111 ei,
1332 4045 1431 4117 qui
1485 4047 1660 4101 semel
1710 4047 2001 4104 concessit

351 4137 601 4192 liberum
629 4135 957 4190 arbitrium.
1017 4136 1078 4189 A.
1130 4135 1404 4201 Quamvis
1461 4135 1880 4207 tergiversaris,
1923 4136 1999 4192 la-

355 4223 521 4296 queis
550 4223 808 4278 veritatis
830 4223 1176 4290 innecteris;
1211 4223 1319 4278 hoc
1366 4222 1521 4278 enim
1571 4225 1764 4294 modo,
1821 4226 1996 4281 etiam

356 4315 406 4371 si
438 4313 561 4384 ipse
593 4329 708 4367 non
739 4312 997 4383 adjuvat,
1025 4317 1218 4367 tamen
1243 4314 1412 4383 juxta
1429 4317 1484 4369 te
1517 4319 1720 4369 auctor
1747 4315 1858 4370 erit
1884 4332 2002 4370 ma-

354 4403 568 4468 lorum,
602 4401 962 4473 quia'potuit
1017 4401 1347 4474 prohibere,
1400 4407 1456 4458 et
1513 4420 1626 4458 non
1678 4403 1995 4475 prohibuit.

353 4493 533 4548 Vetus
563 4491 720 4547 enim
759 4489 1050 4547 sententia
1102 4495 1211 4557 est,
1254 4490 1609 4548 homicidam
1669 4509 1798 4548 esse
1838 4510 2001 4560 eum,

2107 3341 2184 3395 rit
2214 3337 2524 3403 exercitus,
2555 3341 2612 3391 et
2641 3338 2925 3390 vocantur
2954 3339 3146 3389 castra
3178 3335 3274 3389 Dei
3297 3333 3448 3405 (Gen.
3470 3350 3648 3390 χχχιι.
3673 3335 3753 3405 2).

2109 3428 2313 3484 Postea
2336 3430 2560 3500 pugnat
2589 3440 2724 3480 cum
2759 3422 2961 3496 angelo
2992 3423 3102 3478 sub
3133 3423 3322 3494 ﬁgura
3371 3422 3651 3491 hominis,
3699 3429 3758 3479 et

2108 3536 2141 3575 a
2198 3517 2442 3573 Domino
2499 3515 2892 3580 confortatur;
2939 3512 3008 3568 de
3060 3511 3500 3584 supplantatore
3547 3513 3753 3579 Jacob,

2107 3607 2440 3663 rectissimus
2472 3605 2570 3659 Dei
2598 3605 2638 3670 ‘,
2674 3618 2886 3657 nomen
2918 3601 3162 3672 accepit.
3214 3601 3412 3673 Neque
3464 3600 3620 3656 enim
3680 3602 3755 3658 ad

2108 3697 2345 3752 fratrem
2379 3691 2853 3750 crudelissimum
2885 3691 3137 3746 audebat
3169 3689 3370 3746 reverti
3390 3689 3504 3746 nisi
3520 3690 3755 3748 Domini

2107 3783 2377 3856 priesidio
2407 3782 2731 3837 roboratus.
2765 3779 3059 3850 Scriptum
3089 3782 3179 3835 est
3224 3778 3283 3833 in
3344 3780 3757 3850 consequenti-

2107 3874 2217 3928 bus
2241 3891 2254 3940 ;
2285 3895 2311 3921 ‹‹
2348 3872 2522 3926 Ortus
2548 3873 2638 3924 est
2665 3868 2717 3924 ei
2749 3867 3179 3940 sol,postquam
3200 3867 3472 3924 transivit
3499 3867 3758 3924 Phanuel

2107 3961 2264 4046 (Ibid.
2299 3961 2467 4028 31).»
2516 3957 2670 4030 quod
2721 3958 3140 4046 interpretatur
3192 3958 3362 4026 facies
3416 3957 3535 4012 Dei.
3589 3956 3759 4013 Unde

2104 4045 2367 4122 loquitur
2395 4053 2450 4104 et
2481 4049 2706 4118 Moyses
2731 4047 2751 4080 ⁵
2785 4062 2797 4101 :
2834 4068 2862 4095 «
2897 4045 3030 4100 Vidi
3061 4045 3378 4101 Dominum
3404 4048 3412 4116 Ι
3435 4046 3513 4100 αι.
3549 4046 3763 4117 Deum]

2107 4139 2253 4196 facie
2283 4139 2356 4195 ad
2390 4137 2618 4202 faciem,
2649 4141 2706 4191 et
2736 4132 2897 4190 salva
2927 4135 3082 4190 facta
3101 4139 3192 4190 est
3209 4134 3406 4190 anima
3436 4151 3570 4190 mea
3596 4133 3771 4207 (Ibid.

2107 4230 2218 4298 30),
2252 4245 2366 4284 non
2398 4225 2751 4300 proprietate
2797 4228 3039 4291 naturae,
3100 4225 3201 4280 sed
3259 4224 3599 4296 dignatione
3652 4223 3766 4278 mi-

2109 4318 2377 4374 serantis.
2413 4315 2611 4371 Oritur
2652 4331 2788 4386 ergo
2847 4311 3017 4369 nobis
3078 4313 3163 4368 sol
3204 4313 3470 4384 justitize,
3519 4311 3758 4386 quando

2106 4406 2270 4463 vultu
2307 4404 2402 4460 Dei
2434 4401 3110 4474 confirmamur.'Joseph
3128 4401 3187 4457 in
3205 4406 3440 4475 Egypto
3472 4401 3773 4457 clauditur

2109 4512 2357 4562 carcere,
2392 4494 2588 4564 ibique
2619 4492 2888 4559 infertur,
2922 4492 3076 4564 quod
3098 4497 3298 4548 custos
3335 4491 3601 4548 carceris'
3642 4505 3774 4545 om-

356 4582 457 4654 qui
487 4597 620 4636 cum
652 4581 839 4653 possit
869 4580 1165 4636 hominem
1197 4580 1268 4635 de
1319 4587 1502 4637 morte
1559 4581 1826 4648 liberare,
1887 4600 2000 4638 non
2037 4593 2082 4658 ι)
2114 4585 2212 4641 nia
2242 4583 2511 4656 potestati
2544 4582 2672 4652 eius
2713 4580 2964 4652 ﬁdeique
3022 4581 3402 4637 commiserit.
3461 4580 3769 4651 Causaque

355 4671 579 4727 liberet.
611 4672 672 4728 C.
703 4670 958 4740 Jamjam
997 4669 1135 4725 tollo
1168 4687 1433 4735 manum,
1493 4671 1654 4738 cedo,
1686 4671 1908 4728 vicisti:
1953 4673 2002 4728 ei

357 4765 550 4816 tamen
584 4760 812 4815 vincere
841 4765 950 4824 est,
980 4759 1282 4815 veritatem
1311 4758 1457 4816 velle
1489 4760 1842 4828 subvertere,
1887 4779 2002 4817 non

430 4888 442 4920 ⁸
479 4887 541 4940 In
572 4885 749 4941 veteri
795 4885 933 4940 edit.
984 4885 1272 4940 Philonem
1320 4873 1836 4954 prudentissimum,
1870 4893 2002 4953 eto.,

361 4959 580 5027 absque
610 4965 660 5013 el
691 4957 899 5028 copula
924 4975 936 5011 :
961 4956 1019 5011 in
1050 4957 1233 5028 Vatic.
1278 4960 1482 5028 autem
1527 4957 2002 5028 prudentissimos.

428 5025 628 5098 'Quod
684 5025 854 5083 Graeci
908 5029 1095 5084 dicunt
1145 5025 1671 5098 «augeat-immo
1739 5029 2007 5086 similiter

360 5096 562 5169 legunt
591 5116 795 5155 omnes
822 5100 1051 5156 codices
1083 5117 1225 5155 mss.
1274 5096 1636 5165 αὐτεξούσιον,
1692 5118 1802 5155 non
1860 5103 2005 5158 falso

364 5169 702 5238 αὖτεξουσίαν
735 5188 870 5225 cum
917 5177 1174 5227 Erasmo.
1227 5171 1326 5224 Est
1374 5176 1571 5224 autem
1634 5171 1694 5222 τὸ
1756 5171 2004 5242 αὐτεξού-

364 5262 476 5295 σιον
502 5244 678 5297 libera
709 5243 1130 5311 voluntas,'sive
1173 5243 1405 5296 liberum
1459 5242 1799 5311 arbitrium:
1854 5247 2007 5302 unde

363 5315 517 5386 apud
553 5313 786 5386 Gregor.
821 5310 1088 5386 Nazianz.
1112 5317 1190 5384 τῷ
1216 5310 1540 5386 αὐτεξουσίῳ
1615 5317 1886 5386 τιμηθεις,
1935 5321 2007 5372 li-

363 5377 476 5440 beri
504 5377 732 5440 arbitrvii
757 5377 1021 5456 facultate
1041 5377 1295 5441 donatus.
1333 5377 1624 5439 MABVlAN.

435 5458 455 5490 ³
487 5456 668 5529 Vatic.
701 5466 795 5512 aut
823 5461 1006 5529 facere
1029 5458 1230 5512 noluit.
1268 5457 1421 5512 Infra
1478 5457 2007 5529 interpunctionem

368 5529 540 5596 cujus
567 5527 703 5582 vitio
734 5540 944 5584 sensus
975 5528 1296 5593 laberabat,
1329 5527 1734 5584 emendamus.

435 5601 634 5681 ‘jacob
667 5601 1007 5681 rectissimus
1024 5599 1400 5681 Dei.ﬂlneptit
1426 5671 1436 5681 .
1459 5600 1554 5681 hic
1587 5602 1892 5681 _Marianus
1949 5604 2009 5660 in

364 5669 545 5738 Notis,
579 5673 751 5744 quasi
783 5671 1070 5728 sexcentis
1107 5669 1440 5745 Hieronymi
1489 5672 1633 5729 locis
1685 5678 1852 5732 Israel
1896 5694 2011 5734 non

2113 4675 2406 4731 redditur:
2449 4695 2475 4721 ‹‹
2509 4671 2654 4734 Quia
2684 4670 2968 4726 Dominus
2992 4675 3116 4725 erat
3145 4687 3280 4725 cum
3306 4686 3393 4737 eo,
3415 4674 3473 4727 et
3492 4686 3770 4741 quaecun-

2113 4778 2226 4835 que
2257 4759 3035 4832 faciebat,prosperabantur
3057 4775 3090 4814 a
3118 4758 3366 4814 Domino
3397 4759 3458 4814 in
3489 4757 3767 4814 manibus

2114 4891 2566 4961 interpretatum
2625 4901 2838 4961 nomen
2893 4891 3172 4961 ponatur,
3230 4888 3598 4961 rectissimus,
3647 4886 3767 4940 Dei.

2116 4957 2700 5029 Manium—Nempe
2729 4957 3030 5014 Israel.Sic
3053 4959 3211 5014 enim
3230 4959 3290 5013 in
3313 4960 3767 5014 commentatur.

2117 5035 2175 5088 in
2209 5033 2338 5089 Isai.
2395 5049 2547 5097 κων,
2606 5032 2853 5100 Proprie,
2893 5030 3322 5102 ‘inquit,ju:cta
3380 5031 3769 5102 Hebrwos,_ei

2118 5107 2436 5173 litterarum
2454 5103 2616 5173 ﬁdem
2649 5099 3161 5173 [vanitates-:06
3204 5104 3337 5155 Θεοῦ
3387 5102 3633 5173 (rectus
3662 5099 3768 5155 Dei

2115 5178 2317 5232 dicitur
2334 5161 2412 5235 Ss:
2431 5161 3174 5240 iwt,dicitur.Vid.Librum
3203 5161 3542 5229 Nominum.
3578 5171 3766 5227 Victo-

2117 5249 2241 5304 rius
2284 5247 2490 5302 maluit
2531 5246 2848 5301 rectissime.

2188 5319 2209 5354 ⁸
2243 5319 2388 5376 Unde
2414 5319 2660 5391 loquitur
2687 5317 2994 5391 et_Il!oyses._
3013 5315 3204 5391 _Verba
3233 5334 3344 5391 sun
3361 5321 3401 5391 tp
3431 5314 3630 5391 Jacob,
3664 5313 3769 5368 sed

2119 5408 2153 5446 a
2183 5395 2372 5463 Moyse
2403 5387 2620 5463 scripta
2649 5407 2662 5443 :
2698 5389 2946 5459 ideoque
2977 5387 3158 5463 Moysi
3226 5389 3434 5463 tribuit
3486 5387 3768 5463 Hierony-

2120 5479 2253 5518 mus
2273 5457 2476 5518 éadem
2506 5457 2698 5516 verba.
2733 5457 3010 5514 Msa‘rmrx.
3030 5457 3102 5500 έ-
3131 5462 3269 5527 Ouaa
3307 5479 3342 5517 a
3395 5460 3573 5517 Jacob
3611 5457 3768 5512 dicta

2121 5540 2280 5600 sunt,
2316 5534 2492 5606 Moysi
2525 5538 2589 5588 ut
2619 5532 2892 5606 historico
2922 5531 3098 5606 verba
3153 5534 3380 5606 tribuit.
3442 5532 3544 5606 Sic
3599 5528 3766 5606 Chri:

2120 5612 2268 5674 stus,
2300 5600 2502 5661 Matth.
2534 5621 2649 5674 xxx,
2682 5605 2736 5671 4,
2775 5605 2951 5659 Deum
2982 5603 3153 5659 refert
3192 5605 3408 5662 dixisse
3461 5604 3542 5671 id,
3607 5600 3762 5674 quod

2120 5678 2268 5736 dixit
2290 5679 2500 5746 Adam,
2535 5677 2650 5735 Deo
2682 5675 3251 5746 nimirnmjubente.
3312 5680 3317 5686 '
