3966 6392
291 376 429 457 ⁷608

1156 393 1551 463 DIALOGUS
1597 381 1915 462 CONTRA
1959 380 2586 461 PELAGIANOS.—
2615 394 2764 461 LIB.
2808 395 2920 463 III.

3578 395 3728 472 "606

307 529 438 602 ejus
468 527 621 601 (Gen.
653 536 846 601 xxm,
879 532 990 605 23).
1028 555 1049 582 ιι
1087 533 1248 589 Unde
1281 537 1337 589 et
1387 533 1673 589 eunuchis
1732 529 1961 586 somnia
1988 528 2046 598 Α
2073 546 2174 586 vas
2204 531 2500 588 electionis
2531 534 2898 606 apertissime
2924 535 3142 594 scribat
3175 555 3188 595 :
3228 559 3249 589 α
3285 538 3582 600 Habemus
3615 559 3725 600 au-

273 625 714 694 suggeruntur
742 621 896 693 (Gen.
930 641 1018 689 XL,
1073 624 1094 678 l
1159 625 1350 696 seqq.),
1411 630 1468 679 et
1523 623 1746 678 Pharao
1806 621 1962 678 videt

309 709 609 767 somnium
642 711 1039 768 inextricabile
1087 713 1242 782 (Gen.
1294 731 1406 780 xu,
1443 716 1466 768 1
1500 715 1691 785 seqq),
1754 715 1819 766 ut
1862 727 1964 783 per

309 799 462 856 hanc
518 800 880 856 occasionem
955 801 1302 858 liberaretur
1356 803 1572 875 Joseph
1633 803 1785 872 (Gen.
1845 817 1959 855 XLII

309 892 501 962 seqq),
532 895 696 961 pater
725 895 1060 962 pasceretur
1093 893 1233 947 791
1296 897 1353 948 et
1385 892 1612 947 fratres.
1673 894 1958 963 Egyptus

308 984 569 1050 tempore
601 979 774 1034 famis
806 979 1148 1036 salvaretur.
1174 981 1487 1053 Sequitur:
1531 1001 1551 1028 ι
1579 981 1732 1036 Dixit
1761 985 1956 1035 autem

306 1067 463 1123 Deus
489 1068 558 1122 ad
592 1068 767 1123 Israel
801 1069 856 1123 in
897 1069 1118 1125 visione
1153 1071 1342 1126 noctis
1400 1087 1412 1124 :
1464 1071 1582 1142 Ego
1636 1086 1770 1125 sum
1802 1069 1959 1124 Deus

307 1161 542 1230 patrum
572 1161 828 1225 tuorum,
892 1158 1009 1215 noli
1039 1160 1243 1215 timere
1275 1161 1626 1215 descendere
1686 1159 1745 1214 in
1789 1158 1956 1229 Egy-

306 1251 476 1319 ptum
504 1265 516 1314 ;
553 1247 612 1302 in
644 1252 876 1319 gentem
909 1249 1067 1304 enim
1101 1266 1378 1321 magnam
1410 1249 1620 1304 faciam
1663 1253 1719 1303 te
1751 1247 1852 1316 ibi,
1903 1251 1960 1301 et

305 1353 412 1409 ego
445 1337 796 1393 descendam
827 1340 1020 1393 tecum
1054 1338 1111 1392 in
1142 1339 1474 1412 Egyptum,
1528 1342 1584 1394 et
1622 1338 1865 1393 educam
1905 1339 1963 1390 te

304 1425 442 1482 inde
475 1445 488 1482 :
522 1430 579 1482 et
609 1431 783 1498 ponet
811 1427 1027 1500 Joseph
1063 1445 1274 1484 manus
1334 1446 1471 1484 suas
1504 1445 1683 1500 super
1759 1426 1962 1483 oculos

304 1519 439 1571 tuos
468 1515 619 1586 (Gen.
653 1533 802 1571 XLVI.
835 1517 888 1584 3,
925 1518 1000 1582 4),
1035 1540 1062 1566 ››
1097 1517 1202 1572 Ubi
1254 1518 1347 1573 hic
1387 1522 1478 1574 est
1534 1518 1700 1574 liberi
1733 1515 1960 1573 arbitrii

307 1609 564 1677 potestas
585 1606 613 1660 ?
642 1608 849 1662 Annon
882 1611 1070 1663 totum
1104 1609 1117 1642 ¹
1151 1609 1306 1680 quod
1338 1609 1420 1664 ire
1469 1608 1683 1663 audeat
1712 1608 1810 1679 [aL
1855 1625 1962 1664 au-

308 1694 425 1764 det]
457 1695 527 1749 ad
559 1693 769 1763 ﬁlium,
804 1699 858 1750 et
889 1696 1048 1765 genti
1109 1713 1170 1752 se
1224 1696 1587 1753 committere
1648 1697 1960 1753 Dominum

306 1783 720 1850 nescienti,Dei
745 1789 980 1856 patrum
1008 1786 1137 1856 ejus
1165 1785 1449 1841 auxilium
1474 1790 1562 1842 est
1586 1787 1614 1840 ‘?
1660 1786 1962 1842 Liberatur

305 1873 562 1966 populus
594 1874 664 1929 de
712 1875 954 1966 .‘Egypto
987 1875 1046 1929 in
1089 1892 1265 1931 manu
1319 1875 1452 1931 forti
1510 1880 1566 1931 et
1606 1875 1841 1931 brachio
1872 1892 1960 1931 ex-
1991 1901 2038 1966 B

307 1961 486 2031 celso,
521 1980 636 2018 non
657 1964 837 2036 Moysi
868 1969 924 2019 et
980 1968 1194 2030 Aaron,
1224 1966 1325 2021 sed
1362 1967 1490 2038 ejus
1521 1966 1621 2038 qui
1653 1966 1958 2038 signorum

307 2050 609 2108 miraculis
639 2052 922 2125 populum
954 2052 1240 2123 liberavit,
1274 2059 1330 2110 et
1359 2055 1430 2110 ad
1464 2059 1788 2110 extremum
1838 2071 1965 2127 per-

308 2141 495 2198 cussit
524 2142 914 2214 primogenita
942 2143 1189 2216 Egypti,
1210 2149 1272 2198 ut
1302 2144 1401 2215 qui
1443 2144 1605 2216 prius
1635 2143 1962 2200 retinebant

307 2231 704 2302 pertinaciter,
737 2232 1006 2288 ardenter
1035 2233 1190 2288 exire
1224 2233 1638 2305 compellerent
1677 2233 1868 2305 (Exod.
1902 2251 1960 2288 x1

306 2324 360 2375 et
386 2319 510 2391 xu).
545 2319 821 2376 Salomon
854 2319 1114 2392 loquitur
1146 2338 1158 2376 :
1195 2345 1221 2371 «
1258 2322 1389 2378 Esto
1427 2322 1726 2378 conﬁdens
1757 2323 1817 2377 in
1852 2323 1957 2378 Do-

305 2409 535 2464 minum
567 2409 626 2463 in
657 2413 777 2464 toto
808 2410 979 2465 corde
1009 2413 1130 2476 tuo,
1172 2410 1232 2465 in
1291 2417 1390 2465 tua
1436 2414 1632 2466 autem
1673 2409 1961 2483 sapientia

306 2513 380 2553 ne
412 2496 684 2554 exalteris
737 2516 749 2553 :
806 2498 865 2552 in
896 2498 1169 2554 omnibus
1199 2499 1308 2554 viis
1338 2498 1454 2555 tuis
1487 2516 1770 2573 cognosce
1797 2515 1958 2566 eum,

303 2592 371 2644 ut
399 2590 586 2643 rectas
626 2587 798 2643 faciat
829 2587 951 2642 vias
984 2592 1115 2643 tuas
1148 2589 1331 2659 (Prov.
1367 2605 1452 2657 ιιι,
1501 2591 1554 2657 5,
1585 2590 1665 2660 6).
1700 2614 1722 2644 ι
1782 2589 1958 2646 Intel-

302 2675 420 2749 lige
449 2676 590 2748 quid
610 2675 877 2749 loquitur
912 2693 923 2732 :
959 2677 1074 2732 Nec
1105 2678 1165 2732 in
1189 2677 1476 2750 sapientia
1507 2683 1728 2747 nostra,
1763 2697 1867 2736 nec
1897 2681 1954 2736 in

304 2765 443 2823 ullis
462 2765 778 2822 virtutibus
807 2767 828 2801 ³
859 2766 1289 2834 conﬁdendam,
1321 2767 1420 2822 sed
1445 2767 1505 2822 in
1536 2768 1658 2824 solo
1691 2769 1956 2838 Domino,

305 2872 344 2914 a
373 2872 488 2928 quo
517 2871 756 2928 gressus
787 2855 1044 2912 hominis
1076 2855 1429 2929 diriguntur.
1466 2858 1723 2930 Denique
1757 2859 1959 2931 praeci-

306 2944 490 3017 pitur,
520 2947 587 3000 ut
609 2945 989 3001 ostendamus
1019 2945 1073 3001 ei
1103 2944 1224 3001 vias
1257 2952 1509 3016 nostras,
1548 2951 1606 3002 et
1635 2951 1802 3004 notas
1831 2965 1961 3006 esse

307 3033 616 3103 faciamus,
654 3051 778 3107 qua:
807 3051 923 3091 non
955 3034 1151 3091 labore
1181 3035 1436 3109 proprio,
1496 3037 1596 3093 sed
1652 3036 1811 3095 illius
1858 3039 1960 3094 ad-

299 3123 525 3195 jutorio
555 3127 732 3196 atque
764 3123 1076 3180 clementia
1105 3130 1273 3180 recta:
1297 3125 1462 3181 ﬁunt.
1491 3125 1651 3183 Unde
1673 3127 1958 3199 scriptum

305 3217 398 3270 est
431 3229 442 3268 :
478 3237 506 3264 ‹‹
541 3213 779 3270 Rectam
812 3213 900 3270 fac
930 3213 990 3269 in
1018 3218 1331 3287 conspectu
1363 3231 1491 3270 meo
1523 3216 1675 3271 viam
1706 3221 1891 3287 tuam,
1929 3239 1956 3267 υ

305 3303 451 3369 sive,
481 3308 549 3358 ut
579 3303 694 3359 alia
723 3303 1078 3376 exemplaria
1109 3303 1326 3360 habent
1359 3323 1371 3360 :
1414 3323 1434 3351 α
1486 3305 1722 3362 Rectam
1778 3307 1866 3363 fac
1897 3307 1955 3362 in

305 3396 624 3464 conspectu
656 3397 757 3448 tuo
787 3393 942 3448 viam
972 3409 1160 3449 meam
1192 3394 1366 3462 (Psal.
1408 3411 1462 3460 ν,
1491 3395 1579 3464 9);
1615 3417 1642 3444 »
1707 3401 1769 3450 ut
1800 3398 1956 3468 quod

303 3481 413 3536 tibi
444 3486 669 3538 rectum
701 3486 810 3549 est,
843 3483 1019 3538 etiam
1079 3482 1223 3538 mihi
1256 3489 1478 3538 rectum
1512 3500 1640 3539 esse
1668 3485 1952 3542 videatur.

303 3570 464 3629 Idem
487 3571 763 3628 Salomon
795 3571 1089 3644 loquitur:
1125 3592 1145 3619 α
1175 3572 1412 3628 Devolve
1435 3590 1611 3644 super
1640 3574 1955 3632 Dominum

301 3676 480 3732 opera
510 3665 630 3728 tua,
665 3666 720 3716 et
751 3661 1144 3718 ﬁrmabuntur
1195 3661 1578 3735 cogitationes
1628 3668 1739 3719 tua:
1771 3667 1951 3734 (Prov.

296 3767 417 3817 xvr,
448 3751 528 3820 3).
558 3772 586 3801 »
622 3751 785 3806 Tunc
815 3751 971 3806 enim
1005 3755 1203 3808 nostra
1232 3751 1504 3824 cogitatio
1548 3754 1954 3825 conﬁrmatur,

297 3841 537 3912 quando
567 3856 738 3896 omne
769 3840 922 3912 quod
981 3840 1234 3914 agimus,
1277 3841 1446 3912 quasi
1478 3858 1655 3914 super
1685 3844 1954 3900 stabilem

295 3935 360 3986 et
389 3929 812 3985 solidissimam
844 3935 1090 4001 petram,
1125 3929 1356 3984 Domini
1378 3931 1668 4001 adjutorio
1701 3932 1955 3989 devolvi-

297 4035 458 4084 mus,
491 4019 662 4090 eique
702 4022 910 4074 cuncta
949 4023 1311 4091 reputemus.

2071 624 2188 674 tem
2219 621 2564 678 thesaurum
2597 623 2776 680 istum
2806 625 2866 681 in
2918 626 3073 683 vasis
3106 627 3404 698 ﬁctilibus,
3439 636 3503 687 ut
3533 633 3726 690 abun-

2072 709 2274 765 dantia
2324 711 2683 770 fortitudinis
2731 720 2942 771 nostrae
2995 716 3071 772 sit
3111 734 3180 772 ex
3205 723 3314 774 Deo
3346 721 3388 785 ³,
3413 724 3470 777 et
3493 739 3608 779 non
3657 741 3726 781 ex

2075 800 2243 855 nobis
2273 803 2349 872 (II
2381 802 2500 858 Cor.
2537 821 2610 870 IV,
2641 806 2720 873 7).
2760 828 2788 853 »
2819 805 2983 862 Unde
3013 812 3069 863 et
3098 808 3156 863 in
3191 807 3302 864 alio
3346 809 3491 879 loco,
3526 818 3725 870 retun-

2073 888 2218 944 dens
2248 890 2653 948 haereticorum
2686 893 3136 966 impudentiam,
3191 897 3450 970 loquitur
3501 917 3514 954 :
3551 924 3580 952 «
3613 905 3722 969 Qui

2073 977 2377 1050 gloriatur,
2418 979 2474 1035 in
2532 983 2772 1038 Domino
2821 984 3122 1056 glorietur.
3169 988 3368 1059 Neque
3419 990 3577 1047 enim
3625 993 3726 1065 qui

2073 1067 2335 1140 seipsum
2367 1073 2761 1137 commendat,
2795 1073 2919 1145 ipse
2950 1075 3234 1146 probatus
3263 1081 3371 1144 est,
3406 1081 3504 1135 sed
3548 1099 3724 1154 quem

2077 1158 2226 1213 Deus
2257 1160 2630 1216 commendat
2659 1161 2731 1232 (II
2762 1162 2882 1217 Cor.
2917 1181 2972 1232 x,
3007 1167 3094 1234 17,
3137 1166 3237 1236 l8).
3274 1189 3302 1216 »
3335 1169 3403 1222 Et
3450 1169 3665 1227 iterum
3711 1190 3725 1226 :

2078 1267 2104 1296 «ι
2133 1246 2288 1302 Nihil
2323 1249 2480 1305 enim
2514 1249 2658 1305 mihi
2692 1251 2876 1307 defuit
2902 1253 2974 1308 ab
2998 1253 3112 1320 his,
3136 1255 3235 1326 qui
3269 1273 3450 1330 supra
3480 1261 3722 1317 modum

2071 1340 2210 1391 sunt
2259 1337 2527 1408 apostoli,
2577 1337 2714 1395 licet
2762 1339 2906 1395 nihil
2957 1341 3068 1398 sim
3120 1344 3193 1414 (11
3229 1343 3354 1399 Cor.
3406 1365 3507 1419 xu,
3553 1341 3659 1420 ll).
3700 1373 3726 1399 n

2070 1425 2278 1480 Petrus
2307 1425 2569 1498 loquitur
2598 1429 2668 1484 ad
2706 1430 3041 1498 Dominum,
3073 1432 3378 1505 signorum
3429 1438 3728 1510 magnitu-

2071 1512 2206 1568 dine
2235 1516 2618 1572 conturbatus
2652 1535 2664 1572 :
2700 1541 2726 1566 «
2762 1518 2984 1575 Recede
3014 1536 3047 1576 a
3078 1537 3190 1586 me,
3223 1523 3364 1594 quia
3393 1523 3569 1581 homo
3601 1545 3727 1599 pec-

2072 1609 2230 1658 cator
2255 1619 2385 1658 sum
2425 1607 2577 1673 (Luc.
2602 1623 2656 1675 ν,
2699 1607 2776 1678 8).
2821 1608 2891 1662 Et
2928 1608 3213 1666 Dominus
3256 1613 3327 1667 ad
3360 1613 3719 1688 discipulos:

2071 1715 2098 1739 «
2133 1691 2250 1764 Ego
2279 1709 2410 1748 sum
2444 1693 2578 1749 vitis
2609 1699 2664 1750 et
2696 1712 2796 1751 vos
2827 1697 2997 1764 rami,
3030 1700 3132 1771 qui
3191 1705 3387 1757 manet
3431 1703 3490 1758 in
3523 1721 3636 1774 me,
3671 1712 3727 1763 et

2071 1797 2175 1852 ego
2208 1782 2264 1836 in
2297 1799 2384 1847 eo,
2419 1782 2527 1838 iste
2559 1785 2725 1840 affert
2753 1787 2775 1819 δ
2805 1785 3060 1842 fructum
3095 1788 3346 1846 multum
3383 1808 3394 1844 :
3431 1793 3570 1865 quia
3600 1796 3728 1852 sine

2073 1885 2165 1924 me
2196 1870 2340 1925 nihil
2372 1872 2614 1943 potestis
2647 1874 2833 1930 facere
2862 1876 3038 1948 (Joan.
3071 1895 3164 1945 xv,
3208 1879 3284 1951 5).
3324 1903 3350 1927 η
3385 1881 3548 1939 Sicut
3577 1887 3724 1941 rami

2070 1964 2127 2014 et
2157 1958 2387 2032 flagella
2415 1961 2621 2018 vitium
2655 1963 2812 2020 illico
2843 1967 3289 2036 contabescunt,
3323 1987 3458 2027 cum
3507 1973 3725 2031 fuerint

2070 2064 2103 2103 a
2135 2049 2375 2105 matrice
2405 2052 2667 2123 prazcisa,
2701 2053 2783 2109 ita
2831 2055 3025 2111 omnis
3083 2056 3390 2114 hominum
3443 2048 3724 2120 fortitudo

2071 2139 2378 2194 marcescit
2424 2144 2480 2194 et
2530 2139 2774 2212 deperit,
2806 2143 2856 2198 si
2905 2161 2939 2198 a
2990 2144 3091 2200 Dei
3143 2147 3359 2205 auxilio
3403 2151 3724 2209 deseretur.

2071 2247 2098 2274 «
2133 2225 2334 2295 Nemo,
2364 2229 2576 2300 inquit,
2609 2234 2804 2300 potest
2858 2232 3053 2288 venire
3110 2235 3180 2289 ad
3243 2252 3355 2302 me,
3391 2239 3505 2295 nisi
3537 2240 3724 2310 Pater,

2071 2315 2170 2386 qui
2205 2316 2366 2371 misit
2396 2334 2508 2385 me,
2543 2320 2781 2375 traxerit
2801 2336 2936 2376 eum
2960 2323 3135 2393 (Joan.
3170 2338 3247 2392 v1,
3283 2326 3393 2396 44).
3420 2349 3448 2376 ››
3483 2331 3725 2395 Quando

2046 2403 2234 2470 'dicit,
2268 2406 2448 2462 Nemo
2479 2409 2670 2478 potest
2723 2408 2916 2464 venire
2947 2411 3017 2464 ad
3078 2428 3191 2477 me,
3251 2413 3470 2488 frangit
3519 2433 3728 2491 super-

2071 2493 2324 2550 bientem
2382 2495 2605 2550 arbitrii
2651 2495 2976 2553 libertatem
3011 2516 3023 2554 :
3059 2501 3212 2571 quod
3273 2503 3504 2561 etiamsi
3535 2507 3675 2564 velit
3703 2510 3724 2544 ⁵

2071 2586 2143 2641 ad
2171 2585 2470 2641 Christum
2500 2585 2887 2657 pergere,nisi
2921 2588 3022 2643 ﬁat
3051 2588 3195 2645 illud
3229 2593 3383 2664 quod
3414 2585 3718 2668 sequitur:

2073 2699 2098 2723 ‹‹
2134 2674 2246 2730 nisi
2285 2674 2454 2730 Pater
2502 2691 2670 2731 meus
2721 2676 2973 2733 ccelestis
3029 2680 3267 2736 traxerit
3323 2697 3482 2749 eum,
3525 2706 3554 2735 ››
3623 2704 3726 2742 ne-

2072 2763 2396 2836 quidquam
2429 2764 2647 2836 cupiat,
2679 2770 2735 2820 et
2765 2765 2983 2824 frustra
3027 2768 3274 2826 nitatur.
3305 2771 3491 2828 Simul
3524 2779 3580 2830 et
3611 2775 3721 2833 hoc

2073 2853 2680 2923 animadvertendum,
2714 2856 2868 2927 quod
2901 2857 3002 2929 qui
3035 2857 3308 2928 trahitur,
3369 2879 3484 2919 non
3515 2871 3725 2938 sponte

2072 2943 2384 3011 currit,sed
2418 2948 2519 2999 aut
2550 2947 2869 3002 retractans
2921 2950 2977 3002 et
3009 2948 3234 3017 tardus,
3256 2955 3359 3007 aut
3388 2953 3608 3014 invitus
3628 2957 3727 3012 ad-

2072 3033 2328 3088 ducitur.

2143 3123 2227 3177 10.
2262 3123 2344 3177 Ex
2371 3122 2638 3190 adductis,
2671 3124 2802 3179 locis
2849 3127 3054 3190 arguit.
3116 3157 3184 3168 --
3213 3115 3344 3193 Qui.
3381 3147 3495 3186 non
3529 3138 3723 3204 potest

2071 3213 2195 3268 suis
2223 3212 2448 3268 viribus
2479 3217 2536 3268 et
2565 3212 2762 3269 labore
2802 3214 2996 3270 venire
3045 3217 3116 3271 ad
3163 3217 3388 3287 Jesum,
3421 3227 3717 3294 quomodo

1991 3276 2033 3343 (ἶ
2071 3306 2262 3374 potest
2291 3301 2489 3357 omnia
2520 3301 2696 3358 simul
2728 3308 2964 3374 peccata
2990 3306 3171 3362 vitare
3219 3309 3244 3359 .9
3307 3313 3362 3364 et
3418 3276 3600 3370 vitare
3660 3315 3719 3369 in

2069 3395 2435 3463 perpetuum,
2464 3395 2522 3447 et
2554 3393 2648 3448 Dei
2681 3390 2792 3448 sibi
2825 3393 3092 3465 potentia
3124 3413 3336 3454 nomen
3369 3416 3672 3460 assumere
3695 3406 3724 3460 ?

2065 3480 2122 3534 Si
2154 3480 2312 3536 enim
2343 3479 2440 3535 ille
2474 3480 2874 3556 ἀναμάρτητος,
2908 3488 2964 3539 et
2993 3501 3098 3557 ego
3140 3485 3548 3561 ἀναμάρτητος,
3585 3509 3714 3566 quae

2066 3569 2214 3626 inter
2245 3587 2337 3626 me
2369 3574 2425 3625 et
2456 3569 2639 3626 Deum
2691 3572 2800 3627 erit
2857 3573 3138 3631 distantia
3186 3581 3210 3632 ἓν
3276 3578 3468 3636 Unum
3525 3581 3716 3638 adhuc

2066 3676 2278 3732 ponam
2310 3659 2737 3729 testimonium,
2773 3679 2844 3717 ne
2875 3663 2980 3719 tibi
3018 3667 3075 3719 et
3130 3667 3496 3726 auditoribus
3554 3670 3716 3726 fasti-

2066 3749 2231 3804 dium
2261 3749 2750 3807 faciam.Assuero
2782 3767 2956 3823 quem
3005 3754 3388 3828 Septuaginta
3435 3757 3718 3832 interpre-

2065 3843 2152 3894 tes
2208 3836 2563 3914 Ἀρταξέρξην
2600 3841 2696 3911 [αἱ.
2758 3844 3130 3915 Artaxersen]
3189 3850 3416 3914 vocant,
3471 3863 3721 3905 somnus

2065 3928 2328 3983 aufertur
2356 3930 2426 3983 ab
2458 3929 2660 3996 oculis,
2683 3933 2747 3984 ut
2772 3931 3232 3989 Commentarios
3254 3933 3312 3988 in
3345 3950 3408 3990 se
3455 3935 3718 3995 ﬁdelium

2064 4016 2356 4089 replicans
2383 4017 2811 4085 ministrorum,
2845 4019 3100 4077 inveniat
3132 4021 3585 4092 Mardochteum,
3621 4044 3720 4082 cu-

370 4109 426 4163 9.
449 4109 532 4164 Ea:
557 4109 698 4164 Novo
730 4109 1080 4164 Testamento.
1115 4140 1181 4148 —
1221 4107 1539 4181 Apostolus
1570 4110 1787 4166 Paulus
1819 4128 1952 4168 cum
2057 4108 2158 4179 jus
2192 4106 2432 4161 indictio
2465 4106 2536 4162 de
2564 4106 2798 4164 insidiis
2828 4107 3112 4166 liberatus
3170 4115 3297 4179 est;
3334 4117 3398 4168 ut
3428 4119 3485 4170 et
3515 4116 3724 4172 Esther

295 4197 400 4254 Dei
434 4197 716 4253 beneﬁcia
747 4197 917 4254 celeri
949 4214 1216 4254 sermone
1283 4203 1600 4266 narrasset,
1663 4201 1734 4255 ad
1774 4207 1954 4258 extre-

295 4303 464 4343 mum
499 4285 700 4342 intulit
731 4305 742 4342 :
779 4310 805 4336 «
840 4289 909 4342 Et
929 4288 1000 4342 ad
1035 4287 1154 4342 haec
1185 4288 1320 4358 quis
1351 4287 1596 4344 idoneus
1624 4289 1701 4359 (II
1729 4291 1850 4347 Cor.
1888 4308 1950 4360 ιι,

294 4377 385 4448 16)
408 4375 436 4430 ?
468 4398 494 4425 ››
528 4375 688 4432 Unde
719 4382 776 4432 et
807 4376 865 4431 in
891 4375 1002 4432 alio
1036 4377 1160 4432 loco
1188 4377 1329 4432 dicit
1397 4395 1408 4432 ;
1463 4399 1490 4427 ‹‹
1525 4378 1825 4434 Fiduciam
1857 4397 1954 4435 au-

293 4471 416 4522 tem
447 4464 622 4521 talem
655 4466 940 4522 habemus
971 4483 1075 4539 per
1103 4466 1403 4524 Christum
1464 4468 1537 4523 ad
1595 4469 1801 4536 Deum,
1837 4487 1950 4526 non

291 4555 452 4626 quod
483 4555 844 4612 sufﬁcientes
868 4557 1058 4612 simus
1101 4557 1355 4629 cogitare
1395 4556 1620 4629 aliquid
1670 4575 1704 4613 a
1759 4559 1948 4627 nobis,

2064 4194 2588 4251 commendabilior
2617 4197 2781 4252 ﬁeret
2811 4198 3025 4268 (Esther
3049 4202 3149 4271 v1),
3209 4207 3268 4256 et
3319 4208 3570 4260 cunctus
3626 4222 3722 4278 po-

2065 4284 2239 4357 pulus
2265 4285 2604 4341 Judazorum
2639 4287 2787 4343 193
2821 4287 3228 4346 imminentem
3262 4291 3470 4349 vitaret
3496 4311 3718 4352 necem.

2064 4375 2227 4430 Certe
2258 4390 2356 4430 rex
2387 4375 2855 4447 potentissimus,
2891 4377 2991 4449 qui
3048 4380 3120 4436 ab
3183 4381 3346 4437 India
3406 4399 3595 4455 usque
3649 4385 3721 4440 ad

2064 4463 2526 4536 Septentrionem
2560 4469 2615 4520 et
2646 4466 2994 4539 zEthopiam,
3045 4474 3321 4526 cunctum
3381 4473 3723 4543 possidebat

2063 4554 2379 4621 Orientem,
2423 4558 2556 4626 post
2582 4553 2950 4626 largissimas
3009 4557 3212 4630 epulas
3271 4563 3328 4614 et
3386 4559 3547 4616 cibos
3599 4567 3720 4618 toto

295 4644 468 4717 quasi
498 4661 566 4700 ex
597 4645 788 4716 nobis,
821 4646 920 4701 sed
953 4646 1307 4702 sufﬁcientia
1337 4651 1532 4702 nostra
1564 4664 1632 4702 ex
1692 4647 1808 4704 Deo
1840 4653 1948 4713 est,
1980 4651 2026 4715 1)
2058 4645 2196 4700 orbe
2227 4643 2500 4716 quaesitos
2528 4644 2786 4700 dormire
2817 4645 3109 4718 cupiebat,
3135 4652 3192 4702 et
3250 4664 3455 4705 somno
3488 4653 3719 4723 requie-

294 4731 400 4806 qui
421 4737 478 4790 et
496 4734 737 4790 idoneos
761 4734 896 4791 fecit
917 4752 1024 4792 nos
1039 4735 1180 4792 Novi
1203 4737 1567 4791 Testamenti
1618 4737 1948 4805 ministros,

294 4839 415 4880 non
448 4823 660 4890 littera,
683 4825 787 4880 sed
818 4824 1050 4898 spiritu.
1083 4826 1299 4881 Littera
1320 4826 1476 4881 enim
1538 4826 1770 4896 occidit,
1799 4829 1949 4884 792

294 4912 542 4985 spiritus
572 4919 768 4970 autem
794 4913 1045 4970 vivifioat
1075 4915 1148 4985 (II
1174 4917 1305 4970 Cor.
1362 4931 1446 4981 III,
1503 4916 1634 4984 4-6).
1686 4938 1713 4964 ››
1745 4917 1950 4973 Adhuc

295 5001 583 5058 audemus
604 5019 707 5075 per
737 5002 985 5059 liberum
1009 5003 1317 5058 arbitrium
1351 5004 1675 5076 superbire,
1701 5011 1756 5060 et
1787 5006 1950 5062 abuti

293 5091 594 5148 beneﬁciis
625 5091 725 5148 Dei
753 5092 811 5147 in
836 5093 1251 5148 contumeliam
1277 5091 1570 5166 largitoris
1596 5097 1770 5150 Pcum
1797 5094 1950 5153 idem

371 5324 385 5397 ξ
413 5323 616 5397 Regin.
652 5343 764 5382 ms.
802 5343 935 5382 cum
963 5327 1139 5382 veteri
1173 5326 1334 5394 edit.,
1375 5327 1440 5380 Et
1471 5343 1580 5381 non
1612 5331 1803 5394 totum,
1837 5333 1948 5384 etc.

367 5396 687 5523 ’ObFortapse
715 5399 910 5455 verius
937 5417 1092 5455 unus
1118 5398 1328 5468 Vatic.,
1358 5414 1458 5456 nec
1496 5401 1557 5454 in
1594 5400 1810 5456 nullius
1838 5403 1950 5457 vir-

367 5475 398 5523 τι
437 5485 524 5523 us.
557 5485 586 5523 e
619 5487 666 5523 ο.
904 5481 911 5489 ·

296 5469 524 5536 tatibus,
557 5474 666 5526 etc.
904 5481 911 5489 '

366 5539 388 5574 ³
432 5541 610 5597 Abest
639 5559 672 5596 a
702 5541 937 5614 Regina:
989 5559 1101 5597 ms.
1154 5546 1219 5597 ut
1266 5545 1322 5596 et
1371 5558 1404 5595 a
1453 5541 1631 5598 veteri
1673 5543 1811 5598 edit.
1845 5560 1952 5600 vox

272 5619 528 5697 nostros,
551 5630 677 5685 quae
713 5614 914 5697 necﬂin
939 5615 1140 5697 Cresco
1173 5615 1440 5697 habetur,
1499 5630 1688 5697 neque
1721 5615 1779 5670 in
1811 5615 1949 5697 Yuls'

295 5688 428 5762 gato
449 5685 784 5762 interprete.
804 5687 1177 5762 Suntautem
1199 5686 1260 5742 in
1283 5686 1477 5743 Grazco
1504 5685 1609 5758 qui
1638 5685 1948 5762 legendum

296 5759 500 5828 putent
529 5757 620 5812 καὶ
655 5757 712 5814 ὲκ
732 5761 829 5813 τοῦ
861 5760 1014 5816 Θεοῦ.

2061 4749 2242 4801 scere,
2306 4750 2370 4788 ac
2428 4733 2676 4789 liberum
2701 4734 3009 4790 arbitrium
3078 4735 3321 4808 implere
3369 4738 3718 4806 dormiendi,

2063 4821 2176 4878 nisi
2208 4823 2494 4881 Dominus
2533 4822 2795 4894 provisor
2822 4824 3109 4880 bonorum
3143 4825 3406 4882 omnium
3439 4827 3718 4900 impedis-

2061 4917 2150 4966 set
2181 4916 2398 4966 naturaa
2430 4911 2718 4976 ordinem,
2775 4916 2840 4967 ut
2891 4918 3094 4968 contra
3153 4918 3427 4969 naturam
3484 4917 3717 4988 tyranni

2062 5000 2376 5056 crudelitas
2406 5001 2749 5058 vinceretur.
2784 5001 3046 5074 Longum
3079 5006 3168 5058 est
3225 5001 3272 5059 si
3308 5003 3542 5060 voluero
3573 5022 3719 5061 cun-

2061 5095 2153 5146 cta
2183 5095 2523 5146 sanctarum
2557 5089 2992 5162 Scripturarum
3027 5089 3291 5163 exempla
3321 5092 3596 5164 proferre.
3617 5095 3720 5151 To-

2133 5325 2153 5357 ‘
2178 5327 2448 5378 Servatus
2482 5322 2702 5394 Lupus,
2737 5323 2836 5450 qpi
2859 5322 3016 5378 hunc
3037 5340 3106 5380 ex
3135 5323 3487 5397 Hieronymo
3518 5325 3711 5382 locum

2133 5395 2265 5450 citat
2294 5393 2350 5449 in
2387 5394 2719 5450 Collectaneo
2845 5395 3022 5450 tribus
3079 5397 3492 5450 narrationibus.
3553 5397 3711 5450 lenit.

2061 5395 2265 5451 recitat
2287 5393 2350 5469 in
2381 5393 2719 5469 [Iollrcfrzneo
2742 5393 2806 5450 de
2827 5395 3022 5469 tribus
3055 5393 3492 5469 narrationibus,
3553 5397 3711 5469 legit,

2060 5469 2251 5539 afferet
2283 5467 2340 5520 in
2375 5465 2568 5539 futuro
2603 5482 2615 5539 :
2651 5470 2774 5522 tum
2805 5467 2947 5539 folia
3004 5465 3223 5536 vitium,
3284 5465 3484 5526 minus
3541 5465 3712 5534 recte,

2062 5538 2164 5621 pro
2195 5539 2454 5621 ﬂagella;
2487 5538 2737 5610 denique
2767 5538 3015 5595 alterum
3049 5542 3161 5595 nisi
3189 5545 3321 5597 ante
3360 5557 3572 5598 nomen
3607 5544 3710 5599 Pa-

2062 5616 2144 5667 ter
2171 5613 2404 5666 omittit.

2132 5684 2151 5717 ⁵
2182 5683 2349 5749 Mss.,
2381 5680 2522 5755 quod
2549 5683 2720 5738 etiam
2748 5683 2845 5756 qui
2874 5684 3022 5753 velit,
3047 5687 3156 5740 etc.
