  <div class='ocr_page' id='page_1' title='image "/cluster/home/n/w/nwhite01/storage/ocr_20150623/23/umn.31951d034773078/313.png"; bbox 0 0 3966 6390; ppageno 0'>
   <div class='ocr_carea' id='block_1_1' title="bbox 303 363 428 435">
    <p class='ocr_par' dir='ltr' id='par_1_1' title="bbox 303 363 428 435">
     <span class='ocr_line' id='line_1_1' title="bbox 303 363 428 435; baseline 0 0"><span class='ocrx_word' id='word_1_1' title='bbox 303 363 428 435; x_wconf 73' lang='grc'>06⁸1</span> 
     </span>
    </p>
   </div>
   <div class='ocr_carea' id='block_1_2' title="bbox 309 591 1952 667">
    <p class='ocr_par' dir='ltr' id='par_1_2' title="bbox 309 591 1952 667">
     <span class='ocr_line' id='line_1_2' title="bbox 309 591 1952 667; baseline -0.004 -14"><span class='ocrx_word' id='word_1_2' title='bbox 309 598 494 654; x_wconf 83' lang='lat' dir='ltr'>oratio</span> <span class='ocrx_word' id='word_1_3' title='bbox 506 601 564 652; x_wconf 88' lang='lat' dir='ltr'>et</span> <span class='ocrx_word' id='word_1_4' title='bbox 583 594 925 667; x_wconf 69' lang='lat' dir='ltr'>depraacatio</span> <span class='ocrx_word' id='word_1_5' title='bbox 943 599 1245 667; x_wconf 87' lang='lat' dir='ltr'>extorquet</span> <span class='ocrx_word' id='word_1_6' title='bbox 1261 593 1628 650; x_wconf 89' lang='lat' dir='ltr'>clementiam</span> <span class='ocrx_word' id='word_1_7' title='bbox 1643 591 1952 657; x_wconf 76' lang='lat' dir='ltr'>Creatoris,</span> 
     </span>
    </p>
   </div>
   <div class='ocr_carea' id='block_1_3' title="bbox 310 682 1952 758">
    <p class='ocr_par' dir='ltr' id='par_1_3' title="bbox 310 682 1952 758">
     <span class='ocr_line' id='line_1_3' title="bbox 310 682 1952 758; baseline -0.004 -16"><span class='ocrx_word' id='word_1_8' title='bbox 310 692 375 742; x_wconf 90' lang='lat' dir='ltr'>ut</span> <span class='ocrx_word' id='word_1_9' title='bbox 403 686 505 758; x_wconf 87' lang='lat' dir='ltr'>qui</span> <span class='ocrx_word' id='word_1_10' title='bbox 537 684 753 740; x_wconf 81' lang='lat' dir='ltr'>nostris</span> <span class='ocrx_word' id='word_1_11' title='bbox 783 682 1005 740; x_wconf 90' lang='lat' dir='ltr'>viribus</span> <span class='ocrx_word' id='word_1_12' title='bbox 1035 687 1092 739; x_wconf 89' lang='lat' dir='ltr'>et</span> <span class='ocrx_word' id='word_1_13' title='bbox 1121 684 1317 739; x_wconf 90' lang='lat' dir='ltr'>studio</span> <span class='ocrx_word' id='word_1_14' title='bbox 1348 682 1556 739; x_wconf 86' lang='lat' dir='ltr'>salvari</span> <span class='ocrx_word' id='word_1_15' title='bbox 1598 698 1710 738; x_wconf 89' lang='lat' dir='ltr'>non</span> <span class='ocrx_word' id='word_1_16' title='bbox 1745 697 1952 754; x_wconf 81' lang='lat' dir='ltr'>possu-</span> 
     </span>
    </p>
   </div>
   <div class='ocr_carea' id='block_1_4' title="bbox 309 771 1950 844">
    <p class='ocr_par' dir='ltr' id='par_1_4' title="bbox 309 771 1950 844">
     <span class='ocr_line' id='line_1_4' title="bbox 309 771 1950 844; baseline -0.005 -12"><span class='ocrx_word' id='word_1_17' title='bbox 309 793 462 844; x_wconf 87' lang='lat' dir='ltr'>mus,</span> <span class='ocrx_word' id='word_1_18' title='bbox 498 775 656 830; x_wconf 89' lang='lat' dir='ltr'>illius</span> <span class='ocrx_word' id='word_1_19' title='bbox 687 772 1088 828; x_wconf 77' lang='lat' dir='ltr'>misericordia</span> <span class='ocrx_word' id='word_1_20' title='bbox 1117 788 1549 828; x_wconf 89' lang='lat' dir='ltr'>conservemur.</span> <span class='ocrx_word' id='word_1_21' title='bbox 1616 771 1722 828; x_wconf 88' lang='lat' dir='ltr'>Ubi</span> <span class='ocrx_word' id='word_1_22' title='bbox 1755 775 1950 826; x_wconf 88' lang='lat' dir='ltr'>autem</span> 
     </span>
    </p>
   </div>
   <div class='ocr_carea' id='block_1_5' title="bbox 306 861 1948 934">
    <p class='ocr_par' dir='ltr' id='par_1_5' title="bbox 306 861 1948 934">
     <span class='ocr_line' id='line_1_5' title="bbox 306 861 1948 934; baseline -0.004 -13"><span class='ocrx_word' id='word_1_23' title='bbox 306 863 704 921; x_wconf 77' lang='lat' dir='ltr'>misericordia</span> <span class='ocrx_word' id='word_1_24' title='bbox 735 866 792 918; x_wconf 89' lang='lat' dir='ltr'>et</span> <span class='ocrx_word' id='word_1_25' title='bbox 817 863 1009 934; x_wconf 90' lang='lat' dir='ltr'>gratia</span> <span class='ocrx_word' id='word_1_26' title='bbox 1036 867 1142 929; x_wconf 89' lang='lat' dir='ltr'>est,</span> <span class='ocrx_word' id='word_1_27' title='bbox 1176 861 1424 918; x_wconf 90' lang='lat' dir='ltr'>liberum</span> <span class='ocrx_word' id='word_1_28' title='bbox 1455 877 1522 916; x_wconf 86' lang='lat' dir='ltr'>ex</span> <span class='ocrx_word' id='word_1_29' title='bbox 1568 865 1730 932; x_wconf 85' lang='lat' dir='ltr'>parte</span> <span class='ocrx_word' id='word_1_30' title='bbox 1756 864 1948 915; x_wconf 88' lang='lat' dir='ltr'>cessat</span> 
     </span>
    </p>
   </div>
   <div class='ocr_carea' id='block_1_6' title="bbox 302 949 1954 1024">
    <p class='ocr_par' dir='ltr' id='par_1_6' title="bbox 302 949 1954 1024">
     <span class='ocr_line' id='line_1_6' title="bbox 302 949 1954 1024; baseline -0.004 -15"><span class='ocrx_word' id='word_1_31' title='bbox 302 955 635 1017; x_wconf 84' lang='lat' dir='ltr'>arbitrium,</span> <span class='ocrx_word' id='word_1_32' title='bbox 669 952 823 1024; x_wconf 86' lang='lat' dir='ltr'>quod</span> <span class='ocrx_word' id='word_1_33' title='bbox 857 952 915 1006; x_wconf 90' lang='lat' dir='ltr'>in</span> <span class='ocrx_word' id='word_1_34' title='bbox 948 968 1015 1006; x_wconf 91' lang='lat' dir='ltr'>eo</span> <span class='ocrx_word' id='word_1_35' title='bbox 1045 956 1274 1006; x_wconf 89' lang='lat' dir='ltr'>tantum</span> <span class='ocrx_word' id='word_1_36' title='bbox 1306 957 1394 1005; x_wconf 89' lang='lat' dir='ltr'>est</span> <span class='ocrx_word' id='word_1_37' title='bbox 1426 953 1464 1014; x_wconf 77' lang='grc' dir='ltr'>ί,</span> <span class='ocrx_word' id='word_1_38' title='bbox 1500 955 1564 1004; x_wconf 90' lang='lat' dir='ltr'>ut</span> <span class='ocrx_word' id='word_1_39' title='bbox 1593 949 1843 1004; x_wconf 84' lang='lat' dir='ltr'>velimus</span> <span class='ocrx_word' id='word_1_40' title='bbox 1875 953 1954 1003; x_wconf 91' lang='lat' dir='ltr'>at-</span> 
     </span>
    </p>
   </div>
   <div class='ocr_carea' id='block_1_7' title="bbox 303 1039 1950 1117">
    <p class='ocr_par' dir='ltr' id='par_1_7' title="bbox 303 1039 1950 1117">
     <span class='ocr_line' id='line_1_7' title="bbox 303 1039 1950 1117; baseline -0.005 -17"><span class='ocrx_word' id='word_1_41' title='bbox 303 1061 415 1117; x_wconf 91' lang='lat' dir='ltr'>que</span> <span class='ocrx_word' id='word_1_42' title='bbox 444 1044 840 1115; x_wconf 88' lang='lat' dir='ltr'>cupiamus,et</span> <span class='ocrx_word' id='word_1_43' title='bbox 861 1041 1092 1113; x_wconf 76' lang='lat' dir='ltr'>placitis</span> <span class='ocrx_word' id='word_1_44' title='bbox 1113 1042 1441 1096; x_wconf 86' lang='lat' dir='ltr'>tribuamus</span> <span class='ocrx_word' id='word_1_45' title='bbox 1472 1056 1801 1095; x_wconf 84' lang='lat' dir='ltr'>assensum.</span> <span class='ocrx_word' id='word_1_46' title='bbox 1819 1039 1950 1094; x_wconf 89' lang='lat' dir='ltr'>Jam</span> 
     </span>
    </p>
   </div>
   <div class='ocr_carea' id='block_1_8' title="bbox 298 1128 1948 1204">
    <p class='ocr_par' dir='ltr' id='par_1_8' title="bbox 298 1128 1948 1204">
     <span class='ocr_line' id='line_1_8' title="bbox 298 1128 1948 1204; baseline -0.005 -14"><span class='ocrx_word' id='word_1_47' title='bbox 298 1133 358 1190; x_wconf 84' lang='lat' dir='ltr'>in</span> <span class='ocrx_word' id='word_1_48' title='bbox 386 1132 616 1190; x_wconf 89' lang='lat' dir='ltr'>Domini</span> <span class='ocrx_word' id='word_1_49' title='bbox 649 1131 934 1204; x_wconf 80' lang='lat' dir='ltr'>polestate</span> <span class='ocrx_word' id='word_1_50' title='bbox 965 1135 1072 1197; x_wconf 90' lang='lat' dir='ltr'>est,</span> <span class='ocrx_word' id='word_1_51' title='bbox 1107 1135 1171 1184; x_wconf 88' lang='lat' dir='ltr'>ut</span> <span class='ocrx_word' id='word_1_52' title='bbox 1198 1130 1254 1184; x_wconf 91' lang='lat' dir='ltr'>id</span> <span class='ocrx_word' id='word_1_53' title='bbox 1287 1130 1442 1200; x_wconf 92' lang='lat' dir='ltr'>quod</span> <span class='ocrx_word' id='word_1_54' title='bbox 1475 1128 1948 1199; x_wconf 89' lang='lat' dir='ltr'>cupimus,quod</span> 
     </span>
    </p>
   </div>
   <div class='ocr_carea' id='block_1_9' title="bbox 305 1216 1952 1290">
    <p class='ocr_par' dir='ltr' id='par_1_9' title="bbox 305 1216 1952 1290">
     <span class='ocr_line' id='line_1_9' title="bbox 305 1216 1952 1290; baseline -0.004 -12"><span class='ocrx_word' id='word_1_55' title='bbox 305 1223 643 1278; x_wconf 78' lang='lat' dir='ltr'>laboramus</span> <span class='ocrx_word' id='word_1_56' title='bbox 674 1237 738 1276; x_wconf 85' lang='lat' dir='ltr'>ac</span> <span class='ocrx_word' id='word_1_57' title='bbox 771 1220 1032 1287; x_wconf 87' lang='lat' dir='ltr'>nitimur,</span> <span class='ocrx_word' id='word_1_58' title='bbox 1056 1218 1212 1274; x_wconf 88' lang='lat' dir='ltr'>illius</span> <span class='ocrx_word' id='word_1_59' title='bbox 1243 1235 1348 1290; x_wconf 88' lang='lat' dir='ltr'>ope</span> <span class='ocrx_word' id='word_1_60' title='bbox 1379 1223 1435 1273; x_wconf 87' lang='lat' dir='ltr'>et</span> <span class='ocrx_word' id='word_1_61' title='bbox 1465 1217 1677 1274; x_wconf 81' lang='lat' dir='ltr'>auxllio</span> <span class='ocrx_word' id='word_1_62' title='bbox 1709 1216 1952 1289; x_wconf 88' lang='lat' dir='ltr'>implere</span> 
     </span>
    </p>
   </div>
   <div class='ocr_carea' id='block_1_10' title="bbox 304 1311 622 1366">
    <p class='ocr_par' dir='ltr' id='par_1_10' title="bbox 304 1311 622 1366">
     <span class='ocr_line' id='line_1_10' title="bbox 304 1311 622 1366; baseline -0.009 0"><span class='ocrx_word' id='word_1_63' title='bbox 304 1311 622 1366; x_wconf 75' lang='lat' dir='ltr'>valeamus.</span> 
     </span>
    </p>
   </div>
   <div class='ocr_carea' id='block_1_11' title="bbox 374 1397 1945 1468">
    <p class='ocr_par' dir='ltr' id='par_1_11' title="bbox 374 1397 1945 1468">
     <span class='ocr_line' id='line_1_11' title="bbox 374 1397 1945 1468; baseline -0.005 -13"><span class='ocrx_word' id='word_1_64' title='bbox 374 1402 460 1455; x_wconf 78' lang='grc'>11.</span> <span class='ocrx_word' id='word_1_65' title='bbox 495 1399 744 1468; x_wconf 77' lang='lat' dir='ltr'>Corporis</span> <span class='ocrx_word' id='word_1_66' title='bbox 798 1399 1006 1451; x_wconf 80' lang='lat' dir='ltr'>sanitas</span> <span class='ocrx_word' id='word_1_67' title='bbox 1051 1398 1253 1450; x_wconf 67' lang='lat' dir='ltr'>animo:</span> <span class='ocrx_word' id='word_1_68' title='bbox 1291 1397 1522 1450; x_wconf 78' lang='lat' dir='ltr'>sanitati</span> <span class='ocrx_word' id='word_1_69' title='bbox 1576 1402 1945 1466; x_wconf 73' lang='lat' dir='ltr'>comparatur.</span> 
     </span>
    </p>
   </div>
   <div class='ocr_carea' id='block_1_12' title="bbox 299 1481 1949 1558">
    <p class='ocr_par' dir='ltr' id='par_1_12' title="bbox 299 1481 1949 1558">
     <span class='ocr_line' id='line_1_12' title="bbox 299 1481 1949 1558; baseline -0.005 -13"><span class='ocrx_word' id='word_1_70' title='bbox 299 1521 367 1532; x_wconf 88' lang='lat'>--</span> <span class='ocrx_word' id='word_1_71' title='bbox 401 1489 456 1544; x_wconf 75' lang='grc' dir='ltr'>ϐ.</span> <span class='ocrx_word' id='word_1_72' title='bbox 498 1489 614 1558; x_wconf 86' lang='lat' dir='ltr'>Ego</span> <span class='ocrx_word' id='word_1_73' title='bbox 671 1484 1015 1557; x_wconf 84' lang='lat' dir='ltr'>simpliciter</span> <span class='ocrx_word' id='word_1_74' title='bbox 1065 1486 1345 1553; x_wconf 79' lang='lat' dir='ltr'>dixeram,</span> <span class='ocrx_word' id='word_1_75' title='bbox 1409 1501 1522 1540; x_wconf 89' lang='lat' dir='ltr'>non</span> <span class='ocrx_word' id='word_1_76' title='bbox 1583 1485 1640 1539; x_wconf 92' lang='lat' dir='ltr'>in</span> <span class='ocrx_word' id='word_1_77' title='bbox 1696 1481 1949 1554; x_wconf 86' lang='lat' dir='ltr'>singulis</span> 
     </span>
    </p>
   </div>
   <div class='ocr_carea' id='block_1_13' title="bbox 297 1571 1948 1650">
    <p class='ocr_par' dir='ltr' id='par_1_13' title="bbox 297 1571 1948 1650">
     <span class='ocr_line' id='line_1_13' title="bbox 297 1571 1948 1650; baseline -0.006 -14"><span class='ocrx_word' id='word_1_78' title='bbox 297 1577 571 1650; x_wconf 85' lang='lat' dir='ltr'>Operibus</span> <span class='ocrx_word' id='word_1_79' title='bbox 602 1575 840 1640; x_wconf 86' lang='lat' dir='ltr'>nostris,</span> <span class='ocrx_word' id='word_1_80' title='bbox 873 1575 974 1631; x_wconf 91' lang='lat' dir='ltr'>sed</span> <span class='ocrx_word' id='word_1_81' title='bbox 1004 1575 1065 1630; x_wconf 91' lang='lat' dir='ltr'>in</span> <span class='ocrx_word' id='word_1_82' title='bbox 1097 1575 1284 1648; x_wconf 88' lang='lat' dir='ltr'>gratia</span> <span class='ocrx_word' id='word_1_83' title='bbox 1315 1572 1664 1629; x_wconf 88' lang='lat' dir='ltr'>conditionis</span> <span class='ocrx_word' id='word_1_84' title='bbox 1693 1577 1751 1627; x_wconf 88' lang='lat' dir='ltr'>et</span> <span class='ocrx_word' id='word_1_85' title='bbox 1780 1571 1948 1644; x_wconf 85' lang='lat' dir='ltr'>legis,</span> 
     </span>
    </p>
   </div>
   <div class='ocr_carea' id='block_1_14' title="bbox 294 1660 1945 1733">
    <p class='ocr_par' dir='ltr' id='par_1_14' title="bbox 294 1660 1945 1733">
     <span class='ocr_line' id='line_1_14' title="bbox 294 1660 1945 1733; baseline -0.007 -7"><span class='ocrx_word' id='word_1_86' title='bbox 294 1666 498 1726; x_wconf 84' lang='lat' dir='ltr'>sentiri</span> <span class='ocrx_word' id='word_1_87' title='bbox 530 1664 814 1722; x_wconf 82' lang='lat' dir='ltr'>auxilium</span> <span class='ocrx_word' id='word_1_88' title='bbox 847 1663 968 1730; x_wconf 89' lang='lat' dir='ltr'>Dei,</span> <span class='ocrx_word' id='word_1_89' title='bbox 1013 1680 1085 1720; x_wconf 89' lang='lat' dir='ltr'>ne</span> <span class='ocrx_word' id='word_1_90' title='bbox 1115 1663 1365 1719; x_wconf 88' lang='lat' dir='ltr'>liberum</span> <span class='ocrx_word' id='word_1_91' title='bbox 1400 1663 1764 1733; x_wconf 81' lang='lat' dir='ltr'>frangeretur</span> <span class='ocrx_word' id='word_1_92' title='bbox 1793 1660 1945 1716; x_wconf 87' lang='lat' dir='ltr'>arbi-</span> 
     </span>
    </p>
   </div>
   <div class='ocr_carea' id='block_1_15' title="bbox 293 1749 1945 1824">
    <p class='ocr_par' dir='ltr' id='par_1_15' title="bbox 293 1749 1945 1824">
     <span class='ocr_line' id='line_1_15' title="bbox 293 1749 1945 1824; baseline -0.005 -12"><span class='ocrx_word' id='word_1_93' title='bbox 293 1757 497 1824; x_wconf 83' lang='lat' dir='ltr'>trium.</span> <span class='ocrx_word' id='word_1_94' title='bbox 521 1755 805 1810; x_wconf 75' lang='lat' dir='ltr'>Caaterum</span> <span class='ocrx_word' id='word_1_95' title='bbox 837 1756 978 1807; x_wconf 90' lang='lat' dir='ltr'>sunt</span> <span class='ocrx_word' id='word_1_96' title='bbox 1007 1751 1269 1823; x_wconf 85' lang='lat' dir='ltr'>plerique</span> <span class='ocrx_word' id='word_1_97' title='bbox 1299 1755 1657 1817; x_wconf 89' lang='lat' dir='ltr'>nostrorum,</span> <span class='ocrx_word' id='word_1_98' title='bbox 1690 1749 1791 1820; x_wconf 90' lang='lat' dir='ltr'>qui</span> <span class='ocrx_word' id='word_1_99' title='bbox 1821 1765 1945 1804; x_wconf 92' lang='lat' dir='ltr'>om-</span> 
     </span>
    </p>
   </div>
   <div class='ocr_carea' id='block_1_16' title="bbox 298 1837 1941 1917">
    <p class='ocr_par' dir='ltr' id='par_1_16' title="bbox 298 1837 1941 1917">
     <span class='ocr_line' id='line_1_16' title="bbox 298 1837 1941 1917; baseline -0.005 -16"><span class='ocrx_word' id='word_1_100' title='bbox 298 1847 397 1902; x_wconf 90' lang='lat' dir='ltr'>nia</span> <span class='ocrx_word' id='word_1_101' title='bbox 424 1862 550 1917; x_wconf 65' lang='lat' dir='ltr'>que</span> <span class='ocrx_word' id='word_1_102' title='bbox 581 1843 813 1916; x_wconf 82' lang='lat' dir='ltr'>agimus</span> <span class='ocrx_word' id='word_1_103' title='bbox 843 1841 1042 1896; x_wconf 89' lang='lat' dir='ltr'>dicant</span> <span class='ocrx_word' id='word_1_104' title='bbox 1071 1839 1193 1896; x_wconf 85' lang='lat' dir='ltr'>ﬁeri</span> <span class='ocrx_word' id='word_1_105' title='bbox 1253 1839 1522 1912; x_wconf 57' lang='lat' dir='ltr'>praesidio</span> <span class='ocrx_word' id='word_1_106' title='bbox 1579 1839 1700 1894; x_wconf 90' lang='lat' dir='ltr'>Dei.</span> <span class='ocrx_word' id='word_1_107' title='bbox 1742 1840 1804 1893; x_wconf 86' lang='grc' dir='ltr'>Α.</span> <span class='ocrx_word' id='word_1_108' title='bbox 1836 1837 1941 1902; x_wconf 90' lang='lat' dir='ltr'>Qui</span> 
     </span>
    </p>
   </div>
   <div class='ocr_carea' id='block_1_17' title="bbox 297 1927 1946 2002">
    <p class='ocr_par' dir='ltr' id='par_1_17' title="bbox 297 1927 1946 2002">
     <span class='ocr_line' id='line_1_17' title="bbox 297 1927 1946 2002; baseline -0.005 -11"><span class='ocrx_word' id='word_1_109' title='bbox 297 1935 407 1992; x_wconf 91' lang='lat' dir='ltr'>hoc</span> <span class='ocrx_word' id='word_1_110' title='bbox 436 1933 598 2002; x_wconf 88' lang='lat' dir='ltr'>dicit,</span> <span class='ocrx_word' id='word_1_111' title='bbox 627 1935 818 1988; x_wconf 78' lang='lat' dir='ltr'>vester</span> <span class='ocrx_word' id='word_1_112' title='bbox 842 1947 973 1987; x_wconf 90' lang='lat' dir='ltr'>esse</span> <span class='ocrx_word' id='word_1_113' title='bbox 1001 1929 1253 1987; x_wconf 84' lang='lat' dir='ltr'>cessabit</span> <span class='ocrx_word' id='word_1_114' title='bbox 1284 1930 1323 1997; x_wconf 80' lang='grc'><em>³,</em></span> <span class='ocrx_word' id='word_1_115' title='bbox 1346 1933 1464 1983; x_wconf 81' lang='lat' dir='ltr'>Aut</span> <span class='ocrx_word' id='word_1_116' title='bbox 1493 1944 1630 2000; x_wconf 89' lang='lat' dir='ltr'>ergo</span> <span class='ocrx_word' id='word_1_117' title='bbox 1661 1931 1716 1983; x_wconf 89' lang='lat' dir='ltr'>et</span> <span class='ocrx_word' id='word_1_118' title='bbox 1747 1932 1808 1982; x_wconf 92' lang='lat' dir='ltr'>tu</span> <span class='ocrx_word' id='word_1_119' title='bbox 1832 1927 1946 1982; x_wconf 86' lang='lat' dir='ltr'>ista</span> 
     </span>
    </p>
   </div>
   <div class='ocr_carea' id='block_1_18' title="bbox 295 2015 1941 2092">
    <p class='ocr_par' dir='ltr' id='par_1_18' title="bbox 295 2015 1941 2092">
     <span class='ocr_line' id='line_1_18' title="bbox 295 2015 1941 2092; baseline -0.005 -12"><span class='ocrx_word' id='word_1_120' title='bbox 295 2023 492 2090; x_wconf 89' lang='lat' dir='ltr'>dicito,</span> <span class='ocrx_word' id='word_1_121' title='bbox 523 2026 588 2078; x_wconf 90' lang='lat' dir='ltr'>ut</span> <span class='ocrx_word' id='word_1_122' title='bbox 617 2025 814 2078; x_wconf 86' lang='lat' dir='ltr'>noster</span> <span class='ocrx_word' id='word_1_123' title='bbox 841 2037 969 2076; x_wconf 88' lang='lat' dir='ltr'>esse</span> <span class='ocrx_word' id='word_1_124' title='bbox 1000 2017 1267 2092; x_wconf 86' lang='lat' dir='ltr'>incipias,</span> <span class='ocrx_word' id='word_1_125' title='bbox 1330 2023 1432 2073; x_wconf 90' lang='lat' dir='ltr'>aut</span> <span class='ocrx_word' id='word_1_126' title='bbox 1490 2019 1538 2074; x_wconf 92' lang='lat' dir='ltr'>si</span> <span class='ocrx_word' id='word_1_127' title='bbox 1598 2034 1713 2072; x_wconf 85' lang='lat' dir='ltr'>non</span> <span class='ocrx_word' id='word_1_128' title='bbox 1771 2015 1941 2081; x_wconf 89' lang='lat' dir='ltr'>dicis,</span> 
     </span>
    </p>
   </div>
   <div class='ocr_carea' id='block_1_19' title="bbox 295 2104 1941 2179">
    <p class='ocr_par' dir='ltr' id='par_1_19' title="bbox 295 2104 1941 2179">
     <span class='ocr_line' id='line_1_19' title="bbox 295 2104 1941 2179; baseline -0.006 -11"><span class='ocrx_word' id='word_1_129' title='bbox 295 2112 526 2169; x_wconf 85' lang='lat' dir='ltr'>alienus</span> <span class='ocrx_word' id='word_1_130' title='bbox 547 2109 661 2168; x_wconf 86' lang='lat' dir='ltr'>eris</span> <span class='ocrx_word' id='word_1_131' title='bbox 716 2125 851 2166; x_wconf 90' lang='lat' dir='ltr'>cum</span> <span class='ocrx_word' id='word_1_132' title='bbox 885 2107 978 2164; x_wconf 91' lang='lat' dir='ltr'>his</span> <span class='ocrx_word' id='word_1_133' title='bbox 1035 2107 1136 2179; x_wconf 90' lang='lat' dir='ltr'>qui</span> <span class='ocrx_word' id='word_1_134' title='bbox 1194 2109 1392 2162; x_wconf 90' lang='lat' dir='ltr'>nostra</span> <span class='ocrx_word' id='word_1_135' title='bbox 1449 2121 1564 2160; x_wconf 91' lang='lat' dir='ltr'>non</span> <span class='ocrx_word' id='word_1_136' title='bbox 1617 2105 1840 2160; x_wconf 90' lang='lat' dir='ltr'>dicunt.</span> <span class='ocrx_word' id='word_1_137' title='bbox 1883 2104 1941 2159; x_wconf 82' lang='lat' dir='ltr'>C.</span> 
     </span>
    </p>
   </div>
   <div class='ocr_carea' id='block_1_20' title="bbox 296 2193 1944 2270">
    <p class='ocr_par' dir='ltr' id='par_1_20' title="bbox 296 2193 1944 2270">
     <span class='ocr_line' id='line_1_20' title="bbox 296 2193 1944 2270; baseline -0.007 -11"><span class='ocrx_word' id='word_1_138' title='bbox 296 2204 460 2259; x_wconf 88' lang='lat' dir='ltr'>Tuus</span> <span class='ocrx_word' id='word_1_139' title='bbox 491 2217 606 2270; x_wconf 89' lang='lat' dir='ltr'>ero,</span> <span class='ocrx_word' id='word_1_140' title='bbox 640 2200 688 2256; x_wconf 93' lang='lat' dir='ltr'>si</span> <span class='ocrx_word' id='word_1_141' title='bbox 720 2214 850 2254; x_wconf 83' lang='lat' dir='ltr'>mea</span> <span class='ocrx_word' id='word_1_142' title='bbox 879 2197 1118 2265; x_wconf 80' lang='lat' dir='ltr'>dixeris,</span> <span class='ocrx_word' id='word_1_143' title='bbox 1148 2196 1266 2251; x_wconf 92' lang='lat' dir='ltr'>imo</span> <span class='ocrx_word' id='word_1_144' title='bbox 1294 2200 1357 2250; x_wconf 93' lang='lat' dir='ltr'>tu</span> <span class='ocrx_word' id='word_1_145' title='bbox 1392 2211 1580 2264; x_wconf 88' lang='lat' dir='ltr'>meus,</span> <span class='ocrx_word' id='word_1_146' title='bbox 1623 2194 1670 2250; x_wconf 91' lang='lat' dir='ltr'>si</span> <span class='ocrx_word' id='word_1_147' title='bbox 1703 2193 1944 2248; x_wconf 88' lang='lat' dir='ltr'>adversa</span> 
     </span>
    </p>
   </div>
   <div class='ocr_carea' id='block_1_21' title="bbox 297 2282 1942 2358">
    <p class='ocr_par' dir='ltr' id='par_1_21' title="bbox 297 2282 1942 2358">
     <span class='ocr_line' id='line_1_21' title="bbox 297 2282 1942 2358; baseline -0.007 -10"><span class='ocrx_word' id='word_1_148' title='bbox 297 2308 414 2348; x_wconf 91' lang='lat' dir='ltr'>non</span> <span class='ocrx_word' id='word_1_149' title='bbox 444 2289 679 2346; x_wconf 84' lang='lat' dir='ltr'>dixeris.</span> <span class='ocrx_word' id='word_1_150' title='bbox 737 2293 891 2344; x_wconf 88' lang='lat' dir='ltr'>Sana</span> <span class='ocrx_word' id='word_1_151' title='bbox 946 2302 1189 2358; x_wconf 87' lang='lat' dir='ltr'>corpora</span> <span class='ocrx_word' id='word_1_152' title='bbox 1238 2284 1555 2351; x_wconf 85' lang='lat' dir='ltr'>conﬁteris,</span> <span class='ocrx_word' id='word_1_153' title='bbox 1607 2288 1664 2338; x_wconf 90' lang='lat' dir='ltr'>et</span> <span class='ocrx_word' id='word_1_154' title='bbox 1712 2282 1942 2348; x_wconf 84' lang='lat' dir='ltr'>animae,</span> 
     </span>
    </p>
   </div>
   <div class='ocr_carea' id='block_1_22' title="bbox 295 2371 1943 2454">
    <p class='ocr_par' dir='ltr' id='par_1_22' title="bbox 295 2371 1943 2454">
     <span class='ocr_line' id='line_1_22' title="bbox 295 2371 1943 2454; baseline -0.006 -18"><span class='ocrx_word' id='word_1_155' title='bbox 295 2397 422 2454; x_wconf 67' lang='lat' dir='ltr'>qua;</span> <span class='ocrx_word' id='word_1_156' title='bbox 454 2379 656 2435; x_wconf 82' lang='lat' dir='ltr'>fortior</span> <span class='ocrx_word' id='word_1_157' title='bbox 683 2380 792 2443; x_wconf 88' lang='lat' dir='ltr'>est,</span> <span class='ocrx_word' id='word_1_158' title='bbox 823 2377 1078 2448; x_wconf 87' lang='lat' dir='ltr'>denegas</span> <span class='ocrx_word' id='word_1_159' title='bbox 1131 2373 1460 2430; x_wconf 87' lang='lat' dir='ltr'>sanitatem.</span> <span class='ocrx_word' id='word_1_160' title='bbox 1497 2373 1569 2428; x_wconf 88' lang='lat' dir='ltr'>Ut</span> <span class='ocrx_word' id='word_1_161' title='bbox 1600 2371 1756 2427; x_wconf 90' lang='lat' dir='ltr'>enim</span> <span class='ocrx_word' id='word_1_162' title='bbox 1788 2389 1943 2427; x_wconf 90' lang='lat' dir='ltr'>mor-</span> 
     </span>
    </p>
   </div>
   <div class='ocr_carea' id='block_1_23' title="bbox 296 2461 1940 2537">
    <p class='ocr_par' dir='ltr' id='par_1_23' title="bbox 296 2461 1940 2537">
     <span class='ocr_line' id='line_1_23' title="bbox 296 2461 1940 2537; baseline -0.007 -11"><span class='ocrx_word' id='word_1_163' title='bbox 296 2470 407 2526; x_wconf 88' lang='lat' dir='ltr'>bus</span> <span class='ocrx_word' id='word_1_164' title='bbox 437 2473 495 2525; x_wconf 88' lang='lat' dir='ltr'>et</span> <span class='ocrx_word' id='word_1_165' title='bbox 519 2466 734 2523; x_wconf 85' lang='lat' dir='ltr'>vulnus</span> <span class='ocrx_word' id='word_1_166' title='bbox 764 2465 823 2520; x_wconf 88' lang='lat' dir='ltr'>in</span> <span class='ocrx_word' id='word_1_167' title='bbox 853 2480 1112 2537; x_wconf 89' lang='lat' dir='ltr'>corpore,</span> <span class='ocrx_word' id='word_1_168' title='bbox 1144 2463 1227 2519; x_wconf 84' lang='lat' dir='ltr'>ita</span> <span class='ocrx_word' id='word_1_169' title='bbox 1282 2468 1550 2534; x_wconf 88' lang='lat' dir='ltr'>pecatum</span> <span class='ocrx_word' id='word_1_170' title='bbox 1603 2462 1662 2516; x_wconf 90' lang='lat' dir='ltr'>in</span> <span class='ocrx_word' id='word_1_171' title='bbox 1722 2461 1940 2516; x_wconf 91' lang='lat' dir='ltr'>anima.</span> 
     </span>
    </p>
   </div>
   <div class='ocr_carea' id='block_1_24' title="bbox 296 2550 1944 2629">
    <p class='ocr_par' dir='ltr' id='par_1_24' title="bbox 296 2550 1944 2629">
     <span class='ocr_line' id='line_1_24' title="bbox 296 2550 1944 2629; baseline -0.007 -13"><span class='ocrx_word' id='word_1_172' title='bbox 296 2559 404 2628; x_wconf 86' lang='lat' dir='ltr'>Qui</span> <span class='ocrx_word' id='word_1_173' title='bbox 435 2573 571 2629; x_wconf 91' lang='lat' dir='ltr'>ergo</span> <span class='ocrx_word' id='word_1_174' title='bbox 601 2570 813 2614; x_wconf 88' lang='lat' dir='ltr'>sanum</span> <span class='ocrx_word' id='word_1_175' title='bbox 844 2553 1164 2625; x_wconf 88' lang='lat' dir='ltr'>aliquando</span> <span class='ocrx_word' id='word_1_176' title='bbox 1195 2552 1497 2608; x_wconf 87' lang='lat' dir='ltr'>hominem</span> <span class='ocrx_word' id='word_1_177' title='bbox 1525 2550 1819 2606; x_wconf 81' lang='lat' dir='ltr'>confiteris</span> <span class='ocrx_word' id='word_1_178' title='bbox 1876 2567 1944 2605; x_wconf 82' lang='lat' dir='ltr'>ex</span> 
     </span>
    </p>
   </div>
   <div class='ocr_carea' id='block_1_25' title="bbox 296 2639 1944 2718">
    <p class='ocr_par' dir='ltr' id='par_1_25' title="bbox 296 2639 1944 2718">
     <span class='ocr_line' id='line_1_25' title="bbox 296 2639 1944 2718; baseline -0.007 -15"><span class='ocrx_word' id='word_1_179' title='bbox 296 2663 365 2703; x_wconf 89' lang='lat' dir='ltr'>ea</span> <span class='ocrx_word' id='word_1_180' title='bbox 393 2650 555 2718; x_wconf 88' lang='lat' dir='ltr'>parte</span> <span class='ocrx_word' id='word_1_181' title='bbox 584 2660 702 2716; x_wconf 91' lang='lat' dir='ltr'>qua</span> <span class='ocrx_word' id='word_1_182' title='bbox 728 2658 861 2699; x_wconf 90' lang='lat' dir='ltr'>caro</span> <span class='ocrx_word' id='word_1_183' title='bbox 910 2645 1019 2711; x_wconf 90' lang='lat' dir='ltr'>est,</span> <span class='ocrx_word' id='word_1_184' title='bbox 1079 2657 1259 2712; x_wconf 86' lang='lat' dir='ltr'>quare</span> <span class='ocrx_word' id='word_1_185' title='bbox 1289 2657 1404 2696; x_wconf 89' lang='lat' dir='ltr'>non</span> <span class='ocrx_word' id='word_1_186' title='bbox 1453 2655 1664 2695; x_wconf 90' lang='lat' dir='ltr'>sanum</span> <span class='ocrx_word' id='word_1_187' title='bbox 1696 2639 1856 2695; x_wconf 85' lang='lat' dir='ltr'>dicas</span> <span class='ocrx_word' id='word_1_188' title='bbox 1887 2643 1944 2692; x_wconf 89' lang='lat' dir='ltr'>et</span> 
     </span>
    </p>
   </div>
   <div class='ocr_carea' id='block_1_26' title="bbox 297 2726 1939 2805">
    <p class='ocr_par' dir='ltr' id='par_1_26' title="bbox 297 2726 1939 2805">
     <span class='ocr_line' id='line_1_26' title="bbox 297 2726 1939 2805; baseline -0.007 -13"><span class='ocrx_word' id='word_1_189' title='bbox 297 2752 366 2792; x_wconf 89' lang='lat' dir='ltr'>ex</span> <span class='ocrx_word' id='word_1_190' title='bbox 394 2751 464 2790; x_wconf 89' lang='lat' dir='ltr'>ea</span> <span class='ocrx_word' id='word_1_191' title='bbox 491 2750 608 2805; x_wconf 90' lang='lat' dir='ltr'>qua</span> <span class='ocrx_word' id='word_1_192' title='bbox 637 2731 882 2804; x_wconf 89' lang='lat' dir='ltr'>spiritue</span> <span class='ocrx_word' id='word_1_193' title='bbox 912 2734 1047 2785; x_wconf 83' lang='lat' dir='ltr'>est?</span> <span class='ocrx_word' id='word_1_194' title='bbox 1076 2731 1136 2785; x_wconf 84' lang='grc' dir='ltr'>Α.</span> <span class='ocrx_word' id='word_1_195' title='bbox 1201 2729 1426 2800; x_wconf 90' lang='lat' dir='ltr'>Sequar</span> <span class='ocrx_word' id='word_1_196' title='bbox 1483 2726 1939 2801; x_wconf 88' lang='lat' dir='ltr'>propositionem</span> 
     </span>
    </p>
   </div>
   <div class='ocr_carea' id='block_1_27' title="bbox 297 2817 1941 2891">
    <p class='ocr_par' dir='ltr' id='par_1_27' title="bbox 297 2817 1941 2891">
     <span class='ocr_line' id='line_1_27' title="bbox 297 2817 1941 2891; baseline -0.007 -11"><span class='ocrx_word' id='word_1_197' title='bbox 297 2830 494 2880; x_wconf 86' lang='lat' dir='ltr'>tuam:</span> <span class='ocrx_word' id='word_1_198' title='bbox 521 2845 548 2871; x_wconf 89' lang='grc'>‹‹</span> <span class='ocrx_word' id='word_1_199' title='bbox 597 2825 908 2891; x_wconf 84' lang='lat' dir='ltr'>Nunquam</span> <span class='ocrx_word' id='word_1_200' title='bbox 952 2818 1124 2874; x_wconf 88' lang='lat' dir='ltr'>hodie</span> <span class='ocrx_word' id='word_1_201' title='bbox 1152 2817 1648 2890; x_wconf 82' lang='lat' dir='ltr'>etfugies,veniam</span> <span class='ocrx_word' id='word_1_202' title='bbox 1677 2833 1941 2888; x_wconf 87' lang='lat' dir='ltr'>quocun-</span> 
     </span>
    </p>
   </div>
   <div class='ocr_carea' id='block_1_28' title="bbox 296 2905 1937 2984">
    <p class='ocr_par' dir='ltr' id='par_1_28' title="bbox 296 2905 1937 2984">
     <span class='ocr_line' id='line_1_28' title="bbox 296 2905 1937 2984; baseline -0.004 -18"><span class='ocrx_word' id='word_1_203' title='bbox 296 2927 410 2984; x_wconf 89' lang='lat' dir='ltr'>que</span> <span class='ocrx_word' id='word_1_204' title='bbox 439 2908 682 2966; x_wconf 90' lang='lat' dir='ltr'>vocaris.</span> <span class='ocrx_word' id='word_1_205' title='bbox 717 2932 743 2958; x_wconf 86' lang='grc'>››</span> <span class='ocrx_word' id='word_1_206' title='bbox 781 2907 838 2963; x_wconf 83' lang='lat' dir='ltr'>C.</span> <span class='ocrx_word' id='word_1_207' title='bbox 870 2907 1110 2963; x_wconf 89' lang='lat' dir='ltr'>Paratus</span> <span class='ocrx_word' id='word_1_208' title='bbox 1155 2922 1287 2962; x_wconf 90' lang='lat' dir='ltr'>sum</span> <span class='ocrx_word' id='word_1_209' title='bbox 1320 2907 1388 2961; x_wconf 92' lang='lat' dir='ltr'>ad</span> <span class='ocrx_word' id='word_1_210' title='bbox 1447 2905 1819 2961; x_wconf 90' lang='lat' dir='ltr'>audiencum.</span> <span class='ocrx_word' id='word_1_211' title='bbox 1878 2906 1937 2960; x_wconf 83' lang='lat' dir='ltr'>A.</span> 
     </span>
    </p>
   </div>
   <div class='ocr_carea' id='block_1_29' title="bbox 294 2994 1941 3074">
    <p class='ocr_par' dir='ltr' id='par_1_29' title="bbox 294 2994 1941 3074">
     <span class='ocr_line' id='line_1_29' title="bbox 294 2994 1941 3074; baseline -0.004 -17"><span class='ocrx_word' id='word_1_212' title='bbox 294 3002 362 3058; x_wconf 89' lang='lat' dir='ltr'>Et</span> <span class='ocrx_word' id='word_1_213' title='bbox 391 3002 508 3074; x_wconf 89' lang='lat' dir='ltr'>Ego</span> <span class='ocrx_word' id='word_1_214' title='bbox 538 2999 609 3054; x_wconf 91' lang='lat' dir='ltr'>ad</span> <span class='ocrx_word' id='word_1_215' title='bbox 657 2997 1016 3068; x_wconf 89' lang='lat' dir='ltr'>loquendum</span> <span class='ocrx_word' id='word_1_216' title='bbox 1076 2996 1270 3050; x_wconf 89' lang='lat' dir='ltr'>surdis</span> <span class='ocrx_word' id='word_1_217' title='bbox 1330 2995 1592 3050; x_wconf 87' lang='lat' dir='ltr'>auribus.</span> <span class='ocrx_word' id='word_1_218' title='bbox 1656 2995 1809 3050; x_wconf 73' lang='lat'>794</span> <span class='ocrx_word' id='word_1_219' title='bbox 1839 2994 1941 3050; x_wconf 80' lang='lat' dir='ltr'>Re-</span> 
     </span>
    </p>
   </div>
   <div class='ocr_carea' id='block_1_30' title="bbox 297 3083 1939 3164">
    <p class='ocr_par' dir='ltr' id='par_1_30' title="bbox 297 3083 1939 3164">
     <span class='ocr_line' id='line_1_30' title="bbox 297 3083 1939 3164; baseline -0.007 -16"><span class='ocrx_word' id='word_1_220' title='bbox 297 3089 594 3164; x_wconf 89' lang='lat' dir='ltr'>spondebo</span> <span class='ocrx_word' id='word_1_221' title='bbox 636 3086 816 3161; x_wconf 90' lang='lat' dir='ltr'>igitur</span> <span class='ocrx_word' id='word_1_222' title='bbox 844 3087 914 3142; x_wconf 91' lang='lat' dir='ltr'>ad</span> <span class='ocrx_word' id='word_1_223' title='bbox 949 3085 1334 3158; x_wconf 89' lang='lat' dir='ltr'>propositum.</span> <span class='ocrx_word' id='word_1_224' title='bbox 1367 3085 1446 3139; x_wconf 82' lang='lat' dir='ltr'>Ex</span> <span class='ocrx_word' id='word_1_225' title='bbox 1477 3083 1674 3139; x_wconf 89' lang='lat' dir='ltr'>anima</span> <span class='ocrx_word' id='word_1_226' title='bbox 1731 3091 1786 3138; x_wconf 91' lang='lat' dir='ltr'>et</span> <span class='ocrx_word' id='word_1_227' title='bbox 1815 3099 1939 3138; x_wconf 89' lang='lat' dir='ltr'>cor-</span> 
     </span>
    </p>
   </div>
   <div class='ocr_carea' id='block_1_31' title="bbox 296 3171 1940 3253">
    <p class='ocr_par' dir='ltr' id='par_1_31' title="bbox 296 3171 1940 3253">
     <span class='ocr_line' id='line_1_31' title="bbox 296 3171 1940 3253; baseline -0.005 -18"><span class='ocrx_word' id='word_1_228' title='bbox 296 3174 775 3253; x_wconf 45' lang='lat' dir='ltr'>pore&#39;compacti,</span> <span class='ocrx_word' id='word_1_229' title='bbox 797 3175 1109 3246; x_wconf 91' lang='lat' dir='ltr'>utriusque</span> <span class='ocrx_word' id='word_1_230' title='bbox 1140 3171 1483 3229; x_wconf 66' lang='lat' dir='ltr'>substantiae</span> <span class='ocrx_word' id='word_1_231' title='bbox 1506 3177 1776 3228; x_wconf 87' lang='lat' dir='ltr'>naturam</span> <span class='ocrx_word' id='word_1_232' title='bbox 1807 3189 1940 3227; x_wconf 89' lang='lat' dir='ltr'>con-</span> 
     </span>
    </p>
   </div>
   <div class='ocr_carea' id='block_1_32' title="bbox 1539 362 2476 434">
    <p class='ocr_par' dir='ltr' id='par_1_32' title="bbox 1539 362 2476 434">
     <span class='ocr_line' id='line_1_32' title="bbox 1539 362 2476 434; baseline -0.003 -2"><span class='ocrx_word' id='word_1_233' title='bbox 1539 366 1604 432; x_wconf 84' lang='lat' dir='ltr'>S.</span> <span class='ocrx_word' id='word_1_234' title='bbox 1648 362 1963 434; x_wconf 76' lang='lat' dir='ltr'>EUBEBII</span> <span class='ocrx_word' id='word_1_235' title='bbox 2004 366 2476 433; x_wconf 74' lang='grc' dir='ltr'>ΗΙΕΗΟΝῨΜῙ.</span> 
     </span>
    </p>
   </div>
   <div class='ocr_carea' id='block_1_33' title="bbox 307 501 3246 579">
    <p class='ocr_par' dir='ltr' id='par_1_33' title="bbox 307 501 3246 579">
     <span class='ocr_line' id='line_1_33' title="bbox 307 501 3246 579; baseline -0.001 -15"><span class='ocrx_word' id='word_1_236' title='bbox 307 511 404 565; x_wconf 87' lang='lat' dir='ltr'>tus</span> <span class='ocrx_word' id='word_1_237' title='bbox 431 522 594 564; x_wconf 89' lang='lat' dir='ltr'>semo</span> <span class='ocrx_word' id='word_1_238' title='bbox 621 507 959 563; x_wconf 86' lang='lat' dir='ltr'>sanctorum</span> <span class='ocrx_word' id='word_1_239' title='bbox 1009 503 1081 562; x_wconf 87' lang='lat' dir='ltr'>ad</span> <span class='ocrx_word' id='word_1_240' title='bbox 1138 502 1324 562; x_wconf 89' lang='lat' dir='ltr'>Deum</span> <span class='ocrx_word' id='word_1_241' title='bbox 1382 503 1568 562; x_wconf 90' lang='lat' dir='ltr'>oratio</span> <span class='ocrx_word' id='word_1_242' title='bbox 1617 507 1707 560; x_wconf 91' lang='lat' dir='ltr'>est</span> <span class='ocrx_word' id='word_1_243' title='bbox 1759 519 1771 558; x_wconf 90' lang='lat'><strong>:</strong></span> <span class='ocrx_word' id='word_1_244' title='bbox 1830 505 1951 558; x_wconf 90' lang='lat' dir='ltr'>tota</span> <span class='ocrx_word' id='word_1_245' title='bbox 1978 503 2034 570; x_wconf 79' lang='grc' dir='ltr'><strong>Α</strong></span> <span class='ocrx_word' id='word_1_246' title='bbox 2063 504 2300 577; x_wconf 84' lang='lat' dir='ltr'>peccati,</span> <span class='ocrx_word' id='word_1_247' title='bbox 2350 506 2514 576; x_wconf 86' lang='lat' dir='ltr'>juxta</span> <span class='ocrx_word' id='word_1_248' title='bbox 2571 501 2715 563; x_wconf 88' lang='lat' dir='ltr'>illud</span> <span class='ocrx_word' id='word_1_249' title='bbox 2767 502 3173 579; x_wconf 88' lang='lat' dir='ltr'>propheticum</span> <span class='ocrx_word' id='word_1_250' title='bbox 3233 518 3246 561; x_wconf 90' lang='lat'>:</span> 
     </span>
    </p>
   </div>
   <div class='ocr_carea' id='block_1_34' title="bbox 3589 361 3715 432">
    <p class='ocr_par' dir='ltr' id='par_1_34' title="bbox 3589 361 3715 432">
     <span class='ocr_line' id='line_1_34' title="bbox 3589 361 3715 432; baseline 0 -3"><span class='ocrx_word' id='word_1_251' title='bbox 3589 361 3715 432; x_wconf 78' lang='lat'>608</span> 
     </span>
    </p>
   </div>
   <div class='ocr_carea' id='block_1_35' title="bbox 3308 503 3713 577">
    <p class='ocr_par' dir='ltr' id='par_1_35' title="bbox 3308 503 3713 577">
     <span class='ocr_line' id='line_1_35' title="bbox 3308 503 3713 577; baseline 0.002 -15"><span class='ocrx_word' id='word_1_252' title='bbox 3308 503 3519 574; x_wconf 81' lang='lat' dir='ltr'>Anima</span> <span class='ocrx_word' id='word_1_253' title='bbox 3582 519 3713 577; x_wconf 68' lang='lat' dir='ltr'>qua</span> 
     </span>
    </p>
   </div>
   <div class='ocr_carea' id='block_1_36' title="bbox 2063 593 3719 668">
    <p class='ocr_par' dir='ltr' id='par_1_36' title="bbox 2063 593 3719 668">
     <span class='ocr_line' id='line_1_36' title="bbox 2063 593 3719 668; baseline 0.001 -18"><span class='ocrx_word' id='word_1_254' title='bbox 2063 595 2404 666; x_wconf 85' lang='lat' dir='ltr'>peccaverit,</span> <span class='ocrx_word' id='word_1_255' title='bbox 2437 596 2565 668; x_wconf 90' lang='lat' dir='ltr'>ipsa</span> <span class='ocrx_word' id='word_1_256' title='bbox 2595 594 2876 652; x_wconf 88' lang='lat' dir='ltr'>morietur</span> <span class='ocrx_word' id='word_1_257' title='bbox 2923 595 3142 662; x_wconf 59' lang='lat' dir='ltr'>(Bacch.</span> <span class='ocrx_word' id='word_1_258' title='bbox 3199 611 3359 662; x_wconf 83' lang='lat' dir='ltr'>xvm,</span> <span class='ocrx_word' id='word_1_259' title='bbox 3392 595 3469 666; x_wconf 64' lang='grc' dir='ltr'>ἆ).</span> <span class='ocrx_word' id='word_1_260' title='bbox 3505 616 3534 644; x_wconf 88' lang='grc'>››</span> <span class='ocrx_word' id='word_1_261' title='bbox 3563 593 3719 652; x_wconf 85' lang='lat' dir='ltr'>Alio-</span> 
     </span>
    </p>
   </div>
   <div class='ocr_carea' id='block_1_37' title="bbox 2062 684 3719 757">
    <p class='ocr_par' dir='ltr' id='par_1_37' title="bbox 2062 684 3719 757">
     <span class='ocr_line' id='line_1_37' title="bbox 2062 684 3719 757; baseline 0.001 -19"><span class='ocrx_word' id='word_1_262' title='bbox 2062 685 2206 756; x_wconf 89' lang='lat' dir='ltr'>quin</span> <span class='ocrx_word' id='word_1_263' title='bbox 2237 685 2387 741; x_wconf 86' lang='lat' dir='ltr'>hanc</span> <span class='ocrx_word' id='word_1_264' title='bbox 2417 701 2792 740; x_wconf 89' lang='lat' dir='ltr'>communem</span> <span class='ocrx_word' id='word_1_265' title='bbox 2826 689 3094 755; x_wconf 82' lang='lat' dir='ltr'>mortem,</span> <span class='ocrx_word' id='word_1_266' title='bbox 3141 701 3260 757; x_wconf 84' lang='lat' dir='ltr'>qua</span> <span class='ocrx_word' id='word_1_267' title='bbox 3307 689 3365 740; x_wconf 90' lang='lat' dir='ltr'>et</span> <span class='ocrx_word' id='word_1_268' title='bbox 3393 685 3565 739; x_wconf 88' lang='lat' dir='ltr'>bruta</span> <span class='ocrx_word' id='word_1_269' title='bbox 3595 684 3719 740; x_wconf 88' lang='lat' dir='ltr'>sol-</span> 
     </span>
    </p>
   </div>
   <div class='ocr_carea' id='block_1_38' title="bbox 2062 772 3723 844">
    <p class='ocr_par' dir='ltr' id='par_1_38' title="bbox 2062 772 3723 844">
     <span class='ocr_line' id='line_1_38' title="bbox 2062 772 3723 844; baseline 0.001 -15"><span class='ocrx_word' id='word_1_270' title='bbox 2062 778 2279 830; x_wconf 91' lang='lat' dir='ltr'>vuntur</span> <span class='ocrx_word' id='word_1_271' title='bbox 2307 775 2606 844; x_wconf 87' lang='lat' dir='ltr'>animalia,</span> <span class='ocrx_word' id='word_1_272' title='bbox 2639 775 2834 830; x_wconf 87' lang='lat' dir='ltr'>Enoch</span> <span class='ocrx_word' id='word_1_273' title='bbox 2873 781 2931 830; x_wconf 87' lang='lat' dir='ltr'>et</span> <span class='ocrx_word' id='word_1_274' title='bbox 2974 775 3160 830; x_wconf 90' lang='lat' dir='ltr'>Eliam</span> <span class='ocrx_word' id='word_1_275' title='bbox 3212 772 3474 830; x_wconf 88' lang='lat' dir='ltr'>nondum</span> <span class='ocrx_word' id='word_1_276' title='bbox 3504 773 3723 830; x_wconf 80' lang='lat' dir='ltr'>vidisse</span> 
     </span>
    </p>
   </div>
   <div class='ocr_carea' id='block_1_39' title="bbox 2061 863 3721 936">
    <p class='ocr_par' dir='ltr' id='par_1_39' title="bbox 2061 863 3721 936">
     <span class='ocr_line' id='line_1_39' title="bbox 2061 863 3721 936; baseline 0 -17"><span class='ocrx_word' id='word_1_277' title='bbox 2061 865 2492 936; x_wconf 81' lang='lat' dir='ltr'>cognoscimus.</span> <span class='ocrx_word' id='word_1_278' title='bbox 2528 865 2611 920; x_wconf 91' lang='lat' dir='ltr'>Da</span> <span class='ocrx_word' id='word_1_279' title='bbox 2644 863 2786 919; x_wconf 91' lang='lat' dir='ltr'>mihi</span> <span class='ocrx_word' id='word_1_280' title='bbox 2817 880 3031 935; x_wconf 90' lang='lat' dir='ltr'>corpus</span> <span class='ocrx_word' id='word_1_281' title='bbox 3079 867 3233 935; x_wconf 87' lang='lat' dir='ltr'>quod</span> <span class='ocrx_word' id='word_1_282' title='bbox 3259 879 3563 935; x_wconf 84' lang='lat' dir='ltr'>nunquam</span> <span class='ocrx_word' id='word_1_283' title='bbox 3593 863 3721 920; x_wconf 82' lang='lat' dir='ltr'>lan-</span> 
     </span>
    </p>
   </div>
   <div class='ocr_carea' id='block_1_40' title="bbox 2061 951 3719 1028">
    <p class='ocr_par' dir='ltr' id='par_1_40' title="bbox 2061 951 3719 1028">
     <span class='ocr_line' id='line_1_40' title="bbox 2061 951 3719 1028; baseline -0.002 -19"><span class='ocrx_word' id='word_1_284' title='bbox 2061 954 2271 1028; x_wconf 88' lang='lat' dir='ltr'>guerit,</span> <span class='ocrx_word' id='word_1_285' title='bbox 2307 959 2408 1008; x_wconf 91' lang='lat' dir='ltr'>aut</span> <span class='ocrx_word' id='word_1_286' title='bbox 2439 953 2591 1025; x_wconf 91' lang='lat' dir='ltr'>quod</span> <span class='ocrx_word' id='word_1_287' title='bbox 2627 957 2758 1024; x_wconf 91' lang='lat' dir='ltr'>post</span> <span class='ocrx_word' id='word_1_288' title='bbox 2787 951 3130 1024; x_wconf 87' lang='lat' dir='ltr'>languorem</span> <span class='ocrx_word' id='word_1_289' title='bbox 3155 958 3435 1024; x_wconf 89' lang='lat' dir='ltr'>perpetua</span> <span class='ocrx_word' id='word_1_290' title='bbox 3464 951 3719 1008; x_wconf 84' lang='lat' dir='ltr'>sanitate</span> 
     </span>
    </p>
   </div>
   <div class='ocr_carea' id='block_1_41' title="bbox 2062 1041 3720 1113">
    <p class='ocr_par' dir='ltr' id='par_1_41' title="bbox 2062 1041 3720 1113">
     <span class='ocr_line' id='line_1_41' title="bbox 2062 1041 3720 1113; baseline -0.001 -14"><span class='ocrx_word' id='word_1_291' title='bbox 2062 1060 2332 1100; x_wconf 87' lang='lat' dir='ltr'>securum</span> <span class='ocrx_word' id='word_1_292' title='bbox 2364 1042 2440 1098; x_wconf 90' lang='lat' dir='ltr'>sit</span> <span class='ocrx_word' id='word_1_293' title='bbox 2473 1061 2484 1098; x_wconf 92' lang='lat'><strong>:</strong></span> <span class='ocrx_word' id='word_1_294' title='bbox 2519 1048 2573 1098; x_wconf 90' lang='lat' dir='ltr'>et</span> <span class='ocrx_word' id='word_1_295' title='bbox 2605 1042 2754 1098; x_wconf 90' lang='lat' dir='ltr'>dabo</span> <span class='ocrx_word' id='word_1_296' title='bbox 2786 1041 2891 1096; x_wconf 91' lang='lat' dir='ltr'>tibi</span> <span class='ocrx_word' id='word_1_297' title='bbox 2925 1041 3185 1096; x_wconf 89' lang='lat' dir='ltr'>animam</span> <span class='ocrx_word' id='word_1_298' title='bbox 3253 1058 3381 1113; x_wconf 69' lang='lat' dir='ltr'>qua:</span> <span class='ocrx_word' id='word_1_299' title='bbox 3412 1057 3720 1112; x_wconf 88' lang='lat' dir='ltr'>nunquam</span> 
     </span>
    </p>
   </div>
   <div class='ocr_carea' id='block_1_42' title="bbox 2062 1130 3718 1206">
    <p class='ocr_par' dir='ltr' id='par_1_42' title="bbox 2062 1130 3718 1206">
     <span class='ocr_line' id='line_1_42' title="bbox 2062 1130 3718 1206; baseline -0.002 -18"><span class='ocrx_word' id='word_1_300' title='bbox 2062 1134 2399 1206; x_wconf 88' lang='lat' dir='ltr'>peccaverit,</span> <span class='ocrx_word' id='word_1_301' title='bbox 2452 1147 2556 1186; x_wconf 90' lang='lat' dir='ltr'>nec</span> <span class='ocrx_word' id='word_1_302' title='bbox 2605 1137 2735 1202; x_wconf 89' lang='lat' dir='ltr'>post</span> <span class='ocrx_word' id='word_1_303' title='bbox 2783 1130 3023 1186; x_wconf 83' lang='lat' dir='ltr'>virtutes</span> <span class='ocrx_word' id='word_1_304' title='bbox 3064 1130 3337 1202; x_wconf 87' lang='lat' dir='ltr'>deinceps</span> <span class='ocrx_word' id='word_1_305' title='bbox 3400 1134 3718 1202; x_wconf 87' lang='lat' dir='ltr'>peccatura</span> 
     </span>
    </p>
   </div>
   <div class='ocr_carea' id='block_1_43' title="bbox 2061 1219 3718 1293">
    <p class='ocr_par' dir='ltr' id='par_1_43' title="bbox 2061 1219 3718 1293">
     <span class='ocr_line' id='line_1_43' title="bbox 2061 1219 3718 1293; baseline -0.001 -17"><span class='ocrx_word' id='word_1_306' title='bbox 2061 1221 2156 1289; x_wconf 89' lang='lat' dir='ltr'>sit,</span> <span class='ocrx_word' id='word_1_307' title='bbox 2191 1221 2513 1293; x_wconf 73' lang='lat' dir='ltr'>praesertim</span> <span class='ocrx_word' id='word_1_308' title='bbox 2545 1237 2679 1275; x_wconf 89' lang='lat' dir='ltr'>cum</span> <span class='ocrx_word' id='word_1_309' title='bbox 2712 1219 2900 1274; x_wconf 89' lang='lat' dir='ltr'>vicina</span> <span class='ocrx_word' id='word_1_310' title='bbox 2930 1219 3049 1275; x_wconf 88' lang='lat' dir='ltr'>sint</span> <span class='ocrx_word' id='word_1_311' title='bbox 3093 1219 3230 1274; x_wconf 90' lang='lat' dir='ltr'>vitia</span> <span class='ocrx_word' id='word_1_312' title='bbox 3269 1219 3584 1275; x_wconf 85' lang='lat' dir='ltr'>virtutibus</span> <span class='ocrx_word' id='word_1_313' title='bbox 3613 1237 3627 1289; x_wconf 90' lang='lat'>;</span> <span class='ocrx_word' id='word_1_314' title='bbox 3657 1223 3718 1275; x_wconf 89' lang='lat' dir='ltr'>et</span> 
     </span>
    </p>
   </div>
   <div class='ocr_carea' id='block_1_44' title="bbox 2060 1308 3714 1383">
    <p class='ocr_par' dir='ltr' id='par_1_44' title="bbox 2060 1308 3714 1383">
     <span class='ocr_line' id='line_1_44' title="bbox 2060 1308 3714 1383; baseline -0.001 -16"><span class='ocrx_word' id='word_1_315' title='bbox 2060 1309 2108 1367; x_wconf 89' lang='lat' dir='ltr'>si</span> <span class='ocrx_word' id='word_1_316' title='bbox 2157 1309 2463 1382; x_wconf 91' lang='lat' dir='ltr'>paululum</span> <span class='ocrx_word' id='word_1_317' title='bbox 2513 1308 2914 1378; x_wconf 88' lang='lat' dir='ltr'>declinaveris,</span> <span class='ocrx_word' id='word_1_318' title='bbox 2973 1312 3075 1364; x_wconf 91' lang='lat' dir='ltr'>aut</span> <span class='ocrx_word' id='word_1_319' title='bbox 3129 1308 3446 1364; x_wconf 89' lang='lat' dir='ltr'>errandum</span> <span class='ocrx_word' id='word_1_320' title='bbox 3480 1308 3584 1364; x_wconf 88' lang='lat' dir='ltr'>tibi</span> <span class='ocrx_word' id='word_1_321' title='bbox 3613 1309 3714 1383; x_wconf 78' lang='lat' dir='ltr'>sit,</span> 
     </span>
    </p>
   </div>
   <div class='ocr_carea' id='block_1_45' title="bbox 2059 1397 3718 1472">
    <p class='ocr_par' dir='ltr' id='par_1_45' title="bbox 2059 1397 3718 1472">
     <span class='ocr_line' id='line_1_45' title="bbox 2059 1397 3718 1472; baseline -0.002 -17"><span class='ocrx_word' id='word_1_322' title='bbox 2059 1404 2161 1455; x_wconf 89' lang='lat' dir='ltr'>aut</span> <span class='ocrx_word' id='word_1_323' title='bbox 2189 1398 2248 1454; x_wconf 89' lang='lat' dir='ltr'>in</span> <span class='ocrx_word' id='word_1_324' title='bbox 2281 1415 2534 1472; x_wconf 66' lang='lat' dir='ltr'>preceps</span> <span class='ocrx_word' id='word_1_325' title='bbox 2564 1397 2912 1453; x_wconf 87' lang='lat' dir='ltr'>cadendum.</span> <span class='ocrx_word' id='word_1_326' title='bbox 2947 1399 3242 1463; x_wconf 89' lang='lat' dir='ltr'>Quantum</span> <span class='ocrx_word' id='word_1_327' title='bbox 3280 1397 3437 1453; x_wconf 89' lang='lat' dir='ltr'>enim</span> <span class='ocrx_word' id='word_1_328' title='bbox 3470 1397 3622 1453; x_wconf 88' lang='lat' dir='ltr'>inter</span> <span class='ocrx_word' id='word_1_329' title='bbox 3651 1413 3718 1452; x_wconf 89' lang='lat' dir='ltr'>se</span> 
     </span>
    </p>
   </div>
   <div class='ocr_carea' id='block_1_46' title="bbox 2057 1485 3718 1565">
    <p class='ocr_par' dir='ltr' id='par_1_46' title="bbox 2057 1485 3718 1565">
     <span class='ocr_line' id='line_1_46' title="bbox 2057 1485 3718 1565; baseline 0 -24"><span class='ocrx_word' id='word_1_330' title='bbox 2057 1487 2280 1544; x_wconf 88' lang='lat' dir='ltr'>distant</span> <span class='ocrx_word' id='word_1_331' title='bbox 2311 1487 2628 1560; x_wconf 87' lang='lat' dir='ltr'>pertinacia</span> <span class='ocrx_word' id='word_1_332' title='bbox 2656 1491 2714 1541; x_wconf 91' lang='lat' dir='ltr'>et</span> <span class='ocrx_word' id='word_1_333' title='bbox 2742 1485 3192 1558; x_wconf 86' lang='lat' dir='ltr'>perseverantia,</span> <span class='ocrx_word' id='word_1_334' title='bbox 3251 1485 3615 1558; x_wconf 87' lang='lat' dir='ltr'>parcimonia</span> <span class='ocrx_word' id='word_1_335' title='bbox 3657 1490 3718 1565; x_wconf 82' lang='lat' dir='ltr'>et</span> 
     </span>
    </p>
   </div>
   <div class='ocr_carea' id='block_1_47' title="bbox 2057 1572 3714 1648">
    <p class='ocr_par' dir='ltr' id='par_1_47' title="bbox 2057 1572 3714 1648">
     <span class='ocr_line' id='line_1_47' title="bbox 2057 1572 3714 1648; baseline -0.001 -17"><span class='ocrx_word' id='word_1_336' title='bbox 2057 1575 2382 1648; x_wconf 81' lang='lat' dir='ltr'>frugalitas,</span> <span class='ocrx_word' id='word_1_337' title='bbox 2425 1572 2744 1630; x_wconf 90' lang='lat' dir='ltr'>liberalitas</span> <span class='ocrx_word' id='word_1_338' title='bbox 2773 1577 2830 1628; x_wconf 89' lang='lat' dir='ltr'>et</span> <span class='ocrx_word' id='word_1_339' title='bbox 2860 1573 3138 1644; x_wconf 76' lang='lat' dir='ltr'>profusio,</span> <span class='ocrx_word' id='word_1_340' title='bbox 3169 1572 3483 1644; x_wconf 86' lang='lat' dir='ltr'>prudentia</span> <span class='ocrx_word' id='word_1_341' title='bbox 3511 1577 3566 1629; x_wconf 91' lang='lat' dir='ltr'>et</span> <span class='ocrx_word' id='word_1_342' title='bbox 3598 1573 3714 1630; x_wconf 85' lang='lat' dir='ltr'>cal-</span> 
     </span>
    </p>
   </div>
   <div class='ocr_carea' id='block_1_48' title="bbox 2057 1662 3715 1732">
    <p class='ocr_par' dir='ltr' id='par_1_48' title="bbox 2057 1662 3715 1732">
     <span class='ocr_line' id='line_1_48' title="bbox 2057 1662 3715 1732; baseline -0.001 -12"><span class='ocrx_word' id='word_1_343' title='bbox 2057 1664 2276 1732; x_wconf 90' lang='lat' dir='ltr'>liditas,</span> <span class='ocrx_word' id='word_1_344' title='bbox 2310 1663 2587 1720; x_wconf 85' lang='lat' dir='ltr'>fortitudo</span> <span class='ocrx_word' id='word_1_345' title='bbox 2619 1667 2676 1718; x_wconf 91' lang='lat' dir='ltr'>et</span> <span class='ocrx_word' id='word_1_346' title='bbox 2694 1662 3015 1730; x_wconf 89' lang='lat' dir='ltr'>temeritas,</span> <span class='ocrx_word' id='word_1_347' title='bbox 3041 1662 3266 1718; x_wconf 87' lang='lat' dir='ltr'>cautela</span> <span class='ocrx_word' id='word_1_348' title='bbox 3293 1667 3353 1719; x_wconf 91' lang='lat' dir='ltr'>et</span> <span class='ocrx_word' id='word_1_349' title='bbox 3377 1663 3715 1720; x_wconf 83' lang='lat' dir='ltr'>timiditas?</span> 
     </span>
    </p>
   </div>
   <div class='ocr_carea' id='block_1_49' title="bbox 2055 1750 3714 1826">
    <p class='ocr_par' dir='ltr' id='par_1_49' title="bbox 2055 1750 3714 1826">
     <span class='ocr_line' id='line_1_49' title="bbox 2055 1750 3714 1826; baseline 0.001 -16"><span class='ocrx_word' id='word_1_350' title='bbox 2055 1770 2308 1826; x_wconf 91' lang='lat' dir='ltr'>quorum</span> <span class='ocrx_word' id='word_1_351' title='bbox 2367 1752 2484 1808; x_wconf 89' lang='lat' dir='ltr'>alia</span> <span class='ocrx_word' id='word_1_352' title='bbox 2542 1753 2613 1807; x_wconf 92' lang='lat' dir='ltr'>ad</span> <span class='ocrx_word' id='word_1_353' title='bbox 2648 1751 2819 1816; x_wconf 83' lang='lat' dir='ltr'>bona,</span> <span class='ocrx_word' id='word_1_354' title='bbox 2852 1750 2968 1807; x_wconf 90' lang='lat' dir='ltr'>alia</span> <span class='ocrx_word' id='word_1_355' title='bbox 3026 1752 3359 1808; x_wconf 89' lang='lat' dir='ltr'>referuntur</span> <span class='ocrx_word' id='word_1_356' title='bbox 3399 1752 3474 1809; x_wconf 90' lang='lat' dir='ltr'>ad</span> <span class='ocrx_word' id='word_1_357' title='bbox 3533 1752 3714 1811; x_wconf 85' lang='lat' dir='ltr'>mala.</span> 
     </span>
    </p>
   </div>
   <div class='ocr_carea' id='block_1_50' title="bbox 2053 1839 3715 1913">
    <p class='ocr_par' dir='ltr' id='par_1_50' title="bbox 2053 1839 3715 1913">
     <span class='ocr_line' id='line_1_50' title="bbox 2053 1839 3715 1913; baseline -0.001 -15"><span class='ocrx_word' id='word_1_358' title='bbox 2053 1843 2216 1907; x_wconf 85' lang='lat' dir='ltr'>Quod</span> <span class='ocrx_word' id='word_1_359' title='bbox 2248 1841 2485 1913; x_wconf 90' lang='lat' dir='ltr'>quidem</span> <span class='ocrx_word' id='word_1_360' title='bbox 2518 1846 2573 1896; x_wconf 89' lang='lat' dir='ltr'>et</span> <span class='ocrx_word' id='word_1_361' title='bbox 2624 1840 2682 1895; x_wconf 88' lang='lat' dir='ltr'>in</span> <span class='ocrx_word' id='word_1_362' title='bbox 2733 1840 3076 1912; x_wconf 89' lang='lat' dir='ltr'>corporibus</span> <span class='ocrx_word' id='word_1_363' title='bbox 3127 1839 3439 1897; x_wconf 85' lang='lat' dir='ltr'>invenitur.</span> <span class='ocrx_word' id='word_1_364' title='bbox 3489 1842 3548 1896; x_wconf 85' lang='lat' dir='ltr'>8i</span> <span class='ocrx_word' id='word_1_365' title='bbox 3589 1841 3715 1898; x_wconf 90' lang='lat' dir='ltr'>felli</span> 
     </span>
    </p>
   </div>
   <div class='ocr_carea' id='block_1_51' title="bbox 2053 1929 3708 2004">
    <p class='ocr_par' dir='ltr' id='par_1_51' title="bbox 2053 1929 3708 2004">
     <span class='ocr_line' id='line_1_51' title="bbox 2053 1929 3708 2004; baseline 0 -17"><span class='ocrx_word' id='word_1_366' title='bbox 2053 1930 2375 2004; x_wconf 89' lang='lat' dir='ltr'>provideris</span> <span class='ocrx_word' id='word_1_367' title='bbox 2404 1929 2802 2002; x_wconf 89' lang='lat' dir='ltr'>temperando,</span> <span class='ocrx_word' id='word_1_368' title='bbox 2849 1929 3061 2001; x_wconf 90' lang='lat' dir='ltr'>pituita</span> <span class='ocrx_word' id='word_1_369' title='bbox 3091 1931 3425 1987; x_wconf 87' lang='lat' dir='ltr'>succrescit.</span> <span class='ocrx_word' id='word_1_370' title='bbox 3458 1931 3517 1987; x_wconf 90' lang='lat' dir='ltr'>Si</span> <span class='ocrx_word' id='word_1_371' title='bbox 3586 1929 3708 1987; x_wconf 89' lang='lat' dir='ltr'>hu-</span> 
     </span>
    </p>
   </div>
   <div class='ocr_carea' id='block_1_52' title="bbox 2054 2018 3700 2094">
    <p class='ocr_par' dir='ltr' id='par_1_52' title="bbox 2054 2018 3700 2094">
     <span class='ocr_line' id='line_1_52' title="bbox 2054 2018 3700 2094; baseline 0 -18"><span class='ocrx_word' id='word_1_372' title='bbox 2054 2037 2245 2076; x_wconf 91' lang='lat' dir='ltr'>mores</span> <span class='ocrx_word' id='word_1_373' title='bbox 2272 2020 2490 2076; x_wconf 88' lang='lat' dir='ltr'>siccare</span> <span class='ocrx_word' id='word_1_374' title='bbox 2523 2018 2783 2084; x_wconf 84' lang='lat' dir='ltr'>festines,</span> <span class='ocrx_word' id='word_1_375' title='bbox 2817 2019 3133 2076; x_wconf 88' lang='lat' dir='ltr'>inardescit</span> <span class='ocrx_word' id='word_1_376' title='bbox 3162 2019 3404 2091; x_wconf 90' lang='lat' dir='ltr'>sanguis</span> <span class='ocrx_word' id='word_1_377' title='bbox 3449 2019 3564 2076; x_wconf 89' lang='lat' dir='ltr'>bile</span> <span class='ocrx_word' id='word_1_378' title='bbox 3600 2019 3700 2094; x_wconf 82' lang='grc' dir='ltr'>[αι.</span> 
     </span>
    </p>
   </div>
   <div class='ocr_carea' id='block_1_53' title="bbox 2053 2107 3710 2180">
    <p class='ocr_par' dir='ltr' id='par_1_53' title="bbox 2053 2107 3710 2180">
     <span class='ocr_line' id='line_1_53' title="bbox 2053 2107 3710 2180; baseline 0.001 -16"><span class='ocrx_word' id='word_1_379' title='bbox 2053 2109 2178 2180; x_wconf 92' lang='lat' dir='ltr'>bili)</span> <span class='ocrx_word' id='word_1_380' title='bbox 2209 2109 2464 2176; x_wconf 90' lang='lat' dir='ltr'>vitiatur,</span> <span class='ocrx_word' id='word_1_381' title='bbox 2495 2113 2551 2164; x_wconf 90' lang='lat' dir='ltr'>et</span> <span class='ocrx_word' id='word_1_382' title='bbox 2581 2107 2775 2164; x_wconf 90' lang='lat' dir='ltr'>luteus</span> <span class='ocrx_word' id='word_1_383' title='bbox 2819 2107 2979 2163; x_wconf 90' lang='lat' dir='ltr'>color</span> <span class='ocrx_word' id='word_1_384' title='bbox 3033 2125 3136 2163; x_wconf 90' lang='lat' dir='ltr'>ora</span> <span class='ocrx_word' id='word_1_385' title='bbox 3165 2108 3480 2180; x_wconf 84' lang='lat' dir='ltr'>perfundit.</span> <span class='ocrx_word' id='word_1_386' title='bbox 3539 2107 3710 2166; x_wconf 87' lang='lat' dir='ltr'>Certe</span> 
     </span>
    </p>
   </div>
   <div class='ocr_carea' id='block_1_54' title="bbox 2052 2195 3710 2269">
    <p class='ocr_par' dir='ltr' id='par_1_54' title="bbox 2052 2195 3710 2269">
     <span class='ocr_line' id='line_1_54' title="bbox 2052 2195 3710 2269; baseline -0.001 -15"><span class='ocrx_word' id='word_1_387' title='bbox 2052 2204 2117 2255; x_wconf 89' lang='lat' dir='ltr'>ut</span> <span class='ocrx_word' id='word_1_388' title='bbox 2145 2203 2415 2254; x_wconf 88' lang='lat' dir='ltr'>cunctam</span> <span class='ocrx_word' id='word_1_389' title='bbox 2447 2196 2807 2252; x_wconf 90' lang='lat' dir='ltr'>medicorum</span> <span class='ocrx_word' id='word_1_390' title='bbox 2838 2195 3226 2253; x_wconf 89' lang='lat' dir='ltr'>adhibeamus</span> <span class='ocrx_word' id='word_1_391' title='bbox 3255 2196 3710 2269; x_wconf 87' lang='lat' dir='ltr'>diligentiam,et</span> 
     </span>
    </p>
   </div>
   <div class='ocr_carea' id='block_1_55' title="bbox 2053 2284 3703 2360">
    <p class='ocr_par' dir='ltr' id='par_1_55' title="bbox 2053 2284 3703 2360">
     <span class='ocr_line' id='line_1_55' title="bbox 2053 2284 3703 2360; baseline -0.003 -15"><span class='ocrx_word' id='word_1_392' title='bbox 2053 2287 2353 2360; x_wconf 83' lang='lat' dir='ltr'>castigatis</span> <span class='ocrx_word' id='word_1_393' title='bbox 2382 2287 2648 2340; x_wconf 88' lang='lat' dir='ltr'>vivamus</span> <span class='ocrx_word' id='word_1_394' title='bbox 2677 2284 2844 2354; x_wconf 88' lang='lat' dir='ltr'>cibis,</span> <span class='ocrx_word' id='word_1_395' title='bbox 2886 2289 2944 2340; x_wconf 89' lang='lat' dir='ltr'>et</span> <span class='ocrx_word' id='word_1_396' title='bbox 2997 2285 3337 2342; x_wconf 90' lang='lat' dir='ltr'>morborum</span> <span class='ocrx_word' id='word_1_397' title='bbox 3393 2284 3703 2341; x_wconf 85' lang='lat' dir='ltr'>fomitibus</span> 
     </span>
    </p>
   </div>
   <div class='ocr_carea' id='block_1_56' title="bbox 2052 2372 3708 2447">
    <p class='ocr_par' dir='ltr' id='par_1_56' title="bbox 2052 2372 3708 2447">
     <span class='ocr_line' id='line_1_56' title="bbox 2052 2372 3708 2447; baseline -0.004 -12"><span class='ocrx_word' id='word_1_398' title='bbox 2052 2393 2353 2434; x_wconf 89' lang='lat' dir='ltr'>careamus</span> <span class='ocrx_word' id='word_1_399' title='bbox 2382 2379 2438 2431; x_wconf 89' lang='lat' dir='ltr'>et</span> <span class='ocrx_word' id='word_1_400' title='bbox 2467 2374 2774 2443; x_wconf 90' lang='lat' dir='ltr'>cruditate,</span> <span class='ocrx_word' id='word_1_401' title='bbox 2806 2372 3050 2430; x_wconf 88' lang='lat' dir='ltr'>occultis</span> <span class='ocrx_word' id='word_1_402' title='bbox 3104 2373 3459 2447; x_wconf 85' lang='lat' dir='ltr'>quibusdam</span> <span class='ocrx_word' id='word_1_403' title='bbox 3512 2378 3572 2429; x_wconf 91' lang='lat' dir='ltr'>et</span> <span class='ocrx_word' id='word_1_404' title='bbox 3599 2372 3708 2430; x_wconf 90' lang='lat' dir='ltr'>soli</span> 
     </span>
    </p>
   </div>
   <div class='ocr_carea' id='block_1_57' title="bbox 2053 2461 3708 2537">
    <p class='ocr_par' dir='ltr' id='par_1_57' title="bbox 2053 2461 3708 2537">
     <span class='ocr_line' id='line_1_57' title="bbox 2053 2461 3708 2537; baseline -0.003 -15"><span class='ocrx_word' id='word_1_405' title='bbox 2053 2472 2167 2522; x_wconf 92' lang='lat' dir='ltr'>Deo</span> <span class='ocrx_word' id='word_1_406' title='bbox 2197 2463 2445 2537; x_wconf 88' lang='lat' dir='ltr'>cognitis</span> <span class='ocrx_word' id='word_1_407' title='bbox 2480 2464 2628 2520; x_wconf 74' lang='lat'>795</span> <span class='ocrx_word' id='word_1_408' title='bbox 2676 2462 2892 2527; x_wconf 88' lang='lat' dir='ltr'>causis,</span> <span class='ocrx_word' id='word_1_409' title='bbox 2953 2461 3040 2518; x_wconf 85' lang='lat' dir='ltr'>vel</span> <span class='ocrx_word' id='word_1_410' title='bbox 3099 2461 3313 2534; x_wconf 88' lang='lat' dir='ltr'>frigore</span> <span class='ocrx_word' id='word_1_411' title='bbox 3358 2462 3708 2519; x_wconf 91' lang='lat' dir='ltr'>inhorresci-</span> 
     </span>
    </p>
   </div>
   <div class='ocr_carea' id='block_1_58' title="bbox 2054 2549 3707 2624">
    <p class='ocr_par' dir='ltr' id='par_1_58' title="bbox 2054 2549 3707 2624">
     <span class='ocr_line' id='line_1_58' title="bbox 2054 2549 3707 2624; baseline -0.003 -12"><span class='ocrx_word' id='word_1_412' title='bbox 2054 2573 2208 2624; x_wconf 90' lang='lat' dir='ltr'>mus,</span> <span class='ocrx_word' id='word_1_413' title='bbox 2228 2554 2315 2610; x_wconf 88' lang='lat' dir='ltr'>vel</span> <span class='ocrx_word' id='word_1_414' title='bbox 2351 2553 2506 2608; x_wconf 89' lang='lat' dir='ltr'>febre</span> <span class='ocrx_word' id='word_1_415' title='bbox 2537 2551 2992 2619; x_wconf 86' lang='lat' dir='ltr'>exardescimus,</span> <span class='ocrx_word' id='word_1_416' title='bbox 3022 2549 3108 2606; x_wconf 91' lang='lat' dir='ltr'>vel</span> <span class='ocrx_word' id='word_1_417' title='bbox 3141 2550 3497 2607; x_wconf 88' lang='lat' dir='ltr'>torminibus</span> <span class='ocrx_word' id='word_1_418' title='bbox 3525 2550 3707 2621; x_wconf 72' lang='lat' dir='ltr'>eiula-</span> 
     </span>
    </p>
   </div>
   <div class='ocr_carea' id='block_1_59' title="bbox 2053 2638 3702 2712">
    <p class='ocr_par' dir='ltr' id='par_1_59' title="bbox 2053 2638 3702 2712">
     <span class='ocr_line' id='line_1_59' title="bbox 2053 2638 3702 2712; baseline -0.003 -10"><span class='ocrx_word' id='word_1_419' title='bbox 2053 2662 2186 2702; x_wconf 92' lang='lat' dir='ltr'>mus</span> <span class='ocrx_word' id='word_1_420' title='bbox 2209 2649 2266 2700; x_wconf 91' lang='lat' dir='ltr'>et</span> <span class='ocrx_word' id='word_1_421' title='bbox 2285 2643 2401 2699; x_wconf 91' lang='lat' dir='ltr'>veri</span> <span class='ocrx_word' id='word_1_422' title='bbox 2426 2640 2635 2697; x_wconf 91' lang='lat' dir='ltr'>medici</span> <span class='ocrx_word' id='word_1_423' title='bbox 2657 2639 2973 2696; x_wconf 88' lang='lat' dir='ltr'>Salvatoris</span> <span class='ocrx_word' id='word_1_424' title='bbox 2992 2639 3379 2712; x_wconf 86' lang='lat' dir='ltr'>imploramus</span> <span class='ocrx_word' id='word_1_425' title='bbox 3393 2638 3702 2711; x_wconf 85' lang='lat' dir='ltr'>auxilium,</span> 
     </span>
    </p>
   </div>
   <div class='ocr_carea' id='block_1_60' title="bbox 2052 2728 3701 2803">
    <p class='ocr_par' dir='ltr' id='par_1_60' title="bbox 2052 2728 3701 2803">
     <span class='ocr_line' id='line_1_60' title="bbox 2052 2728 3701 2803; baseline -0.004 -12"><span class='ocrx_word' id='word_1_426' title='bbox 2052 2735 2423 2803; x_wconf 89' lang='lat' dir='ltr'>dicimusque</span> <span class='ocrx_word' id='word_1_427' title='bbox 2454 2747 2587 2786; x_wconf 91' lang='lat' dir='ltr'>cum</span> <span class='ocrx_word' id='word_1_428' title='bbox 2645 2728 2926 2802; x_wconf 90' lang='lat' dir='ltr'>apostolis</span> <span class='ocrx_word' id='word_1_429' title='bbox 2957 2747 2969 2785; x_wconf 89' lang='lat'>:</span> <span class='ocrx_word' id='word_1_430' title='bbox 3010 2751 3036 2776; x_wconf 89' lang='grc'>‹‹</span> <span class='ocrx_word' id='word_1_431' title='bbox 3071 2728 3368 2799; x_wconf 71' lang='lat' dir='ltr'>Magister,</span> <span class='ocrx_word' id='word_1_432' title='bbox 3391 2745 3560 2785; x_wconf 82' lang='lat' dir='ltr'>savos</span> <span class='ocrx_word' id='word_1_433' title='bbox 3593 2745 3701 2784; x_wconf 86' lang='lat' dir='ltr'>nos</span> 
     </span>
    </p>
   </div>
   <div class='ocr_carea' id='block_1_61' title="bbox 2053 2818 3026 2896">
    <p class='ocr_par' dir='ltr' id='par_1_61' title="bbox 2053 2818 3026 2896">
     <span class='ocr_line' id='line_1_61' title="bbox 2053 2818 3026 2896; baseline -0.012 -16"><span class='ocrx_word' id='word_1_434' title='bbox 2053 2825 2160 2892; x_wconf 81' lang='lat' dir='ltr'>fac,</span> <span class='ocrx_word' id='word_1_435' title='bbox 2191 2821 2450 2896; x_wconf 89' lang='lat' dir='ltr'>perimus</span> <span class='ocrx_word' id='word_1_436' title='bbox 2482 2818 2690 2890; x_wconf 79' lang='lat' dir='ltr'>(Matth.</span> <span class='ocrx_word' id='word_1_437' title='bbox 2720 2835 2822 2873; x_wconf 80' lang='lat' dir='ltr'>vn.</span> <span class='ocrx_word' id='word_1_438' title='bbox 2855 2818 2969 2889; x_wconf 84' lang='lat'>85).</span> <span class='ocrx_word' id='word_1_439' title='bbox 2999 2838 3026 2868; x_wconf 85' lang='lat'><strong>»</strong></span> 
     </span>
    </p>
   </div>
   <div class='ocr_carea' id='block_1_62' title="bbox 2123 2905 3704 2984">
    <p class='ocr_par' dir='ltr' id='par_1_62' title="bbox 2123 2905 3704 2984">
     <span class='ocr_line' id='line_1_62' title="bbox 2123 2905 3704 2984; baseline -0.003 -18"><span class='ocrx_word' id='word_1_440' title='bbox 2123 2913 2210 2966; x_wconf 78' lang='grc'>12.</span> <span class='ocrx_word' id='word_1_441' title='bbox 2245 2908 2534 2982; x_wconf 81' lang='lat' dir='ltr'>Respondet</span> <span class='ocrx_word' id='word_1_442' title='bbox 2565 2907 2781 2979; x_wconf 79' lang='lat' dir='ltr'>aliquot</span> <span class='ocrx_word' id='word_1_443' title='bbox 2809 2922 2838 2961; x_wconf 86' lang='lat' dir='ltr'>e</span> <span class='ocrx_word' id='word_1_444' title='bbox 2867 2906 3153 2978; x_wconf 75' lang='lat' dir='ltr'>Scriptura</span> <span class='ocrx_word' id='word_1_445' title='bbox 3189 2905 3599 2984; x_wconf 65' lang='lat' dir='ltr'>objectionious.</span> <span class='ocrx_word' id='word_1_446' title='bbox 3634 2938 3704 2949; x_wconf 89' lang='lat'><strong><em>—</em></strong></span> 
     </span>
    </p>
   </div>
   <div class='ocr_carea' id='block_1_63' title="bbox 2052 2995 3698 3068">
    <p class='ocr_par' dir='ltr' id='par_1_63' title="bbox 2052 2995 3698 3068">
     <span class='ocr_line' id='line_1_63' title="bbox 2052 2995 3698 3068; baseline -0.004 -10"><span class='ocrx_word' id='word_1_447' title='bbox 2052 3000 2109 3058; x_wconf 79' lang='grc' dir='ltr'>ϐ.</span> <span class='ocrx_word' id='word_1_448' title='bbox 2144 3002 2301 3066; x_wconf 89' lang='lat' dir='ltr'>Esto,</span> <span class='ocrx_word' id='word_1_449' title='bbox 2335 3003 2401 3053; x_wconf 90' lang='lat' dir='ltr'>ut</span> <span class='ocrx_word' id='word_1_450' title='bbox 2430 2995 2628 3054; x_wconf 88' lang='lat' dir='ltr'>nullus</span> <span class='ocrx_word' id='word_1_451' title='bbox 2659 2995 2913 3068; x_wconf 89' lang='lat' dir='ltr'>potuerit</span> <span class='ocrx_word' id='word_1_452' title='bbox 2963 3012 3136 3052; x_wconf 86' lang='lat' dir='ltr'>omne</span> <span class='ocrx_word' id='word_1_453' title='bbox 3180 2995 3361 3051; x_wconf 89' lang='lat' dir='ltr'>vitare</span> <span class='ocrx_word' id='word_1_454' title='bbox 3390 3001 3698 3068; x_wconf 80' lang='lat' dir='ltr'>peccatum</span> 
     </span>
    </p>
   </div>
   <div class='ocr_carea' id='block_1_64' title="bbox 2050 3085 3700 3164">
    <p class='ocr_par' dir='ltr' id='par_1_64' title="bbox 2050 3085 3700 3164">
     <span class='ocr_line' id='line_1_64' title="bbox 2050 3085 3700 3164; baseline -0.004 -17"><span class='ocrx_word' id='word_1_455' title='bbox 2050 3092 2109 3147; x_wconf 88' lang='lat' dir='ltr'>in</span> <span class='ocrx_word' id='word_1_456' title='bbox 2141 3089 2408 3164; x_wconf 86' lang='lat' dir='ltr'>pueritia,</span> <span class='ocrx_word' id='word_1_457' title='bbox 2439 3085 2834 3142; x_wconf 85' lang='lat' dir='ltr'>adolescentia</span> <span class='ocrx_word' id='word_1_458' title='bbox 2861 3090 2918 3140; x_wconf 91' lang='lat' dir='ltr'>et</span> <span class='ocrx_word' id='word_1_459' title='bbox 2966 3085 3275 3158; x_wconf 87' lang='lat' dir='ltr'>juventute</span> <span class='ocrx_word' id='word_1_460' title='bbox 3333 3102 3345 3140; x_wconf 91' lang='lat'><strong>:</strong></span> <span class='ocrx_word' id='word_1_461' title='bbox 3411 3085 3700 3157; x_wconf 82' lang='lat' dir='ltr'>numquid</span> 
     </span>
    </p>
   </div>
   <div class='ocr_carea' id='block_1_65' title="bbox 2050 3172 3702 3254">
    <p class='ocr_par' dir='ltr' id='par_1_65' title="bbox 2050 3172 3702 3254">
     <span class='ocr_line' id='line_1_65' title="bbox 2050 3172 3702 3254; baseline -0.004 -17"><span class='ocrx_word' id='word_1_462' title='bbox 2050 3197 2262 3254; x_wconf 89' lang='lat' dir='ltr'>negare</span> <span class='ocrx_word' id='word_1_463' title='bbox 2295 3181 2481 3250; x_wconf 88' lang='lat' dir='ltr'>potest</span> <span class='ocrx_word' id='word_1_464' title='bbox 2512 3174 2796 3248; x_wconf 91' lang='lat' dir='ltr'>plurimos</span> <span class='ocrx_word' id='word_1_465' title='bbox 2817 3175 3013 3246; x_wconf 90' lang='lat' dir='ltr'>justos</span> <span class='ocrx_word' id='word_1_466' title='bbox 3071 3178 3131 3229; x_wconf 89' lang='lat' dir='ltr'>et</span> <span class='ocrx_word' id='word_1_467' title='bbox 3185 3173 3419 3229; x_wconf 88' lang='lat' dir='ltr'>sanctos</span> <span class='ocrx_word' id='word_1_468' title='bbox 3467 3172 3622 3230; x_wconf 89' lang='lat' dir='ltr'>viros</span> <span class='ocrx_word' id='word_1_469' title='bbox 3679 3174 3702 3208; x_wconf 80' lang='grc'>⁸</span> 
     </span>
    </p>
   </div>
   <div class='ocr_carea' id='block_1_66' title="bbox 292 3249 1937 3343">
    <p class='ocr_par' dir='ltr' id='par_1_66' title="bbox 292 3249 1937 3341">
     <span class='ocr_line' id='line_1_66' title="bbox 292 3249 1937 3341; baseline -0.005 -17"><span class='ocrx_word' id='word_1_470' title='bbox 292 3249 618 3341; x_wconf 71' lang='lat' dir='ltr'>sequimur.</span> <span class='ocrx_word' id='word_1_471' title='bbox 643 3264 942 3334; x_wconf 88' lang='lat' dir='ltr'>Quomodo</span> <span class='ocrx_word' id='word_1_472' title='bbox 964 3280 1177 3336; x_wconf 89' lang='lat' dir='ltr'>corpus</span> <span class='ocrx_word' id='word_1_473' title='bbox 1208 3279 1418 3318; x_wconf 90' lang='lat' dir='ltr'>sanum</span> <span class='ocrx_word' id='word_1_474' title='bbox 1449 3260 1684 3331; x_wconf 90' lang='lat' dir='ltr'>dicitur,</span> <span class='ocrx_word' id='word_1_475' title='bbox 1707 3261 1756 3317; x_wconf 87' lang='lat' dir='ltr'>si</span> <span class='ocrx_word' id='word_1_476' title='bbox 1781 3259 1937 3316; x_wconf 90' lang='lat' dir='ltr'>nullo</span> 
     </span>
    </p>
   </div>
   <div class='ocr_carea' id='block_1_67' title="bbox 2079 3249 3696 3343">
    <p class='ocr_par' dir='ltr' id='par_1_67' title="bbox 2079 3249 3696 3331">
     <span class='ocr_line' id='line_1_67' title="bbox 2079 3249 3696 3331; baseline -0.004 -5"><span class='ocrx_word' id='word_1_477' title='bbox 2079 3249 2184 3326; x_wconf 53' lang='lat' dir='ltr'>lost</span> <span class='ocrx_word' id='word_1_478' title='bbox 2209 3249 2348 3324; x_wconf 87' lang='lat' dir='ltr'>vitia</span> <span class='ocrx_word' id='word_1_479' title='bbox 2377 3265 2536 3322; x_wconf 89' lang='lat' dir='ltr'>omni</span> <span class='ocrx_word' id='word_1_480' title='bbox 2583 3282 2644 3319; x_wconf 90' lang='lat' dir='ltr'>se</span> <span class='ocrx_word' id='word_1_481' title='bbox 2687 3263 2758 3319; x_wconf 91' lang='lat' dir='ltr'>ad</span> <span class='ocrx_word' id='word_1_482' title='bbox 2806 3263 3053 3320; x_wconf 87' lang='lat' dir='ltr'>virtutes</span> <span class='ocrx_word' id='word_1_483' title='bbox 3109 3261 3306 3319; x_wconf 89' lang='lat' dir='ltr'>animo</span> <span class='ocrx_word' id='word_1_484' title='bbox 3355 3262 3696 3331; x_wconf 84' lang='lat' dir='ltr'>contulisse,</span> 
     </span>
    </p>
   </div>
   <div class='ocr_carea' id='block_1_68' title="bbox 295 3349 1938 3429">
    <p class='ocr_par' dir='ltr' id='par_1_68' title="bbox 295 3349 1938 3429">
     <span class='ocr_line' id='line_1_68' title="bbox 295 3349 1938 3429; baseline -0.004 -18"><span class='ocrx_word' id='word_1_485' title='bbox 295 3356 577 3429; x_wconf 86' lang='lat' dir='ltr'>languore</span> <span class='ocrx_word' id='word_1_486' title='bbox 607 3359 861 3421; x_wconf 85' lang='lat' dir='ltr'>vexetur,</span> <span class='ocrx_word' id='word_1_487' title='bbox 897 3353 978 3409; x_wconf 90' lang='lat' dir='ltr'>ita</span> <span class='ocrx_word' id='word_1_488' title='bbox 1007 3353 1205 3409; x_wconf 88' lang='lat' dir='ltr'>anima</span> <span class='ocrx_word' id='word_1_489' title='bbox 1229 3353 1451 3423; x_wconf 86' lang='lat' dir='ltr'>absque</span> <span class='ocrx_word' id='word_1_490' title='bbox 1480 3350 1642 3418; x_wconf 89' lang='lat' dir='ltr'>vitio,</span> <span class='ocrx_word' id='word_1_491' title='bbox 1691 3351 1741 3406; x_wconf 92' lang='lat' dir='ltr'>si</span> <span class='ocrx_word' id='word_1_492' title='bbox 1773 3349 1938 3405; x_wconf 89' lang='lat' dir='ltr'>nulla</span> 
     </span>
    </p>
   </div>
   <div class='ocr_carea' id='block_1_69' title="bbox 295 3439 1937 3519">
    <p class='ocr_par' dir='ltr' id='par_1_69' title="bbox 295 3439 1937 3519">
     <span class='ocr_line' id='line_1_69' title="bbox 295 3439 1937 3519; baseline -0.004 -17"><span class='ocrx_word' id='word_1_493' title='bbox 295 3443 728 3519; x_wconf 84' lang='lat' dir='ltr'>perturbatione</span> <span class='ocrx_word' id='word_1_494' title='bbox 757 3442 1074 3514; x_wconf 87' lang='lat' dir='ltr'>quatiatur.</span> <span class='ocrx_word' id='word_1_495' title='bbox 1099 3442 1166 3496; x_wconf 85' lang='lat' dir='ltr'>Et</span> <span class='ocrx_word' id='word_1_496' title='bbox 1199 3444 1395 3497; x_wconf 88' lang='lat' dir='ltr'>tamen</span> <span class='ocrx_word' id='word_1_497' title='bbox 1427 3439 1694 3511; x_wconf 89' lang='lat' dir='ltr'>quamvis</span> <span class='ocrx_word' id='word_1_498' title='bbox 1725 3456 1937 3512; x_wconf 88' lang='lat' dir='ltr'>corpus</span> 
     </span>
    </p>
   </div>
   <div class='ocr_carea' id='block_1_70' title="bbox 291 3531 1936 3603">
    <p class='ocr_par' dir='ltr' id='par_1_70' title="bbox 291 3531 1936 3603">
     <span class='ocr_line' id='line_1_70' title="bbox 291 3531 1936 3603; baseline -0.005 -12"><span class='ocrx_word' id='word_1_499' title='bbox 291 3550 504 3591; x_wconf 88' lang='lat' dir='ltr'>sanum</span> <span class='ocrx_word' id='word_1_500' title='bbox 535 3531 615 3589; x_wconf 87' lang='lat' dir='ltr'>sit</span> <span class='ocrx_word' id='word_1_501' title='bbox 641 3531 1052 3603; x_wconf 87' lang='lat' dir='ltr'>integrumque</span> <span class='ocrx_word' id='word_1_502' title='bbox 1081 3535 1138 3586; x_wconf 90' lang='lat' dir='ltr'>et</span> <span class='ocrx_word' id='word_1_503' title='bbox 1165 3534 1455 3603; x_wconf 88' lang='lat' dir='ltr'>vegetum,</span> <span class='ocrx_word' id='word_1_504' title='bbox 1505 3532 1561 3583; x_wconf 90' lang='lat' dir='ltr'>et</span> <span class='ocrx_word' id='word_1_505' title='bbox 1591 3532 1936 3584; x_wconf 90' lang='lat' dir='ltr'>cunctorum</span> 
     </span>
    </p>
   </div>
   <div class='ocr_carea' id='block_1_71' title="bbox 290 3617 1936 3693">
    <p class='ocr_par' dir='ltr' id='par_1_71' title="bbox 290 3617 1936 3693">
     <span class='ocr_line' id='line_1_71' title="bbox 290 3617 1936 3693; baseline -0.004 -13"><span class='ocrx_word' id='word_1_506' title='bbox 290 3638 572 3680; x_wconf 84' lang='lat' dir='ltr'>sensuum</span> <span class='ocrx_word' id='word_1_507' title='bbox 600 3619 931 3693; x_wconf 84' lang='lat' dir='ltr'>integritate</span> <span class='ocrx_word' id='word_1_508' title='bbox 960 3621 1286 3687; x_wconf 88' lang='lat' dir='ltr'>robustum,</span> <span class='ocrx_word' id='word_1_509' title='bbox 1321 3621 1425 3674; x_wconf 88' lang='lat' dir='ltr'>aut</span> <span class='ocrx_word' id='word_1_510' title='bbox 1455 3617 1814 3685; x_wconf 89' lang='lat' dir='ltr'>crebris,aut</span> <span class='ocrx_word' id='word_1_511' title='bbox 1845 3635 1936 3673; x_wconf 91' lang='lat' dir='ltr'>ra-</span> 
     </span>
    </p>
   </div>
   <div class='ocr_carea' id='block_1_72' title="bbox 291 3705 1936 3772">
    <p class='ocr_par' dir='ltr' id='par_1_72' title="bbox 291 3705 1936 3772">
     <span class='ocr_line' id='line_1_72' title="bbox 291 3705 1936 3772; baseline -0.004 -4"><span class='ocrx_word' id='word_1_512' title='bbox 291 3713 372 3768; x_wconf 91' lang='lat' dir='ltr'>ris</span> <span class='ocrx_word' id='word_1_513' title='bbox 399 3709 842 3769; x_wconf 80' lang='lat' dir='ltr'>infirmitatibus</span> <span class='ocrx_word' id='word_1_514' title='bbox 870 3707 1244 3772; x_wconf 89' lang='lat' dir='ltr'>condolescit,</span> <span class='ocrx_word' id='word_1_515' title='bbox 1294 3712 1352 3763; x_wconf 91' lang='lat' dir='ltr'>et</span> <span class='ocrx_word' id='word_1_516' title='bbox 1404 3711 1469 3763; x_wconf 89' lang='lat' dir='ltr'>ut</span> <span class='ocrx_word' id='word_1_517' title='bbox 1525 3705 1936 3762; x_wconf 85' lang='lat' dir='ltr'>ﬁrmissimum</span> 
     </span>
    </p>
   </div>
   <div class='ocr_carea' id='block_1_73' title="bbox 291 3795 1938 3871">
    <p class='ocr_par' dir='ltr' id='par_1_73' title="bbox 291 3795 1938 3871">
     <span class='ocr_line' id='line_1_73' title="bbox 291 3795 1938 3871; baseline -0.004 -13"><span class='ocrx_word' id='word_1_518' title='bbox 291 3800 385 3868; x_wconf 88' lang='lat' dir='ltr'>sit,</span> <span class='ocrx_word' id='word_1_519' title='bbox 421 3800 718 3856; x_wconf 89' lang='lat' dir='ltr'>interdum</span> <span class='ocrx_word' id='word_1_520' title='bbox 743 3797 965 3871; x_wconf 63' lang='lat' dir='ltr'>pituitae</span> <span class='ocrx_word' id='word_1_521' title='bbox 987 3795 1318 3854; x_wconf 86' lang='lat' dir='ltr'>molestiam</span> <span class='ocrx_word' id='word_1_522' title='bbox 1341 3795 1596 3868; x_wconf 86' lang='lat' dir='ltr'>patitur;</span> <span class='ocrx_word' id='word_1_523' title='bbox 1630 3796 1710 3852; x_wconf 90' lang='lat' dir='ltr'>ita</span> <span class='ocrx_word' id='word_1_524' title='bbox 1739 3795 1938 3852; x_wconf 85' lang='lat' dir='ltr'>anima</span> 
     </span>
    </p>
   </div>
   <div class='ocr_carea' id='block_1_74' title="bbox 289 3885 1934 3964">
    <p class='ocr_par' dir='ltr' id='par_1_74' title="bbox 289 3885 1934 3964">
     <span class='ocr_line' id='line_1_74' title="bbox 289 3885 1934 3964; baseline -0.004 -16"><span class='ocrx_word' id='word_1_525' title='bbox 289 3890 709 3964; x_wconf 87' lang='lat' dir='ltr'>cogitationum</span> <span class='ocrx_word' id='word_1_526' title='bbox 728 3892 785 3944; x_wconf 91' lang='lat' dir='ltr'>et</span> <span class='ocrx_word' id='word_1_527' title='bbox 807 3886 1314 3960; x_wconf 87' lang='lat' dir='ltr'>perturbationum</span> <span class='ocrx_word' id='word_1_528' title='bbox 1335 3885 1593 3958; x_wconf 89' lang='lat' dir='ltr'>impetur</span> <span class='ocrx_word' id='word_1_529' title='bbox 1613 3885 1934 3954; x_wconf 89' lang='lat' dir='ltr'>sustinens,</span> 
     </span>
    </p>
   </div>
   <div class='ocr_carea' id='block_1_75' title="bbox 290 3974 1934 4052">
    <p class='ocr_par' dir='ltr' id='par_1_75' title="bbox 290 3974 1934 4052">
     <span class='ocr_line' id='line_1_75' title="bbox 290 3974 1934 4052; baseline -0.002 -16"><span class='ocrx_word' id='word_1_530' title='bbox 290 3986 355 4036; x_wconf 90' lang='lat' dir='ltr'>ut</span> <span class='ocrx_word' id='word_1_531' title='bbox 386 3982 618 4052; x_wconf 85' lang='lat' dir='ltr'>superet</span> <span class='ocrx_word' id='word_1_532' title='bbox 643 3977 972 4050; x_wconf 87' lang='lat' dir='ltr'>naufragia,</span> <span class='ocrx_word' id='word_1_533' title='bbox 995 3993 1110 4032; x_wconf 91' lang='lat' dir='ltr'>non</span> <span class='ocrx_word' id='word_1_534' title='bbox 1140 3976 1361 4048; x_wconf 88' lang='lat' dir='ltr'>absque</span> <span class='ocrx_word' id='word_1_535' title='bbox 1393 3974 1648 4047; x_wconf 89' lang='lat' dir='ltr'>periculo</span> <span class='ocrx_word' id='word_1_536' title='bbox 1679 3975 1934 4048; x_wconf 87' lang='lat' dir='ltr'>navigat,</span> 
     </span>
    </p>
   </div>
   <div class='ocr_carea' id='block_1_76' title="bbox 289 4065 1936 4140">
    <p class='ocr_par' dir='ltr' id='par_1_76' title="bbox 289 4065 1936 4140">
     <span class='ocr_line' id='line_1_76' title="bbox 289 4065 1936 4140; baseline -0.002 -16"><span class='ocrx_word' id='word_1_537' title='bbox 289 4068 785 4140; x_wconf 86' lang='lat' dir='ltr'>consideransque</span> <span class='ocrx_word' id='word_1_538' title='bbox 805 4065 1183 4138; x_wconf 86' lang='lat' dir='ltr'>fragilitatem</span> <span class='ocrx_word' id='word_1_539' title='bbox 1206 4081 1639 4137; x_wconf 88' lang='lat' dir='ltr'>suam,semper</span> <span class='ocrx_word' id='word_1_540' title='bbox 1656 4065 1726 4120; x_wconf 92' lang='lat' dir='ltr'>de</span> <span class='ocrx_word' id='word_1_541' title='bbox 1749 4069 1936 4122; x_wconf 85' lang='lat' dir='ltr'>morte</span> 
     </span>
    </p>
   </div>
   <div class='ocr_carea' id='block_1_77' title="bbox 289 4153 1933 4227">
    <p class='ocr_par' dir='ltr' id='par_1_77' title="bbox 289 4153 1933 4227">
     <span class='ocr_line' id='line_1_77' title="bbox 289 4153 1933 4227; baseline -0.004 -13"><span class='ocrx_word' id='word_1_542' title='bbox 289 4155 542 4216; x_wconf 80' lang='lat' dir='ltr'>sollicita</span> <span class='ocrx_word' id='word_1_543' title='bbox 569 4159 675 4225; x_wconf 88' lang='lat' dir='ltr'>est,</span> <span class='ocrx_word' id='word_1_544' title='bbox 709 4155 1033 4212; x_wconf 92' lang='lat' dir='ltr'>secundum</span> <span class='ocrx_word' id='word_1_545' title='bbox 1065 4154 1212 4210; x_wconf 89' lang='lat' dir='ltr'>illud</span> <span class='ocrx_word' id='word_1_546' title='bbox 1243 4155 1398 4227; x_wconf 88' lang='lat' dir='ltr'>quod</span> <span class='ocrx_word' id='word_1_547' title='bbox 1457 4153 1741 4226; x_wconf 90' lang='lat' dir='ltr'>scriptum</span> <span class='ocrx_word' id='word_1_548' title='bbox 1800 4158 1889 4210; x_wconf 89' lang='lat' dir='ltr'>est</span> <span class='ocrx_word' id='word_1_549' title='bbox 1919 4171 1933 4208; x_wconf 88' lang='lat'><strong>:</strong></span> 
     </span>
    </p>
   </div>
   <div class='ocr_carea' id='block_1_78' title="bbox 295 4242 1934 4315">
    <p class='ocr_par' dir='ltr' id='par_1_78' title="bbox 295 4242 1934 4315">
     <span class='ocr_line' id='line_1_78' title="bbox 295 4242 1934 4315; baseline 0.002 -19"><span class='ocrx_word' id='word_1_550' title='bbox 295 4265 319 4296; x_wconf 84' lang='grc' dir='ltr'>ι</span> <span class='ocrx_word' id='word_1_551' title='bbox 352 4243 494 4312; x_wconf 84' lang='lat' dir='ltr'>Quis</span> <span class='ocrx_word' id='word_1_552' title='bbox 524 4249 615 4300; x_wconf 90' lang='lat' dir='ltr'>est</span> <span class='ocrx_word' id='word_1_553' title='bbox 670 4243 845 4299; x_wconf 92' lang='lat' dir='ltr'>homo</span> <span class='ocrx_word' id='word_1_554' title='bbox 875 4243 974 4315; x_wconf 89' lang='lat' dir='ltr'>qui</span> <span class='ocrx_word' id='word_1_555' title='bbox 1003 4243 1175 4314; x_wconf 87' lang='lat' dir='ltr'>vivet,</span> <span class='ocrx_word' id='word_1_556' title='bbox 1207 4247 1264 4298; x_wconf 89' lang='lat' dir='ltr'>et</span> <span class='ocrx_word' id='word_1_557' title='bbox 1296 4260 1410 4298; x_wconf 90' lang='lat' dir='ltr'>non</span> <span class='ocrx_word' id='word_1_558' title='bbox 1439 4242 1656 4299; x_wconf 88' lang='lat' dir='ltr'>videbit</span> <span class='ocrx_word' id='word_1_559' title='bbox 1687 4249 1934 4300; x_wconf 86' lang='lat' dir='ltr'>mortem</span> 
     </span>
    </p>
   </div>
   <div class='ocr_carea' id='block_1_79' title="bbox 288 4332 1938 4404">
    <p class='ocr_par' dir='ltr' id='par_1_79' title="bbox 288 4332 1938 4404">
     <span class='ocr_line' id='line_1_79' title="bbox 288 4332 1938 4404; baseline -0.001 -14"><span class='ocrx_word' id='word_1_560' title='bbox 288 4334 464 4404; x_wconf 87' lang='lat' dir='ltr'>(Psal.</span> <span class='ocrx_word' id='word_1_561' title='bbox 527 4349 793 4398; x_wconf 84' lang='lat' dir='ltr'>Lxxxvm,</span> <span class='ocrx_word' id='word_1_562' title='bbox 855 4333 943 4403; x_wconf 77' lang='grc'>49)</span> <span class='ocrx_word' id='word_1_563' title='bbox 991 4332 1019 4387; x_wconf 76' lang='grc' dir='ltr'>Ῡ</span> <span class='ocrx_word' id='word_1_564' title='bbox 1083 4355 1110 4382; x_wconf 84' lang='grc'>››</span> <span class='ocrx_word' id='word_1_565' title='bbox 1150 4348 1278 4404; x_wconf 67' lang='lat' dir='ltr'>qua;</span> <span class='ocrx_word' id='word_1_566' title='bbox 1327 4332 1555 4387; x_wconf 90' lang='lat' dir='ltr'>cunctis</span> <span class='ocrx_word' id='word_1_567' title='bbox 1596 4332 1820 4388; x_wconf 86' lang='lat' dir='ltr'>intenta</span> <span class='ocrx_word' id='word_1_568' title='bbox 1849 4339 1938 4388; x_wconf 88' lang='lat' dir='ltr'>est</span> 
     </span>
    </p>
   </div>
   <div class='ocr_carea' id='block_1_80' title="bbox 288 4420 1937 4490">
    <p class='ocr_par' dir='ltr' id='par_1_80' title="bbox 288 4420 1937 4490">
     <span class='ocr_line' id='line_1_80' title="bbox 288 4420 1937 4490; baseline -0.002 -9"><span class='ocrx_word' id='word_1_569' title='bbox 288 4421 651 4490; x_wconf 87' lang='lat' dir='ltr'>mortalibus,</span> <span class='ocrx_word' id='word_1_570' title='bbox 702 4437 819 4478; x_wconf 91' lang='lat' dir='ltr'>non</span> <span class='ocrx_word' id='word_1_571' title='bbox 853 4426 1073 4477; x_wconf 68' lang='lat' dir='ltr'>naturai</span> <span class='ocrx_word' id='word_1_572' title='bbox 1134 4420 1540 4487; x_wconf 88' lang='lat' dir='ltr'>dissolutione,</span> <span class='ocrx_word' id='word_1_573' title='bbox 1600 4422 1700 4478; x_wconf 92' lang='lat' dir='ltr'>sed</span> <span class='ocrx_word' id='word_1_574' title='bbox 1750 4427 1937 4478; x_wconf 89' lang='lat' dir='ltr'>morte</span> 
     </span>
    </p>
   </div>
   <div class='ocr_carea' id='block_1_81' title="bbox 360 4563 1937 4638">
    <p class='ocr_par' dir='ltr' id='par_1_81' title="bbox 360 4563 1937 4638">
     <span class='ocr_line' id='line_1_81' title="bbox 360 4563 1937 4638; baseline -0.003 -14"><span class='ocrx_word' id='word_1_575' title='bbox 360 4571 374 4602; x_wconf 88' lang='grc'>¹</span> <span class='ocrx_word' id='word_1_576' title='bbox 411 4566 649 4624; x_wconf 86' lang='lat' dir='ltr'>Initium</span> <span class='ocrx_word' id='word_1_577' title='bbox 683 4565 974 4638; x_wconf 87' lang='lat' dir='ltr'>quoddam</span> <span class='ocrx_word' id='word_1_578' title='bbox 1008 4565 1170 4638; x_wconf 64' lang='lat' dir='ltr'>bonae</span> <span class='ocrx_word' id='word_1_579' title='bbox 1218 4563 1535 4638; x_wconf 73' lang='lat' dir='ltr'>voluntatis</span> <span class='ocrx_word' id='word_1_580' title='bbox 1592 4568 1649 4620; x_wconf 91' lang='lat' dir='ltr'>et</span> <span class='ocrx_word' id='word_1_581' title='bbox 1703 4564 1834 4620; x_wconf 82' lang='lat' dir='ltr'>fidei</span> <span class='ocrx_word' id='word_1_582' title='bbox 1867 4580 1937 4620; x_wconf 84' lang='lat' dir='ltr'>ex</span> 
     </span>
    </p>
   </div>
   <div class='ocr_carea' id='block_1_82' title="bbox 2046 3351 3699 3431">
    <p class='ocr_par' dir='ltr' id='par_1_82' title="bbox 2046 3351 3699 3431">
     <span class='ocr_line' id='line_1_82' title="bbox 2046 3351 3699 3431; baseline -0.005 -15"><span class='ocrx_word' id='word_1_583' title='bbox 2046 3365 2104 3416; x_wconf 88' lang='lat' dir='ltr'>et</span> <span class='ocrx_word' id='word_1_584' title='bbox 2134 3375 2236 3431; x_wconf 90' lang='lat' dir='ltr'>per</span> <span class='ocrx_word' id='word_1_585' title='bbox 2264 3356 2371 3412; x_wconf 88' lang='lat' dir='ltr'>has</span> <span class='ocrx_word' id='word_1_586' title='bbox 2405 3353 2665 3410; x_wconf 88' lang='lat' dir='ltr'>caruisse</span> <span class='ocrx_word' id='word_1_587' title='bbox 2693 3355 2928 3426; x_wconf 82' lang='lat' dir='ltr'>peccato</span> <span class='ocrx_word' id='word_1_588' title='bbox 2959 3351 2986 3406; x_wconf 85' lang='lat'><strong>?</strong></span> <span class='ocrx_word' id='word_1_589' title='bbox 3017 3351 3078 3407; x_wconf 83' lang='lat' dir='ltr'>A.</span> <span class='ocrx_word' id='word_1_590' title='bbox 3132 3351 3250 3407; x_wconf 81' lang='lat' dir='ltr'>Hoc</span> <span class='ocrx_word' id='word_1_591' title='bbox 3282 3356 3372 3408; x_wconf 89' lang='lat' dir='ltr'>est</span> <span class='ocrx_word' id='word_1_592' title='bbox 3403 3352 3557 3424; x_wconf 91' lang='lat' dir='ltr'>quod</span> <span class='ocrx_word' id='word_1_593' title='bbox 3590 3352 3699 3408; x_wconf 91' lang='lat' dir='ltr'>tibi</span> 
     </span>
    </p>
   </div>
   <div class='ocr_carea' id='block_1_83' title="bbox 2046 3441 3696 3520">
    <p class='ocr_par' dir='ltr' id='par_1_83' title="bbox 2046 3441 3696 3520">
     <span class='ocr_line' id='line_1_83' title="bbox 2046 3441 3696 3520; baseline -0.005 -16"><span class='ocrx_word' id='word_1_594' title='bbox 2046 3449 2102 3504; x_wconf 93' lang='lat' dir='ltr'>in</span> <span class='ocrx_word' id='word_1_595' title='bbox 2127 3444 2412 3520; x_wconf 90' lang='lat' dir='ltr'>principio</span> <span class='ocrx_word' id='word_1_596' title='bbox 2443 3444 2726 3510; x_wconf 86' lang='lat' dir='ltr'>dixeram,</span> <span class='ocrx_word' id='word_1_597' title='bbox 2761 3441 2818 3497; x_wconf 91' lang='lat' dir='ltr'>in</span> <span class='ocrx_word' id='word_1_598' title='bbox 2850 3445 3054 3497; x_wconf 90' lang='lat' dir='ltr'>nostra</span> <span class='ocrx_word' id='word_1_599' title='bbox 3078 3458 3208 3498; x_wconf 88' lang='lat' dir='ltr'>esse</span> <span class='ocrx_word' id='word_1_600' title='bbox 3253 3441 3512 3514; x_wconf 90' lang='lat' dir='ltr'>positum</span> <span class='ocrx_word' id='word_1_601' title='bbox 3532 3444 3696 3512; x_wconf 85' lang='lat' dir='ltr'>pote-</span> 
     </span>
    </p>
   </div>
   <div class='ocr_carea' id='block_1_84' title="bbox 2043 3528 3688 3606">
    <p class='ocr_par' dir='ltr' id='par_1_84' title="bbox 2043 3528 3688 3606">
     <span class='ocr_line' id='line_1_84' title="bbox 2043 3528 3688 3606; baseline -0.005 -13"><span class='ocrx_word' id='word_1_602' title='bbox 2043 3542 2211 3604; x_wconf 88' lang='lat' dir='ltr'>state,</span> <span class='ocrx_word' id='word_1_603' title='bbox 2235 3535 2319 3591; x_wconf 89' lang='lat' dir='ltr'>vel</span> <span class='ocrx_word' id='word_1_604' title='bbox 2344 3548 2600 3606; x_wconf 88' lang='lat' dir='ltr'>peccare,</span> <span class='ocrx_word' id='word_1_605' title='bbox 2624 3529 2711 3586; x_wconf 91' lang='lat' dir='ltr'>vel</span> <span class='ocrx_word' id='word_1_606' title='bbox 2735 3547 2850 3588; x_wconf 89' lang='lat' dir='ltr'>non</span> <span class='ocrx_word' id='word_1_607' title='bbox 2875 3546 3129 3602; x_wconf 89' lang='lat' dir='ltr'>peccare,</span> <span class='ocrx_word' id='word_1_608' title='bbox 3155 3534 3214 3586; x_wconf 90' lang='lat' dir='ltr'>et</span> <span class='ocrx_word' id='word_1_609' title='bbox 3233 3528 3320 3586; x_wconf 87' lang='lat' dir='ltr'>vel</span> <span class='ocrx_word' id='word_1_610' title='bbox 3345 3529 3417 3586; x_wconf 92' lang='lat' dir='ltr'>ad</span> <span class='ocrx_word' id='word_1_611' title='bbox 3438 3529 3688 3596; x_wconf 88' lang='lat' dir='ltr'>bonum,</span> 
     </span>
    </p>
   </div>
   <div class='ocr_carea' id='block_1_85' title="bbox 2043 3617 3694 3686">
    <p class='ocr_par' dir='ltr' id='par_1_85' title="bbox 2043 3617 3694 3686">
     <span class='ocr_line' id='line_1_85' title="bbox 2043 3617 3694 3686; baseline -0.004 -5"><span class='ocrx_word' id='word_1_612' title='bbox 2043 3626 2131 3683; x_wconf 90' lang='lat' dir='ltr'>vel</span> <span class='ocrx_word' id='word_1_613' title='bbox 2162 3625 2235 3681; x_wconf 91' lang='lat' dir='ltr'>ad</span> <span class='ocrx_word' id='word_1_614' title='bbox 2274 3622 2494 3679; x_wconf 89' lang='lat' dir='ltr'>malum</span> <span class='ocrx_word' id='word_1_615' title='bbox 2553 3620 2862 3676; x_wconf 85' lang='lat' dir='ltr'>extendere</span> <span class='ocrx_word' id='word_1_616' title='bbox 2897 3634 3159 3686; x_wconf 91' lang='lat' dir='ltr'>manum,</span> <span class='ocrx_word' id='word_1_617' title='bbox 3193 3622 3258 3674; x_wconf 92' lang='lat' dir='ltr'>ut</span> <span class='ocrx_word' id='word_1_618' title='bbox 3288 3617 3541 3674; x_wconf 90' lang='lat' dir='ltr'>liberum</span> <span class='ocrx_word' id='word_1_619' title='bbox 3573 3635 3694 3675; x_wconf 87' lang='lat' dir='ltr'>ser-</span> 
     </span>
    </p>
   </div>
   <div class='ocr_carea' id='block_1_86' title="bbox 2041 3708 3699 3781">
    <p class='ocr_par' dir='ltr' id='par_1_86' title="bbox 2041 3708 3699 3781">
     <span class='ocr_line' id='line_1_86' title="bbox 2041 3708 3699 3781; baseline -0.006 -9"><span class='ocrx_word' id='word_1_620' title='bbox 2041 3718 2209 3772; x_wconf 89' lang='lat' dir='ltr'>vetur</span> <span class='ocrx_word' id='word_1_621' title='bbox 2227 3710 2536 3768; x_wconf 90' lang='lat' dir='ltr'>arbitrium</span> <span class='ocrx_word' id='word_1_622' title='bbox 2570 3725 2583 3763; x_wconf 93' lang='lat'>:</span> <span class='ocrx_word' id='word_1_623' title='bbox 2617 3709 2717 3765; x_wconf 91' lang='lat' dir='ltr'>sed</span> <span class='ocrx_word' id='word_1_624' title='bbox 2748 3709 2856 3764; x_wconf 92' lang='lat' dir='ltr'>hoc</span> <span class='ocrx_word' id='word_1_625' title='bbox 2889 3725 2992 3781; x_wconf 92' lang='lat' dir='ltr'>pro</span> <span class='ocrx_word' id='word_1_626' title='bbox 3023 3708 3202 3781; x_wconf 90' lang='lat' dir='ltr'>mpdo</span> <span class='ocrx_word' id='word_1_627' title='bbox 3254 3710 3314 3763; x_wconf 90' lang='lat' dir='ltr'>et</span> <span class='ocrx_word' id='word_1_628' title='bbox 3346 3710 3608 3779; x_wconf 90' lang='lat' dir='ltr'>tempore</span> <span class='ocrx_word' id='word_1_629' title='bbox 3638 3711 3699 3762; x_wconf 90' lang='lat' dir='ltr'>et</span> 
     </span>
    </p>
   </div>
   <div class='ocr_carea' id='block_1_87' title="bbox 2044 3795 3698 3872">
    <p class='ocr_par' dir='ltr' id='par_1_87' title="bbox 2044 3795 3698 3872">
     <span class='ocr_line' id='line_1_87' title="bbox 2044 3795 3698 3872; baseline -0.007 -10"><span class='ocrx_word' id='word_1_630' title='bbox 2044 3802 2377 3862; x_wconf 89' lang='lat' dir='ltr'>conditione</span> <span class='ocrx_word' id='word_1_631' title='bbox 2407 3797 2739 3872; x_wconf 84' lang='lat' dir='ltr'>fragilitatis</span> <span class='ocrx_word' id='word_1_632' title='bbox 2768 3797 3040 3854; x_wconf 72' lang='lat' dir='ltr'>humanis</span> <span class='ocrx_word' id='word_1_633' title='bbox 3066 3815 3080 3864; x_wconf 90' lang='lat'><strong>;</strong></span> <span class='ocrx_word' id='word_1_634' title='bbox 3114 3795 3559 3869; x_wconf 88' lang='lat' dir='ltr'>perpetuitatem</span> <span class='ocrx_word' id='word_1_635' title='bbox 3591 3813 3698 3852; x_wconf 91' lang='lat' dir='ltr'>au-</span> 
     </span>
    </p>
   </div>
   <div class='ocr_carea' id='block_1_88' title="bbox 2042 3883 3697 3963">
    <p class='ocr_par' dir='ltr' id='par_1_88' title="bbox 2042 3883 3697 3963">
     <span class='ocr_line' id='line_1_88' title="bbox 2042 3883 3697 3963; baseline -0.006 -13"><span class='ocrx_word' id='word_1_636' title='bbox 2042 3899 2163 3950; x_wconf 85' lang='lat' dir='ltr'>tem</span> <span class='ocrx_word' id='word_1_637' title='bbox 2194 3889 2555 3963; x_wconf 83' lang='lat' dir='ltr'>impecantiae</span> <span class='ocrx_word' id='word_1_638' title='bbox 2594 3884 2703 3944; x_wconf 88' lang='lat' dir='ltr'>soli</span> <span class='ocrx_word' id='word_1_639' title='bbox 2735 3885 3016 3944; x_wconf 89' lang='lat' dir='ltr'>reservari</span> <span class='ocrx_word' id='word_1_640' title='bbox 3049 3885 3188 3952; x_wconf 87' lang='lat' dir='ltr'>Deo,</span> <span class='ocrx_word' id='word_1_641' title='bbox 3221 3889 3279 3942; x_wconf 93' lang='lat' dir='ltr'>et</span> <span class='ocrx_word' id='word_1_642' title='bbox 3335 3885 3386 3942; x_wconf 91' lang='lat' dir='ltr'>ei</span> <span class='ocrx_word' id='word_1_643' title='bbox 3419 3883 3520 3957; x_wconf 90' lang='lat' dir='ltr'>qui</span> <span class='ocrx_word' id='word_1_644' title='bbox 3552 3883 3697 3940; x_wconf 91' lang='lat' dir='ltr'>Ver-</span> 
     </span>
    </p>
   </div>
   <div class='ocr_carea' id='block_1_89' title="bbox 2045 3975 3693 4045">
    <p class='ocr_par' dir='ltr' id='par_1_89' title="bbox 2045 3975 3693 4045">
     <span class='ocr_line' id='line_1_89' title="bbox 2045 3975 3693 4045; baseline -0.005 -7"><span class='ocrx_word' id='word_1_645' title='bbox 2045 3983 2185 4038; x_wconf 89' lang='lat' dir='ltr'>bum</span> <span class='ocrx_word' id='word_1_646' title='bbox 2237 3995 2369 4036; x_wconf 93' lang='lat' dir='ltr'>caro</span> <span class='ocrx_word' id='word_1_647' title='bbox 2415 3977 2622 4044; x_wconf 89' lang='lat' dir='ltr'>factus,</span> <span class='ocrx_word' id='word_1_648' title='bbox 2682 3975 2874 4031; x_wconf 86' lang='lat' dir='ltr'>carnis</span> <span class='ocrx_word' id='word_1_649' title='bbox 2922 3975 3282 4031; x_wconf 87' lang='lat' dir='ltr'>detrimenta</span> <span class='ocrx_word' id='word_1_650' title='bbox 3338 3978 3393 4030; x_wconf 88' lang='lat' dir='ltr'>et</span> <span class='ocrx_word' id='word_1_651' title='bbox 3450 3978 3693 4045; x_wconf 90' lang='lat' dir='ltr'>peccata</span> 
     </span>
    </p>
   </div>
   <div class='ocr_carea' id='block_1_90' title="bbox 2045 4063 3689 4142">
    <p class='ocr_par' dir='ltr' id='par_1_90' title="bbox 2045 4063 3689 4142">
     <span class='ocr_line' id='line_1_90' title="bbox 2045 4063 3689 4142; baseline -0.006 -15"><span class='ocrx_word' id='word_1_652' title='bbox 2045 4087 2160 4127; x_wconf 90' lang='lat' dir='ltr'>non</span> <span class='ocrx_word' id='word_1_653' title='bbox 2194 4066 2451 4142; x_wconf 89' lang='lat' dir='ltr'>pertulit.</span> <span class='ocrx_word' id='word_1_654' title='bbox 2485 4065 2601 4121; x_wconf 90' lang='lat' dir='ltr'>Nec</span> <span class='ocrx_word' id='word_1_655' title='bbox 2632 4064 2772 4138; x_wconf 88' lang='lat' dir='ltr'>quia</span> <span class='ocrx_word' id='word_1_656' title='bbox 2796 4064 2866 4120; x_wconf 92' lang='lat' dir='ltr'>ad</span> <span class='ocrx_word' id='word_1_657' title='bbox 2898 4063 3070 4118; x_wconf 88' lang='lat' dir='ltr'>breve</span> <span class='ocrx_word' id='word_1_658' title='bbox 3100 4078 3364 4135; x_wconf 84' lang='lat' dir='ltr'>possum,</span> <span class='ocrx_word' id='word_1_659' title='bbox 3398 4076 3570 4134; x_wconf 89' lang='lat' dir='ltr'>coges</span> <span class='ocrx_word' id='word_1_660' title='bbox 3594 4079 3689 4118; x_wconf 89' lang='lat' dir='ltr'>me</span> 
     </span>
    </p>
   </div>
   <div class='ocr_carea' id='block_1_91' title="bbox 2045 4149 3697 4232">
    <p class='ocr_par' dir='ltr' id='par_1_91' title="bbox 2045 4149 3697 4232">
     <span class='ocr_line' id='line_1_91' title="bbox 2045 4149 3697 4232; baseline -0.006 -17"><span class='ocrx_word' id='word_1_661' title='bbox 2045 4164 2109 4215; x_wconf 90' lang='lat' dir='ltr'>ut</span> <span class='ocrx_word' id='word_1_662' title='bbox 2139 4157 2360 4232; x_wconf 91' lang='lat' dir='ltr'>possim</span> <span class='ocrx_word' id='word_1_663' title='bbox 2385 4154 2624 4227; x_wconf 89' lang='lat' dir='ltr'>jugiter.</span> <span class='ocrx_word' id='word_1_664' title='bbox 2658 4157 2905 4208; x_wconf 89' lang='lat' dir='ltr'>Possum</span> <span class='ocrx_word' id='word_1_665' title='bbox 2955 4151 3244 4224; x_wconf 81' lang='lat' dir='ltr'>jejunare,</span> <span class='ocrx_word' id='word_1_666' title='bbox 3275 4149 3536 4224; x_wconf 88' lang='lat' dir='ltr'>vigilare,</span> <span class='ocrx_word' id='word_1_667' title='bbox 3569 4167 3697 4206; x_wconf 88' lang='lat' dir='ltr'>am-</span> 
     </span>
    </p>
   </div>
   <div class='ocr_carea' id='block_1_92' title="bbox 2044 4240 3700 4316">
    <p class='ocr_par' dir='ltr' id='par_1_92' title="bbox 2044 4240 3700 4316">
     <span class='ocr_line' id='line_1_92' title="bbox 2044 4240 3700 4316; baseline -0.006 -11"><span class='ocrx_word' id='word_1_668' title='bbox 2044 4247 2267 4313; x_wconf 84' lang='lat' dir='ltr'>bulare,</span> <span class='ocrx_word' id='word_1_669' title='bbox 2301 4245 2508 4316; x_wconf 90' lang='lat' dir='ltr'>legere,</span> <span class='ocrx_word' id='word_1_670' title='bbox 2538 4240 2804 4315; x_wconf 85' lang='lat' dir='ltr'>psallere,</span> <span class='ocrx_word' id='word_1_671' title='bbox 2839 4241 3062 4307; x_wconf 88' lang='lat' dir='ltr'>sedere,</span> <span class='ocrx_word' id='word_1_672' title='bbox 3094 4240 3372 4307; x_wconf 89' lang='lat' dir='ltr'>dormire,</span> <span class='ocrx_word' id='word_1_673' title='bbox 3404 4240 3700 4312; x_wconf 90' lang='lat' dir='ltr'>numquid</span> 
     </span>
    </p>
   </div>
   <div class='ocr_carea' id='block_1_93' title="bbox 2046 4319 3711 4408">
    <p class='ocr_par' dir='ltr' id='par_1_93' title="bbox 2046 4319 3711 4408">
     <span class='ocr_line' id='line_1_93' title="bbox 2046 4319 3711 4408; baseline -0.005 -16"><span class='ocrx_word' id='word_1_674' title='bbox 2046 4338 2102 4392; x_wconf 90' lang='lat' dir='ltr'>in</span> <span class='ocrx_word' id='word_1_675' title='bbox 2134 4319 2483 4408; x_wconf 88' lang='lat' dir='ltr'>perpetuum</span> <span class='ocrx_word' id='word_1_676' title='bbox 2506 4333 2534 4386; x_wconf 77' lang='lat' dir='ltr'>‘l</span> <span class='ocrx_word' id='word_1_677' title='bbox 2563 4331 2620 4386; x_wconf 78' lang='grc' dir='ltr'>ε.</span> <span class='ocrx_word' id='word_1_678' title='bbox 2675 4332 2744 4386; x_wconf 87' lang='lat' dir='ltr'>Et</span> <span class='ocrx_word' id='word_1_679' title='bbox 2789 4346 2970 4402; x_wconf 89' lang='lat' dir='ltr'>quare</span> <span class='ocrx_word' id='word_1_680' title='bbox 2997 4329 3058 4385; x_wconf 90' lang='lat' dir='ltr'>in</span> <span class='ocrx_word' id='word_1_681' title='bbox 3125 4329 3445 4402; x_wconf 88' lang='lat' dir='ltr'>Scripturis</span> <span class='ocrx_word' id='word_1_682' title='bbox 3476 4329 3711 4408; x_wconf 86' lang='lat' dir='ltr'>sanctis</span> 
     </span>
    </p>
   </div>
   <div class='ocr_carea' id='block_1_94' title="bbox 2043 4404 3698 4496">
    <p class='ocr_par' dir='ltr' id='par_1_94' title="bbox 2043 4404 3698 4496">
     <span class='ocr_line' id='line_1_94' title="bbox 2043 4404 3698 4496; baseline -0.006 -14"><span class='ocrx_word' id='word_1_683' title='bbox 2043 4425 2116 4482; x_wconf 90' lang='lat' dir='ltr'>ad</span> <span class='ocrx_word' id='word_1_684' title='bbox 2141 4404 2455 4496; x_wconf 77' lang='lat' dir='ltr'>perfectam</span> <span class='ocrx_word' id='word_1_685' title='bbox 2481 4419 2778 4492; x_wconf 78' lang='lat' dir='ltr'>justitiam</span> <span class='ocrx_word' id='word_1_686' title='bbox 2810 4434 3214 4490; x_wconf 90' lang='lat' dir='ltr'>provocamur,</span> <span class='ocrx_word' id='word_1_687' title='bbox 3256 4422 3322 4474; x_wconf 89' lang='lat' dir='ltr'>ut</span> <span class='ocrx_word' id='word_1_688' title='bbox 3369 4422 3461 4475; x_wconf 88' lang='lat' dir='ltr'>est</span> <span class='ocrx_word' id='word_1_689' title='bbox 3496 4404 3640 4474; x_wconf 83' lang='lat' dir='ltr'>illud</span> <span class='ocrx_word' id='word_1_690' title='bbox 3685 4435 3698 4472; x_wconf 94' lang='lat'>:</span> 
     </span>
    </p>
   </div>
   <div class='ocr_carea' id='block_1_95' title="bbox 2045 4558 3708 4639">
    <p class='ocr_par' dir='ltr' id='par_1_95' title="bbox 2045 4558 3708 4639">
     <span class='ocr_line' id='line_1_95' title="bbox 2045 4558 3708 4639; baseline -0.005 -17"><span class='ocrx_word' id='word_1_691' title='bbox 2045 4563 2349 4639; x_wconf 79' lang='lat' dir='ltr'>incipienti</span> <span class='ocrx_word' id='word_1_692' title='bbox 2376 4563 2808 4639; x_wconf 74' lang='lat' dir='ltr'>incrementum</span> <span class='ocrx_word' id='word_1_693' title='bbox 2839 4559 3024 4639; x_wconf 80' lang='lat' dir='ltr'>dabit,</span> <span class='ocrx_word' id='word_1_694' title='bbox 3076 4583 3104 4608; x_wconf 71' lang='grc' dir='ltr'><strong>υ</strong></span> <span class='ocrx_word' id='word_1_695' title='bbox 3158 4564 3268 4639; x_wconf 71' lang='lat' dir='ltr'>etc.</span> <span class='ocrx_word' id='word_1_696' title='bbox 3324 4559 3574 4633; x_wconf 88' lang='lat' dir='ltr'>Optatus</span> <span class='ocrx_word' id='word_1_697' title='bbox 3599 4558 3708 4639; x_wconf 63' lang='lat' dir='ltr'>lib.</span> 
     </span>
    </p>
   </div>
   <div class='ocr_carea' id='block_1_96' title="bbox 289 4624 3714 4717">
    <p class='ocr_par' dir='ltr' id='par_1_96' title="bbox 289 4624 3714 4717">
     <span class='ocr_line' id='line_1_96' title="bbox 289 4624 3714 4717; baseline -0.002 -22"><span class='ocrx_word' id='word_1_698' title='bbox 289 4640 457 4717; x_wconf 79' lang='lat' dir='ltr'>nobis</span> <span class='ocrx_word' id='word_1_699' title='bbox 509 4655 656 4706; x_wconf 89' lang='lat' dir='ltr'>esse,</span> <span class='ocrx_word' id='word_1_700' title='bbox 699 4624 941 4692; x_wconf 52' lang='lat' dir='ltr'>&#39;videtur</span> <span class='ocrx_word' id='word_1_701' title='bbox 990 4636 1306 4717; x_wconf 50' lang='lat' dir='ltr'>pradicare</span> <span class='ocrx_word' id='word_1_702' title='bbox 1364 4636 1751 4717; x_wconf 74' lang='lat' dir='ltr'>Hieronymus</span> <span class='ocrx_word' id='word_1_703' title='bbox 1810 4642 1938 4717; x_wconf 83' lang='lat' dir='ltr'>tum</span> <span class='ocrx_word' id='word_1_704' title='bbox 1969 4624 2016 4690; x_wconf 87' lang='lat' dir='ltr'>D</span> <span class='ocrx_word' id='word_1_705' title='bbox 2047 4656 2088 4695; x_wconf 76' lang='grc' dir='ltr'>ιι</span> <span class='ocrx_word' id='word_1_706' title='bbox 2122 4624 2198 4717; x_wconf 45' lang='lat'>:3</span> <span class='ocrx_word' id='word_1_707' title='bbox 2234 4636 2509 4717; x_wconf 82' lang='lat' dir='ltr'>Nostrum</span> <span class='ocrx_word' id='word_1_708' title='bbox 2550 4639 2641 4717; x_wconf 64' lang='lat' dir='ltr'>est</span> <span class='ocrx_word' id='word_1_709' title='bbox 2669 4624 3150 4715; x_wconf 34' lang='lat' dir='ltr'>vellehnostrum</span> <span class='ocrx_word' id='word_1_710' title='bbox 3180 4636 3272 4717; x_wconf 68' lang='lat' dir='ltr'>est</span> <span class='ocrx_word' id='word_1_711' title='bbox 3300 4624 3554 4717; x_wconf 56' lang='lat' dir='ltr'>currere,</span> <span class='ocrx_word' id='word_1_712' title='bbox 3584 4632 3714 4717; x_wconf 31' lang='lat' dir='ltr'>.D’ei</span> 
     </span>
    </p>
   </div>
   <div class='ocr_carea' id='block_1_97' title="bbox 287 4707 1935 4792">
    <p class='ocr_par' dir='ltr' id='par_1_97' title="bbox 287 4707 1935 4792">
     <span class='ocr_line' id='line_1_97' title="bbox 287 4707 1935 4792; baseline -0.001 -26"><span class='ocrx_word' id='word_1_713' title='bbox 287 4712 408 4792; x_wconf 58' lang='lat' dir='ltr'>hic,</span> <span class='ocrx_word' id='word_1_714' title='bbox 432 4716 560 4766; x_wconf 87' lang='lat' dir='ltr'>tum</span> <span class='ocrx_word' id='word_1_715' title='bbox 591 4726 790 4792; x_wconf 80' lang='lat' dir='ltr'>supra,</span> <span class='ocrx_word' id='word_1_716' title='bbox 845 4707 1008 4764; x_wconf 53' lang='lat' dir='ltr'>num:</span> <span class='ocrx_word' id='word_1_717' title='bbox 1072 4709 1122 4763; x_wconf 91' lang='grc'><strong>1.</strong></span> <span class='ocrx_word' id='word_1_718' title='bbox 1180 4707 1289 4790; x_wconf 76' lang='lat' dir='ltr'>Qui</span> <span class='ocrx_word' id='word_1_719' title='bbox 1351 4707 1648 4792; x_wconf 71' lang='lat' dir='ltr'>sententia:</span> <span class='ocrx_word' id='word_1_720' title='bbox 1691 4707 1935 4792; x_wconf 37' lang='lat' dir='ltr'>.Arausi-</span> 
     </span>
    </p>
   </div>
   <div class='ocr_carea' id='block_1_98' title="bbox 284 4779 1937 4852">
    <p class='ocr_par' dir='ltr' id='par_1_98' title="bbox 284 4779 1937 4852">
     <span class='ocr_line' id='line_1_98' title="bbox 284 4779 1937 4852; baseline -0.003 -13"><span class='ocrx_word' id='word_1_721' title='bbox 284 4783 412 4842; x_wconf 88' lang='lat' dir='ltr'>cani</span> <span class='ocrx_word' id='word_1_722' title='bbox 443 4779 686 4840; x_wconf 87' lang='lat' dir='ltr'>secundi</span> <span class='ocrx_word' id='word_1_723' title='bbox 715 4797 967 4838; x_wconf 86' lang='lat' dir='ltr'>canones</span> <span class='ocrx_word' id='word_1_724' title='bbox 1023 4780 1310 4852; x_wconf 62' lang='lat' dir='ltr'>praecipue</span> <span class='ocrx_word' id='word_1_725' title='bbox 1365 4779 1604 4852; x_wconf 86' lang='lat' dir='ltr'>tertium</span> <span class='ocrx_word' id='word_1_726' title='bbox 1653 4783 1710 4834; x_wconf 89' lang='lat' dir='ltr'>et</span> <span class='ocrx_word' id='word_1_727' title='bbox 1740 4779 1937 4836; x_wconf 84' lang='lat' dir='ltr'>vicesi-</span> 
     </span>
    </p>
   </div>
   <div class='ocr_carea' id='block_1_99' title="bbox 287 4851 1930 4926">
    <p class='ocr_par' dir='ltr' id='par_1_99' title="bbox 287 4851 1930 4926">
     <span class='ocr_line' id='line_1_99' title="bbox 287 4851 1930 4926; baseline -0.002 -16"><span class='ocrx_word' id='word_1_728' title='bbox 287 4871 452 4910; x_wconf 90' lang='lat' dir='ltr'>mum</span> <span class='ocrx_word' id='word_1_729' title='bbox 483 4853 756 4926; x_wconf 88' lang='lat' dir='ltr'>quintum</span> <span class='ocrx_word' id='word_1_730' title='bbox 787 4851 1104 4926; x_wconf 80' lang='lat' dir='ltr'>adversari,</span> <span class='ocrx_word' id='word_1_731' title='bbox 1136 4851 1251 4906; x_wconf 89' lang='lat' dir='ltr'>non</span> <span class='ocrx_word' id='word_1_732' title='bbox 1283 4854 1371 4907; x_wconf 92' lang='lat' dir='ltr'>est</span> <span class='ocrx_word' id='word_1_733' title='bbox 1401 4851 1930 4926; x_wconf 63' lang='lat' dir='ltr'>quod‘memorem.</span> 
     </span>
    </p>
   </div>
   <div class='ocr_carea' id='block_1_100' title="bbox 285 4922 1934 4994">
    <p class='ocr_par' dir='ltr' id='par_1_100' title="bbox 285 4922 1934 4994">
     <span class='ocr_line' id='line_1_100' title="bbox 285 4922 1934 4994; baseline -0.002 -12"><span class='ocrx_word' id='word_1_734' title='bbox 285 4922 608 4982; x_wconf 76' lang='lat' dir='ltr'>Excusatur</span> <span class='ocrx_word' id='word_1_735' title='bbox 638 4930 832 4981; x_wconf 88' lang='lat' dir='ltr'>tamen</span> <span class='ocrx_word' id='word_1_736' title='bbox 865 4923 1113 4979; x_wconf 89' lang='lat' dir='ltr'>aliorum</span> <span class='ocrx_word' id='word_1_737' title='bbox 1141 4922 1531 4994; x_wconf 84' lang='lat' dir='ltr'>quorumdam</span> <span class='ocrx_word' id='word_1_738' title='bbox 1580 4923 1815 4978; x_wconf 90' lang='lat' dir='ltr'>Patrum</span> <span class='ocrx_word' id='word_1_739' title='bbox 1843 4939 1934 4979; x_wconf 84' lang='lat' dir='ltr'>ex-</span> 
     </span>
    </p>
   </div>
   <div class='ocr_carea' id='block_1_101' title="bbox 287 4994 1931 5070">
    <p class='ocr_par' dir='ltr' id='par_1_101' title="bbox 287 4994 1931 5070">
     <span class='ocr_line' id='line_1_101' title="bbox 287 4994 1931 5070; baseline -0.002 -17"><span class='ocrx_word' id='word_1_740' title='bbox 287 4997 502 5070; x_wconf 89' lang='lat' dir='ltr'>emplo,</span> <span class='ocrx_word' id='word_1_741' title='bbox 536 4998 636 5070; x_wconf 82' lang='lat' dir='ltr'>qui</span> <span class='ocrx_word' id='word_1_742' title='bbox 677 5003 808 5053; x_wconf 88' lang='lat' dir='ltr'>ante</span> <span class='ocrx_word' id='word_1_743' title='bbox 851 4994 1238 5070; x_wconf 57' lang='lat' dir='ltr'>Pelagianam</span> <span class='ocrx_word' id='word_1_744' title='bbox 1299 4994 1566 5070; x_wconf 47' lang='lat' dir='ltr'>heresim</span> <span class='ocrx_word' id='word_1_745' title='bbox 1627 4994 1931 5066; x_wconf 89' lang='lat' dir='ltr'>scripsere,</span> 
     </span>
    </p>
   </div>
   <div class='ocr_carea' id='block_1_102' title="bbox 288 5065 1933 5141">
    <p class='ocr_par' dir='ltr' id='par_1_102' title="bbox 288 5065 1933 5141">
     <span class='ocr_line' id='line_1_102' title="bbox 288 5065 1933 5141; baseline -0.001 -17"><span class='ocrx_word' id='word_1_746' title='bbox 288 5065 445 5141; x_wconf 74' lang='lat' dir='ltr'>quod</span> <span class='ocrx_word' id='word_1_747' title='bbox 474 5065 736 5141; x_wconf 83' lang='lat' dir='ltr'>nondum</span> <span class='ocrx_word' id='word_1_748' title='bbox 772 5067 926 5141; x_wconf 88' lang='lat' dir='ltr'>dolis</span> <span class='ocrx_word' id='word_1_749' title='bbox 953 5065 1249 5141; x_wconf 81' lang='lat' dir='ltr'>omnibus,</span> <span class='ocrx_word' id='word_1_750' title='bbox 1283 5071 1339 5122; x_wconf 84' lang='lat' dir='ltr'>et</span> <span class='ocrx_word' id='word_1_751' title='bbox 1367 5065 1812 5141; x_wconf 81' lang='lat' dir='ltr'>Pelagianorum</span> <span class='ocrx_word' id='word_1_752' title='bbox 1845 5084 1933 5122; x_wconf 91' lang='lat' dir='ltr'>ca-</span> 
     </span>
    </p>
   </div>
   <div class='ocr_carea' id='block_1_103' title="bbox 330 5138 1933 5203">
    <p class='ocr_par' dir='ltr' id='par_1_103' title="bbox 330 5138 1933 5203">
     <span class='ocr_line' id='line_1_103' title="bbox 330 5138 1933 5203; baseline -0.001 -8"><span class='ocrx_word' id='word_1_753' title='bbox 330 5141 494 5195; x_wconf 86' lang='lat' dir='ltr'>tiosis</span> <span class='ocrx_word' id='word_1_754' title='bbox 522 5140 749 5195; x_wconf 87' lang='lat' dir='ltr'>artibus</span> <span class='ocrx_word' id='word_1_755' title='bbox 780 5140 1043 5203; x_wconf 84' lang='lat' dir='ltr'>detectis,</span> <span class='ocrx_word' id='word_1_756' title='bbox 1105 5139 1280 5192; x_wconf 89' lang='lat' dir='ltr'>verbo</span> <span class='ocrx_word' id='word_1_757' title='bbox 1326 5143 1498 5192; x_wconf 86' lang='lat' dir='ltr'>tenus</span> <span class='ocrx_word' id='word_1_758' title='bbox 1535 5138 1804 5193; x_wconf 78' lang='lat' dir='ltr'>humanas</span> <span class='ocrx_word' id='word_1_759' title='bbox 1836 5156 1933 5194; x_wconf 87' lang='lat' dir='ltr'>vo-</span> 
     </span>
    </p>
   </div>
   <div class='ocr_carea' id='block_1_104' title="bbox 283 5159 1932 5282">
    <p class='ocr_par' dir='ltr' id='par_1_104' title="bbox 283 5159 1932 5282">
     <span class='ocr_line' id='line_1_104' title="bbox 330 5159 1932 5203; baseline -0.001 -8"><span class='ocrx_word' id='word_1_760' title='bbox 330 5159 494 5195; x_wconf 66' lang='lat'>£10513</span> <span class='ocrx_word' id='word_1_761' title='bbox 522 5159 749 5195; x_wconf 85' lang='lat' dir='ltr'>arunus</span> <span class='ocrx_word' id='word_1_762' title='bbox 780 5159 1043 5203; x_wconf 74' lang='lat' dir='ltr'>detectis,</span> <span class='ocrx_word' id='word_1_763' title='bbox 1106 5159 1280 5192; x_wconf 86' lang='lat' dir='ltr'>verno</span> <span class='ocrx_word' id='word_1_764' title='bbox 1326 5159 1498 5192; x_wconf 70' lang='lat' dir='ltr'>tenus</span> <span class='ocrx_word' id='word_1_765' title='bbox 1535 5159 1804 5193; x_wconf 76' lang='lat' dir='ltr'>numanae</span> <span class='ocrx_word' id='word_1_766' title='bbox 1836 5159 1932 5194; x_wconf 88' lang='lat' dir='ltr'>vo-</span> 
     </span>
     <span class='ocr_line' id='line_1_105' title="bbox 283 5159 1932 5282; baseline -0.002 -15"><span class='ocrx_word' id='word_1_767' title='bbox 283 5159 496 5267; x_wconf 76' lang='lat' dir='ltr'>lpuntati</span> <span class='ocrx_word' id='word_1_768' title='bbox 529 5211 662 5282; x_wconf 89' lang='lat' dir='ltr'>plus</span> <span class='ocrx_word' id='word_1_769' title='bbox 687 5215 848 5281; x_wconf 85' lang='lat' dir='ltr'>justo</span> <span class='ocrx_word' id='word_1_770' title='bbox 881 5212 1145 5267; x_wconf 88' lang='lat' dir='ltr'>videatur</span> <span class='ocrx_word' id='word_1_771' title='bbox 1175 5210 1526 5275; x_wconf 90' lang='lat' dir='ltr'>tribuere,ut</span> <span class='ocrx_word' id='word_1_772' title='bbox 1558 5209 1732 5265; x_wconf 82' lang='lat' dir='ltr'>fidem</span> <span class='ocrx_word' id='word_1_773' title='bbox 1762 5209 1932 5266; x_wconf 89' lang='lat' dir='ltr'>liberi</span> 
     </span>
    </p>
   </div>
   <div class='ocr_carea' id='block_1_105' title="bbox 287 5282 1933 5354">
    <p class='ocr_par' dir='ltr' id='par_1_105' title="bbox 287 5282 1933 5354">
     <span class='ocr_line' id='line_1_106' title="bbox 287 5282 1933 5354; baseline -0.001 -16"><span class='ocrx_word' id='word_1_774' title='bbox 287 5282 510 5339; x_wconf 87' lang='lat' dir='ltr'>arbitrii</span> <span class='ocrx_word' id='word_1_775' title='bbox 545 5282 787 5354; x_wconf 70' lang='lat' dir='ltr'>illiesam</span> <span class='ocrx_word' id='word_1_776' title='bbox 816 5287 1020 5340; x_wconf 88' lang='lat' dir='ltr'>servet.</span> <span class='ocrx_word' id='word_1_777' title='bbox 1072 5282 1205 5336; x_wconf 90' lang='lat' dir='ltr'>Erat</span> <span class='ocrx_word' id='word_1_778' title='bbox 1245 5283 1402 5337; x_wconf 88' lang='lat' dir='ltr'>enim</span> <span class='ocrx_word' id='word_1_779' title='bbox 1463 5285 1600 5336; x_wconf 88' lang='lat' dir='ltr'>tunc</span> <span class='ocrx_word' id='word_1_780' title='bbox 1653 5283 1933 5354; x_wconf 87' lang='lat' dir='ltr'>temporis</span> 
     </span>
    </p>
   </div>
   <div class='ocr_carea' id='block_1_106' title="bbox 287 5353 1927 5427">
    <p class='ocr_par' dir='ltr' id='par_1_106' title="bbox 287 5353 1927 5427">
     <span class='ocr_line' id='line_1_107' title="bbox 287 5353 1927 5427; baseline -0.001 -18"><span class='ocrx_word' id='word_1_781' title='bbox 287 5353 585 5427; x_wconf 86' lang='lat' dir='ltr'>quoddam</span> <span class='ocrx_word' id='word_1_782' title='bbox 614 5353 789 5410; x_wconf 87' lang='lat' dir='ltr'>veluti</span> <span class='ocrx_word' id='word_1_783' title='bbox 815 5354 1192 5427; x_wconf 87' lang='lat' dir='ltr'>proverbium</span> <span class='ocrx_word' id='word_1_784' title='bbox 1222 5395 1236 5419; x_wconf 95' lang='lat'>,</span> <span class='ocrx_word' id='word_1_785' title='bbox 1293 5354 1431 5409; x_wconf 83' lang='lat' dir='ltr'>Velle</span> <span class='ocrx_word' id='word_1_786' title='bbox 1479 5355 1731 5427; x_wconf 64' lang='lat' dir='ltr'>nostram</span> <span class='ocrx_word' id='word_1_787' title='bbox 1787 5357 1927 5427; x_wconf 63' lang='lat' dir='ltr'>est:</span> 
     </span>
    </p>
   </div>
   <div class='ocr_carea' id='block_1_107' title="bbox 288 5423 1931 5496">
    <p class='ocr_par' dir='ltr' id='par_1_107' title="bbox 288 5423 1931 5496">
     <span class='ocr_line' id='line_1_108' title="bbox 288 5423 1931 5496; baseline 0.001 -15"><span class='ocrx_word' id='word_1_788' title='bbox 288 5423 445 5482; x_wconf 80' lang='lat' dir='ltr'>unde</span> <span class='ocrx_word' id='word_1_789' title='bbox 474 5432 530 5480; x_wconf 89' lang='lat' dir='ltr'>et</span> <span class='ocrx_word' id='word_1_790' title='bbox 559 5425 616 5480; x_wconf 89' lang='lat' dir='ltr'>in</span> <span class='ocrx_word' id='word_1_791' title='bbox 648 5423 928 5481; x_wconf 25' lang='lat' dir='ltr'>anecd’otu</span> <span class='ocrx_word' id='word_1_792' title='bbox 959 5427 1214 5496; x_wconf 88' lang='lat' dir='ltr'>quodam</span> <span class='ocrx_word' id='word_1_793' title='bbox 1263 5441 1529 5481; x_wconf 88' lang='lat' dir='ltr'>sermone</span> <span class='ocrx_word' id='word_1_794' title='bbox 1557 5423 1628 5479; x_wconf 92' lang='lat' dir='ltr'>de</span> <span class='ocrx_word' id='word_1_795' title='bbox 1658 5425 1931 5496; x_wconf 79' lang='lat' dir='ltr'>Symbolo</span> 
     </span>
    </p>
   </div>
   <div class='ocr_carea' id='block_1_108' title="bbox 286 5496 1931 5554">
    <p class='ocr_par' dir='ltr' id='par_1_108' title="bbox 286 5496 1931 5554">
     <span class='ocr_line' id='line_1_109' title="bbox 286 5496 1931 5554; baseline 0.002 -2"><span class='ocrx_word' id='word_1_796' title='bbox 286 5497 347 5552; x_wconf 91' lang='lat' dir='ltr'>in</span> <span class='ocrx_word' id='word_1_797' title='bbox 379 5497 811 5554; x_wconf 88' lang='lat' dir='ltr'>Veronensibus</span> <span class='ocrx_word' id='word_1_798' title='bbox 865 5497 1223 5553; x_wconf 89' lang='lat' dir='ltr'>membranis</span> <span class='ocrx_word' id='word_1_799' title='bbox 1259 5514 1271 5552; x_wconf 91' lang='lat'><strong>:</strong></span> <span class='ocrx_word' id='word_1_800' title='bbox 1306 5519 1333 5546; x_wconf 87' lang='grc'>‹‹</span> <span class='ocrx_word' id='word_1_801' title='bbox 1368 5496 1606 5553; x_wconf 79' lang='lat' dir='ltr'>Etiamsi</span> <span class='ocrx_word' id='word_1_802' title='bbox 1650 5496 1795 5552; x_wconf 78' lang='lat' dir='ltr'>Velle</span> <span class='ocrx_word' id='word_1_803' title='bbox 1829 5515 1931 5554; x_wconf 90' lang='lat' dir='ltr'>no-</span> 
     </span>
    </p>
   </div>
   <div class='ocr_carea' id='block_1_109' title="bbox 291 5567 1930 5641">
    <p class='ocr_par' dir='ltr' id='par_1_109' title="bbox 291 5567 1930 5641">
     <span class='ocr_line' id='line_1_110' title="bbox 291 5567 1930 5641; baseline 0.001 -18"><span class='ocrx_word' id='word_1_804' title='bbox 291 5576 480 5641; x_wconf 84' lang='lat' dir='ltr'>strum</span> <span class='ocrx_word' id='word_1_805' title='bbox 503 5573 612 5637; x_wconf 89' lang='lat' dir='ltr'>est,</span> <span class='ocrx_word' id='word_1_806' title='bbox 643 5567 918 5641; x_wconf 72' lang='lat' dir='ltr'>perlicere</span> <span class='ocrx_word' id='word_1_807' title='bbox 969 5573 1162 5641; x_wconf 83' lang='lat' dir='ltr'>tamen</span> <span class='ocrx_word' id='word_1_808' title='bbox 1207 5568 1332 5641; x_wconf 85' lang='lat' dir='ltr'>sine</span> <span class='ocrx_word' id='word_1_809' title='bbox 1380 5567 1477 5624; x_wconf 91' lang='lat' dir='ltr'>illo</span> <span class='ocrx_word' id='word_1_810' title='bbox 1511 5567 1667 5641; x_wconf 83' lang='lat' dir='ltr'>(Deo)</span> <span class='ocrx_word' id='word_1_811' title='bbox 1689 5587 1814 5641; x_wconf 85' lang='lat' dir='ltr'>non</span> <span class='ocrx_word' id='word_1_812' title='bbox 1847 5570 1930 5626; x_wconf 88' lang='lat' dir='ltr'>in-</span> 
     </span>
    </p>
   </div>
   <div class='ocr_carea' id='block_1_110' title="bbox 287 5639 1932 5707">
    <p class='ocr_par' dir='ltr' id='par_1_110' title="bbox 287 5639 1932 5707">
     <span class='ocr_line' id='line_1_111' title="bbox 287 5639 1932 5707; baseline 0.001 -11"><span class='ocrx_word' id='word_1_813' title='bbox 287 5640 576 5696; x_wconf 89' lang='lat' dir='ltr'>venimus.</span> <span class='ocrx_word' id='word_1_814' title='bbox 613 5663 642 5689; x_wconf 84' lang='lat'><strong><em>»</em></strong></span> <span class='ocrx_word' id='word_1_815' title='bbox 683 5639 958 5707; x_wconf 83' lang='lat' dir='ltr'>Hilarius,</span> <span class='ocrx_word' id='word_1_816' title='bbox 1021 5640 1079 5695; x_wconf 92' lang='lat' dir='ltr'>in</span> <span class='ocrx_word' id='word_1_817' title='bbox 1132 5639 1283 5698; x_wconf 87' lang='lat' dir='ltr'>Psal.</span> <span class='ocrx_word' id='word_1_818' title='bbox 1332 5639 1553 5696; x_wconf 25' lang='lat' dir='ltr'>cxvm‘:</span> <span class='ocrx_word' id='word_1_819' title='bbox 1588 5640 1932 5698; x_wconf 82' lang='lat' dir='ltr'>«Voluntas</span> 
     </span>
    </p>
   </div>
   <div class='ocr_carea' id='block_1_111' title="bbox 288 5711 1932 5787">
    <p class='ocr_par' dir='ltr' id='par_1_111' title="bbox 288 5711 1932 5787">
     <span class='ocr_line' id='line_1_112' title="bbox 288 5711 1932 5787; baseline 0.002 -17"><span class='ocrx_word' id='word_1_820' title='bbox 288 5718 488 5770; x_wconf 88' lang='lat' dir='ltr'>nostra</span> <span class='ocrx_word' id='word_1_821' title='bbox 515 5711 820 5787; x_wconf 89' lang='lat' dir='ltr'>proprium</span> <span class='ocrx_word' id='word_1_822' title='bbox 845 5727 918 5770; x_wconf 89' lang='lat' dir='ltr'>ex</span> <span class='ocrx_word' id='word_1_823' title='bbox 941 5727 1005 5770; x_wconf 90' lang='lat' dir='ltr'>se</span> <span class='ocrx_word' id='word_1_824' title='bbox 1035 5711 1250 5770; x_wconf 90' lang='lat' dir='ltr'>habere</span> <span class='ocrx_word' id='word_1_825' title='bbox 1282 5713 1547 5785; x_wconf 89' lang='lat' dir='ltr'>debet,ut</span> <span class='ocrx_word' id='word_1_826' title='bbox 1573 5713 1713 5772; x_wconf 88' lang='lat' dir='ltr'>velit</span> <span class='ocrx_word' id='word_1_827' title='bbox 1739 5729 1752 5770; x_wconf 88' lang='lat'><strong>:</strong></span> <span class='ocrx_word' id='word_1_828' title='bbox 1777 5713 1932 5773; x_wconf 87' lang='lat' dir='ltr'>Deus</span> 
     </span>
    </p>
   </div>
   <div class='ocr_carea' id='block_1_112' title="bbox 2047 4703 3708 4784">
    <p class='ocr_par' dir='ltr' id='par_1_112' title="bbox 2047 4703 3708 4784">
     <span class='ocr_line' id='line_1_113' title="bbox 2047 4703 3708 4784; baseline -0.006 -16"><span class='ocrx_word' id='word_1_829' title='bbox 2047 4710 2346 4784; x_wconf 75' lang='lat' dir='ltr'>perﬁcere,</span> <span class='ocrx_word' id='word_1_830' title='bbox 2368 4729 2398 4784; x_wconf 83' lang='lat'>»_</span> <span class='ocrx_word' id='word_1_831' title='bbox 2427 4712 2540 4762; x_wconf 90' lang='lat' dir='ltr'>etc.</span> <span class='ocrx_word' id='word_1_832' title='bbox 2575 4703 2982 4784; x_wconf 70' lang='lat' dir='ltr'>Deniqueipse</span> <span class='ocrx_word' id='word_1_833' title='bbox 2997 4703 3317 4784; x_wconf 44' lang='lat' dir='ltr'>&quot;Augustin.</span> <span class='ocrx_word' id='word_1_834' title='bbox 3335 4703 3395 4784; x_wconf 83' lang='lat' dir='ltr'>in</span> <span class='ocrx_word' id='word_1_835' title='bbox 3418 4704 3708 4784; x_wconf 50' lang='lat' dir='ltr'>Enchirid&#39;</span> 
     </span>
    </p>
   </div>
   <div class='ocr_carea' id='block_1_113' title="bbox 2043 4774 3712 4851">
    <p class='ocr_par' dir='ltr' id='par_1_113' title="bbox 2043 4774 3712 4851">
     <span class='ocr_line' id='line_1_114' title="bbox 2043 4774 3712 4851; baseline -0.005 -13"><span class='ocrx_word' id='word_1_836' title='bbox 2043 4774 2096 4838; x_wconf 76' lang='grc' dir='ltr'>ὀ.</span> <span class='ocrx_word' id='word_1_837' title='bbox 2126 4783 2217 4850; x_wconf 82' lang='lat'>32,</span> <span class='ocrx_word' id='word_1_838' title='bbox 2251 4774 2350 4851; x_wconf 79' lang='lat' dir='ltr'>qui</span> <span class='ocrx_word' id='word_1_839' title='bbox 2385 4778 2537 4851; x_wconf 88' lang='lat' dir='ltr'>han_c</span> <span class='ocrx_word' id='word_1_840' title='bbox 2569 4774 2821 4851; x_wconf 73' lang='lat' dir='ltr'>sentiam</span> <span class='ocrx_word' id='word_1_841' title='bbox 2855 4774 3126 4831; x_wconf 52' lang='lat' dir='ltr'>mirifice</span> <span class='ocrx_word' id='word_1_842' title='bbox 3153 4774 3421 4851; x_wconf 74' lang='lat' dir='ltr'>explicat</span> <span class='ocrx_word' id='word_1_843' title='bbox 3465 4793 3477 4830; x_wconf 91' lang='lat'><strong>:</strong></span> <span class='ocrx_word' id='word_1_844' title='bbox 3523 4776 3712 4851; x_wconf 84' lang='lat' dir='ltr'>«_To-</span> 
     </span>
    </p>
   </div>
   <div class='ocr_carea' id='block_1_114' title="bbox 2043 4845 3710 4922">
    <p class='ocr_par' dir='ltr' id='par_1_114' title="bbox 2043 4845 3710 4922">
     <span class='ocr_line' id='line_1_115' title="bbox 2043 4845 3710 4922; baseline -0.004 -13"><span class='ocrx_word' id='word_1_845' title='bbox 2043 4845 2445 4922; x_wconf 62' lang='lat' dir='ltr'>tum,&quot;inquit,</span> <span class='ocrx_word' id='word_1_846' title='bbox 2482 4849 2597 4904; x_wconf 91' lang='lat' dir='ltr'>Deo</span> <span class='ocrx_word' id='word_1_847' title='bbox 2630 4848 2890 4904; x_wconf 85' lang='lat' dir='ltr'>dandum</span> <span class='ocrx_word' id='word_1_848' title='bbox 2923 4852 3036 4922; x_wconf 81' lang='lat' dir='ltr'>est,</span> <span class='ocrx_word' id='word_1_849' title='bbox 3071 4845 3457 4922; x_wconf 73' lang='lat' dir='ltr'>quihominis</span> <span class='ocrx_word' id='word_1_850' title='bbox 3494 4845 3710 4922; x_wconf 75' lang='lat' dir='ltr'>volun-</span> 
     </span>
    </p>
   </div>
   <div class='ocr_carea' id='block_1_115' title="bbox 2042 4919 3704 5002">
    <p class='ocr_par' dir='ltr' id='par_1_115' title="bbox 2042 4919 3704 5002">
     <span class='ocr_line' id='line_1_116' title="bbox 2042 4919 3704 5002; baseline -0.004 -22"><span class='ocrx_word' id='word_1_851' title='bbox 2042 4930 2223 4980; x_wconf 86' lang='lat' dir='ltr'>tatem</span> <span class='ocrx_word' id='word_1_852' title='bbox 2258 4919 2561 5002; x_wconf 39' lang='lat' dir='ltr'>bo—namnet</span> <span class='ocrx_word' id='word_1_853' title='bbox 2591 4924 2882 5002; x_wconf 62' lang='lat' dir='ltr'>praeparat</span> <span class='ocrx_word' id='word_1_854' title='bbox 2909 4919 3342 5002; x_wconf 47' lang='lat' dir='ltr'>adjuvandqm,</span> <span class='ocrx_word' id='word_1_855' title='bbox 3375 4924 3435 4975; x_wconf 87' lang='lat' dir='ltr'>et</span> <span class='ocrx_word' id='word_1_856' title='bbox 3448 4919 3704 5002; x_wconf 62' lang='lat' dir='ltr'>adjuvat</span> 
     </span>
    </p>
   </div>
   <div class='ocr_carea' id='block_1_116' title="bbox 2045 4991 3706 5070">
    <p class='ocr_par' dir='ltr' id='par_1_116' title="bbox 2045 4991 3706 5070">
     <span class='ocr_line' id='line_1_117' title="bbox 2045 4991 3706 5070; baseline -0.002 -19"><span class='ocrx_word' id='word_1_857' title='bbox 2045 4999 2449 5070; x_wconf 68' lang='lat' dir='ltr'>prteparatam.</span> <span class='ocrx_word' id='word_1_858' title='bbox 2480 4991 2761 5070; x_wconf 65' lang='lat' dir='ltr'>Precedit</span> <span class='ocrx_word' id='word_1_859' title='bbox 2785 4993 2943 5047; x_wconf 89' lang='lat' dir='ltr'>enim</span> <span class='ocrx_word' id='word_1_860' title='bbox 2969 4993 3121 5070; x_wconf 76' lang='lat' dir='ltr'>bona</span> <span class='ocrx_word' id='word_1_861' title='bbox 3147 4991 3418 5047; x_wconf 83' lang='lat' dir='ltr'>voluntas</span> <span class='ocrx_word' id='word_1_862' title='bbox 3441 4991 3706 5070; x_wconf 68' lang='lat' dir='ltr'>hominis</span> 
     </span>
    </p>
   </div>
   <div class='ocr_carea' id='block_1_117' title="bbox 2045 5062 3702 5135">
    <p class='ocr_par' dir='ltr' id='par_1_117' title="bbox 2045 5062 3702 5135">
     <span class='ocr_line' id='line_1_118' title="bbox 2045 5062 3702 5135; baseline -0.003 -10"><span class='ocrx_word' id='word_1_863' title='bbox 2045 5062 2231 5125; x_wconf 75' lang='lat' dir='ltr'>inulta</span> <span class='ocrx_word' id='word_1_864' title='bbox 2266 5066 2355 5121; x_wconf 91' lang='lat' dir='ltr'>Dei</span> <span class='ocrx_word' id='word_1_865' title='bbox 2392 5065 2565 5131; x_wconf 89' lang='lat' dir='ltr'>dona,</span> <span class='ocrx_word' id='word_1_866' title='bbox 2600 5065 2700 5120; x_wconf 90' lang='lat' dir='ltr'>sed</span> <span class='ocrx_word' id='word_1_867' title='bbox 2733 5081 2852 5120; x_wconf 89' lang='lat' dir='ltr'>non</span> <span class='ocrx_word' id='word_1_868' title='bbox 2907 5062 3142 5129; x_wconf 87' lang='lat' dir='ltr'>omnia;</span> <span class='ocrx_word' id='word_1_869' title='bbox 3179 5079 3308 5135; x_wconf 71' lang='lat' dir='ltr'>quae</span> <span class='ocrx_word' id='word_1_870' title='bbox 3355 5066 3552 5120; x_wconf 87' lang='lat' dir='ltr'>autem</span> <span class='ocrx_word' id='word_1_871' title='bbox 3586 5079 3702 5120; x_wconf 86' lang='lat' dir='ltr'>non</span> 
     </span>
    </p>
   </div>
   <div class='ocr_carea' id='block_1_118' title="bbox 2043 5135 3148 5214">
    <p class='ocr_par' dir='ltr' id='par_1_118' title="bbox 2043 5135 3148 5214">
     <span class='ocr_line' id='line_1_119' title="bbox 2043 5135 3148 5214; baseline -0.005 -19"><span class='ocrx_word' id='word_1_872' title='bbox 2043 5139 2314 5214; x_wconf 56' lang='lat' dir='ltr'>praecedit</span> <span class='ocrx_word' id='word_1_873' title='bbox 2345 5138 2491 5214; x_wconf 89' lang='lat' dir='ltr'>i_p_sa_,</span> <span class='ocrx_word' id='word_1_874' title='bbox 2520 5136 2579 5191; x_wconf 92' lang='lat' dir='ltr'>in</span> <span class='ocrx_word' id='word_1_875' title='bbox 2610 5136 2694 5191; x_wconf 89' lang='lat' dir='ltr'>eis</span> <span class='ocrx_word' id='word_1_876' title='bbox 2726 5139 2817 5214; x_wconf 81' lang='lat' dir='ltr'>est</span> <span class='ocrx_word' id='word_1_877' title='bbox 2844 5135 3084 5214; x_wconf 83' lang='lat' dir='ltr'>e_t__ipsa.</span> <span class='ocrx_word' id='word_1_878' title='bbox 3120 5156 3148 5183; x_wconf 84' lang='grc'><strong>››</strong></span> 
     </span>
    </p>
   </div>
   <div class='ocr_carea' id='block_1_119' title="bbox 2107 5206 3705 5279">
    <p class='ocr_par' dir='ltr' id='par_1_119' title="bbox 2107 5206 3705 5279">
     <span class='ocr_line' id='line_1_120' title="bbox 2107 5206 3705 5279; baseline -0.003 -12"><span class='ocrx_word' id='word_1_879' title='bbox 2107 5213 2134 5246; x_wconf 75' lang='grc'>³</span> <span class='ocrx_word' id='word_1_880' title='bbox 2167 5211 2327 5267; x_wconf 89' lang='lat' dir='ltr'>Unus</span> <span class='ocrx_word' id='word_1_881' title='bbox 2356 5206 2568 5273; x_wconf 82' lang='lat' dir='ltr'>Vatic,</span> <span class='ocrx_word' id='word_1_882' title='bbox 2593 5210 2839 5264; x_wconf 76' lang='lat' dir='ltr'>cessavit.</span> <span class='ocrx_word' id='word_1_883' title='bbox 2866 5206 3091 5279; x_wconf 88' lang='lat' dir='ltr'>Vitiose</span> <span class='ocrx_word' id='word_1_884' title='bbox 3123 5210 3318 5263; x_wconf 89' lang='lat' dir='ltr'>autem</span> <span class='ocrx_word' id='word_1_885' title='bbox 3345 5221 3524 5279; x_wconf 83' lang='lat' dir='ltr'>penes</span> <span class='ocrx_word' id='word_1_886' title='bbox 3554 5206 3705 5264; x_wconf 89' lang='lat' dir='ltr'>Mar-</span> 
     </span>
    </p>
   </div>
   <div class='ocr_carea' id='block_1_120' title="bbox 2042 5278 3130 5361">
    <p class='ocr_par' dir='ltr' id='par_1_120' title="bbox 2042 5278 3130 5361">
     <span class='ocr_line' id='line_1_121' title="bbox 2042 5278 3130 5361; baseline -0.006 -22"><span class='ocrx_word' id='word_1_887' title='bbox 2042 5283 2190 5361; x_wconf 35' lang='lat' dir='ltr'>tia‘n1</span> <span class='ocrx_word' id='word_1_888' title='bbox 2221 5284 2342 5361; x_wconf 82' lang='lat' dir='ltr'>erat</span> <span class='ocrx_word' id='word_1_889' title='bbox 2371 5297 2507 5361; x_wconf 87' lang='lat' dir='ltr'>cum</span> <span class='ocrx_word' id='word_1_890' title='bbox 2541 5278 2945 5361; x_wconf 80' lang='lat' dir='ltr'>interrogandi</span> <span class='ocrx_word' id='word_1_891' title='bbox 2971 5282 3130 5361; x_wconf 77' lang='lat' dir='ltr'>nota.</span> 
     </span>
    </p>
   </div>
   <div class='ocr_carea' id='block_1_121' title="bbox 2111 5351 3118 5424">
    <p class='ocr_par' dir='ltr' id='par_1_121' title="bbox 2111 5351 3118 5424">
     <span class='ocr_line' id='line_1_122' title="bbox 2111 5351 3118 5424; baseline -0.003 -15"><span class='ocrx_word' id='word_1_892' title='bbox 2111 5355 2133 5388; x_wconf 84' lang='grc'>³</span> <span class='ocrx_word' id='word_1_893' title='bbox 2159 5351 2364 5410; x_wconf 87' lang='lat' dir='ltr'>Justos</span> <span class='ocrx_word' id='word_1_894' title='bbox 2393 5358 2450 5408; x_wconf 88' lang='lat' dir='ltr'>et</span> <span class='ocrx_word' id='word_1_895' title='bbox 2477 5355 2710 5408; x_wconf 88' lang='lat' dir='ltr'>sanctos</span> <span class='ocrx_word' id='word_1_896' title='bbox 2747 5351 2923 5408; x_wconf 88' lang='lat' dir='ltr'>viros.</span> <span class='ocrx_word' id='word_1_897' title='bbox 2984 5354 3118 5424; x_wconf 88' lang='lat' dir='ltr'>post</span> 
     </span>
    </p>
   </div>
   <div class='ocr_carea' id='block_1_122' title="bbox 2041 5420 3700 5496">
    <p class='ocr_par' dir='ltr' id='par_1_122' title="bbox 2041 5420 3700 5496">
     <span class='ocr_line' id='line_1_123' title="bbox 2041 5420 3700 5496; baseline -0.003 -14"><span class='ocrx_word' id='word_1_898' title='bbox 2041 5425 2290 5496; x_wconf 91' lang='lat' dir='ltr'>deditos,</span> <span class='ocrx_word' id='word_1_899' title='bbox 2343 5425 2602 5479; x_wconf 90' lang='lat' dir='ltr'>caruisse</span> <span class='ocrx_word' id='word_1_900' title='bbox 2630 5427 2884 5496; x_wconf 83' lang='lat' dir='ltr'>peccato,</span> <span class='ocrx_word' id='word_1_901' title='bbox 2937 5420 3242 5496; x_wconf 75' lang='lat' dir='ltr'>proprium</span> <span class='ocrx_word' id='word_1_902' title='bbox 3266 5424 3402 5496; x_wconf 78' lang='lat' dir='ltr'>erat</span> <span class='ocrx_word' id='word_1_903' title='bbox 3431 5420 3700 5496; x_wconf 77' lang='lat' dir='ltr'>Origenis</span> 
     </span>
    </p>
   </div>
   <div class='ocr_carea' id='block_1_123' title="bbox 2041 5492 3698 5571">
    <p class='ocr_par' dir='ltr' id='par_1_123' title="bbox 2041 5492 3698 5571">
     <span class='ocr_line' id='line_1_124' title="bbox 2041 5492 3698 5571; baseline -0.002 -17"><span class='ocrx_word' id='word_1_904' title='bbox 2041 5492 2284 5571; x_wconf 80' lang='lat' dir='ltr'>dogma,</span> <span class='ocrx_word' id='word_1_905' title='bbox 2294 5496 2369 5571; x_wconf 84' lang='lat' dir='ltr'>_in</span> <span class='ocrx_word' id='word_1_906' title='bbox 2402 5497 2554 5571; x_wconf 75' lang='lat' dir='ltr'>quod</span> <span class='ocrx_word' id='word_1_907' title='bbox 2591 5492 3135 5571; x_wconf 74' lang='lat' dir='ltr'>Pelagiusquoque</span> <span class='ocrx_word' id='word_1_908' title='bbox 3192 5492 3468 5571; x_wconf 76' lang='lat' dir='ltr'>delapsus</span> <span class='ocrx_word' id='word_1_909' title='bbox 3504 5492 3698 5571; x_wconf 41' lang='lat' dir='ltr'>.e&#39;stjn</span> 
     </span>
    </p>
   </div>
   <div class='ocr_carea' id='block_1_124' title="bbox 2042 5511 3701 5643">
    <p class='ocr_par' dir='ltr' id='par_1_124' title="bbox 2042 5511 3701 5643">
     <span class='ocr_line' id='line_1_125' title="bbox 2042 5511 3698 5622; baseline -0.002 -68"><span class='ocrx_word' id='word_1_910' title='bbox 2042 5511 2276 5571; x_wconf 85' lang='lat' dir='ltr'>dogma,</span> <span class='ocrx_word' id='word_1_911' title='bbox 2309 5513 2369 5552; x_wconf 88' lang='lat' dir='ltr'>1n</span> <span class='ocrx_word' id='word_1_912' title='bbox 2402 5511 2554 5568; x_wconf 88' lang='lat' dir='ltr'>quoa</span> <span class='ocrx_word' id='word_1_913' title='bbox 2591 5511 3135 5622; x_wconf 48' lang='lat' dir='ltr'>Pelag‘i’usiguoque</span> <span class='ocrx_word' id='word_1_914' title='bbox 3192 5511 3468 5566; x_wconf 74' lang='lat' dir='ltr'>delapsus</span> <span class='ocrx_word' id='word_1_915' title='bbox 3517 5511 3608 5550; x_wconf 63' lang='lat' dir='ltr'>es;</span> <span class='ocrx_word' id='word_1_916' title='bbox 3636 5511 3698 5550; x_wconf 88' lang='lat' dir='ltr'>m</span> 
     </span>
     <span class='ocr_line' id='line_1_126' title="bbox 2042 5563 3701 5643; baseline -0.004 -17"><span class='ocrx_word' id='word_1_917' title='bbox 2042 5569 2262 5643; x_wconf 79' lang='lat' dir='ltr'>synodo</span> <span class='ocrx_word' id='word_1_918' title='bbox 2294 5567 2771 5643; x_wconf 46' lang='lat' dir='ltr'>Diospolitana.“</span> <span class='ocrx_word' id='word_1_919' title='bbox 2800 5567 2892 5623; x_wconf 91' lang='lat' dir='ltr'>ide</span> <span class='ocrx_word' id='word_1_920' title='bbox 3071 5564 3437 5643; x_wconf 80' lang='lat' dir='ltr'>ugustinum,</span> <span class='ocrx_word' id='word_1_921' title='bbox 3477 5563 3574 5643; x_wconf 25' lang='grc' dir='ltr'>,ἀε-</span> <span class='ocrx_word' id='word_1_922' title='bbox 3607 5563 3701 5643; x_wconf 77' lang='lat' dir='ltr'>Gc-</span> 
     </span>
    </p>
   </div>
   <div class='ocr_carea' id='block_1_125' title="bbox 2036 5637 3701 5713">
    <p class='ocr_par' dir='ltr' id='par_1_125' title="bbox 2036 5637 3701 5713">
     <span class='ocr_line' id='line_1_127' title="bbox 2036 5637 3701 5713; baseline -0.003 -15"><span class='ocrx_word' id='word_1_923' title='bbox 2036 5637 2156 5698; x_wconf 77' lang='lat' dir='ltr'>stis.</span> <span class='ocrx_word' id='word_1_924' title='bbox 2194 5637 2670 5713; x_wconf 62' lang='lat' dir='ltr'>Interim&#39;Vatic.,</span> <span class='ocrx_word' id='word_1_925' title='bbox 2720 5638 3008 5713; x_wconf 73' lang='lat' dir='ltr'>Numquid</span> <span class='ocrx_word' id='word_1_926' title='bbox 3062 5637 3258 5710; x_wconf 74' lang='lat' dir='ltr'>negari</span> <span class='ocrx_word' id='word_1_927' title='bbox 3310 5639 3488 5712; x_wconf 64' lang='lat' dir='ltr'>potest</span> <span class='ocrx_word' id='word_1_928' title='bbox 3513 5637 3701 5710; x_wconf 72' lang='lat' dir='ltr'>pleri-</span> 
     </span>
    </p>
   </div>
   <div class='ocr_carea' id='block_1_126' title="bbox 2037 5713 2517 5786">
    <p class='ocr_par' dir='ltr' id='par_1_126' title="bbox 2037 5713 2517 5786">
     <span class='ocr_line' id='line_1_128' title="bbox 2037 5713 2517 5786; baseline -0.01 -13"><span class='ocrx_word' id='word_1_929' title='bbox 2037 5730 2154 5773; x_wconf 84' lang='lat' dir='ltr'>mos</span> <span class='ocrx_word' id='word_1_930' title='bbox 2172 5713 2372 5786; x_wconf 83' lang='lat' dir='ltr'>justas,</span> <span class='ocrx_word' id='word_1_931' title='bbox 2405 5714 2517 5769; x_wconf 89' lang='lat' dir='ltr'>etc.</span> 
     </span>
    </p>
   </div>
   <div class='ocr_carea' id='block_1_127' title="bbox 3173 5331 3693 5405">
    <p class='ocr_par' dir='ltr' id='par_1_127' title="bbox 3173 5331 3693 5405">
     <span class='ocr_line' id='line_1_129' title="bbox 3173 5331 3693 5405; baseline 0 -1"><span class='ocrx_word' id='word_1_932' title='bbox 3173 5349 3316 5405; x_wconf 91' lang='lat' dir='ltr'>vitia</span> <span class='ocrx_word' id='word_1_933' title='bbox 3361 5331 3693 5405; x_wconf 75' lang='lat' dir='ltr'>Virtutibus</span> 
     </span>
    </p>
   </div>
  </div>
