3966 6412
247 349 377 418 609

1101 347 1492 417 DIALOGUS
1538 350 1866 434 QQNTRA.
1891 347 2417 420 remensus.
2441 383 2520 396 -
2543 348 2690 415 LIB.
2736 347 2845 415 ιιι.

3536 355 3660 425 610

251 505 278 533 ‹‹
311 483 475 542 Beati
507 485 733 544 mundo
761 487 954 554 corde,
978 487 1256 560 quoniam
1277 487 1389 559 ipsi
1415 492 1597 543 Deum
1618 487 1898 544 videbunt
1926 487 1981 553 Α
2013 501 2232 557 quaero,
2301 489 2610 544 contentus
2673 504 2806 544 sum
2872 486 3155 547 beneficio
3220 490 3377 563 quod
3402 545 3407 551 ,
3435 493 3656 564 accepi,

248 573 462 645 (Matth.
492 592 550 642 ν,
577 578 636 646 8(
661 594 674 644 ;
712 598 740 627 ››
771 580 828 632 et
854 594 868 632 :
903 600 931 626 «
965 576 1125 635 Beati
1157 576 1521 633 immaculati
1553 576 1610 631 in
1644 576 1756 641 via,
1799 575 1900 647 qui

256 662 567 722 ambulant
597 665 656 720 in
689 664 817 738 lege
845 665 1076 721 Domini
1103 666 1274 736 (Psat.
1299 681 1492 733 cxvm,
1532 666 1578 736 1)
1604 684 1618 732 ;
1651 688 1684 714 ››
1719 669 1779 721 et
1804 663 1901 720 Dei

249 750 548 824 loquentis
599 753 672 811 ad
729 752 1065 812 Abraham:
1118 775 1145 803 ‹‹
1195 757 1312 826 Ego
1371 769 1503 810 sum
1557 753 1712 808 Deus
1738 757 1900 820 tuus,

253 837 478 913 placato
529 841 591 900 in
635 846 959 915 conspectu
1011 859 1162 910 meo,
1211 848 1269 900 et
1315 847 1438 898 esto
1483 842 1612 898 sine
1649 840 1900 906 macula,

252 927 347 986 vel
392 929 648 1003 querela,
695 936 752 988 et
796 949 1011 1005 ponam
1060 936 1478 988 testamentum
1510 947 1708 988 meum
1751 930 1905 988 inter

253 1033 349 1074 me
374 1022 431 1075 et
459 1023 536 1088 te,
560 1023 618 1077 et
641 1019 1044 1093 multiplicabo
1065 1024 1123 1077 te
1144 1020 1322 1077 nimis
1345 1022 1501 1089 (Gen.
1529 1035 1666 1089 xvu,
1703 1021 1806 1091 ιβ)
1832 1019 1844 1073 l
1874 1040 1900 1067 ›ι

251 1106 311 1160 Si
361 1105 518 1163 enim
569 1123 684 1163 non
725 1111 914 1180 potest
956 1107 1085 1164 ﬁeri
1133 1109 1286 1179 quod
1308 1108 1606 1180 Scriptura
1635 1111 1900 1174 testatur,

255 1197 476 1253 frustra
506 1196 780 1270 pracepit
827 1201 894 1254 ut
941 1198 1126 1256 ﬁeret.
1157 1199 1198 1252 Α
1268 1197 1517 1254 Diversis
1548 1198 1904 1255 testimoniis

251 1283 690 1357 Scripturarum
723 1287 990 1343 eamdem
1032 1287 1418 1358 qumstionem
1463 1287 1604 1343 teris
1651 1287 1712 1343 in
1743 1287 1904 1344 thea-

251 1374 436 1434 trales
449 1373 797 1448 praestigias,
812 1392 939 1448 quis
961 1393 1147 1434 unum
1169 1376 1560 1447 eamdemque
1582 1375 1902 1443 hominem,

252 1477 642 1536 personarum
672 1464 951 1522 vari-etate
981 1469 1226 1533 mutata,
1261 1465 1321 1520 in
1333 1469 1577 1522 Martem
1599 1465 1907 1522 Venerem-

255 1568 371 1625 que
398 1553 732 1624 producunt
756 1570 768 1610 :
802 1558 869 1610 ut
899 1554 1001 1627 qui
1033 1555 1197 1628 prius
1219 1555 1446 1628 rigidus
1466 1559 1524 1611 et
1539 1554 1907 1614 truculentus

256 1641 594 1711 incesserat,
627 1646 832 1715 postea
862 1642 1192 1701 solvaturin
1226 1643 1530 1700 mollitiem
1555 1645 1904 1702 feminarum

257 1735 382 1788 Hoc
409 1731 565 1788 enim
597 1733 753 1806 quod
785 1750 940 1792 nunc
971 1734 1138 1805 quasi
1174 1749 1388 1790 novum
1419 1734 1658 1806 objicis:
1688 1758 1718 1791 «.
1739 1735 1906 1794 Beati

255 1821 478 1884 mundo
492 1821 723 1890 corde,»
736 1823 1015 1890 et,«Beati
1033 1822 1471 1880 immaculatiin
1485 1823 1572 1879 via
1585 1847 1629 1890 ,ι
1649 1825 1906 1892 et,«Esto

257 1910 387 1969 sine
407 1909 660 1978 macula,
680 1933 708 1962 »
729 1915 785 1968 et
815 1917 1021 1969 caetera
1040 1912 1470 1984 hujuscemodi,
1495 1912 1773 1985 Apostolo
1795 1931 1908 1973 res-

257 2001 554 2074 pondente
583 2000 914 2058 convictum
931 2007 1041 2071 est,
1064 2025 1092 2053 ‹‹
1113 2006 1179 2058 Et
1199 2018 1266 2058 ex
1290 2007 1452 2074 parte
1473 2003 1902 2076 cognoscimus,

265 2095 326 2146 et
340 2104 412 2146 ex
431 2094 596 2162 parte
615 2090 1060 2164 prophetamus;
1092 2114 1120 2143 ››
1159 2091 1308 2149 796
1333 2097 1410 2158 et,
1432 2115 1450 2143 ι
1479 2091 1645 2148 Nunc
1661 2109 1766 2165 per
1781 2110 1907 2165 spe-

259 2178 463 2237 culum
493 2178 846 2236 videmusin
896 2179 1242 2253 aenigmate;
1277 2197 1408 2238 cum
1462 2185 1657 2239 autem
1687 2182 1910 2239 venerit

254 2269 415 2341 quod
447 2269 770 2340 perfectum
799 2274 908 2337 est,
959 2270 1017 2326 id
1063 2271 1217 2342 quod
1259 2286 1326 2328 ex
1371 2274 1534 2343 parte
1573 2271 1765 2328 fuerat
1802 2274 1906 2329 de-

254 2361 522 2414 struetur
551 2358 599 2431 (ι
628 2357 749 2415 Cor.
797 2376 922 2427 xm,
954 2360 1008 2424 9,
1060 2359 1171 2431 4.0).
1207 2381 1234 2410 ››
1265 2360 1335 2415 Et
1393 2361 1684 2417 mundum
1728 2360 1908 2434 igitur

255 2464 380 2517 cor,
412 2447 567 2520 quod
593 2451 794 2520 postea
824 2448 903 2505 sit
937 2448 1206 2505 visurum
1237 2453 1442 2516 Deum,
1493 2453 1550 2506 et
1586 2449 1908 2506 beatitudi-

255 2553 398 2594 nem
419 2537 550 2594 vitae
582 2537 994 2603 immaculata,
1027 2543 1084 2594 et
1106 2537 1549 2596 immaculatum
1576 2555 1711 2596 cum
1733 2540 1910 2598 Abra-

254 2626 400 2683 ham
454 2625 664 2692 vivere,
723 2625 784 2683 in
841 2629 1054 2684 umbra
1108 2627 1482 2700 possidemus
1516 2633 1574 2684 et
1628 2629 1906 2703 imagine.

256 2715 540 2781 Quamvis
570 2714 787 2788 aliquis
818 2716 1153 2789 patriarcha
1183 2717 1280 2788 sit,
1306 2717 1572 2790 quamvis
1604 2720 1906 2792 propheta,

256 2805 536 2878 quamvis
563 2805 886 2877 apostolus,
937 2806 1153 2862 dicitur
1198 2806 1284 2863 eis
1330 2806 1390 2863 in
1441 2807 1688 2864 Domino
1714 2809 1908 2866 Salva-

256 2899 424 2952 tore:
461 2915 492 2945 α
522 2893 582 2950 Si
611 2911 713 2952 vos
763 2912 898 2952 cum
930 2894 1066 2952 sitis
1094 2895 1256 2965 mali,
1291 2896 1455 2953 scitis
1492 2897 1643 2953 bona
1673 2898 1815 2954 dare
1844 2899 1907 2954 ﬁ-

257 2983 360 3040 liis
385 2983 616 3053 vestris,
649 2989 869 3057 quanto
900 2986 1090 3058 magis
1121 2989 1290 3042 Pater
1319 2989 1508 3043 vester
1538 2986 1638 3059 qui
1671 2987 1729 3042 in
1753 2987 1911 3046 caelis

265 3076 388 3141 est,
433 3073 599 3129 dabit
644 3075 800 3132 bona
846 3075 1182 3148 petentibus
1234 3092 1297 3132 se
1327 3075 1550 3148 (Matth.
1582 3094 1682 3146 v11,
1717 3077 1848 3149 ll)?
1879 3099 1907 3129 »

254 3161 528 3234 Denique
555 3166 611 3219 et
633 3162 952 3230 Abraham,
985 3163 1077 3218 cui
1136 3163 1360 3220 dictum
1391 3169 1516 3220 est:
1548 3187 1574 3215 «
1608 3165 1744 3222 Esto
1785 3165 1912 3223 sine

2010 574 2191 638 Quem
2260 574 2483 632 occulta
2548 576 2929 648 responsione
2992 592 3246 649 arguens
3313 579 3486 649 Deus,
3535 583 3652 639 ait:

2009 664 2210 720 Etiam.
2245 663 2312 721 Et
2343 668 2432 720 est
2463 680 2710 720 sensus:
2743 665 2866 722 Fiet
2891 666 3046 737 quod
3078 667 3378 744 existimas
3411 685 3525 726 non
3567 671 3656 726 (ιι-ο

2011 757 2234 812 turum.
2269 753 2412 810 Sara
2440 770 2584 811 uxor
2615 758 2716 812 tua
2745 755 2933 828 pariet
2979 755 3086 812 tibi
3133 756 3343 829 ﬁlium,
3396 764 3452 816 et
3491 765 3658 818 ante-

2012 857 2189 913 quam
2208 841 2318 897 ista
2341 842 2648 913 concipiat,
2668 842 3014 915 priusquam
3038 844 3134 902 ille
3155 851 3450 912 nascatur,
3477 865 3656 920 puero

2012 946 2223 987 nomen
2259 930 2580 1002 imponam.
2619 932 2698 986 Ex
2722 948 2916 991 errore
2947 933 3102 992 enim
3156 938 3279 1002 tuo,
3328 953 3443 1008 quo
3474 937 3658 994 risisti

2012 1017 2247 1086 tacitus,
2282 1018 2440 1076 ﬁlius
2489 1023 2626 1076 tuus
2672 1023 2876 1088 Isaac‘,
2931 1024 3077 1078 risu:
3144 1039 3355 1082 nomen
3387 1026 3652 1099 accipiet.

2012 1106 2110 1163 Sin
2141 1111 2336 1165 autem
2369 1109 2441 1164 ab
2473 1108 2567 1167 his
2596 1109 2696 1180 qui
2729 1115 2869 1166 sunt
2892 1113 3116 1170 mundo
3144 1114 3316 1169 corde
3336 1114 3394 1170 in
3418 1115 3528 1172 hoc
3557 1134 3660 1172 sas-

2013 1195 2165 1264 culo,
2197 1200 2372 1268 putas
2401 1197 2580 1254 videri
2614 1198 2820 1266 Deum,
2855 1216 3038 1272 quare
3073 1202 3217 1258 797
3279 1202 3508 1276 Moyses
3556 1208 3659 1277 qui

2014 1285 2176 1358 prius
2219 1287 2478 1343 dixerat:
2514 1311 2541 1337 ‹‹
2600 1287 2729 1344 Vidi
2762 1288 3080 1348 Dominum
3139 1290 3287 1348 facie
3317 1294 3388 1348 ad
3428 1294 3656 1362 faciem,

2013 1379 2071 1431 et
2100 1375 2261 1432 salva
2304 1377 2456 1436 facta
2501 1381 2592 1433 est
2638 1377 2838 1434 anima
2877 1395 3008 1435 mea
3058 1379 3212 1451 (Gen.
3262 1399 3438 1454 xxxn,
3483 1385 3598 1455 30),
3633 1408 3662 1434 ι)

2016 1471 2218 1537 postea
2245 1466 2613 1538 deprecatur,
2664 1472 2730 1522 ut
2774 1484 2909 1523 eum
2959 1468 3152 1532 videat
3199 1474 3678 1546 cognoscenter‘t

2016 1570 2192 1621 quem
2224 1554 2363 1627 quia
2412 1555 2634 1612 dixerat
2688 1573 2749 1612 se
2794 1556 3036 1626 vidisse,
3085 1560 3251 1616 audit
3309 1560 3662 1630 aDomino;

2017 1667 2043 1693 ‹‹
2080 1643 2203 1699 Non
2237 1648 2403 1718 potes
2430 1644 2625 1700 videre
2653 1644 2859 1703 faciem
2884 1662 3094 1705 meam.
3119 1647 3244 1704 Non
3268 1649 3425 1706 enim
3445 1651 3680 1725 videbit.

2017 1732 2196 1788 homo
2224 1732 2436 1789 faciem
2488 1749 2700 1799 meam,
2729 1737 2787 1792 et
2834 1734 2983 1791 vivet
3012 1735 3207 1806 (Exod.
3257 1754 3458 1805 XXXIII,
3488 1741 3600 1811 20).
3633 1762 3664 1789 »

2020 1822 2179 1878 Unde
2226 1826 2284 1877 et
2343 1822 2656 1894 Apostolus
2687 1824 2732 1894 (Ι
2793 1824 2926 1878 Tim.
2959 1825 3000 1895 1)
3057 1824 3412 1884 invisibilem
3469 1827 3662 1902 solum

2020 1912 2231 1977 Deum,
2307 1911 2407 1982 qui
2484 1915 2541 1967 et
2614 1910 2805 1968 lucem
2833 1912 3666 1990 habitatminaccessibile,st

2018 2017 2192 2074 quem
2223 2000 2424 2056 nullus
2453 1999 2758 2060 hominum
2791 2001 3022 2068 viderit,
3055 2019 3245 2074 neque
3274 2005 3461 2077 pos-sit
3507 2006 3665 2064 vide.

2017 2105 2098 2157 re,
2135 2088 2408 2163 appellat.
2473 2090 2542 2145 Et
2588 2090 2845 2152 Joannes
2896 2091 3262 2165 Evangelista
3311 2111 3480 2153 sacra
3528 2113 3684 2155 voce.

2017 2183 2288 2246 testatur,
2342 2179 2580 2238 dicens:
2642 2202 2668 2229 ‹‹
2721 2179 2908 2236 Deum
2957 2197 3128 2240 nemo
3177 2182 3322 2238 vidit
3378 2201 3666 2258 unquam.

2021 2268 2364 2341 Unigenitus
2395 2267 2600 2336 Filius,
2635 2269 2737 2340 qui
2767 2273 2856 2325 est
2885 2269 2943 2330 in
2975 2270 3110 2326 sinu
3141 2271 3356 2340 Patris,
3384 2273 3510 2345 ipse
3541 2292 3671 2334 nar-.

2019 2358 2169 2414 ravit
2213 2360 2392 2426 (Joan.
2443 2375 2483 2424 1,
2536 2358 2671 2428 48).,
2714 2380 2742 2406 »
2791 2357 2898 2422 Qui
2950 2358 3125 2429 videt,
3175 2364 3233 2414 et
3278 2366 3498 2430 narrat,
3548 2381 3670 2421 non.

2020 2452 2279 2520 quantus
2308 2449 2398 2504 est
2425 2445 2524 2503 ille
2555 2446 2654 2517 qui
2686 2446 2848 2503 visus
2879 2450 2987 2514 est,
3020 2463 3127 2504 nec
3177 2453 3468 2519 quantum
3507 2453 3668 2516 novit

2017 2536 2114 2594 ille
2164 2537 2264 2608 qui
2311 2540 2555 2592 narrat:
2609 2536 2710 2592 sed
2760 2541 3048 2609 quantum
3099 2542 3263 2609 potes
3325 2539 3664 2598 mortalium

2020 2642 2232 2683 sensus
2263 2625 2545 2698 accipere.

2094 2716 2181 2772 i3.
2238 2717 2373 2771 Vera
2418 2715 2680 2788 perfectio
2739 2718 2800 2771 in
2855 2716 3158 2773 caelestibus
3217 2726 3548 2776 reservatur.
3597 2749 3667 2764 -

2019 2805 2184 2869 Quod
2215 2809 2413 2862 autem
2445 2810 2620 2877 putas
2650 2807 2890 2865 beatum
2920 2821 3070 2874 esse,
3103 2806 3202 2879 qui
3225 2806 3303 2863 sit
3324 2807 3667 2868 immacula-

2018 2897 2115 2950 tus
2146 2893 2206 2949 in
2236 2893 2348 2959 via,
2382 2899 2439 2950 et
2490 2894 2751 2953 ambulet
2779 2895 2840 2950 in
2897 2894 3022 2968 lege
3077 2895 3228 2968 ejus,
3287 2913 3355 2954 ex
3391 2900 3669 2970 sequenti

2021 2999 2199 3039 sensu
2232 2983 2484 3055 priorem
2532 2983 2814 3056 intelligo.
2856 2983 3056 3040 Multis
3106 2985 3458 3064 testimoniis
3488 3005 3670 3060 supra

2021 3071 2300 3138 didicisti,
2333 3072 2518 3145 legem
2552 3072 2784 3129 nullum
2832 3072 3094 3145 potuisse
3123 3074 3432 3146 complere.
3463 3077 3520 3132 Si
3553 3094 3664 3134 au.-

2020 3164 2140 3217 tem
2170 3161 2489 3234 Apostolus
2537 3162 2609 3218 ad
2641 3161 3138 3234 comparationem
3186 3163 3387 3234 gratiae
3430 3164 3668 3232 Christi,

259 3250 526 3324 querela,
559 3255 616 3308 et
640 3252 766 3308 sine
825 3251 1076 3320 macula,
1111 3275 1139 3302 »
1172 3251 1531 3309 conscientia
1578 3252 1915 3326 fragilitatis
1941 3241 1984 3308 C
2023 3266 2147 3322 qua)
2179 3250 2342 3321 prius
2399 3249 2563 3306 lucra
2612 3249 3009 3307 arbitrabatur
3068 3250 3126 3305 in
3185 3251 3330 3323 lege,
3382 3254 3676 3326 reputavit

265 3357 397 3397 sua:
449 3339 660 3397 cecidit
715 3357 938 3413 pronus
995 3341 1056 3397 in
1114 3346 1353 3397 terram.
1386 3347 1648 3414 Cumque
1683 3342 1916 3401 loculus
2023 3340 2194 3411 quasi
2227 3343 2505 3406 stercora,
2556 3343 2622 3400 ut
2666 3339 2966 3396 Christum
3015 3339 3402 3405 lucrifaceret,
3452 3347 3671 3414 quanto

262 3433 426 3487 esset
453 3428 506 3486 ei
556 3434 749 3486 Deus:
788 3453 816 3482 «
875 3431 1038 3488 Sarai
1095 3444 1240 3488 uxor
1293 3435 1396 3487 tua
1451 3449 1566 3488 non
1613 3432 1916 3489 vocabitur
1945 3485 1947 3487 .
2022 3429 2213 3502 magis
2244 3446 2352 3485 nos
2383 3429 2534 3484 scire
2555 3429 2861 3496 debemus,
2895 3429 3024 3485 ideo
3054 3428 3274 3486 Christi
3296 3436 3352 3488 et
3377 3432 3672 3505 Evangelii

260 3517 427 3576 ultra
456 3519 641 3588 Sarni,
675 3521 778 3577 sed
809 3524 950 3576 Sara
979 3521 1093 3577 erit
1121 3538 1334 3577 nomen
1365 3523 1517 3593 ejus,
1549 3526 1608 3577 et
1628 3522 1778 3578 dabo
1808 3522 1914 3580 tibi
2023 3519 2272 3591 gratiam
2304 3519 2682 3584 successisse,
2716 3518 2858 3590 quia
2886 3518 2946 3574 in
2978 3518 3106 3592 lege
3153 3537 3327 3577 nemo
3357 3522 3672 3592 justiﬁcari

258 3625 337 3666 ex
364 3624 433 3666 ea
462 3607 673 3676 filium,
706 3614 764 3666 et
818 3610 1159 3666 benedicam
1190 3611 1240 3666 ei
1268 3611 1308 3679 ⁵,
1339 3615 1398 3666 et
1442 3610 1552 3666 erit
1596 3610 1656 3666 in
1687 3617 1912 3684 gentes,
2024 3607 2258 3680 potuit?
2287 3608 2344 3664 Si
2377 3612 2573 3664 autem
2605 3609 2704 3680 [αι.
2734 3608 2895 3681 ergo]
2928 3608 2988 3664 in
3017 3607 3144 3681 lege
3166 3609 3369 3667 nullus
3381 3610 3672 3680 justiﬁes.

257 3701 320 3755 et
353 3713 519 3771 reges
549 3698 812 3772 gentium
845 3715 916 3756 ex
943 3699 1071 3771 ipso
1101 3704 1294 3769 erunt,
1331 3723 1358 3752 »
1399 3701 1602 3756 statim
1633 3701 1912 3758 infertur:
2022 3701 2140 3766 tur,
2201 3698 2494 3770 quomodo
2556 3699 2628 3754 ad
2687 3698 3011 3770 perfectum
3073 3698 3166 3763 [αἱ.
3236 3699 3670 3770 perfectionem]

256 3810 287 3837 «
321 3787 543 3843 Cecidit
586 3788 885 3844 Abraham
930 3789 990 3843 in
1043 3789 1252 3846 faciem
1311 3807 1503 3861 suam,
1554 3789 1820 3862 risitque,
1860 3796 1918 3848 et
2024 3785 2444 3848 immaculatus
2472 3791 2562 3844 est
2594 3787 2650 3842 in
2684 3787 2794 3858 via,
2827 3786 2930 3859 qui
2962 3786 3154 3844 adhuc
3179 3787 3462 3854 ambulat,
3506 3798 3564 3842 et
3595 3790 3680 3846 ad,

257 3875 423 3933 dixit
445 3875 506 3932 in
566 3882 762 3934 mente
811 3894 956 3934 sua:
984 3877 1046 3934 Si
1077 3879 1410 3936 centenario
1433 3883 1707 3936 nascetur
1737 3880 1914 3950 filius,
2027 3876 2242 3934 calcem
2291 3875 2488 3932 venire
2539 3875 2822 3932 festinat?
2872 3879 3035 3932 Certe
3077 3877 3188 3946 qui.
3228 3875 3288 3932 in
3336 3893 3510 3933 cursu
3557 3883 3670 3949 est,

259 3969 323 4022 et
385 3964 436 4022 si
465 3965 608 4022 Sara
659 3966 981 4040 nonaginta
1035 3984 1326 4024 annorum
1360 3969 1594 4040 pariet?
1649 3969 1917 4042 Dixitque
2025 3971 2083 4022 et
2112 3966 2171 4020 in
2203 3965 2295 4021 via
2323 3965 2610 4038 graditur,
2651 3965 2845 4020 minor
2886 3970 2975 4020 est
3037 3981 3102 4020 eo
3159 3965 3259 4037 qui
3309 3965 3568 4037 pervenit
3597 3967 3670 4024 ad

259 4053 566 4111 Abraham
624 4056 696 4111 ad
754 4060 979 4112 Deum:
1041 4056 1252 4125 Ismael
1308 4058 1464 4113 vivat
1492 4058 1550 4113 in
1601 4063 1916 4131 conspectu
2027 4056 2225 4112 ﬁnem.
2254 4055 2314 4111 Si
2335 4071 2471 4128 ergo
2493 4053 2910 4110 immaculatus
2935 4052 3141 4110 estille
3161 4057 3670 4128 atqueperfectus,

261 4147 393 4200 tuo.
421 4143 525 4199 Cui
559 4145 862 4217 respondit
891 4145 1083 4202 Deus:
1133 4145 1340 4202 Etiam.
1399 4147 1543 4203 Ecce
1601 4147 1744 4203 Sara
1774 4163 1920 4203 uxor
2026 4144 2127 4217 qui
2159 4144 2350 4200 adhuc
2381 4143 2644 4200 ambulat
2678 4144 2738 4200 in
2767 4144 2880 4211 via,
2913 4148 2970 4199 et
2989 4143 3256 4216 graditur
3279 4145 3340 4200 in
3361 4144 3507 4218 lege,
3530 4145 3669 4218 quid
3699 4213 3702 4216 ἢ

255 4237 372 4291 tua
397 4235 583 4306 pariet
656 4234 762 4290 tibi
839 4234 1052 4301 tilium,
1129 4240 1186 4291 et
1237 4236 1471 4292 vocabis
1545 4252 1758 4292 nomen
1789 4237 1922 4308 ejus
2027 4233 2160 4307 plus
2192 4233 2430 4290 habebit
2458 4232 2578 4303 ille,
2611 4233 2711 4306 qui
2759 4234 2828 4288 ad
2887 4233 3207 4290 terminum
3257 4235 3358 4290 vita
3408 4233 3676 4308 legisque

255 4322 452 4390 Isaac,
488 4345 516 4372 »
573 4327 631 4379 et
686 4323 912 4398 reliqua
969 4323 1122 4395 (Gen.
1183 4341 1323 4391 xvn,
1364 4328 1426 4382 15
1481 4342 1628 4398 seqq.
1661 4325 1704 4397 ).
1753 4327 1918 4383 Certe
2027 4322 2331 4396 pervenit?
2362 4323 2528 4380 Unde
2567 4327 2624 4380 et
2668 4322 2983 4395 Apostolus
3021 4323 3092 4379 de
3142 4323 3385 4380 Domino
3415 4323 3678 4396 loquitur

251 4410 533 4469 audierat
561 4429 597 4469 a
625 4413 781 4482 Deo;
815 4436 842 4464 ‹‹
875 4417 992 4486 Ego
1025 4430 1159 4471 sum
1190 4415 1345 4472 Deus
1375 4419 1538 4484 tuus,
1591 4414 1815 4489 placato
1854 4416 1916 4472 in
2027 4414 2248 4485 (Ephes.
2300 4430 2358 4481 ν,
2405 4414 2522 4483 27),
2573 4413 2728 4485 quod
2779 4413 2840 4468 in
2889 4413 3006 4470 fine
3053 4413 3280 4481 mundi,
3343 4418 3401 4470 et
3445 4413 3506 4468 in
3536 4430 3673 4470 con-

247 4505 585 4574 conspectu
642 4519 794 4570 meo,
853 4507 910 4560 et
956 4508 1082 4560 esto
1141 4505 1270 4565 sine
1323 4503 1557 4562 macula
1586 4505 1742 4576 (Ibid.
1776 4505 1852 4576 l),
1888 4527 1915 4554 »
2028 4503 2422 4560 summatione
2497 4501 2782 4559 virtutum
2858 4502 3130 4559 exhibeat
3219 4502 3331 4558 sibi
3407 4507 3672 4558 sanctam

245 4606 448 4664 quare
479 4605 595 4650 non
623 4591 875 4649 credidit
904 4593 1061 4666 quod
1088 4594 1248 4682 Deus
1307 4594 1662 4668 repromisit,
1696 4594 1797 4650 sed
1841 4594 1918 4650 ri-
1950 4617 2002 4682 ι)
2027 4591 2372 4658 Ecclesium,
2404 4597 2520 4648 non
2576 4590 2888 4682 habentem
2949 4590 3294 4682 maculam‘,
3353 4605 3543 4663 neque
3574 4608 3675 4682 ru:

244 4681 334 4736 sit
366 4679 427 4736 in
455 4681 654 4748 corde,
686 4684 904 4754 putans
927 4699 988 4738 se
1020 4680 1208 4739 celare
1253 4683 1459 4751 Deum,
1506 4688 1563 4739 et
1611 4687 1810 4756 aperte
1836 4682 1910 4738 ri-
1950 4679 1985 4682 _
2029 4697 2184 4754 gam,
2218 4698 2396 4754 quam
2426 4697 2528 4737 vos
2559 4680 2782 4753 putatis
2805 4681 2933 4751 jam
2983 4681 3043 4736 in
3076 4681 3187 4737 ista
3235 4696 3408 4736 carne
3439 4680 3706 4752 mortali.

246 4769 399 4826 dere
427 4786 545 4826 non
606 4771 831 4828 audens
854 4772 882 4825 ‘P
941 4771 1200 4844 Denique
1242 4789 1451 4829 causas
1489 4772 1917 4828 incredulitatis
2027 4776 2083 4826 et
2113 4770 2475 4843 corruptibili
2525 4785 2656 4826 esse
2690 4770 3106 4842 perfectam,et
3135 4769 3338 4824 audire
3367 4768 3674 4825 meremini

245 4875 566 4933 exponens
593 4861 736 4916 dicit
764 4861 823 4917 in
855 4862 1029 4918 corde
1059 4878 1204 4918 suo:
1241 4863 1539 4929 Quomodo
1557 4867 1746 4934 potest
1769 4862 1915 4930 ﬁeri,
2026 4876 2160 4916 cum
2192 4859 2546 4915 Corinthiis:
2585 4881 2613 4909 «
2642 4859 2777 4914 Jam
2809 4858 3046 4931 perfecti
3091 4859 3256 4924 estis,
3309 4859 3434 4930 jam
3465 4857 3676 4914 divites

250 4953 327 5006 ut
375 4947 748 5005 centonarius
794 4950 865 5005 de
914 4950 1311 5024 nonagenaria
1357 4967 1534 5007 uxore
1582 4956 1820 5023 generet
1849 4953 1914 5008 [ἰ-
2026 4949 2161 5005 facti
2194 4949 2374 5005 estis:
2409 4948 2534 5004 sine
2565 4948 2735 5004 nobis
2766 4947 3026 5022 regnatis
3067 4945 3552 5020 [al.regnastis],
3587 4951 3676 5002 at-

245 5037 496 5095 lium'?
527 5061 553 5088 «
587 5038 776 5110 Vivat,
833 5041 1036 5113 inquit,
1096 5039 1305 5096 Ismael
1337 5041 1396 5095 in
1456 5046 1768 5112 conspectu
1816 5045 1915 5098 tuo

245 5127 417 5200 (Gen.
453 5144 594 5200 χνιι,
631 5130 740 5200 18),
780 5151 808 5179 ››
839 5146 1018 5202 quem
1037 5129 1215 5188 semel
1237 5130 1474 5186 dedisti.
1501 5130 1776 5188 Difﬁcilia
1799 5148 1916 5188 non

326 5275 346 5307 ⁸
387 5271 701 5343 Victorius,
741 5281 795 5330 et
853 5273 1170 5331 benedicam
1210 5276 1287 5341 ei,
1317 5277 1391 5330 et’
1419 5273 1556 5331 dabo
1583 5275 1689 5330 tibi
1745 5291 1815 5332 ea:
1851 5293 1918 5333 ea

291 5344 464 5428 (fune,
499 5353 551 5426 et
597 5345 916 5402 benedicam
965 5348 1036 5428 ei,
1099 5363 1224 5428 quae
1278 5345 1643 5428 priorautria
1670 5348 1846 5428 verba
1885 5365 1920 5404 θ

300 5415 554 5490 rixianis
580 5432 730 5490 mss.
779 5417 1063 5489 reposuit,
1098 5415 1295 5490 iisque
1349 5417 1527 5490 repeti
1561 5419 1915 5476 benedictio-

243 5505 368 5563 nes
401 5488 460 5543 in
491 5488 1019 5563 gebreis_quoque
1049 5488 1354 5563 codicibus
1382 5488 1631 5563 constat,
1665 5508 1915 5563 quarum

242 5560 456 5635 prima
477 5560 639 5635 Sara:
667 5560 810 5634 ipsi,
835 5560 1018 5635 altera
1047 5561 1167 5617 filio
1199 5563 1335 5635 ejus,
1355 5560 1744 5635 promittitur.

321 5634 347 5668 ³
386 5633 452 5707 in
475 5631 784 5707 hucusque
804 5633 991 5707 _edit_i_s.
1037 5631 1245 5707 pariat?
1276 5631 1481 5707 ﬁliam,
1530 5634 1916 5694 renuentibus

241 5701 557 5784 plerisque
587 5701 731 5765 mss.
766 5705 898 5764 Mox
925 5701 1136 5782 Vatlc.,
1171 5701 1437 5780 thfictlta
1465 5701 1518 5765 et
1549 5722 1765 5784 magna
1801 5724 1912 5770 non

2027 5055 2138 5113 que
2169 5039 2396 5094 utinam
2428 5037 2773 5113 regnaretis,
2795 5042 2860 5094 ut
2881 5042 2936 5094 et
2958 5053 3064 5094 nos
3086 5053 3469 5110 regnaremus
3489 5036 3677 5094 vobis-

2027 5147 2161 5186 cum
2191 5131 2240 5199 (Ι
2263 5131 2388 5186 Cor.
2425 5146 2501 5196 ιν,
2524 5130 2626 5199 8);
2674 5151 2700 5177 ››
2752 5128 2906 5184 798
2955 5144 3087 5184 cum
3146 5143 3283 5183 vera
3333 5131 3390 5182 et
3455 5126 3682 5200 absque

2064 5289 2212 5333 υέενο
2221 5317 2234 5330 .

2027 5293 2430 5402 ᾳυῖιῗζρόουίιιιιι
2460 5350 2516 5401 et
2543 5362 2688 5402 mss.
2724 5344 2969 5411 addunt,
3020 5360 3050 5400 e
3105 5344 3325 5417 quibus
3373 5361 3529 5402 unus
3567 5344 3710 5402 Περ.

2025 5418 2173 5501 gina:
2208 5434 2419 5501 nomen
2463 5422 2622 5501 Isaae
2675 5434 2788 5499 non
2838 5416 3136 5490 agnoscit.
3172 5417 3365 5482 Adito,
3415 5419 3465 5473 si
3512 5417 3710 5488 libet,.

2024 5487 2375 5563 interpretes
2405 5488 2587 5561 hujus
2610 5487 2742 5563 loci.

2096 5565 2118 5635 ἒ
2148 5560 2361 5635 Iisdem
2394 5560 2543 5635 pene
2572 5560 2764 5635 verbis
2805 5560 2957 5618 hanc
2989 5561 3199 5619 refellit
3228 5560 3676 5635 Pelagianorum

2025 5634 2384 5695 calumniam
2397 5631 2474 5692 'S.
2509 5631 2902 5707 Augustinus.
3257 5659 3266 5665 -
