3966 6402
313 352 383 412 ll
1507 351 1572 411 S.
1618 343 1931 410 EUSEBII
1978 343 2441 411 HIEHONYMI.

277 483 437 540 omni
492 480 663 540 sorde
719 483 997 556 perfectio
1057 479 1116 538 in
1174 482 1514 539 coelestibus
1579 483 1923 548 reservetur,
1956 481 2009 546 Α
2041 497 2174 536 cum
2208 499 2371 538 servo
2402 486 2502 537 tuo
2535 481 2684 552 (Psal
2713 496 2881 548 chn,
2914 481 3005 552 2);
3045 501 3070 528 ››

1783 570 1928 624 Tota
2037 571 2266 626 cabitur
2295 571 2350 626 in
2381 575 2692 642 conspectu
2726 575 2824 625 tuo
2859 569 3050 626 omnis
3094 569 3292 625 vivens
3351 569 3508 638 (Ibid.
3544 567 3618 638 4).
3656 587 3682 613 »ι

277 573 513 645 quando
575 590 830 646 sponsus
887 571 1162 644 loquetur
1215 572 1287 627 ad
1351 586 1666 642 sponsam:
1703 593 1729 617 ‹‹

275 661 522 734 pulchra
550 679 632 728 es,
694 660 882 716 amica
913 678 1062 728 mea,
1131 665 1187 715 et
1222 660 1453 714 macula
1508 676 1624 714 non
1657 662 1745 713 est
1785 657 1843 712 in
1874 663 1926 713 te

275 751 572 820 (Gant.1v,
606 750 680 821 7).
745 772 773 798 ››
815 750 990 805 Juxta
1041 749 1194 821 quod
1253 753 1310 803 et
1363 747 1505 803 illud
1539 745 1920 818 intelligitur:

275 861 305 889 «
337 839 412 895 Ut
440 839 569 896 sitis
601 837 1145 911 irreprehensibiles
1197 842 1254 893 et
1283 836 1581 909 simplices
1640 834 1791 890 sicut
1819 834 1922 889 ﬁlii

272 928 371 984 Dei
403 927 769 983 immaculati
801 927 1068 999 (Philipp.
1108 945 1177 994 ιι,
1214 929 1299 994 15)
1328 944 1340 993 ;
1376 947 1403 975 ››
1436 926 1589 996 quod
1625 941 1737 980 non
1771 923 1922 979 dixe-

272 1017 348 1072 rit
379 1017 476 1088 [αἱ.
511 1017 673 1084 dixit]
707 1019 861 1082 estis,
893 1018 994 1073 sed
1037 1017 1180 1084 sit-is,
1215 1017 1272 1070 in
1324 1015 1588 1070 futurum
1622 1013 1921 1079 ditl'erens,

273 1122 390 1161 non
422 1105 482 1160 in
515 1105 786 1178 praesenti
832 1123 960 1161 esse
1003 1109 1356 1170 contestans,
1409 1108 1475 1158 ut
1525 1103 1619 1157 hic
1653 1102 1817 1157 labor
1848 1102 1923 1156 sit

272 1198 450 1266 atque
497 1194 814 1259 contentio,
860 1194 940 1248 ibi
991 1194 1209 1249 laboris
1257 1192 1612 1264 virtutisque
1656 1191 1918 1263 praemia.

269 1284 532 1354 Denique
559 1287 814 1338 Joannes
840 1283 1080 1338 scribit:
1115 1307 1142 1332 ιι
1204 1281 1608 1348 Dilectissimi,
1667 1281 1773 1335 filii
1819 1281 1919 1336 Dei

271 1388 500 1440 sumus,
535 1377 592 1427 et
620 1373 880 1428 nondum
913 1373 1189 1444 apparuit
1218 1373 1358 1443 quid
1389 1373 1632 1426 erimus.
1666 1371 1918 1439 Scimus,

269 1461 408 1532 quia
436 1477 571 1516 cum
603 1461 959 1534 apparuerit,
989 1461 1213 1516 similes
1262 1460 1311 1516 ei
1355 1459 1598 1525 erimus,
1639 1459 1916 1530 quoniam

269 1565 402 1606 eum
433 1550 766 1607 videbimus
817 1551 991 1606 sicuti
1041 1555 1131 1606 est
1170 1552 1216 1620 (I
1244 1551 1400 1605 Joan.
1435 1565 1519 1616 ιιι,
1551 1548 1628 1617 2).
1663 1567 1693 1598 »
1726 1549 1920 1612 Quan-

267 1655 443 1710 quam
476 1654 612 1710 ergo
645 1637 748 1693 ﬁlii
801 1639 903 1694 Dei
935 1639 1147 1706 simus,
1174 1643 1370 1692 tamen
1396 1635 1721 1693 similitudo
1742 1636 1838 1691 Dei
1864 1641 1922 1692 et

266 1743 402 1783 vera
423 1727 836 1799 contemplatio
860 1733 1000 1782 tunc
1024 1727 1193 1783 nobis
1215 1727 1662 1799 repromittitur,
1686 1727 1918 1797 quando

267 1815 606 1888 apparuerit
634 1815 694 1870 in
729 1815 992 1871 claritate
1023 1833 1151 1871 sua.

338 1905 425 1961 44.
461 1904 688 1977 Pelagii
723 1906 982 1976 superbia
1012 1908 1068 1959 in
1109 1906 1268 1976 epist.
1303 1905 1372 1959 ad
1398 1905 1700 1960 Jutianam.
1737 1936 1803 1943 ———
1833 1905 1914 1960 De

265 1994 376 2050 hoc
420 1995 706 2066 superbiae
737 1999 966 2050 tumore
996 1999 1054 2050 et
1082 1993 1184 2050 illa
1215 1995 1418 2050 orandi
1451 1995 1781 2066 prorumpit
1811 2011 1913 2049 au-

265 2083 451 2152 dacia,
485 2099 603 2154 qua
633 2083 895 2139 scribens
926 2083 998 2138 ad
1048 2084 1338 2151 viduam‘,
1391 2084 1683 2154 quomodo
1728 2084 1910 2138 sancti

264 2172 514 2228 debeant
543 2189 727 2238 orare,
760 2173 1125 2244 pronuntias.
1161 2195 1186 2221 «
1216 2171 1314 2226 Ille
1345 2172 1523 2237 enim,
1547 2171 1764 2243 inquis,
1803 2189 1915 2227 me-

263 2261 374 2317 rito
406 2261 478 2316 ad
537 2261 723 2316 Deum
784 2260 1005 2316 extollit
1063 2278 1295 2329 manus,
1367 2261 1461 2316 ille
1515 2276 1713 2332 preces
1762 2261 1914 2316 bona

262 2350 619 2407 conscientia
676 2349 890 2417 fundit,
954 2351 1052 2422 qui
1113 2355 1304 2423 potest
1360 2350 1586 2406 dicere:
1621 2350 1701 2405 Tu
1755 2349 1911 2405 enim

264 2439 438 2507 nosti,
492 2439 757 2507 Domine,
807 2456 986 2512 quam
1036 2443 1270 2506 sancta,
1326 2455 1505 2510 quam
1547 2438 1909 2503 innocentes,

263 2543 442 2598 quam
473 2545 630 2600 purae
661 2528 779 2583 sint
807 2529 878 2583 ab
911 2527 1068 2584 omni
1110 2528 1334 2593 fraude,
1381 2533 1437 2583 et
1467 2528 1704 2598 injuria,
1739 2533 1796 2582 et
1821 2545 1911 2583 ra-

262 2615 420 2687 pina,
491 2633 640 2686 quas
697 2616 768 2670 ad
827 2622 884 2670 te
915 2617 1178 2686 expando
1239 2633 1488 2672 manus:
1523 2632 1701 2688 quam
1726 2617 1910 2686 justa,

265 2720 443 2776 quam
473 2703 858 2760 immaculata
883 2703 1061 2769 labia,
1093 2709 1152 2761 et
1198 2707 1270 2760 ab
1301 2705 1460 2761 omni
1508 2705 1814 2760 mendacio
1843 2705 1913 2758 li-

262 2794 422 2863 bera,
457 2793 673 2864 quibus
702 2793 836 2859 tibi,
871 2798 937 2848 ut
965 2793 1109 2848 mihi
1145 2794 1495 2862 miserearis,
1551 2811 1750 2866 preces
1782 2794 1910 2848 fun-

263 2882 356 2937 do.
392 2903 420 2931 ››
454 2881 771 2937 Christiani
801 2887 891 2937 est
920 2882 1059 2951 haec,
1089 2899 1162 2938 an
1185 2882 1459 2938 Pharisaei
1512 2881 1909 2955 superbientis

262 2971 446 3027 oratio
469 2971 496 3026 ?
525 2971 624 3043 qui
659 2971 835 3027 etiam
857 2971 917 3027 in
938 2971 1246 3044 Evangelio
1267 2971 1650 3044 loquebatur:
1678 2995 1705 3021 «
1734 2972 1905 3040 Deus,

263 3061 485 3132 gratias
514 3077 622 3132 ago
654 3060 780 3129 tibi,
814 3061 913 3132 qui
947 3077 1062 3116 non
1123 3079 1255 3117 sum
1291 3061 1443 3117 sicut
1495 3062 1681 3117 caeteri
1715 3061 1908 3118 homi-

265 3166 392 3221 nes,
425 3154 710 3223 raptores,
740 3151 966 3222 injusti,
1000 3149 1274 3220 adulteri,
1305 3157 1363 3207 et
1392 3151 1542 3208 sicut
1572 3151 1665 3206 hic
1712 3151 1905 3223 publi-

3120 483 3196 546 et,
3231 501 3260 530 «
3310 478 3437 535 Non
3459 477 3679 555 iustiﬁ-

2033 659 2118 712 Tu
2152 665 2420 715 sanctum
2445 665 2500 714 et
2531 659 2897 714 innocentem
2945 665 3002 713 et
3053 675 3268 731 purum
3315 663 3369 712 te
3417 657 3684 726 essejac-

2035 752 2146 812 tas,
2179 753 2234 804 et
2291 749 2540 804 mundas
2587 750 2658 804 ad
2719 749 2902 804 Deum
2951 748 3235 820 expandis
3294 763 3524 802 manus.
3568 745 3686 800 Nec

2035 835 2254 892 sufficit
2281 837 2384 892 tibi
2433 837 2489 891 in
2549 838 2779 892 cunctis
2823 837 3101 909 operibus
3149 835 3410 908 gloriari,
3462 834 3574 889 nisi
3609 833 3680 888 ab

2033 925 2190 980 omni
2241 925 2529 981 sermonis
2573 926 2809 996 orisque
2859 930 3094 998 peccato
3147 925 3434 980 mundum
3465 939 3594 979 esse
3623 927 3680 976 te

2032 1014 2212 1082 dicas,
2247 1015 2501 1070 inferens
2532 1032 2709 1087 quam
2739 1017 2916 1084 justa,
2959 1031 3138 1086 quam
3187 1012 3569 1069 immaculata
3592 1010 3677 1068 la-

2031 1103 2128 1158 bia
2157 1108 2215 1159 et
2245 1103 2316 1159 ab
2343 1105 2501 1159 omni
2533 1105 2836 1160 mendacio
2869 1104 3070 1160 libera.
3105 1103 3203 1160 Ille
3233 1103 3426 1159 canit:
3472 1101 3679 1158 Omnis

2029 1197 2224 1247 autem
2257 1191 2430 1247 homo
2485 1193 2734 1248 mendax
2786 1194 2953 1264 (Psat.
3015 1209 3142 1259 cxv,
3173 1192 3250 1263 2),
3283 1214 3310 1242 ››
3358 1196 3415 1247 et
3446 1191 3553 1246 hoc
3582 1191 3676 1263 ip-

2031 1297 2164 1336 sum
2195 1281 2505 1337 conﬁrmat
2551 1282 2868 1353 aposlolica
2912 1282 3246 1350 auctoritas,
3300 1285 3364 1335 ut
3416 1281 3491 1336 sit
3523 1279 3678 1335 Deus

2027 1385 2203 1425 verax
2231 1371 2405 1440 (Rom.
2436 1386 2520 1436 Ill,
2554 1372 2627 1442 4),
2663 1371 2852 1426 omnis
2885 1375 3078 1426 autem
3103 1370 3276 1426 homo
3300 1370 3584 1435 mendax;
3621 1373 3681 1424 et

2030 1463 2091 1513 tu
2124 1459 2196 1514 ab
2230 1459 2389 1514 omni
2420 1461 2724 1515 mendacio
2757 1459 3137 1516 immaculata
3163 1459 3396 1529 etjusta
3416 1462 3472 1514 et
3494 1457 3680 1513 libera

2030 1548 2299 1619 possides
2332 1547 2505 1603 labia.
2546 1549 2723 1604 Isaias
2747 1548 3007 1620 plangit:
3045 1571 3072 1597 «
3105 1551 3230 1604 Heu
3263 1546 3408 1602 mihi
3438 1545 3676 1614 misero,

2031 1635 2306 1708 quoniam
2341 1643 2732 1709 compunctus
2763 1655 2918 1702 sum,
2952 1637 3093 1708 quia
3140 1653 3274 1692 cum
3325 1635 3436 1691 sim
3478 1634 3677 1704 homo,

2028 1730 2084 1780 et
2115 1726 2422 1781 immunda
2453 1725 2606 1781 labia
2654 1727 2922 1792 habeam,
2963 1726 3019 1779 in
3074 1725 3265 1780 medio
3309 1741 3542 1796 quoque
3574 1742 3679 1797 po-

1949 1850 1994 1913 B
2029 1813 2152 1913 p‘uli
2183 1814 2492 1870 immunda
2513 1815 3132 1913 labia-habentisego
3194 1805 3390 1913 habito
3424 1815 3674 1913 (Isa.nvr,

2023 1904 2098 1968 5),
2136 1926 2161 1951 ››
2193 1907 2250 1958 et
2279 1908 2481 1974 postea
2511 1903 2816 1975 Seraphim
2845 1905 2865 1936 ⁹
2907 1902 3155 1974 ignitum
3209 1902 3520 1957 carbonem
3559 1901 3675 1956 for-

2025 1994 2152 2065 cipe
2180 1993 2672 2065 comprehensum
2707 1993 2889 2048 defert
2920 1993 2992 2047 ad
3026 1991 3316 2064 prophetze
3345 1991 3502 2047 labia
3530 2009 3676 2064 pur-

2023 2083 2234 2154 ganda,
2268 2100 2381 2137 non
2410 2081 2775 2152 utloqueris,
2831 2080 3177 2152 arrogantis,
3229 2081 3328 2135 sed
3385 2097 3493 2136 sua
3537 2081 3678 2136 vitia

2022 2171 2375 2226 confitentis.
2409 2171 2587 2226 Juxta
2635 2170 2778 2225 illud
2833 2171 2987 2242 quod
3037 2171 3094 2224 in
3145 2168 3377 2226 Psalmo
3408 2170 3671 2225 dicitur:

2023 2285 2049 2309 (ι
2078 2259 2224 2322 Quid
2258 2261 2500 2315 debetur
2527 2259 2655 2324 tibi,
2688 2264 2787 2315 aut
2819 2259 2958 2331 quid
2990 2263 3318 2330 apponatur
3342 2257 3446 2314 tibi
3469 2260 3541 2314 ad
3565 2258 3675 2314 lin-

2021 2366 2197 2421 guam
2229 2349 2534 2404 dolosam?
2567 2349 2799 2420 Sagittae
2835 2349 3085 2420 potentis
3133 2351 3311 2403 acutae
3363 2363 3497 2402 cum
3544 2364 3677 2402 car-

2022 2439 2275 2494 bonibus
2335 2437 2704 2494 desolatoriis
2760 2439 2932 2508 (Psal.
2987 2454 3137 2502 cxix,
3185 2438 3238 2501 3,
3274 2438 3348 2507 4).
3382 2458 3408 2486 »
3446 2437 3512 2490 Et
3544 2443 3678 2508 post

2021 2532 2249 2582 tantum
2285 2532 2597 2591 tumorem,
2631 2527 2972 2598 orantisque
2997 2526 3344 2596 jactantiam
3394 2530 3451 2580 et
3489 2525 3670 2580 conﬁ—

2023 2615 2280 2671 dentiam
2314 2615 2664 2683 sanctitatis,
2700 2615 2868 2686 quasi
2902 2614 3119 2670 stultus
3179 2613 3376 2670 stultis
3426 2630 3668 2685 persua-

2022 2705 2158 2759 dere
2187 2704 2438 2770 conaris,
2474 2707 2537 2758 ut
2566 2703 2625 2757 in
2657 2708 2918 2758 extremo
2967 2703 3159 2759 dicas:
3196 2701 3418 2765 Quibus
3462 2702 3567 2757 tibi
3603 2706 3668 2757 ut

2022 2793 2164 2848 mihi
2212 2793 2546 2849 miserearis
2601 2809 2800 2864 preces
2847 2793 3046 2847 fundo.
3106 2791 3163 2846 Si
3213 2795 3452 2846 sanctus
3501 2807 3585 2859 es,
3615 2794 3664 2847 si

2022 2883 2324 2950 innocens,
2355 2881 2404 2938 si
2436 2883 2507 2936 ab
2545 2883 2704 2937 omni
2737 2883 2907 2937 sorde
2959 2886 3262 2953 purgatus,
3295 2879 3344 2936 si
3404 2896 3507 2935 nec
3539 2896 3663 2936 ser-

2020 2988 2210 3039 mone,
2250 2988 2352 3026 ncc
2402 2988 2574 3043 opere
2619 2971 2893 3043 peccasti,
2936 2972 3164 3026 dicente
3207 2969 3444 3042 Jacobo,
3477 2993 3502 3020 ‹‹
3550 2969 3660 3035 Qui

2021 3061 2078 3115 in
2123 3061 2297 3116 verbo
2345 3077 2456 3115 non
2511 3066 2727 3131 peccat,
2779 3060 2888 3114 iste
2939 3060 3230 3131 perfectus
3288 3057 3392 3130 (at.
3432 3057 3660 3130 justus]

2017 3155 2107 3205 est
2127 3150 2211 3204 vir
2241 3151 2378 3219 (Jac.
2405 3167 2490 3218 ιιι,
2525 3153 2616 3216 ‘2);
2655 3173 2678 3197 η
2711 3155 2766 3204 et
2800 3171 2826 3199 ‹‹
2859 3150 3039 3204 Nemo
3071 3153 3264 3221 potest
3294 3148 3392 3218 (at.
3429 3151 3664 3219 potens]

261 3220 444 3295 canus
468 3220 715 3312 :‘jejuno
747 3220 836 3295 bis
869 3239 926 3294 in
960 3240 1225 3306 sabbato,
1255 3240 1514 3296 decimas
1545 3241 1617 3296 do
1639 3220 1901 3296 omnium
1937 3220 1977 3285 C
2019 3239 2308 3294 refrenare
2338 3237 2602 3310 linguam
2636 3255 2803 3296 suam
2852 3238 3010 3307 (Ibid.
3042 3220 3119 3308 8),
3147 3260 3172 3286 ››
3224 3237 3516 3309 quomodo
3549 3237 3659 3291 mi-

260 3344 389 3399 quis
447 3328 720 3400 possideo
777 3329 924 3400 (Luc.
959 3346 1120 3395 xvm,
1182 3331 1284 3401 11).
1319 3353 1340 3381 ι
1376 3329 1478 3386 Ille
1532 3330 1651 3403 agit
1687 3331 1908 3401 gratias

259 3420 394 3483 Deo,
428 3415 566 3487 quia
595 3416 780 3487 ipsius
814 3417 1216 3473 misericordia
1245 3436 1359 3474 non
1391 3420 1468 3473 sit
1525 3419 1678 3474 sicut
1717 3419 1904 3474 czeteri

260 3503 552 3574 homines,
587 3509 826 3576 peccata
858 3505 1174 3573 detestans,
1228 3524 1342 3562 non
1401 3524 1705 3563 assumens
1728 3509 1904 3578 justi-

257 3593 423 3649 tiam.
457 3594 545 3648 Tu
577 3593 756 3648 dicis:
798 3615 818 3641 α
849 3594 1113 3660 Domine,
1146 3600 1209 3651 tu
1255 3597 1405 3652 nosti
1459 3612 1635 3667 quam
1669 3602 1903 3664 sanctae,

260 3698 434 3755 quam
467 3682 827 3750 innocentes,
861 3700 1034 3754 quam
1067 3701 1224 3755 purae
1257 3684 1376 3740 sint
1393 3685 1464 3740 ab
1487 3684 1646 3740 omni
1679 3686 1900 3754 fraude,

258 3770 477 3843 injuria
506 3776 562 3828 et
592 3772 817 3844 rapina,
851 3789 997 3844 quas
1029 3775 1098 3829 ad
1132 3780 1186 3830 te
1206 3775 1472 3847 expando
1497 3791 1728 3830 manus.
1758 3798 1783 3822 ››
1804 3773 1902 3830 Ille

260 3857 352 3914 bis
381 3857 441 3913 in
486 3858 730 3916 sabbato
779 3875 840 3915 se
877 3861 1146 3932 jejunare
1195 3861 1356 3929 dicit,
1409 3867 1471 3917 ut
1527 3862 1747 3934 afﬂigat
1777 3880 1901 3917 car-

259 3963 396 4003 nem
426 3947 584 4004 vitiis
613 3947 1028 4017 lascivientem,
1061 3955 1122 4005 et
1163 3951 1356 4007 omnis
1406 3951 1747 4006 substantia:
1781 3969 1902 4007 sum

258 4037 359 4092 dat
389 4037 667 4093 decimas.
702 4061 729 4085 ‹‹
765 4038 1105 4111 Redemptio
1153 4040 1309 4095 enim
1350 4041 1557 4095 animas
1605 4041 1733 4110 viri,
1768 4059 1898 4113 pro-

257 4124 399 4196 priaa
425 4124 636 4180 divitiae
669 4127 848 4196 (Prov.
883 4144 1006 4196 xm,
1039 4129 1114 4199 8).
1152 4151 1178 4176 »
1210 4130 1297 4185 Tu
1347 4145 1481 4185 cum
1512 4130 1743 4186 diabolo
1782 4130 1900 4203 glo-

258 4213 431 4269 riaris
462 4213 689 4270 dicente
718 4233 729 4268 :
775 4238 802 4263 ‹‹
852 4220 1036 4287 Super
1066 4218 1258 4273 sidera
1317 4221 1651 4284 ascendam,
1684 4237 1896 4291 ponam

255 4303 317 4357 in
357 4303 506 4358 799
536 4302 677 4359 caelo
709 4303 984 4360 thronum
1017 4321 1232 4370 meum,
1269 4311 1326 4362 et
1350 4323 1447 4363 ero
1498 4307 1708 4363 similis
1728 4308 1899 4365 Altis-

258 4391 410 4448 simo
440 4391 570 4462 (Isa.
601 4409 714 4460 xw,
754 4393 838 4461 13,
881 4395 983 4464 t4).
1023 4415 1050 4441 ››
1083 4395 1262 4449 David
1293 4394 1590 4467 loquitur:
1631 4418 1657 4449 ιι
1690 4397 1896 4453 Lumbi

259 4481 371 4538 mei
405 4480 630 4554 impleti
692 4486 832 4537 sunt
860 4481 1236 4539 illusionibus
1295 4485 1466 4554 (Psat.
1501 4503 1716 4556 xxxvu,
1747 4489 1840 4558 8);
1868 4511 1894 4537 »

2005 4042 2154 4098 Psat.
2188 4058 2319 4107 xxx,
2348 4042 2418 4108 6;
2453 4042 2584 4096 Luc.
2619 4057 2780 4108 xxm,
2814 4042 2900 4111 46)
2931 4059 2942 4107 ;
2978 4063 3004 4090 ››

2007 4131 2112 4196 eis,
2145 4129 2300 4201 quod
2332 4129 2487 4184 enim
2520 4129 2758 4195 faciunt,
2793 4129 3062 4184 nesciunt
3092 4129 3239 4198 (Luc.
3273 4144 3410 4194 xxn,
3445 4128 3572 4196 34);
3622 4146 3652 4178 ιι

2007 4221 2160 4277 800
2191 4219 2406 4290 quipro
2431 4219 2600 4274 nobis
2622 4235 2800 4290 agens
2813 4217 3032 4290 gratias
3045 4217 3298 4273 dixerat:
3325 4215 3657 4272 «Confiteor

2004 4310 2130 4376 tibi,
2184 4310 2424 4365 Domine
2462 4309 2630 4364 Pater
2675 4307 2800 4363 οωιὶ
2835 4313 2890 4364 et
2937 4313 3101 4364 terrea
3135 4307 3353 4379 (Matth.
3385 4323 3466 4373 ιιι,
3494 4306 3586 4376 25)
3621 4329 3650 4357 »

2016 3327 2392 3384 sericordiam
2427 3328 2780 3399 deprecaris,
2814 3333 2878 3382 ut
2898 3326 3162 3382 videlicet
3212 3326 3456 3399 plangas
3497 3330 3574 3391 te,
3607 3331 3664 3381 et

2015 3418 2226 3472 fundas
2281 3433 2501 3488 preces,
2538 3417 2677 3488 quia
2717 3421 2956 3472 sanctus
3001 3421 3059 3472 et
3081 3433 3267 3488 purus
3317 3433 3378 3471 es
3407 3421 3464 3470 et
3492 3416 3662 3471 inno-

2014 3523 2151 3562 cens
2181 3505 2692 3577 immaculatisque
2723 3505 2916 3572 labiis,
2950 3511 3006 3560 et
3037 3506 3108 3560 ab
3139 3505 3300 3561 omni
3329 3504 3476 3560 liber
3502 3521 3662 3560 men-

2013 3596 2199 3662 dacio,
2231 3595 2330 3651 Dei
2363 3595 2572 3651 similis
2603 3595 2872 3666 potestati
2894 3596 2920 3649 ?
2951 3595 3042 3650 Sic
3090 3594 3355 3650 Christus
3387 3594 3570 3649 oravit
3599 3593 3659 3649 in

2011 3701 2212 3740 cruce:
2255 3709 2272 3731 ιι
2314 3685 2462 3740 Deus
2525 3684 2680 3739 Deus
2741 3701 2927 3755 meus,
2989 3687 3055 3738 ut
3105 3683 3244 3755 quid
3293 3681 3659 3754 dereliquisti

2013 3765 2148 3828 me?
2177 3774 2346 3844 longe
2380 3791 2414 3828 a
2460 3772 2649 3828 salute
2702 3791 2848 3840 mea,
2901 3773 3074 3829 verba
3121 3771 3463 3828 delictorum
3498 3787 3660 3826 meo-

2012 3881 2140 3919 rum
2176 3863 2346 3932 (Ps'at.
2378 3879 2494 3930 xxx,
2525 3867 2598 3926 2;
2635 3863 2839 3919 Matth.
2875 3879 3047 3929 xxv",
3079 3862 3206 3932 46):
3244 3884 3270 3910 ››
3303 3866 3360 3916 et
3389 3877 3649 3916 rursum.

2080 3953 2249 4007 Pater
2279 3952 2337 4006 in
2371 3967 2582 4006 manus
2614 3957 2748 4006 tuas
2778 3951 3125 4007 commendo
3144 3951 3416 4022 spiritum
3449 3965 3651 4005 meum

3031 4045 3105 4107 et,
3143 4063 3168 4089 ‹‹
3206 4038 3370 4094 Pater
3410 4038 3646 4111 ignosce

2077 4401 2163 4454 15.
2225 4401 2304 4453 Ex
2352 4399 2605 4454 Oratione
2660 4399 2966 4452 Dominica.
3009 4428 3073 4436 —
3134 4397 3227 4451 Sic
3287 4394 3484 4450 docuit
3512 4411 3652 4466 apo-

2004 4486 2184 4542 stolos
2216 4503 2355 4542 suos
2388 4486 2594 4556 (Matth.
2631 4503 2708 4552 vr,
2737 4488 2772 4540 9
2795 4489 2992 4557 seqq.),
3033 4490 3095 4540 ut
3147 4484 3405 4556 quotidie
3436 4483 3495 4538 in
3527 4499 3655 4538 cor-

256 4575 333 4638 et,
366 4592 394 4620 «
426 4571 924 4644 Computruerunt
952 4573 1248 4630 cicatrices
1294 4590 1432 4630 mea:
1492 4593 1525 4631 a
1583 4576 1727 4632 facie
1757 4575 1896 4632 insi-
1930 4593 1975 4658 D
2011 4577 2165 4645 poris
2193 4574 2354 4630 illius
2403 4575 2690 4630 sacrificio
2724 4577 2745 4609 ’
2803 4577 3104 4632 credentes
3155 4574 3409 4630 audeant
3458 4571 3652 4644 loqui:

257 4659 488 4731 pientiae
517 4676 657 4717 meae
685 4661 842 4732 (Ibid.
875 4663 926 4733 6)
959 4680 971 4728 ;
1007 4686 1034 4712 »
1064 4668 1138 4729 et,
1172 4685 1199 4712 ‹‹
1232 4663 1312 4719 Ne
1334 4664 1516 4721 intres
1539 4665 1896 4736 injudicium

329 4823 345 4855 ¹
376 4825 510 4878 Haec
539 4823 714 4879 vidua
741 4823 978 4880 Juliana
1011 4829 1118 4889 est,
1167 4825 1546 4882 Demetriadis
1593 4831 1796 4892 mater,
1829 4827 1900 4884 de

256 4893 555 4971 quainfra
585 4894 818 4971 la_tius._
838 4895 1075 4971 Interim
1109 4896 1247 4971 haec,
1287 4914 1428 4971 (quae
1485 4914 1520 4952 a
1552 4897 1898 4971 Hieronymo

256 4914 374 4964 qua
403 4914 555 4950 ιῑιιιιει
585 4914 781 4950 ianus.
838 4914 1075 4951 interim
1110 4914 1247 4963 ιιεεο,
1301 4914 1428 5022 quae
1485 4914 1520 4952 a
1552 4914 1896 4971 Hieronymo

255 4964 759 5039 recit_antur,’ipsa
785 4967 997 5039 Pelagii
1033 4969 1203 5022 verba
1229 4968 1296 5039 ivi
1347 4974 1520 5023 entur
1562 4985 1727 5024 esse:
1763 4988 1896 5025 nam

255 5037 876 5112 traditAugu'stinus,
928 5037 1037 5112 lib.
1095 5038 1380 5112 deAGestis
1414 5041 1682 5112 iPetagii,
1745 5043 1896 5112 quod

257 5106 343 5183 illi
373 5106 666 5179 objectum
700 5111 873 5166 fuerit
901 5127 934 5165 a
970 5109 1379 5183 Diospolitanis
1413 5106 1699 5177 Patrihus,
1743 5106 1896 5183 quod

259 5127 343 5160 ιιιι
373 5127 666 5179 οιῃεοιιιιιι
700 5127 873 5166 luerit
901 5127 934 5165 a
970 5127 1100 5165 mos
1145 5127 1379 5165 omanis
1413 5127 1699 5177 t’aU‘lDUS,
1743 5127 1895 5183 quod

259 5179 474 5251 docens
505 5183 1000 5251 quemadmodum
1034 5127 1284 5236 deﬂeant
1333 5183 1513 5237 sancti
1566 5200 1748 5250 orare,
1781 5186 1895 5242 ait:

257 5271 285 5300 ‹‹
319 5248 420 5304 Ille
450 5248 539 5305 ad
555 5257 736 5326 Deum
769 5254 941 5326 digne
971 5253 1156 5308 elevat
1187 5269 1419 5326 manus,
1452 5248 1770 5312 orationem
1804 5257 1900 5312 bo-

257 5337 330 5376 na
373 5321 741 5404 conscientia
797 5321 1065 5390 effundit,
1121 5325 1220 5404 qui
1281 5331 1468 5404 potest
1515 5326 1752 5383 dicere:
1815 5335 1897 5384 'I‘u

256 5393 435 5467 nosti,
493 5393 758 5467 Domine,
821 5413 995 5466 quam
1060 5393 1298 5466 sanctae,
1341 5403 1396 5453 et
1450 5397 1811 5467 innocentes,
1844 5406 1900 5456 et

257 5466 492 5541 mundis
525 5465 644 5519 sint
678 5467 762 5541 Aab
795 5465 955 5522 omni
1003 5467 1226 5541 malitia
1256 5465 1312 5523 et
1361 5469 1689 5541 iniquitate,
1725 5477 1781 5527 et
1799 5465 1897 5528 Vra-

258 5537 419 5619 pina,
454 5553 601 5619 quas
624 5538 796 5619 ad‘te_
830 5540 1074 5619 extendo
1112 5557 1357 5619 manus,
1402 5537 1897 5619 quemadmodum

251 5610 419 5687 justa
446 5613 504 5663 et
536 5610 961 5687 mundalahia,
989 5615 1045 5665 et
1071 5611 1145 5687 ab
1176 5613 1333 5666 omni
1366 5610 1670 5687 mendacio
1697 5615 1900 5687 libera,

253 5680 472 5774 quibus
503 5681 680 5744 offero
711 5682 816 5740 tibi
847 5683 1338 5760 deprecationem,
1366 5689 1431 5743 ut
1459 5686 1606 5744 mihi
1634 5680 1904 5748 miserea-

2017 4686 2037 4715 ε
2070 4669 2238 4720 Pater
2273 4669 2489 4733 noster,
2544 4666 2643 4736 qui
2699 4681 2760 4720 es
2792 4666 2850 4720 in
2903 4664 3084 4731 caelis,
3119 4663 3513 4720 sanctiﬁcatur
3550 4678 3654 4716 no-

2010 4826 2123 4881 ris:
2163 4849 2189 4874 ››
2221 4842 2348 4898 quae
2401 4842 2468 4880 ex
2497 4825 2710 4882 Grazcis
2763 4824 3148 4897 Diospolitani
3179 4822 3409 4880 concilii
3454 4822 3654 4878 Latine

2010 4897 2280 4953 videntur
2305 4914 2601 4952 conversa.

2081 4969 2102 5002 ²
2131 4969 2419 5024 Victorius
2479 4969 2751 5040 Seraphin
2783 4967 2921 5040 legi,
2953 4967 3076 5023 vult
3124 4967 3336 5022 minori
3383 4981 3651 5033 numero,

2011 5041 2166 5112 quod
2197 5057 2352 5096 unus
2384 5039 2692 5104 indicetur,
2726 5057 2838 5095 non
2872 5039 3089 5112 plures.

2081 5113 2102 5146 ³
2133 5112 2297 5178 Mss.,
2331 5117 2686 5184 sacramento.
2721 5109 3130 5184 Apostolicam
3171 5109 3652 5184 consuetudinem

2015 5184 2326 5239 Dominicis
2385 5183 2664 5239 orationis
2715 5179 3011 5238 in'Missa
3088 5181 3396 5237 recitandae
3449 5179 3651 5236 laudat

2011 5255 2070 5337 ξ.
2105 5272 2339 5337 quoque
2371 5255 2685 5337 Gregorius
2717 5253 3201 5337 lib.vn,epist.64
3222 5251 3648 5337 :.<<.Orationem

2010 5323 2616 5398 Domini—camidcirco
2640 5344 2773 5382 mox
2803 5331 2934 5398 post
2949 5323 3176 5398 precem
3205 5325 3478 5398 dicimus,
3512 5323 3652 5398 quia

2011 5415 2150 5471 mos
2173 5397 2567 5471 apostolorum
2597 5398 2725 5464 fuit,
2761 5394 2823 5453 ut
2844 5400 2914 5454 ad
2941 5394 3474 5471 i'psamgorationem
3498 5394 3652 5471 obla-

2010 5466 2499 5524 tionis'hostiam
2559 5466 2983 5526 consecrarent'.
3021 5492 3047 5517 υ
3106 5469 3170 5523 Et
3199 5467 3296 5524 illo
3355 5466 3651 5538 antiquior

2012 5541 2258 5613 Optatus
2292 5541 2519 5596 Milevit.
2582 5542 2680 5596 lib.
2715 5560 2791 5597 ιιι
2829 5563 2855 5591 ‹‹
2903 5542 2986 5596 Ad
3020 5540 3199 5595 altare
3251 5539 3519 5613 conversi
3547 5543 3651 5593 Do.

2013 5611 2294 5670 minicam
2351 5615 2674 5672 orationem
2734 5614 3083 5688 praemittere
3141 5629 3255 5670 non
3315 5611 3578 5686 potestis,
3621 5632 3650 5662 »

3557 345 3686 408 612
3757 379 3782 394 ρ·
