3966 6414
179 376 302 448 613

184 606 358 675 est,in
389 625 452 663 se
469 608 824 664 sanctificari
853 609 1101 680 cupiunt
1128 626 1147 670 ;
1176 613 1241 664 tu
1272 608 1419 664 dicis
1453 625 1465 662 :
1503 609 1836 676 «Nosti,Do-

187 695 365 764 mine,
399 713 578 770 quam
611 699 846 764 sancta,
880 701 1143 772 et‘quam
1176 697 1537 767 innocentes,
1569 702 1626 754 et
1657 717 1834 771 quam

184 801 344 858 purae
376 802 592 842 manus
623 801 764 841 mea
797 785 968 842 sint.»
1007 785 1095 840 Illi
1146 785 1406 842 inferunt
1441 803 1454 841 :
1492 810 1519 838 «
1552 789 1839 844 Adveniet

185 891 438 947 regnum
468 879 635 930 tuum
673 892 686 941 ;
721 896 750 923 ››
782 891 946 947 spem
978 875 1143 946 regni
1174 875 1370 931 futuro
1402 880 1664 948 tempore
1695 893 1837 948 prae-

191 962 500 1034 stolantes,
550 966 616 1018 ut
662 969 943 1036 regnante
1013 963 1239 1020 Christo
1304 981 1674 1036 nequaquam
1747 982 1835 1022 re-

186 1057 328 1124 gnet
356 1055 660 1124 peccatum
691 1052 749 1106 in
785 1051 1014 1108 mortali
1046 1068 1248 1108 eorum
1281 1053 1837 1126 corpore,jungunt-

191 1157 304 1212 que
338 1158 350 1196 :
391 1161 412 1190 ι
444 1141 570 1197 Fiat
588 1140 854 1197 volunias
879 1141 1161 1208 tua,sicut
1182 1141 1241 1196 in
1274 1141 1415 1197 cmlo
1445 1146 1502 1198 et
1531 1142 1592 1197 in
1624 1147 1836 1210 terra,»

193 1234 261 1285 ut
289 1229 555 1286 imitetur
577 1231 816 1302 angelos
846 1229 1109 1285 humana
1138 1229 1443 1302 fragilitas,
1485 1235 1541 1286 et
1569 1230 1839 1286 voluntas

194 1319 424 1375 Domini
459 1318 828 1391 compleatur
865 1319 924 1373 in
974 1323 1149 1385 terra,
1210 1320 1297 1374 Tu
1329 1319 1478 1376 dicis
1512 1335 1524 1376 :
1560 1343 1587 1370 ‹‹
1647 1320 1842 1376 Potest

194 1407 370 1464 homo
401 1409 451 1464 si
482 1409 730 1464 voluerit
746 1408 906 1464 omni
937 1424 1131 1464 carere
1163 1413 1457 1480 peccato.»
1491 1441 1558 1450 —
1592 1409 1839 1464 «Panem

193 1497 629 1569 quotidianum,
662 1519 690 1546 »
726 1497 867 1563 sive,
901 1518 928 1546 α
959 1514 1137 1569 super
1164 1514 1369 1553 omnes
1417 1497 1838 1563 substantias,»

190 1591 505 1642 venturum
533 1585 777 1659 apostoli
810 1587 1220 1658 deprecantur,
1273 1591 1337 1642 ut
1369 1585 1532 1659 digni
1583 1587 1703 1643 sint
1748 1604 1839 1642 as-

193 1676 528 1748 sumptione
561 1675 821 1747 corporis
879 1674 1112 1746 Christi,
1165 1677 1236 1730 Et
1282 1692 1386 1732 vos
1436 1693 1537 1748 per
1598 1675 1841 1731 nimiam

192 1764 565 1820 sanctitatem
601 1780 986 1836 securumque
1008 1765 1304 1836 justitiam
1355 1765 1632 1820 audacter
1677 1765 1841 1820 vobis

193 1852 455 1909 ccelestia
485 1853 640 1909 dona
669 1852 996 1909 vindicatis.
1031 1854 1308 1926 Sequitur
1341 1871 1353 1909 :
1395 1877 1415 1904 α
1448 1853 1684 1909 Dimitte
1737 1872 1844 1910 no-

193 1941 288 1997 bis
315 1941 512 1997 debita
542 1946 764 2008 nostra,
799 1941 954 1997 sicut
983 1945 1039 1997 et
1068 1959 1174 1998 nos
1209 1942 1566 1998 dimittimus
1620 1943 1843 1998 debito-

192 2031 360 2086 ribus
383 2030 624 2086 nostris.
659 2053 688 2079 »
720 2031 800 2086 De
831 2031 1207 2103 baptismatis
1240 2033 1398 2088 fonte
1429 2037 1760 2106 surgentes,
1794 2040 1848 2088 et

198 2118 523 2191 regenerati
555 2117 614 2173 in
639 2118 954 2173 Dominum
1005 2118 1384 2186 Salvatorem,
1435 2118 1675 2190 impleto
1725 2118 1845 2185 illo,

196 2205 356 2279 quod
388 2206 459 2261 de
490 2222 552 2261 se
582 2205 874 2277 scriptum
905 2211 991 2261 est
1015 2221 1026 2260 :
1050 2229 1077 2256 ‹‹
1112 2205 1272 2261 Beati
1302 2223 1553 2278 quorum
1587 2207 1847 2262 remissa:

195 2299 343 2352 sunt
387 2294 750 2367 iniquitates,
805 2299 862 2350 et
911 2311 1164 2366 quorum
1214 2300 1368 2351 tecta
1408 2301 1548 2351 sunt
1613 2301 1849 2368 peccata

197 2385 378 2454 (Psal.
429 2400 580 2452 xxxx,
615 2387 637 2439 1
677 2385 715 2456 ),
750 2406 778 2432 ››
824 2384 1024 2440 statim
1075 2384 1134 2439 in
1185 2383 1375 2456 prima
1431 2385 1848 2441 communione

192 2473 460 2547 corporis
489 2473 702 2530 Christi
738 2473 945 2529 dicunt
975 2489 990 2530 :
1030 2495 1058 2524 κ
1090 2475 1158 2529 Et
1187 2473 1418 2529 dimitte
1448 2474 1624 2530 nubis
1655 2474 1848 2530 debita

195 2567 424 2628 nostra,
460 2584 486 2611 »
519 2578 645 2634 qua:
676 2561 797 2618 illis
841 2563 1071 2617 luerant
1114 2561 1174 2617 in
1220 2561 1433 2618 Christi
1481 2563 1846 2619 confessione

191 2650 447 2708 dimissa
480 2668 494 2719 ;
528 2655 584 2706 et
610 2657 671 2706 tu
703 2654 1054 2723 arroganset
1087 2651 1377 2723 superbus
1409 2651 1480 2707 de
1505 2656 1844 2707 sanctarum

191 2739 454 2811 puritate
499 2755 782 2794 manuum
849 2742 906 2793 et
953 2739 1243 2794 munditia
1290 2738 1503 2812 eloquii
1553 2740 1843 2814 gloriaris.

192 2828 479 2893 Quamvis
523 2827 600 2884 sit
643 2827 901 2884 hominis
945 2828 1203 2900 perfecta
1251 2829 1586 2896 conversio,
1622 2834 1678 2886 et
1716 2835 1848 2901 post

188 2919 338 2974 vitia
366 2921 542 2989 atque
571 2921 810 2989 peccata
835 2917 1117 2972 virtutum
1149 2917 1321 2989 plena
1354 2919 1636 2990 possesio,
1673 2935 1844 2974 num-

192 3008 342 3080 quid
374 3012 622 3079 possunt
651 3006 735 3062 sic
765 3022 894 3062 esse
925 3005 1053 3062 sine
1079 3007 1240 3073 vitio,
1277 3008 1571 3078 quomodo
1603 3006 1711 3078 illi,
1743 3009 1844 3079 qui

192 3096 400 3153 statim
433 3097 504 3152 de
534 3095 748 3152 Christi
775 3095 934 3152 fonte
981 3096 1358 3168 procedunt?
1388 3098 1457 3152 Et
1503 3102 1699 3154 tamen
1744 3098 1844 3168 ju-

190 3187 413 3243 bentur
441 3185 631 3242 dicere
663 3203 676 3241 :
713 3208 742 3234 «
779 3185 1013 3241 Dimitte
1044 3185 1214 3241 nobis
1235 3185 1433 3240 debita
1464 3186 1846 3254 nostra,sicut

1026 378 1416 450 DIALOGUS
1463 362 2340 453 CONTBA'PE‘LAGIANOS.
2373 419 2452 437 -
2481 381 2634 453 LIB.
2680 387 2786 452 ιιι.

187 533 320 574 men
351 521 545 574 tuum.
582 539 610 567 ››
644 513 730 574 Illi
753 535 964 575 nomen
997 519 1120 584 Dei,
1154 521 1309 592 quod
1340 537 1443 591 per
1471 537 1532 576 se
1561 525 1830 577 sanctum
1862 525 1913 590 Α

1874 1896 1923 1961 Β

3473 383 3592 453 6M

2018 523 2413 594 l6.Pelagiana
2426 524 2782 595 superbia,—-—
2815 521 3010 578 Oratio
3027 535 3165 594 ergo
3186 525 3285 577 tua
3317 523 3594 580 Pharisaei

1945 611 2124 665 vincit
2149 612 2510 683 superbiam,
2537 620 2591 667 et
2625 611 2923 684 publicani
2958 613 3394 683 comparatione
3425 614 3592 672 dam-

1946 701 2122 754 natur
2155 717 2166 766 ;
2195 701 2292 770 qui
2328 700 2399 754 de
2428 698 2600 772 longe
2643 704 2829 764 stans,
2876 698 3076 754 oculos
3125 701 3196 754 ad
3247 701 3426 757 Deum
3478 721 3594 760 non

1952 788 2205 844 audebat
2257 787 2540 856 attollere,
2580 789 2679 844 sed
2737 787 3098 860 percutiebat
3145 795 3349 860 pectus
3394 808 3593 858 suum,

1945 875 2146 931 dicens
2202 893 2214 943 ;
2264 898 2290 924 ‹‹
2344 877 2516 944 Deus,
2565 877 2856 948 propitius
2921 881 3044 932 esto
3092 877 3235 933 mihi
3308 881 3596 950 peccatori

1947 965 2267 1035 (an,xvm,
2301 964 2412 1032 44).
2450 990 2470 1017 ι
2530 965 2692 1020 Unde
2741 967 3034 1038 profertur
3081 966 3312 1022 Domini
3363 973 3598 1025 senten-

1946 1053 2026 1107 tia
2059 1070 2071 1108 :
2108 1077 2134 1102 «
2170 1053 2306 1109 Dico
2339 1054 2524 1118 vobis,
2559 1055 2861 1110 descendit
2894 1055 2989 1110 hic
3010 1055 3371 1126 justiﬁcatus
3402 1058 3458 1112 in
3491 1059 3599 1115 do-

1949 1158 2111 1196 mum
2153 1158 2321 1197 suam
2377 1142 2512 1214 plus
2544 1142 2860 1214 quamille.
2919 1143 3125 1200 Omnis
3155 1145 3312 1200 enim
3371 1148 3471 1217 qui
3537 1164 3600 1203 se

1917 1229 2182 1297 'exaltat,
2218 1229 2648 1296 humiliabitur,
2683 1235 2739 1286 et
2769 1231 2868 1303 qui
2904 1248 2966 1287 se
2998 1231 3296 1305 humiliut,
3327 1235 3602 1292 exaltabi—

1949 1325 2048 1373 tur
2087 1319 2246 1388 (Ibid.
2298 1321 2406 1391 44).
2461 1342 2488 1369 ››
2538 1319 2801 1391 Apostoli
2854 1321 3268 1386 humiliantur,
3322 1327 3388 1378 ut
3439 1325 3600 1380 exal-

1947 1412 2166 1462 tentur.
2202 1406 2486 1480 Discipuli
2519 1408 2941 1478 tuielevantur,
2970 1413 3033 1463 ut
3063 1417 3363 1469 corruant.
3397 1413 3598 1470 Eidem

1925 1496 2202 1551 adulans
2253 1497 2441 1551 viduae
2485 1514 2597 1552 non
2654 1498 2950 1554 erubescis
2998 1499 3187 1554 dicere
3245 1501 3602 1571 pietatem‘,

1953 1602 2083 1657 quae
2128 1602 2422 1657 nusquam
2477 1587 2800 1658 reperiatur
2841 1585 2902 1641 in
2947 1591 3126 1655 terra,
3174 1597 3227 1643 et
3273 1589 3601 1656 veritatem,

1953 1691 2079 1745 quae
2112 1674 2332 1745 ubique
2364 1675 2670 1745 peregrina
2701 1675 2866 1741 sit,in
2902 1674 3006 1730 illa
3034 1677 3596 1746 potissimum’com-

1954 1763 2193 1830 morari,
2229 1778 2333 1817 nec
2359 1763 2681 1818 recordaris
2713 1762 2872 1818 illius
2907 1765 3208 1820 sententiae
3245 1783 3256 1819 :
3287 1789 3313 1815 «
3344 1767 3602 1838 Populus

1955 1867 2142 1918 meus,
2176 1852 2276 1924 qui
2309 1852 2545 1907 beatum
2578 1857 2633 1906 te
2663 1852 2887 1918 dicunt,
2941 1853 3233 1908 seducunt
3271 1860 3346 1925 te,
3401 1861 3458 1910 et
3514 1873 3605 1911 se-

1958 1939 2131 1995 mitas
2161 1940 2378 2010 pedum
2412 1957 2652 1996 suorum
2682 1942 3075 2013 supplantant
3112 1943 3238 2012 (lsa.
3299 1961 3383 2010 ιιι,
3429 1945 3540 2016 l2).
3577 1969 3604 1996 ››

1957 2028 2280 2100 laudasque
2309 2045 2438 2085 eam
2466 2030 2700 2085 vocibus
2733 2035 2791 2085 et
2838 2031 2986 2086 dicis
3025 2033 3047 2066 ⁸
3081 2047 3093 2086 :
3134 2055 3161 2081 «
3195 2037 3240 2088 Ο
3271 2037 3326 2088 te
3378 2033 3604 2090 felicem

1957 2117 2228 2172 nimium.
2261 2135 2294 2174 o
2324 2118 2578 2185 beatam,
2613 2119 2661 2174 si
2693 2120 2921 2189 iustitia
2967 2137 3096 2192 quas
3137 2137 3264 2176 esse
3303 2123 3431 2193 jam
3485 2140 3601 2179 non

1957 2205 2068 2260 nisi
2105 2206 2162 2260 in
2195 2206 2337 2262 cmlo
2369 2208 2629 2262 creditur
2655 2209 2810 2280 apud
2867 2213 2922 2263 te
2954 2208 3140 2264 solam
3186 2211 3518 2267 inveniatur
3543 2213 3602 2268 in

1954 2294 2126 2350 terris
2161 2295 2172 2349 l
2211 2317 2238 2344 ››
2267 2296 2476 2352 Docere
2506 2301 2596 2351 est
2625 2296 2754 2365 hoc,
2799 2314 2871 2352 an
2917 2299 3179 2353 occidere
3208 2298 3236 2352 ?
3266 2299 3477 2356 Levare
3533 2302 3604 2356 de

1955 2387 2129 2452 terra,
2159 2401 2231 2438 an
2264 2384 2627 2455 praecipitare
2657 2386 2728 2440 de
2759 2385 2919 2453 cmlo,
2974 2386 3031 2441 id
3082 2386 3439 2442 muliercula
3494 2389 3602 2444 tri-

1955 2471 2151 2527 buere.
2193 2473 2348 2543 quod
2381 2471 2568 2544 angeli
2594 2489 2708 2528 non
2741 2473 2996 2528 audeant
3027 2491 3312 2546 usurpare
3341 2476 3367 2530 ?
3397 2475 3453 2530 Si
3502 2493 3606 2531 au-

1955 2565 2072 2616 tem
2108 2562 2323 2633 pietas,
2355 2561 2576 2616 veritas
2608 2565 2782 2634 atque
2806 2563 3040 2632 justitia
3061 2580 3176 2619 non
3230 2563 3610 2620 inveniuntur

1956 2648 2016 2703 in
2047 2647 2240 2715 terris,
2273 2648 2385 2704 nisi
2412 2648 2472 2703 in
2504 2665 2621 2704 una
2652 2648 2915 2716 muliere,
2968 2651 3065 2706 ubi
3109 2656 3283 2706 erunt
3316 2653 3463 2723 justi
3509 2655 3597 2708 tui

1955 2755 2104 2810 quos
2135 2739 2358 2810 absque
2391 2743 2624 2811 peccato
2657 2739 2716 2793 in
2749 2739 2922 2796 terris
2954 2755 3082 2795 esse
3118 2741 3384 2812 jactsbas
3413 2742 3440 2797 ?
3470 2743 3604 2807 Quae

1955 2827 2070 2882 duo
2123 2826 2381 2898 capitula
2433 2826 2714 2882 orationis
2762 2836 2815 2882 el
2874 2825 3068 2884 laudis
3117 2828 3270 2884 soles
3318 2847 3453 2886 cum
3493 2833 3611 2888 tuis

1951 2917 2150 2987 jurare
2180 2915 2489 2987 discipulis
2520 2933 2634 2971 non
2661 2932 2790 2972 esse
2831 2921 2953 2985 tua,
2999 2934 3131 2973 cum
3187 2920 3493 2991 perspicue
3543 2922 3600 2976 in

1955 3004 2040 3059 eis
2072 3003 2206 3076 styli
2239 3003 2324 3058 tui
2369 3003 2644 3075 splendor
2691 3003 2938 3073 eluceat,
2991 3006 3146 3062 802
3210 3011 3267 3061 et
3314 3012 3477 3064 tanta
3534 3008 3613 3064 sit

1955 3097 2231 3149 venustos
2263 3091 2480 3163 eloquii
2511 3092 2788 3161 Tulliani,
2840 3098 2906 3148 ut
2952 3094 3288 3150 testudineo
3330 3095 3609 3153 incedens

1955 3183 2162 3254 gradu,
2200 3198 2329 3254 quas
2361 3185 2582 3236 secreto
2613 3182 2808 3250 doces,
2841 3181 3148 3254 mittisque
3187 3183 3435 3252 venalia,
3487 3202 3597 3256 pu-

190 3279 245 3330 et
273 3291 388 3330 nos
427 3273 786 3330 dimittimus
807 3273 1169 3330 debitoribus
1215 3273 1430 3330 nostris
1465 3292 1478 3342 ;
1513 3296 1542 3324 »
1577 3291 1691 3330 non
1736 3275 1844 3330 hu-
1879 3269 1920 3336 C
1961 3270 2111 3326 blico
2137 3286 2252 3326 non
2285 3270 2504 3326 audeas
2535 3270 2788 3342 proﬁteri
2814 3271 2911 3341 (al,
2946 3271 3232 3342 proferri).
3285 3271 3328 3326 Ο
3380 3277 3437 3328 te
3486 3273 3610 3329 feli-

190 3361 463 3419 militatis
492 3362 816 3429 mendacio,
849 3366 914 3416 ut
943 3367 1004 3416 tu
1037 3362 1466 3434 interpretaris,
1501 3363 1600 3418 sed
1635 3379 1852 3434 pavore

194 3450 534 3525 fragilitatis
558 3450 829 3507 humanas
861 3467 1031 3506 suam
1062 3451 1486 3507 conscientiam
1532 3451 1850 3507 formidan-

198 3541 295 3597 tis.
337 3539 424 3595 llli
454 3540 660 3595 dicunt
691 3555 704 3595 :
739 3562 766 3589 «
805 3540 886 3595 Ne
917 3556 1025 3595 nos
1056 3539 1301 3595 inducas
1348 3539 1407 3594 in
1462 3541 1845 3596 tentationem

190 3634 254 3685 tu
286 3645 429 3686 cum
457 3629 765 3685 Joviniano
795 3628 1075 3701 loqueris,
1109 3645 1208 3685 eos
1245 3629 1346 3700 qui
1379 3628 1550 3700 plena
1564 3629 1709 3685 θοι
1738 3629 1852 3685 ﬁde

192 3719 495 3793 baptisma
541 3719 838 3775 consecuti
889 3722 1046 3785 sunt,
1099 3719 1312 3774 tentari
1361 3717 1518 3774 ultra
1583 3723 1641 3775 et
1715 3735 1846 3791 pec-

187 3825 327 3865 care
373 3825 488 3864 non
541 3824 730 3880 posse.
789 3808 879 3862 Ad
939 3812 1265 3864 extremum
1315 3807 1610 3864 inferunt:
1645 3831 1672 3857 «
1737 3807 1846 3864 Sed

188 3897 382 3955 libera
412 3913 520 3952 nos
551 3913 584 3952 a
627 3896 804 3952 malo.
851 3919 878 3946 ››
929 3895 1076 3962 Quid
1127 3901 1439 3968 precantur
1486 3914 1520 3952 a
1582 3896 1844 3963 Domino,

191 3987 358 4059 quod
388 3987 607 4042 habent
638 3987 697 4042 in
730 3985 898 4042 liberi
930 3986 1156 4041 arbitrii
1185 3990 1472 4058 potestate
1500 3986 1528 4040 ‘I
1555 3990 1599 4043 Ο
1651 3987 1845 4053 homo,

188 4091 359 4132 nunc
391 4076 648 4132 mundus
670 4075 860 4131 factue
889 4079 980 4130 est
1003 4073 1390 4141 inlavacro,et
1420 4075 1492 4129 de
1522 4079 1579 4130 te
1610 4075 1844 4130 dicitur:

185 4188 206 4213 ι
245 4165 390 4229 Quae
421 4168 512 4220 est
549 4165 684 4232 ista,
743 4181 868 4237 quae
924 4163 1190 4220 ascendit
1246 4163 1537 4232 dealbata,
1588 4164 1845 4220 innitens

179 4271 371 4326 super
399 4253 736 4310 fratruelem
782 4270 958 4309 suum
1010 4253 1190 4322 (Cant.
1244 4271 1367 4323 νιιι,
1401 4255 1455 4325 5)
1492 4258 1515 4308 ?
1548 4276 1574 4303 ››
1606 4258 1672 4309 ut
1726 4252 1846 4308 lota

178 4342 430 4414 quidem
463 4341 560 4409 sit,
593 4342 694 4398 sed
736 4343 1031 4398 custodire
1081 4360 1197 4398 non
1254 4342 1446 4399 valeat
1499 4341 1842 4414 puritatem,

177 4431 294 4487 nisi
330 4447 370 4486 a
401 4429 647 4486 Domino
696 4435 810 4487 Deo
869 4435 1253 4488 sustentetur.
1315 4432 1617 4495 Quomodo
1677 4431 1844 4503 cupis

178 4519 278 4575 Dei
314 4517 724 4575 misericordia
753 4518 1011 4588 liberari,
1045 4519 1146 4591 qui
1193 4518 1364 4591 paulo
1397 4523 1530 4574 ante
1560 4518 1844 4574 liberatus

174 4625 237 4664 es
269 4626 307 4665 a
337 4607 626 4681 peccatis,
645 4608 758 4666 nisi
790 4608 900 4664 hac
930 4608 1155 4665 ratione
1176 4625 1295 4681 qua
1321 4608 1602 4676 diximus,
1631 4611 1839 4663 utcum

178 4697 395 4753 omnia
426 4696 759 4766 fecerimus,
792 4713 898 4754 nos
931 4697 1169 4754 inutiles
1201 4713 1330 4754 esse
1361 4697 1679 4754 fateamur?

177 4858 410 4931 quibus
439 4856 538 4912 alii
571 4857 795 4930 passim
815 4863 1154 4931 consonant
1181 4862 1402 4931 Patres.
1450 4857 1842 4931 Hieronymus

177 4929 383 5002 ipsum
414 4931 543 5002 ejus
574 4929 858 4986 orationis
893 4931 1291 5002 prrsfationem
1323 4929 1419 4984 hic
1450 4929 1707 5002 indicat,
1727 4947 1844 5001 qua

178 5001 241 5056 in
285 5001 594 5074 plerisque
637 5001 914 5057 omnibus
966 5001 1224 5074 liturgiis
1266 5002 1539 5074 sacerdos
1586 5017 1648 5057 se
1696 5001 1844 5056 indi-

179 5073 376 5146 gnum
406 5073 738 5146 confitetur,
773 5074 929 5146 quod
961 5073 1174 5130 audeat
1204 5073 1386 5146 Denm
1422 5073 1650 5146 Patrem
1668 5089 1841 5146 com—

180 5143 428 5216 pellare.
459 5143 590 5200 Vid.
625 5143 1000 5212 cardeona,
1027 5148 1228 5201 Rerum
1257 5145 1592 5216 Liturgicar.
1639 5144 1740 5199 lib.
1777 5160 1838 5211 ιι,

183 5215 317 5290 cap.
357 5219 448 5272 15.
481 5215 767 5290 Caeterum
818 5217 1078 5290 solemne
1117 5222 1208 5290 est
1235 5215 1546 5290 (Patribus,
1593 5221 1650 5272 et
1697 5233 1842 5290 pre-

177 5287 360 5361 cipue
405 5289 737 5361 Augustino
786 5293 989 5361 contra
1055 5287 1396 5361 Pelagianos
1444 5304 1512 5344 ex
1583 5287 1842 5344 oratione

179 5359 945 5432 Dominica'argumentari.

251 5433 269 5466 ¹
302 5431 558 5488 Julianzs
592 5429 907 5501 scilicet,ut
935 5448 1116 5503 supra
1144 5429 1842 5503 adnotamus,Demetria-

179 5503 272 5560 dis
304 5503 510 5575 matri,
541 5504 614 5558 ad
646 5520 824 5575 quam
858 5501 1174 5575 scrip-serat
1217 5501 1510 5575 Pelagius,
1561 5505 1625 5556 ut
1672 5503 1844 5575 docet

178 5574 410 5631 Marius
439 5574 727 5631 Mercator
755 5575 813 5630 in
866 5574 1321 5631 Commonitorio
1379 5590 1559 5646 super
1603 5574 1841 5630 nomine

179 5647 414 5704 cmlesti
445 5664 458 5702 :
496 5669 525 5719 (ς
555 5646 817 5719 Denique
846 5646 1081 5704 libellus
1111 5651 1201 5702 est
1229 5648 1357 5719 ejus
1390 5646 1838 5719 (Pelagiigquem

181 5718 566 5792 habemusin
609 5717 905 5789 manibus,
965 5721 1037 5792 ad
1069 5718 1390 5792 quamdam
1451 5717 1775 5775 Livaniam.
1811 5741 1840 5769 ››

182 5791 270 5857 lte
290 5789 529 5852 vocavit
557 5807 665 5872 pro
690 5792 924 5857 Iuliana
948 5789 1040 5853 vel
1069 5788 1135 5852 ut
1179 5788 1497 5854 consilium
1544 5805 1722 5853 suum
1745 5805 1840 5852 oo-

1962 3377 2110 3425 cem,
2159 3359 2330 3430 cujus
2379 3362 2586 3430 praeter
2633 3357 2924 3431 dicipulos
2969 3376 3141 3415 nemo
3187 3361 3507 3417 conscribit
3539 3362 3609 3417 li-

1962 3451 2118 3517 bros,
2154 3453 2220 3503 ut
2279 3447 2564 3520 quidquid
2610 3446 2824 3504 videris
2873 3447 3204 3520 displicere,
3257 3467 3369 3505 non
3420 3455 3610 3519 tuum,

1960 3539 2060 3594 sed
2094 3537 2350 3593 alienum
2383 3553 2512 3592 esse
2543 3537 2886 3593 contendas.
2922 3537 2988 3592 Et
3018 3537 3152 3609 quis
3185 3537 3281 3592 ille
3325 3540 3470 3594 tanti
3505 3538 3614 3595 erit

1961 3627 2292 3701 ingenii,ut
2331 3626 2588 3698 leporem
2638 3626 2723 3681 tui
2766 3627 3056 3682 sermonis
3108 3628 3295 3698 possit
3339 3628 3614 3684 imitari?

2033 3718 2115 3772 17.
2146 3716 2414 3785 Quomodo
2442 3719 2682 3787 infantes
2713 3718 2832 3771 sine
2856 3720 3072 3788 peccato
3103 3717 3231 3770 sint.
3268 3748 3336 3756 ——
3387 3718 3444 3772 C.
3484 3717 3608 3773 Non

1959 3823 2203 3880 possum
2231 3805 2386 3861 ultra
2417 3806 2648 3861 differre
2683 3823 2695 3873 ;
2731 3806 2924 3862 omnis
2945 3804 3197 3861 vincitur
3218 3806 3498 3876 patientia
3520 3823 3611 3862 ve-

1957 3901 2214 3950 strorum
2248 3895 2556 3966 iniquitate
2584 3894 3037 3966 yerborum.0ro
3067 3892 3290 3963 te,quid
3325 3892 3602 3949 infantuli

1958 3998 2267 4055 peccavere
2299 3981 2327 4036 ?
2358 3999 2461 4038 nec
2494 3982 2847 4038 conscientia
2867 3982 2952 4038 eis
2980 3980 3173 4037 delicti
3200 3982 3477 4054 imputari
3509 4001 3609 4056 po-

1955 4077 2070 4127 test
2095 4088 2200 4127 nec
2232 4070 2584 4144 ignorantia,
2641 4070 2737 4142 qui
2785 4071 2953 4142 juxta
3000 4070 3210 4127 Jonam
3263 4071 3609 4144 prophetam

1958 4177 2197 4217 manum
2231 4161 2530 4215 dexteram
2561 4160 2830 4215 nesciunt
2858 4165 2916 4215 et
2940 4160 3242 4216 sinistram
3276 4162 3418 4234 (Jon.
3454 4163 3605 4232 ML).

1956 4249 2201 4305 Peccare
2228 4264 2340 4303 non
2367 4251 2634 4320 possunt,
2668 4255 2721 4302 et
2751 4253 2999 4320 possunt
3031 4247 3220 4320 perire
3254 4267 3268 4317 ;
3304 4248 3499 4306 henua
3530 4249 3611 4306 la-

1955 4338 2121 4403 bant,
2155 4336 2387 4410 vagitus
2416 4337 2591 4392 verba
2621 4353 2735 4392 non
2767 4336 3086 4408 explicant,
3128 4337 3464 4394 balbutiens
3494 4338 3605 4394 lin-

1957 4444 2072 4500 gua
2097 4426 2322 4482 ridetur
2349 4427 2392 4494 ³,
2425 4431 2482 4481 et
2513 4430 2737 4481 aeternae
2767 4425 3018 4482 miseria:
3051 4426 3347 4482 cruciatus
3380 4427 3611 4485 miseris

1955 4514 2540 4588 praeparantur.A.Ah
2576 4516 2587 4569 l
2622 4513 2872 4570 nimium
2906 4515 3164 4571 disertus
3194 4532 3321 4570 esse
3354 4515 3608 4586 cmpisti,

1956 4610 2022 4660 ut
2049 4621 2165 4660 non
2189 4605 2379 4660 dicam
2397 4602 3021 4676 eloquens,postquam
3049 4603 3319 4674 discipuli
3346 4603 3430 4658 tui
3455 4598 3609 4658 versi

1952 4699 2093 4751 sunt
2132 4695 2185 4749 in
2235 4695 2569 4766 magistros.
2621 4691 2905 4748 Antonius
2953 4695 3149 4746 orator
3203 4691 3492 4763 egregius,
3549 4691 3607 4746 in

1951 4852 2318 4919 cultaret,vel
2349 4853 2502 4924 quod
2532 4853 2691 4908 sicut
2711 4853 2921 4908 Iuliam
2951 4867 3018 4906 ac
3046 4852 3258 4906 Liviam
3282 4851 3609 4924 promiscue

1952 4928 2069 4982 fere
2100 4923 2649 4991 dicebant’veteres,
2705 4924 2788 4978 ita
2832 4925 3065 4980 Livam'a
3116 4940 3219 4994 pro
3256 4923 3482 4978 Juliana
3522 4940 3610 4980 so-

1951 4997 2095 5054 leret
2117 4999 2252 5053 dici.
2286 5003 2576 5052 Cmterum
2610 4993 3333 5068 Augustinus,deiGeslis_
3366 4995 3607 5063 Pelagii,

1951 5071 2010 5126 id
2046 5070 2128 5152 illi
2160 5072 2217 5125 in
2255 5066 2893 5152 Diospolitanasjnodo
2921 5067 3221 5152 .objectu'n‘i
3248 5066 3606 5152 refert,qu_od

1953 5142 2216 5198 scribens
2250 5143 2320 5196 ad
2351 5137 2613 5206 viduam,
2645 5137 2970 5196 adulatorie
2996 5137 3207 5192 dixerit
3241 5153 3252 5192 :
3287 5159 3315 5185 «
3349 5137 3611 5194 Inveniat

1953 5215 2108 5286 apud
2125 5219 2180 5269 te
2211 5213 2420 5286 pietas,
2453 5229 2579 5284 qua:
2612 5227 2904 5286 nusquam
2939 5209 3160 5286 invenit
3190 5208 3405 5286 locum.
3442 5210 3607 5267 Inve-

1953 5281 2079 5341 niat
2109 5281 2328 5355 ubique
2360 5285 2419 5338 in
2453 5281 2920 5356 peregrinatione
2951 5281 3146 5356 sedem
3175 5281 3415 5356 justitia
3447 5304 3466 5351 ,-
3509 5299 3605 5356 ve:-

1953 5358 2118 5426 ritas,
2151 5353 2330 5428 quam
2354 5353 2480 5427 jam
2515 5353 3048 5428 ncfnoicognoscit,
3111 5353 3437 5428 domestica
3496 5355 3605 5410 tibi

1951 5435 2009 5484 et
2060 5424 2248 5484 amica
2294 5424 2434 5495 ﬁat;
2468 5433 2526 5482 et
2555 5426 2643 5499 lex
2697 5424 2950 5497 Dei'quaa
2989 5424 3082 5499 _ab_
3101 5425 3378 5480 omnibus
3424 5443 3604 5499 prope

1952 5500 2292 5556 hominibus
2325 5494 2742 5563 contemnitur,
2773 5514 2807 5552 a
2837 5494 2892 5551 te
2922 5495 3045 5551 sola
3070 5494 3472 5553 honoraturf»

2022 5574 2044 5606 ²
2092 5572 2254 5628 Unus
2301 5571 2431 5626 Vat.
2483 5571 2617 5625 Eam
2665 5570 2763 5624 Dei
2811 5569 3032 5624 vocibus
3079 5568 3294 5638 laudas,
3344 5578 3398 5625 et
3444 5569 3602 5640 dicis,

1951 5649 2062 5701 ctc.
2097 5693 2106 5696 _.

2020 5716 2042 5750 ³
2071 5714 2251 5772 Vetus
2297 5713 2436 5772 edit.
2467 5712 2635 5772 ridet.
2669 5715 2796 5772 tum
2843 5714 2976 5771 Vat.
3008 5716 3058 5772 et
3087 5714 3288 5773 Merui
3316 5714 3599 5776 cruciati!

1951 5789 2188 5859 miseris,
2221 5790 2330 5851 etc.
