3966 6390
428 339 546 408 615

1677 340 1744 402 8.
1791 335 2105 403 EUSEBII
2148 333 2614 401 HIERONYMI.

3701 334 3814 400 σω

430 472 603 545 cujus
633 470 908 529 laudibus
939 437 1169 528 Tullius
1201 475 1489 544 pertonat,
1523 472 1770 527 disertos
1796 487 1857 527 se
1890 472 1970 526 ait
2001 469 2079 524 vi-
2111 471 2161 537 Α
2192 476 2362 542 gatus
2383 472 2409 524 ‘I
2439 473 2500 525 A.
2536 469 2625 524 Me
2654 467 2997 539 interrogas!
3059 466 3453 540 Respondebit
3499 466 3603 523 tibi
3652 484 3810 525 evan-

431 560 590 618 disse
635 560 876 630 multos,
926 560 1298 633 eloquentem
1351 561 1542 618 adhus
1588 561 1906 618 neminem.
1956 559 2084 614 Noli
2193 559 2381 631 gelica
2410 559 2572 625 tuba;
2607 557 2818 613 Doctor
2847 557 3131 628 gentium,
3173 573 3273 613 vas
3316 572 3562 613 aureum
3605 558 3663 613 in
3707 562 3810 615 toto

429 666 567 724 ergo
598 651 742 706 mihi
773 654 1072 707 oratorum
1124 655 1181 706 et
1228 668 1342 708 non
1396 651 1514 707 tuis
1566 651 1808 706 ﬂoribus
1859 649 2080 715 ludere,

428 755 532 810 per
561 755 708 811 quos
731 738 922 795 solent
944 739 1358 812 imperitorum
1376 746 1552 812 atque
1574 755 1888 810 puerorum
1911 755 2082 794 aures

429 827 641 900 decipi,
675 828 776 883 sed
826 827 1173 901 simpliciter
1223 829 1315 884 dic
1366 829 1508 884 mihi
1560 829 1700 900 quid
1751 827 1990 883 sentias.
2019 827 2077 882 C.

429 914 544 971 Hoc
576 916 726 986 dico,
760 917 1047 973 concedas
1077 917 1222 972 mihi
1254 917 1462 973 saltem
1493 935 1591 973 eos
1622 933 1750 973 esse
1779 917 1905 972 sine
1946 933 2077 988 pec-

429 1007 580 1067 cato,
611 1004 712 1076 qui
745 1020 983 1076 peccare
1016 1021 1128 1060 non
1159 1010 1425 1078 possunt,
1459 1007 1520 1060 A.
1561 1005 1884 1061 Concedam
1937 1004 1986 1059 si
2017 1004 2076 1060 in

427 1091 657 1148 Christo
712 1092 930 1149 fuerint
976 1094 1277 1167 baptizati,
1324 1110 1429 1150 nec
1477 1094 1630 1149 illico
1661 1097 1677 1128 ¹
1711 1110 1804 1149 me
1852 1093 2078 1149 tenebis

426 1181 488 1235 in
519 1197 830 1238 assensum
865 1184 1162 1238 sententiis
1193 1187 1329 1251 tum,
1362 1199 1478 1254 qua
1514 1182 1713 1238 dixisti
1762 1199 1932 1254 posse
1972 1181 2075 1236 ho-

436 1268 655 1325 minem
698 1270 824 1326 sine
872 1276 1106 1342 peccato
1149 1287 1276 1329 esse
1325 1271 1373 1327 si
1403 1271 1539 1326 velit
1571 1289 1583 1338 ;
1617 1270 1714 1327 isti
1763 1271 1919 1326 enim
1971 1287 2076 1326 nec

425 1361 693 1431 possunt,
728 1375 833 1414 nec
863 1358 1066 1414 volunt
1099 1375 1110 1414 :
1147 1360 1248 1415 sed
1282 1359 1408 1416 sine
1437 1359 1556 1416 ullo
1576 1364 1811 1431 peccato
1840 1375 1942 1430 per
1977 1359 2076 1414 Dei

425 1429 675 1519 gratiam
709 1452 866 1516 sunt,
901 1465 1077 1520 quam
1113 1448 1173 1503 in
1223 1448 1517 1520 baptismo
1566 1429 1971 1518 susceperunt.
2015 1447 2071 1503 C.

424 1533 596 1607 Cogis
626 1551 738 1607 me,
771 1539 837 1591 ut
863 1537 936 1591 ad
970 1535 1327 1592 invidiosum
1359 1535 1505 1591 illud
1541 1536 1766 1591 veniam
1797 1539 1853 1590 et
1882 1534 2072 1590 dicam

422 1622 530 1678 tibi
567 1641 579 1679 :
613 1623 760 1689 Quid
793 1624 948 1680 enim
970 1624 1402 1697 peccaverunt?
1435 1629 1501 1680 ut
1532 1623 1728 1680 statim
1767 1624 1820 1677 in
1858 1641 1949 1678 me
1971 1640 2072 1696 po-

423 1710 699 1784 pulorum
731 1711 955 1783 lapides
1003 1713 1304 1784 conjicias,
1361 1719 1418 1768 et
1466 1730 1641 1785 quem
1680 1712 1905 1768 viribus
1953 1729 2070 1768 non

2193 649 2332 704 orbe
2365 648 2746 720 resplendens
2763 663 2774 700 :
2794 669 2820 696 «
2852 647 3135 719 Regnavit
3156 663 3314 702 mors
3333 647 3406 702 ab
3429 647 3612 702 Adam
3634 661 3804 718 usque

2193 737 2264 792 ad
2296 741 2529 810 Moysen
2566 754 2577 791 :
2614 736 2788 792 etiam
2819 737 2876 790 in
2907 752 3026 803 eos,
3063 735 3160 807 qui
3195 753 3309 792 non
3342 736 3807 808 peccaverungin

2191 825 2644 882 similitudinem
2677 825 3166 896 praevaricationis
3193 824 3511 896 Adam,qui
3539 828 3627 880 est
3646 824 3810 880 forma

2190 915 2370 970 futuri
2405 917 2576 986 (Rom.
2613 933 2669 980 v,
2701 914 2814 984 44).
2851 937 2877 960 ››
2913 914 3072 978 Quod
3120 913 3169 968 si
3219 913 3505 983 objeceris
3560 911 3670 967 dici
3699 928 3809 970 esse

2188 1002 2418 1075 aliquos
2448 1005 2490 1069 3,
2521 1005 2622 1074 qui
2656 1019 2769 1057 non
2801 1006 3201 1074 peccaverunt,
3236 1000 3501 1074 intelligo
3545 1017 3640 1056 eos
3682 1000 3804 1057 illud

2188 1109 2300 1148 non
2335 1109 2605 1164 peccasse
2636 1096 2962 1164 peccatum,
2990 1092 3144 1163 quod
3178 1090 3443 1163 peccavit
3471 1091 3652 1146 Adam
3680 1106 3804 1162 pre-

2184 1182 2496 1238 varicando
2529 1182 2588 1241 in
2637 1181 2909 1254 paradiso
2958 1185 3312 1253 praeceptum
3365 1179 3490 1236 Dei.
3549 1179 3804 1236 Ceterum

2185 1287 2388 1326 omnes
2419 1270 2710 1337 homines,
2743 1274 2844 1326 aut
2889 1269 3115 1341 antiqui
3167 1269 3574 1342 propagatoris
3617 1269 3800 1336 Adam,

2185 1365 2286 1415 aut
2332 1377 2438 1415 suo
2487 1360 2722 1415 nomine
2772 1363 3046 1414 tenentur
3105 1358 3360 1426 obnoxii,
3401 1357 3512 1422 Qui
3556 1357 3804 1429 parvulus

2184 1454 2294 1515 est,
2335 1450 2595 1520 parentis
2624 1449 2727 1503 ‘in
2777 1447 3067 1519 baptismo
3115 1447 3349 1502 vinculo
3408 1447 3666 1503 solvitur.
3713 1446 3803 1510 Qui

2184 1539 2312 1609 ejus
2344 1538 2530 1592 atatis
2562 1543 2673 1603 est,
2705 1554 2834 1608 qua:
2865 1541 3056 1609 potest
3083 1552 3306 1608 sapere,
3339 1542 3397 1592 et
3429 1535 3616 1592 alieno
3641 1540 3695 1591 et
3711 1551 3801 1592 suo

2182 1627 2396 1682 Christi
2424 1626 2707 1699 sanguine
2741 1626 3038 1681 liberatur.
3094 1626 3250 1682 804
3293 1627 3372 1682 Ac
3405 1642 3479 1681 ne
3523 1641 3613 1681 me
3657 1629 3802 1697 putes

2182 1715 2450 1770 haeretico
2483 1733 2659 1771 sensu
2687 1715 2794 1770 hoc
2825 1714 3170 1786 intelligere,
3221 1714 3432 1771 beatus
3474 1718 3688 1786 martyr
3711 1714 3800 1785 Cy-

422 1805 608 1873 potes,
641 1802 936 1858 voluntate
967 1803 1305 1858 interﬁcias.
1352 1805 1414 1858 A.
1458 1803 1555 1858 Ille
1607 1803 1943 1858 heareticum
1992 1802 2069 1856 in-
2101 1842 2150 1908 Β
2182 1803 2617 1877 prianus,cujus
2650 1809 2704 1860 te
2733 1804 2783 1860 ie
2815 1805 3256 1876 Scripturarum
3288 1804 3646 1860 testimoniis
3671 1802 3802 1875 dige-

420 1892 651 1961 terficit,
681 1891 780 1951 aui
814 1908 942 1947 esse
983 1890 1320 1946 hacreticum
1369 1892 1610 1962 patitur.
1653 1890 1937 1944 Cmterum
1970 1907 2071 1945 no-

421 1986 544 2036 stra
593 1981 880 2052 correptio
929 1980 1241 2036 vivificatio
1299 1985 1386 2035 est
1419 1997 1431 2034 :
1466 1985 1529 2035 ut
1561 1979 1762 2034 haeresi
1796 1979 2070 2045 moriens,

418 2069 577 2124 vivas
610 2069 907 2126 catholicae
941 2069 1098 2136 fidei,
1155 2069 1211 2124 C.
1246 2068 1300 2123 Si
1362 2086 1469 2124 nos
1526 2069 1688 2124 scitis
1748 2067 2070 2132 hmreticos,

418 2175 523 2214 cur
561 2176 677 2214 non
710 2159 1002 2215 accusatis
1033 2160 1060 2213 ‘I
1092 2164 1156 2214 Α.
1190 2158 1336 2225 Quia
1358 2157 1672 2230 Apostolus
1706 2159 1826 2228 (Tit.
1861 2158 1945 2228 ιιι)
1979 2174 2070 2212 me

417 2248 584 2304 docet
613 2248 775 2304 808
825 2247 1162 2304 haereticum
1210 2252 1342 2320 post
1399 2265 1578 2303 unam
1637 2252 1694 2302 et
1751 2247 2069 2302 secundam

417 2337 843 2409 correptionem
875 2336 1079 2405 vitare,
1098 2353 1214 2392 non
1245 2353 1540 2403 accusare,
1565 2337 1758 2392 sciens
1780 2335 1919 2407 quia
1949 2351 2073 2407 per-

414 2440 618 2481 versus
649 2424 726 2480 sit
757 2429 814 2480 et
844 2441 950 2480 suo
973 2425 1198 2496 judicio
1231 2423 1816 2496 damnatus.Alioqui
1849 2424 2070 2480 stultis-

415 2514 636 2569 simum
668 2519 777 2582 est,
811 2530 988 2586 super
1019 2514 1131 2569 fide
1163 2530 1294 2569 mea
1322 2517 1364 2582 ²,
1396 2531 1491 2570 me
1529 2531 1596 2570 ex
1639 2513 1880 2569 alterius
1929 2530 2069 2586 pen-

417 2603 553 2658 dere
575 2602 820 2673 judicio.
857 2603 1004 2668 Quid
1036 2603 1193 2658 enim
1237 2603 1285 2658 si
1319 2608 1373 2658 te
1414 2602 1566 2659 alius
1595 2602 1946 2658 catholicum
1981 2603 2067 2657 di-

416 2691 588 2757 xerit,
620 2691 895 2746 statimne
939 2707 1248 2747 assensum
1287 2691 1542 2747 tribuam
1573 2691 1600 2746 ?
1627 2691 1970 2762 Quicunque
2014 2695 2070 2746 te

421 2777 766 2847 defenderit,
824 2782 882 2834 et
941 2795 1211 2850 perversa
1258 2779 1588 2835 credentem
1649 2779 1797 2834 bene
1853 2780 2068 2836 sentire

423 2865 652 2934 dixerit,
684 2883 798 2921 non
831 2867 938 2922 hoc
971 2869 1110 2939 agit,
1146 2873 1212 2922 ut
1242 2872 1298 2923 te
1325 2867 1568 2923 infamia
1615 2867 1840 2934 liberet,
1873 2869 1972 2923 sed
2008 2873 2070 2924 ut

416 2972 479 3012 se
505 2955 750 3012 infamet
767 2955 1360 3028 perﬁdiaeMultitudo
1385 2957 1676 3012 sociorum
1694 2974 2066 3030 nequaquam

415 3049 474 3100 te
503 3043 883 3112 catholicum,
915 3046 1016 3101 sed
1050 3045 1388 3101 haereticum
1441 3062 1570 3102 esse
1619 3046 2063 3103 demonstrabit.

413 3133 628 3189 Verum
661 3133 781 3190 hac
809 3133 1205 3191 ecclesiastico
1237 3135 1538 3191 calcentur
1566 3136 1733 3207 pede,
1775 3153 1845 3190 ne
1895 3135 2064 3207 quasi

2182 1893 2379 1950 rendis
2404 1894 2680 1949 aemulum
2714 1893 3004 1966 gloriaris,
3038 1895 3094 1947 in
3126 1893 3376 1965 epistola
3406 1910 3581 1965 quam
3625 1890 3801 1947 scribit

2181 1983 2254 2038 ad
2305 1984 2646 2056 episcopum
2701 1984 2908 2038 Fidum
2963 1984 3035 2038 de
3083 1982 3412 2038 infantibus
3463 1979 3799 2054 baptizandis

2181 2069 2303 2126 haec
2334 2075 2621 2125 memorat
2653 2087 2665 2124 :
2702 2095 2726 2119 ‹‹
2763 2074 2940 2125 Porro
2972 2074 3167 2125 autem
3217 2070 3266 2125 si
3325 2070 3504 2126 etiam
3559 2067 3799 2142 gravissi-

2181 2159 2293 2213 mis
2323 2158 2728 2224 delictoribus,
2760 2164 2816 2213 et
2847 2159 2903 2212 in
2939 2163 3118 2213 Deum
3143 2157 3329 2213 multo
3363 2159 3383 2192 ⁸
3414 2163 3547 2214 ante
3577 2173 3794 2230 peccan-

2180 2250 2358 2316 tibus,
2385 2264 2519 2303 cum
2553 2251 2754 2320 postea
2775 2246 3425 2313 crcdiderint,remissio
3457 2251 3795 2319 peccatorum

2179 2338 2372 2402 datur,
2405 2341 2462 2392 et
2490 2354 2523 2392 a
2540 2335 2829 2408 baptismo
2853 2340 3030 2407 atque
3055 2335 3247 2407 gratia
3268 2352 3443 2391 nemo
3465 2335 3796 2407 prohibetur,

2180 2430 2400 2498 quanto
2460 2426 2651 2496 magis
2710 2423 3004 2497 prohiberi
3064 2441 3178 2479 non
3239 2425 3414 2480 debet
3459 2424 3665 2490 infans,
3709 2419 3794 2492 qui

2179 2532 2380 2571 recens
2413 2518 2591 2569 natus
2615 2513 2760 2568 nihil
2795 2513 3075 2583 peccavit,
3127 2513 3241 2569 nisi
3283 2515 3444 2586 quod
3493 2511 3793 2569 secundum

2178 2606 2359 2660 Adam
2389 2602 2704 2658 carnaliter
2734 2607 2911 2657 natus
2943 2603 3282 2675 contagium
3322 2603 3530 2659 mortis
3568 2599 3793 2672 antique

2179 2693 2370 2766 prima
2409 2692 2710 2747 nativitate
2757 2692 3046 2748 contraxit
3093 2693 3121 2747 ?
3159 2693 3258 2763 qni
3291 2693 3365 2748 ad
3415 2691 3793 2748 remissionem

2178 2786 2547 2855 peccatorum
2579 2780 3116 2852 accipiendam,hoc
3148 2781 3274 2854 ipso
3302 2781 3534 2837 facilius
3579 2777 3793 2845 accedit,

2178 2872 2332 2943 quod
2364 2869 2448 2924 illi
2490 2870 2872 2926 remittuntur
2900 2890 3013 2927 non
3049 2870 3304 2944 propria,
3338 2871 3441 2926 sed
3472 2869 3655 2925 aliena
3680 2882 3793 2939 pec-

2177 2965 2305 3016 cata
2337 2960 2348 3014 !
2379 2961 2450 3014 Et
2503 2959 2739 3026 idcirco,
2797 2961 2974 3016 frater
3030 2959 3402 3026 charissime,
3439 2959 3558 3014 haec
3601 2957 3702 3012 fuit
3741 2955 3791 3009 in

2175 3049 2420 3104 concilio
2453 3052 2652 3103 nostra
2682 3049 2990 3115 sententia,
3024 3067 3057 3104 a
3088 3048 3385 3121 baptismo
3435 3053 3603 3119 atque
3630 3041 3793 3118 gratia

2176 3137 2421 3208 Dei,qui
2447 3136 2724 3193 omnibus
2771 3138 3101 3194 misericors
3152 3143 3209 3193 et
3248 3137 3542 3210 benignus
3582 3140 3635 3190 et
3677 3132 3790 3205 pius

417 3223 674 3296 parvulis
703 3224 1218 3280 ﬂentibustristior
1264 3225 1532 3296 quaedam
1556 3226 1748 3298 imago
1773 3230 2057 3281 monstre-
2091 3215 2133 3283 (Σ
2172 3233 2279 3296 est,
2314 3227 2608 3283 neminem
2631 3244 2731 3299 per
2756 3245 2862 3282 nos
2894 3228 3101 3284 debere
3131 3226 3450 3298 prohiberi.
3475 3224 3629 3292 Quod
3670 3236 3786 3277 cum

416 3315 533 3366 tur.
567 3312 684 3367 Hoc
719 3313 883 3368 nobis
914 3318 1147 3385 prazstet
1172 3314 1271 3370 Dei
1316 3314 1510 3381 timor,
1547 3320 1610 3370 ut
1660 3332 1863 3370 omnes
1920 3314 2066 3371 alios

417 3403 862 3456 contemnamus
892 3402 1152 3459 timores.
1200 3403 1448 3458 Proinde
1493 3407 1594 3458 aut
1633 3404 1876 3459 defende
1908 3405 2062 3478 quod

417 3487 631 3554 credis,
680 3491 782 3542 aut
819 3487 1085 3560 relinque
1134 3491 1288 3562 quod
1339 3492 1649 3547 defendere
1678 3493 1816 3561 {non
1877 3499 2060 3565 potes.

419 3578 838 3649 Quemcunque
882 3577 942 3632 in
982 3579 1380 3634 defensionem
1429 3581 1514 3636 tui
1560 3581 1896 3648 adduxeris,
1944 3598 2061 3636 non

415 3669 750 3737 patronum,
783 3666 884 3721 sed
916 3667 1142 3722 socium
1171 3667 1524 3724 nominabis.

486 3756 576 3812 18-
605 3760 790 3826 Quare
818 3757 1061 3828 infantes
1091 3757 1438 3813 babtizcntur
1468 3775 1480 3813 :
1513 3763 1564 3813 et
1597 3759 1871 3830 Cypriani
1917 3763 2061 3815 testi-

414 3846 678 3901 monium.
723 3845 779 3901 (Σ.
817 3846 932 3913 Dic,
968 3863 1184 3918 quaso,
1216 3851 1273 3902 et
1323 3863 1415 3902 me
1469 3847 1627 3903 omni
1679 3848 1862 3904 libera
1900 3867 2061 3921 quae-

417 3933 623 4001 stione,
675 3951 856 4007 quare
910 3935 1184 3992 infantuli
1245 3936 1612 4008 baptizentur
1658 3937 1685 3992 ?
1736 3939 1797 3992 A.
1848 3938 1921 3993 Ut
1978 3939 2061 3995 eis

416 4026 652 4107 peccata
680 4023 738 4078 in
771 4023 1123 4097 baptismate
1152 4025 1546 4092 dimittantur,
1596 4027 1652 4082 Ο.
1706 4027 1850 4092 Quid
1901 4029 2058 4084 enim

414 4126 811 4168 eommeruere
840 4113 1059 4183 peccati
1092 4114 1104 4168 ι
1135 4113 1954 4190 Ουίεᾳυειωωεεοινίιυτςιιοιι
1986 4117 2060 4172 Ιί-

487 4285 501 4318 ¹
533 4283 744 4341 Vocem
777 4287 927 4342 illico
949 4305 1017 4344 ex
1050 4289 1162 4344 fide
1191 4305 1337 4346 mss.
1373 4292 1733 4349 sutfecimus.

486 4357 508 4390 ²
540 4357 603 4412 In
661 4357 844 4437 Vatic.
876 4364 961 4437 _et
1016 4365 1193 4437 veter.
1245 4361 1408 4437 edit,
1467 4363 1708 4420 Stultum
1759 4373 1838 4421 est
1890 4368 2055 4437 ﬁdem

413 4445 597 4504 meant
620 4443 690 4483 ex
718 4430 947 4504 alterius
972 4432 1216 4504 pdndere
1233 4433 1466 4504 judicio.

486 4500 508 4533 ⁸
541 4500 699 4583 idem
733 4500 1108 4585 Vatatlieilhic
1132 4500 1244 4560 esse
1271 4507 1503 4585 aliquos.
1539 4509 1720 4562 Vetus
1751 4509 1886 4564 edit.
1920 4527 2055 4567 cum

417 4571 651 4645 Regina;
684 4588 820 4641 ms.,
853 4573 965 4629 dici
993 4575 1091 4658 hoc
1119 4593 1252 4658 esse,
1285 4571 1392 4632 etc.

487 4643 768 4726 ‘_Vocem
813 4652 1066 4726 parentis
1115 4647 1310 4704 Vaticr
1357 4651 1796 4726 nonagnoscit,
1840 4657 1896 4707 et
1923 4653 2062 4726 legit

415 4714 589 4841 paulo
621 4721 754 4787 post
783 4714 963 4773 alieno
992 4723 1044 4774 et
1073 4735 1168 4774 suo
1194 4729 1412 4790 peccato
1443 4714 1647 4777 Christi
1675 4714 1946 4791 sanguine
1979 4714 2058 4781 7i-

451 4795 658 4841 aratur.
697 4787 926 4841 Reginae
957 4790 1056 4841 lib.
1086 4793 1266 4841 alieno
1313 4795 1408 4841 aut
1451 4809 1547 4841 suo
1605 4804 1816 4841 necmtn
1849 4799 2058 4841 ιρηηίιιν

451 4795 658 4865 aratur.
697 4787 926 4865 Reginae
957 4790 1056 4845 lib.
1086 4787 1266 4847 alieno
1313 4795 1408 4848 aut
1451 4809 1547 4847 suo
1599 4787 1816 4865 peccato
1849 4799 2063 4852 tenetur

417 4857 624 4914 Christi
645 4857 933 4930 sanguine.
967 4866 1075 4925 etc,

485 4930 506 4962 ⁵
562 4932 729 5005 apud
779 4932 973 5004 ipsum
1039 4933 1390 5005 Cyprianum
1430 4935 1663 4989 multum
1723 4941 1780 4991 et
1835 4941 2062 4995 remissa

415 5017 550 5078 cum
582 5003 848 5078 Vaticnet
877 5003 1053 5078 veteri
1085 5003 1245 5072 edit.,
1278 5011 1404 5061 tum
1438 5013 1601 5076 atque
1622 5024 1654 5060 α
1675 5010 1854 5078 gratia
1886 5011 2061 5066 etiam

415 5072 589 5128 infra.
616 5074 828 5131 deinde
876 5077 949 5132 De
1015 5091 1111 5137 ope
1155 5087 1343 5132 nostra
1395 5093 1458 5132 ac
1505 5072 1568 5132 ite
1623 5072 1816 5134 divina
1845 5084 2062 5137 miseri-

413 5145 625 5220 cordia,
662 5145 1169 5220 quemadmodum
1222 5149 1397 5204 etiam
1450 5149 1604 5220 apud
1665 5150 1816 5206 Iiier.
1865 5169 2063 5208 emen-

417 5215 694 5296 dandum:
729 5217 986 5296 videtur,
1023 5220 1422 5296 Martianacus-
1456 5215 1834 5296 posteriorem
1884 5225 2062 5296 hujus

418 5284 787 5363 locipartem
819 5284 1087 5363 Cypriani
1109 5309 1236 5347 esse
1268 5309 1382 5347 non
1410 5284 1711 5348 intellexit.

489 5358 511 5391 ⁸
541 5361 708 5438 Hunc
740 5358 949 5438 locu'm‘
966 5363 1293 5438 respicit‘S.
1318 5367 1556 5438 Doctor.
1609 5365 1778 5436 epist.
1832 5367 1954 5438 134,
1988 5369 2059 5424 ad

415 5429 687 5512 August,
722 5447 830 5512 n.“1
865 5429 1083 5512 τροιῄᾷ
1106 5439 1180 5512 .et
1206 5434 1266 5512 in
1307 5434 1587 5512 _I_)ialogo,_
1639 5429 1812 5508 quem
1877 5429 2064 5512 nuper

417 5499 593 5578 edidi,
627 5507 741 5557 tuae
772 5503 1176 5573 Beatitudinis,
1210 5499 1532 5578 utdignum
1564 5499 1772 5574 fuerat,
1797 5499 2060 5568 recorda-

417 5574 516 5628 tus
548 5589 702 5641 sum,
740 5596 766 5622 ››
798 5580 905 5629 etc.

492 5644 513 5679 ⁸
568 5643 786 5719 Vitiose
836 5647 1208 5706 Martianaeus
1282 5651 1580 5719 Ileractini,
1653 5650 1839 5712 Vatic.
1890 5657 2059 5714 Hera.

415 5717 600 5798 φιϐαπί
630 5733 644 5780 :
674 5722 844 5779 vetus
873 5719 1016 5778 edit.
1049 5721 1193 5780 satis
1220 5721 1368 5780 bene
1414 5717 1778 5787 Heraclianae.
1833 5729 1896 5789 In
1930 5726 2061 5789 aliis

2175 3318 2329 3374 circa
2349 3317 2654 3371 universos
2683 3317 3111 3371 observandum
3136 3317 3213 3371 sit
3233 3319 3414 3388 atque
3427 3311 3788 3375 retinendum,

2172 3412 2299 3462 tum
2333 3405 2520 3478 magis
2550 3405 2706 3460 circa
2734 3405 2987 3461 infantes
3017 3405 3177 3478 ipsos
3207 3409 3266 3461 et
3295 3421 3498 3462 recens
3528 3406 3686 3459 natos
3709 3399 3793 3455 ob-

2173 3496 2522 3552 servandum
2556 3499 2716 3566 puta,
2766 3495 2864 3566 qui
2900 3495 3008 3550 hoc
3059 3495 3186 3566 ipso
3234 3495 3305 3549 de
3361 3511 3468 3567 ope
3504 3494 3691 3548 nostra
3727 3484 3789 3540 ad

2171 3585 2430 3640 divinam
2481 3584 2945 3640 misericordiam
3001 3584 3135 3656 plus
3186 3588 3508 3646 merentur,
3556 3576 3698 3652 quod
3738 3575 3787 3629 in

2173 3674 2360 3745 primo
2406 3673 2605 3728 statim
2659 3671 2978 3728 nativitatis
3040 3690 3157 3728 sua:
3213 3677 3344 3728 ortu
3405 3671 3684 3743 plorantes
3731 3675 3786 3717 ac

2171 3764 2396 3828 flentes,
2448 3760 2594 3816 nihil
2627 3759 2785 3815 aliud
2832 3759 3074 3827 faciunt,
3119 3777 3296 3832 quam
3344 3759 3781 3832 deprecantur.»

2242 3852 2329 3906 19.
2363 3851 2576 3906 Laudat
2608 3850 2662 3904 S.
2694 3851 3080 3920 Augustinum.
3112 3880 3178 3890 —-
3207 3850 3452 3923 Scripsit
3472 3847 3685 3904 dudum
3710 3839 3788 3894 vir

2170 3944 2409 3996 sanctus
2439 3944 2495 3995 et
2524 3938 2804 4010 eloquens
2835 3940 3146 4011 episcopus
3177 3938 3539 4010 Augustinus
3556 3934 3623 3990 ad
3652 3929 3782 3986 Mar-

2169 4029 2467 4095 cellinum,
2499 4028 2598 4100 qui
2623 4033 2823 4099 postea
2845 4028 2953 4083 sub
2977 4028 3196 4082 invidia
3217 4026 3542 4099 tyrannidis
3568 4025 3588 4058 ⁸
3614 4020 3785 4076 Hiera-

2169 4119 2341 4174 cliani
2372 4119 2390 4151 "
2419 4118 2491 4174 ab
2524 4115 2810 4172 baareticis
2840 4116 3120 4172 innocens
3154 4133 3334 4171 cazsus
3377 4120 3485 4182 est,
3536 4112 3676 4166 duos
3720 4104 3780 4159 li-

2169 4298 2336 4353 libris
2366 4295 2644 4352 scribitur
2674 4294 2982 4350 Heradiani
3046 4299 3096 4349 ct
3129 4295 3329 4350 Herodi
3372 4291 3461 4365 vel
3490 4287 3784 4365 Eradiipro

2169 4369 2500 4425 Ileracliano
2529 4372 2631 4422 aut
2681 4367 2917 4421 Eraclio.
2972 4367 3144 4422 Porro
3195 4382 3266 4421 ne
3324 4363 3458 4422 facti
3505 4362 3784 4417 historiam

2167 4441 2404 4496 omnino
2439 4443 2799 4506 prmtcream,
2832 4437 3213 4493 Hcraclianus
3235 4437 3343 4493 iste
3370 4435 3782 4506 Africzecomeos.

2166 4529 2300 4568 cum
2333 4512 2403 4566 ab
2436 4502 2687 4565 Honorio
2736 4502 3001 4565 diﬁciens
3055 4525 3189 4564 cum
3251 4507 3473 4580 ingenti
3531 4502 3706 4580 classe
3731 4502 3782 4547 in

2091 4590 2138 4655 Β
2174 4584 2400 4640 Italiam
2433 4587 2607 4653 atque
2637 4581 2708 4655 ad
2744 4581 2979 4655 Urbem_
3006 4572 3398 4645 contenderat,
3457 4572 3650 4655 marini
3697 4581 3784 4655 ct)-

2172 4655 2332 4710 mitis
2365 4648 2607 4710 occursu
2641 4653 2712 4708 ad
2764 4651 3089 4708 Utriculum
3141 4658 3479 4724 superatus,
3525 4648 3654 4724 fuga
3699 4653 3782 4724 at:

2173 4709 2353 4799 repta,
2376 4709 3038 4799 Carthagineerediit,
3073 4724 3173 4779 ubi
3217 4709 3476 4799 domum
3503 4709 3785 4799 cap'tusff

2171 4791 2361 4865 capite
2393 4791 2660 4851 minutus
2683 4801 2789 4851 est.
2825 4797 2976 4850 Tum
3022 4813 3156 4851 vero
3202 4793 3606 4865 Marcellinust
3627 4791 3783 4865 quem

2171 4858 2473 4926 tribunum
2493 4872 2551 4923 et
2568 4869 2858 4923 notarium
2881 4866 3118 4922 miserat
3135 4867 3422 4922 Honorius
3444 4858 3779 4938 ἰη-Αζςὶοαῑιξζ

2178 4921 3145 5022 ὖῖεῖεὲιῦιεείέιέεεθι.βεξηειίίίξηὲε
3201 4939 3353 5022 inter
3405 4921 3785 5022 σεξιιὶρὲἰίὶὲἱέξ

2171 5002 2529 5083 Donatistae,
2561 5011 2704 5066 falso
2737 5009 2963 5066 delatus
2995 5011 3059 5065 ab
3090 5012 3388 5083 lucretius,
3422 5009 3486 5083 ut
3532 5002 3781 5083 Hieron}:

2172 5102 2305 5140 mus
2337 5075 2529 5155 vocat;
2548 5083 2776 5155 proprie
2824 5087 3018 5138 autem
3047 5099 3095 5155 _a
3154 5078 3496 5155 Donatistis,
3552 5075 3778 5155 quom}?

2173 5157 2371 5212 odium
2403 5143 2682 5221 subierat,
2716 5155 2870 5226 quod
2923 5171 2982 5208 se
3043 5153 3098 5208 in
3149 5143 3582 5226 Catholicorum'
3629 5143 3783 5226 951393

2173 5245 2453 5301 perquam
2497 5211 2749 5301 strenue:
2778 5225 3075 5301 gessisset,
3140 5230 3431 5301 tanquam
3462 5211 3781 5301 Heracliti-{1:3

2171 5289 2584 5373 perduellioois
2615 5289 2828 5373 socius,
2862 5289 3125 5373 ejusdem
3177 5289 3384 5373 Marini
3407 5294 3577 5373 jussu
3608 5289 3777 5373 se???

2172 5359 2498 5450 percutitur
2528 5386 2659 5450 cu_m
2692 5359 2965 5450 Aptingio
2999 5369 3192 5450 fratre,
3214 5359 3776 5450 ἐθρζοξιιιιεὶιῐιιείῐιεςζ

2173 5421 2266 5500 aa:
2283 5421 2682 5504 ’ᾱιέῗάοιιιεά
2711 5421 2770 5496 ει
2793 5421 2974 5507 mea,
3002 5421 3253 5510 iugis;
3278 5421 3454 5510 epist.
3479 5429 3594 5510 151.
3615 5421 3780 5510 ορδε-

2173 5515 2380 5570 risium
2411 5500 2702 5578 nostrum,
2730 5514 2936 5567 llistor.
2961 5500 3262 5582 'Pela‘éJib.
3300 5500 3392 5577 ιξο.
3424 5508 3458 5562 5
3489 5520 3500 5558 ;
3533 5500 3772 5582 Οι-οειρξέ

2172 5587 2272 5642 lib.
2307 5603 2407 5652 v11,
2439 5602 2564 5657 cap.
2613 5555 2702 5657 42:
2737 5606 2764 5633 ‹‹
2811 5555 3395 5657 Μελινὶιιιιεῃνἱῐιίιιιίί,Δ
3425 5555 3777 5657 00919591399

2171 5643 2582 5731 Carthaginem
2635 5643 2943 5731 (incertum
2989 5643 3109 5731 cst,
3158 5643 3278 5712 zeio
3326 5643 3666 5731 stimulatus:
3714 5643 3778 5690 ⁸η

2171 5747 2314 5792 auro
2346 5724 2680 5808 corruptus)
2711 5728 2771 5788 S.
2794 5727 3198 5794 Marcellinum
3232 5724 3460 5812 occidit,
3492 5741 3519 5774 »
