3966 6400
162 350 283 430 ὀξέι

1596 406 1601 411 -
1658 356 2079 433 APPENDIX.
2192 386 2197 397 '

3453 362 3581 434 618'

173 499 310 556 bros
339 495 414 556 de
441 497 770 557 infantibus
800 498 1166 572 baptizandis
1194 506 1400 557 contra
1428 498 1697 557 heresim
1728 516 1818 556 ve-
1846 503 1900 571 Α
1931 501 2085 556 ﬂuo:
2120 504 2221 555 aut
2248 499 2295 554 si
2331 516 2478 557 nova
2507 500 2867 560 voluerimus
2899 504 3111 571 dicere,
3161 520 3195 561 a
3240 502 3572 561 clarissimo

170 590 375 658 stram,
406 598 512 662 per
541 600 719 661 quam
748 583 927 647 vultis
956 600 1236 657 asserere,
1259 589 1543 662 baptizari
1562 589 1816 645 infantes

170 686 286 735 non
317 678 380 735 in
409 678 821 736 remissionem
865 683 1258 752 peccatorum,
1308 682 1409 735 sed
1459 679 1521 735 in
1570 695 1817 751 regnum

170 767 657 839 cmibrum,jux'ta
698 766 845 824 illud
890 768 1045 840 quod
1090 767 1375 840 scriptum
1424 773 1515 824 est
1543 768 1604 823 in
1634 768 1818 824 Evan-

170 856 355 930 gelia:
380 879 409 908 ‹‹
435 846 559 912 Nisi
579 855 715 929 quis
736 860 975 913 renatus
1013 856 1191 912 fuerit
1224 873 1295 913 ex
1318 873 1472 931 aqua
1511 861 1568 913 et
1597 856 1816 930 Spiritu

169 948 398 1014 senct'o,
442 950 556 1002 no‘n
601 948 794 1018 petest
842 943 1060 1002 intrare
1117 945 1176 1001 in
1234 962 1480 1020 regnum
1537 945 1816 1002 caelorum

170 1033 355 1105 (locu.
390 1036 475 1101 ni,
506 1031 586 1104 3).
620 1055 648 1083 ››
675 1020 943 1088 Tertium
975 1048 1208 1105 quoque
1238 1033 1310 1089 ad
1361 1033 1631 1090 eumdem
1665 1033 1817 1090 Mar-

171 1120 455 1179 cellinum
496 1125 703 1178 centra
733 1128 835 1178 eOs
866 1121 1018 1197 βω
1068 1120 1170 1194 qui
1221 1118 1429 1178 dicunt
1473 1123 1627 1178 idem
1660 1124 1815 1195 quod

170 1216 296 1280 vos,
329 1212 545 1285 po'sSe’
578 1210 879 1267 hominem
920 1210 1046 1267 sine
1095 1214 1331 1284 peccato
1378 1228 1526 1277 esse,
1578 1211 1627 1268 si
1658 1211 1815 1282 velit,

174 1301 398 1374 ab’Squ’e
426 1296 526 1357 Dei
563 1300 772 1373 gratia.
804 1288 874 1355 Et
895 1304 1170 1371 quartum
1195 1317 1384 1373 nuper
1402 1301 1474 1357 ad
1499 1300 1818 1356 Hilarium”

173 1395 374 1447 contra
391 1389 717 1446 doctrinam
754 1394 942 1456 tuam,
965 1388 1154 1444 multa
1173 1403 1445 1461 perversa
1474 1390 1813 1463 fingentem.

170 1472 329 1536 Alios
396 1485 634 1551 quoque
707 1476 1038 1551 specialiter
1108 1484 1211 1534 tuo
1306 1478 1527 1535 nomini
1606 1480 1818 1535 cudere

174 1568 415 1636 dicitur,
468 1568 569 1640 qui
617 1567 870 1623 necdum
926 1566 987 1621 in
1026 1571 1262 1623 nostras
1315 1585 1522 1625 venere
1581 1585 1814 1624 manus.

173 1658 340 1715 Unde
362 1656 863 1731 Superseden'dum
903 1655 1041 1712 huic
1080 1655 1265 1712 labori
1302 1672 1531 1724 censeo,
1565 1674 1635 1712 ne
1660 1658 1818 1714 dica-

173 1752 276 1803 tur
302 1745 448 1803 ‘mihi
478 1741 624 1802 illud
655 1742 915 1803 Horatii:
949 1767 977 1797 ‹‹
1014 1747 1078 1801 In
1127 1744 1334 1802 silvam
1391 1763 1462 1802 ne
1508 1746 1669 1820 ligna
1698 1748 1816 1821 (lib.

173 1836 352 1905 mat.
385 1836 546 1910 10).»
577 1835 691 1891 Aut
724 1835 885 1891 enim
923 1834 1126 1891 eadem
1165 1834 1494 1892 diceremus
1523 1853 1592 1893 ex
1612 1853 1816 1910 super-

236 2018 260 2054 ¹
292 2015 570 2087 Servatus
601 2015 800 2087 Lupus
837 2013 899 2070 in
940 2014 1278 2071 Collectan'eo
1324 2015 1394 2071 de
1440 2014 1618 2071 tribus
1647 2017 1817 2087 Qua:-

170 2084 601 2145 slionibushanc
613 2084 1049 2159 exHieronymo
1061 2087 1388 2159 pericopem
1420 2087 1551 2159 fuse
1590 2084 1815 2155 recitat,

171 2161 432 2235 legitque
451 2174 584 2235 cum
613 2156 965 2235 impressis;
980 2156 1129 2235 Μέθη
1173 2156 1369 2235 autem
1401 2158 1540 2225 duo,
1564 2173 1817 2235 quorum

171 2228 587 2305 alter—Regium
602 2228 725 2305 est,
746 2229 906 2305 alter
928 2229 1315 2305 Corbeiensis,
1362 2245 1539 2305 penes
1557 2228 1820 2305 _Benedi-

172 2304 363 2377 ctinos
405 2301 468 2360 εἰ
489 2302 803 2377 Augustini
817 2301 1091 2377 editores,
1124 2301 1231 2370 Qui
1257 2301 1566 2377 dicunt,id
1596 2305 1677 2357 est
1703 2317 1815 2377 eos,

169 2374 342 2448 passo,
393 2376 504 2448 etc.
563 2373 726 2448 Unus
745 2373 952 2448 _Vatic_.
1012 2373 1169 2448 Id_e_m_
1218 2389 1327 2429 vos.
1384 2374 1673 2430 Caeterum
1700 2374 1819 2429 Non

170 2440 502 2531 absqge‘Bei
527 2446 717 2531 gratia
744 2444 1015 2531 P‘slagius
1055 2440 1220 2500 dixit.
1489 2514 1525 2531 μ

226 2514 549 2575 ’Ἠεὶιενίιιέ
607 2517 714 2573 ista
772 2514 1179 2588 Syracusanus
1250 2514 1345 2571 ille
1407 2514 1655 2588 antistes
1705 2518 1819 2580 est.

170 2591 345 2662 cujus
401 2592 564 2673 extat
635 2587 886 2673 spisto’ls
938 2588 1061 2657 156,
1105 2587 1274 2673 ¹ἰηιῳδ
1331 2587 1818 2673 Augustinianas,

171 2659 352 2736 quam
378 2660 602 2736 saepius
640 2659 1034 2728 laudavimus,
1067 2663 1124 2716 et
1170 2659 1243 2715 ad
1293 2675 1473 2731 quam
1507 2659 1820 2732 Augustini

1847 1891 1896 1957 B

1927 589 2162 660 ingenio
2194 594 2476 662 occupata
2508 596 2649 647 sunt
2683 592 2944 650 meliora.
2991 597 3110 664 Hoc
3131 609 3324 650 unum
3353 593 3572 660 dicam,

1928 684 1993 734 ut
2016 680 2252 734 tandem
2285 679 2527 736 ﬁniatur
2561 683 2767 747 oratio,
2819 688 2922 739 aut
2967 694 3182 739 novum
3230 699 3332 739 vos
3364 683 3575 739 debere

1926 768 2257 841 symbolum
2301 770 2553 841 tradere,
2613 771 2775 828 808
2832 776 2897 828 ut
2950 775 3083 844 post
3132 773 3363 829 Patrem
3393 776 3453 828 et
3480 770 3573 827 Fi-

1929 856 2073 913 lium
2120 861 2179 913 et
2204 856 2493 930 Spiritum
2547 865 2820 917 sanctum
2870 862 3179 935 baptizetis
3229 862 3482 918 infantes
3510 858 3572 916 in

1926 962 2173 1019 regnum
2204 946 2508 1014 oculorum,
2535 953 2636 1005 aut
2681 950 2732 1005 si
2789 967 2973 1007 unum
3033 956 3090 1007 et
3137 945 3197 1006 in
3229 949 3487 1023 parvulis
3515 953 3575 1006 et

1924 1035 1985 1090 in
2014 1036 2247 1108 magnis
2278 1036 2506 1093 habetis
2534 1038 2855 1111 baptisma,
2885 1039 3096 1096 etiam3
3125 1038 3380 1095 infantes
3407 1038 3465 1094 in
3487 1053 3573 1094 rs-

1926 1124 2268 1181 missionem
2300 1130 2669 1197 peccatorum
2712 1128 3099 1200 baptizandus
3147 1128 3207 1184 in
3239 1124 3575 1185 similitudi-

1925 1230 2059 1270 nem
2091 1214 2580 1286 przevarioationis
2609 1217 2815 1273 Adam.
2859 1218 3022 1284 Quod
3062 1218 3114 1274 si
3154 1218 3380 1290 injuste
3406 1216 3574 1273 vobis

1924 1302 2156 1357 videtur
2184 1302 2508 1359 alienorum
2542 1305 2813 1360 remissio
2860 1309 3256 1377 peccatorum,
3309 1321 3428 1378 qua
3456 1318 3575 1361 non

1925 1390 2148 1463 indiget
2182 1390 2282 1463 qui
2316 1408 2555 1463 peccare
2587 1410 2703 1449 non
2748 1394 2960 1465 potuit,
3016 1394 3259 1451 transite
3307 1395 3380 1449 ad
3412 1408 3571 1450 ama-

1926 1481 2081 1535 sium
2112 1486 2371 1535 vestrum
2410 1480 2788 1554 (Origenem),
2838 1482 2938 1555 qui
2973 1484 3266 1555 praeterita
3312 1483 3374 1538 in
3412 1481 3575 1538 caelis

1925 1573 1983 1624 et
2011 1569 2254 1640 antiqua
2278 1567 2490 1624 delicta
2511 1570 2655 1624 solvi
2677 1571 2818 1625 dicit
2840 1572 2900 1626 in
2949 1571 3267 1644 baptismo,
3312 1577 3377 1627 ut
3401 1573 3574 1644 cujus

1927 1658 1987 1712 in
2018 1657 2240 1713 caeteris
2269 1658 2618 1714 auctoritate
2648 1659 2957 1729 ducimini,
2990 1661 3170 1716 etiam
3196 1661 3256 1715 in
3277 1660 3387 1716 hac
3410 1664 3575 1733 parte

1926 1763 2181 1803 errorem
2222 1746 2615 1819 sequamini‘.

1926 2015 2229 2090 responsio
2300 2016 2599 2088 scribitur,
2677 2017 2846 2090 epist.
2923 2018 3049 2088 457,

1925 2088 2337 2159 Hieronymus.

1995 2159 2017 2193 ³
2047 2158 2338 2240 Victorius
2367 2158 2533 2215 addit
2559 2160 2820 2240 credatis,
2843 2177 2985 2240 qua
3008 2161 3134 2240 si_n_e
3179 2178 3316 2219 voce
3338 2162 3578 2240 nullum

1925 2247 2057 2287 esse
2088 2231 2372 2286 orationis
2401 2247 2640 2286 sensum
2692 2231 3012 2287 contendit.
3056 2233 3197 2288 Mss.
3250 2239 3449 2290 autem
3481 2252 3579 2291 no-

1928 2302 2188 2374 stri,waut
2219 2318 2368 2374 quos
2395 2301 2493 2358 alii
2525 2303 2891 2369 consuluere,
2917 2319 3031 2359 non
3063 2312 3412 2374 agnoscunt.

1997 2373 2020 2406 ‘
2053 2372 2155 2448 Hic
2174 2372 2455 2448 _‘aii_dens:
2505 2375 2743 2448 Explicit
2779 2375 3039 2448 Dialogus
3086 2372 3412 2448 Hieronymi
3449 2390 3578 2448 pre-

1925 2444 2150 2516 sbyteri,
2174 2444 2423 2501 Vallars.
2457 2444 2660 2500 subdit
2688 2444 2953 2501 notulam
2980 2464 2993 2502 :
3035 2469 3062 2495 ‹‹
3099 2446 3161 2502 In
3193 2444 3398 2503 multis
3428 2444 3575 2503 mss.

1928 2515 2203 2600 subditur
2231 2516 2847 2600 Hierony‘miano‘buic
2889 2516 3122 2600 dialogo
3154 2518 3334 2600 Orosii
3358 2520 3579 2600 presnby-

1928 2590 2033 2663 teri
2063 2588 2623 2663 tibe_r_Apologelicus,
2680 2589 2751 2645 de
2792 2604 2908 2661 quo
2952 2588 3209 2646 diximus
3256 2591 3314 2655 in
3347 2588 3581 2663 praefixa

1927 2659 2358 2715 Admonitione.
2397 2682 2424 2709 ››
2460 2660 2621 2715 Enrr.

3142 2035 3323 2092 quam
3383 2020 3581 2077 innuit

222 2800 232 2811 ,
304 2800 313 2811 ι
526 2798 551 2803 ..
628 2798 651 2805 ..
780 2797 786 2805 .
1106 2796 1115 2803 ο

167 2800 3584 2843 Mm"

300 2998 305 3005 ‘
380 2964 1249 3092 THEODORI
1337 2964 2519 3090 MOPSUESTENI
2605 2968 3370 3092 EPISCOPI

1367 3216 2390 3364 FRAGMENTA.

993 3591 1014 3648 Ι

171 3680 502 3735 Dosoeundo
521 3680 703 3732 codice
722 3682 738 3717 ¹
767 3680 888 3745 libri
905 3682 1082 3745 quarti
1102 3680 1230 3732 folio
1250 3679 1668 3740 decimo,contra
1687 3693 1838 3730 sanc-

231 3751 353 3811 tun;
381 3745 780 3811 Augustinum'
825 3744 1207 3811 defendentem
1248 3744 1506 3811 originale
1538 3748 1832 3811 peccatum,

212 3806 287 3859 'et
315 3806 493 3860 Adam
522 3820 619 3872 per
644 3807 1103 3872 trangressionem
1131 3806 1409 3858 mortalem
1430 3806 1629 3857 factum
1653 3807 1836 3856 catho-

234 3872 347 3923 liee
376 3869 750 3922 disserentem.
1016 3878 1027 3891 ‘

226 3951 407 4009 ~80!
444 3972 474 4002 α
530 3950 733 4007 Tantis
802 3949 1168 4007 exstantibus
1244 3965 1372 4022 quae
1428 3949 1836 4007 demonstrent

181 4041 376 4098 Adam
408 4038 494 4096 sic
516 4050 588 4096 ex
610 4043 769 4096 terra
797 4039 1138 4104 formatum,
1172 4046 1236 4095 ut
1283 4036 1551 4095 mortalis
1592 4055 1835 4111 prorsus

180 4131 482 4197 existeret,
533 4142 672 4203 erga
716 4129 913 4186 cibum
963 4129 1267 4202 proprium
1305 4127 1492 4184 voluit
1548 4144 1836 4201 occupare

177 4229 541 4290 cantionem,
574 4232 680 4275 nec
698 4217 911 4275 exinde
929 4216 1131 4275 valens
1145 4218 1167 4252 ³
1186 4218 1484 4274 advertere
1509 4217 1832 4284 veritatem,

178 4322 289 4381 pro
315 4308 599 4381 dogmate
634 4317 790 4377 vero,
822 4306 1157 4364 seductorio
1182 4322 1254 4363 ex
1300 4305 1629 4370 mendacio,
1661 4306 1833 4361 advo-

178 4398 823 4471 untionem‘jungeus:
856 4414 974 4454 non
996 4397 1079 4453 ait
1124 4395 1278 4465 (Gen.
1327 4413 1390 4463 ιι,
1424 4398 1536 4465 17,)
1579 4395 1837 4452 Mortales

176 4488 366 4554 eritis,
397 4486 499 4543 sed
548 4490 725 4544 Morte
776 4487 1116 4555 moriemini,
1149 4501 1393 4559 prorsus
1445 4484 1836 4542 existentibus

177 4582 399 4634 natura
454 4574 803 4633 mortalibus
860 4575 1074 4632 inferre
1138 4575 1346 4631 mortis
1417 4573 1834 4647 experientiam

177 4662 602 4733 comminatus,
643 4680 822 4738 quam
868 4663 1046 4720 etiam
1089 4663 1261 4735 juxta
1318 4679 1538 4719 morem
1592 4663 1838 4735 proprias

178 4753 571 4829 benignitatis
600 4753 674 4810 ad
704 4753 979 4810 aﬂ'ectum
1024 4753 1346 4824 perducere
1392 4751 1643 4809 distulit.
1675 4752 1839 4807 Sicut

180 4844 342 4901 enim
381 4857 513 4901 eum
545 4843 717 4900 dicit:
752 4845 867 4916 Qui
896 4843 1151 4916 effuderit
1198 4842 1441 4899 hominis
1488 4845 1834 4914 sanguinem,

249 5005 267 5039 ¹
296 5004 588 5077 Excerpta
606 5020 676 5061 ex
692 5002 873 5077 libris
893 5002 1184 5077 Theodori
1210 5002 1605 5077 Mopsuesteni
1639 5007 1840 5077 contra

180 5074 505 5144 Hiramum,
532 5075 651 5133 sive
689 5075 1129 5145 Hieronymum,
1154 5075 1270 5131 huc
1310 5074 1534 5131 adscita
1565 5092 1635 5131 ex
1659 5075 1840 5132 Mario
1876 5092 1885 5100 '

182 5148 528 5221 Mercatore,
560 5164 594 5205 a
614 5164 738 5221 quo
771 5147 977 5221 Latine
995 5146 1226 5203 reddita
1249 5150 1408 5221 sunt,
1433 5148 1842 5221 suoqueopcri

183 5219 415 5278 inserta
441 5220 500 5276 in
532 5218 844 5293 Baluziana
874 5220 1063 5293 gedit,,_
1116 5235 1249 5293 pag.
1299 5218 1424 5274 339.
1479 5218 1544 5293 Et
1565 5218 1840 5293 primum

221 5293 429 5349 uidem
460 5291 617 5348 edita
646 5297 790 5348 sunt
835 5292 908 5347 ab
951 5291 1322 5347 eminentiae.
1374 5291 1609 5348 concive
1642 5297 1841 5348 nostro

236 5362 443 5445 eprico
472 5362 704 5445 Norisio
985 5363 1311 5445 Pelagiana,
1355 5361 1506 5418 libro
1540 5380 1594 5445 1,.
1611 5379 1739 5435 cap,

185 5435 289 5503 sed
320 5434 532 5493 eadem
560 5436 651 5493 bis
670 5433 1195 5507 ediditGarnerius,
1216 5450 1471 5507 quoque,
1496 5435 1638 5507 quia
1664 5433 1841 5507 perti-
1892 5433 1897 5438 ’

189 5512 331 5593 gent
347 5508 565 5593 partim
589 5508 661 5565 ad
686 5508 984 5582 negotium
1007 5506 1248 5581 Pelagii,
1265 5507 1482 5579 partim
1508 5506 1577 5563 ad
1603 5506 1842 5564 causam

193 5577 595 5716 Ngs'lfgtribe
640 5652 1056 5727 Hieronymum,
1108 5653 1166 5710 et
1213 5648 1402 5710 recole
1439 5666 1566 5733 quae
1613 5649 1675 5711 in
1704 5660 1847 5735 pras-

513 5779 789 5858 Pmm.
831 5778 1058 5853 xxm.

1855 3593 1897 3659 C
1939 3592 2233 3663 sanguinis
2260 3592 2376 3665 ejus
2417 3607 2520 3663 pro
2571 3607 2632 3648 eo
2686 3590 2950 3664 fundetur
3004 3592 3159 3665 (Gen.
3220 3610 3299 3665 1x,
3357 3593 3413 3667 6)
3468 3610 3587 3654 non

1946 3680 2056 3737 hoc
2087 3680 2233 3737 dicit
2252 3681 2394 3753 quia
2414 3681 2514 3754 qui
2537 3681 2814 3738 occiderit
2828 3682 3150 3750 hominem,
3169 3682 3280 3739 erit
3298 3682 3597 3751 mortalis,-

1946 3770 2047 3827 sed
2079 3771 2220 3843 quia
2250 3770 2469 3843 dignus
2489 3775 2579 3826 est
2598 3769 2942 3842 bujusmodi
2965 3776 3151 3827 morte
3172 3771 3438 3827 damnari
3464 3789 3478 3839 ;
3503 3771 3590 3828 sic

1945 3858 2088 3915 etin
2125 3861 2570 3932 praesentiarum
2622 3860 2804 3915 dixit:
2856 3858 3020 3917 Morte
3064 3860 3419 3928 moriemini;
3472 3876 3590 3919 non

1943 3948 2101 4021 quod
2133 3953 2274 4004 tunc
2304 3948 2581 4004 mortales
2609 3948 2833 4017 fierent,
2866 3948 2967 4004 sed
2999 3948 3155 4020 quod
3201 3948 3362 4022 digni
3393 3952 3593 4006 essent

1944 4036 2046 4111 qui
2079 4038 2283 4093 mortis
2333 4036 2685 4094 sententiam
2736 4054 2841 4109 pro
2890 4038 3391 4111 transgressionel5
3422 4036 3594 4095 refer-

1943 4130 2092 4182 rent.
2126 4126 2238 4182 Sed
2270 4130 2327 4181 et
2352 4125 2609 4182 divinam
2652 4126 3028 4195 sententiam,
3068 4142 3247 4199 quam
3298 4131 3430 4199 post
3459 4144 3593 4201 pec-

1944 4221 2142 4271 catum
2176 4217 2328 4271 Deus
2364 4216 2499 4272 Adae
2526 4215 2739 4273 inferre
2763 4216 3012 4285 videtur,
3042 4218 3288 4273 adverte.
3315 4217 3407 4274 Sic
3436 4217 3593 4273 enim

1943 4304 2123 4361 dicit:
2160 4306 2300 4373 Quia
2339 4306 2552 4362 audisti
2595 4323 2778 4364 vocem
2824 4310 3015 4363 uxoris
3059 4309 3187 4375 tua,
3234 4310 3285 4364 et
3314 4306 3599 4365 comedisti

1945 4394 2011 4450 de
2042 4396 2191 4467 ligno
2218 4394 2282 4450 de
2322 4411 2425 4466 quo
2476 4412 2850 4469 praeceperam
2906 4397 3011 4453 tibi
3064 4396 3130 4453 de
3185 4397 3285 4453 hoc
3336 4397 3456 4453 solo
3483 4411 3596 4453 non

1943 4483 2238 4550 comedere,
2280 4500 2350 4540 ea:
2400 4501 2461 4541 eo
2500 4487 2807 4555 comedisli,
2855 4485 3145 4561 maledicta
3189 4488 3341 4543 terra
3382 4488 3442 4541 in
3470 4500 3595 4558 ope-

1944 4573 2102 4629 ribus
2130 4575 2263 4643 tuis,
2296 4574 2355 4628 in
2385 4576 2618 4631 tristitia
2647 4574 2887 4631 comede:
2933 4591 3056 4631 eam
3109 4575 3363 4631 omnibus
3407 4573 3598 4649 diebus

1944 4664 2078 4720 vitae
2097 4666 2242 4727 tuae;
2269 4664 2460 4735 spinas
2480 4667 2531 4718 et
2556 4664 2789 4720 tribulos
2813 4665 3059 4736 proferet
3105 4664 3227 4729 tibi,
3280 4671 3330 4720 et
3358 4661 3599 4720 comedas

1945 4757 2137 4824 fenum
2165 4753 2310 4822 agri,
2342 4756 2392 4809 et
2423 4754 2482 4807 in
2521 4753 2718 4811 sudore
2756 4753 2943 4809 vultus
2993 4754 3078 4808 tui
3118 4753 3358 4809 comedas
3399 4768 3601 4825 panem

1947 4844 2123 4908 tuum,
2154 4841 2323 4897 donec
2350 4844 2648 4898 revertaris
2686 4843 2747 4897 iu
2788 4849 2993 4898 terram
3040 4840 3195 4914 (Gen.
3244 4857 3330 4911 ιιι,
3381 4838 3595 4913 47-19).

1870 4971 1915 5035 D
1950 5003 2065 5058 fixa
2095 5000 2549 5076 Hieronymiano
2580 5001 2821 5076 Dialogo
2874 5002 3282 5059 Admonitione
3313 5001 3596 5076 diximus,

1948 5090 2116 5148 num.
2147 5075 2200 5129 3.
2228 5072 2362 5148 Quis
2387 5072 2832 5148 subsequuntur
2864 5076 3302 5142 Adnotationcs,
3327 5090 3397 5129 ex
3427 5072 3598 5130 Balu-

1950 5146 2038 5201 zio
2069 5146 2484 5202 describimus.

2024 5218 2046 5252 ³
2075 5217 2359 5274 Henricus
2375 5218 2447 5274 de
2468 5218 2636 5274 Noris
2665 5218 2847 5274 edidit
2878 5219 3082 5284 volens,
3113 5222 3180 5273 ut
3206 5222 3296 5274 est
3324 5218 3380 5273 in
3406 5217 3605 5275 codice

1952 5288 2260 5359 Vaticano,
2295 5306 2412 5361 quo
2444 5289 2495 5345 is
2530 5306 2673 5347 usus
2703 5297 2811 5347 cst.

2023 5362 2457 5436 ‘Idemmhabet
2501 5363 2955 5436 criminationem,
3016 5362 3323 5427 nimirum,
3368 5362 3599 5436 Opinor,

1955 5438 2193 5508 propter
2220 5432 2322 5508 illa
2351 5450 2476 5506 quae
2500 5439 2856 5506 sequuntur,
2879 5435 3089 5507 inferre
3104 5437 3301 5491 mortis
3318 5432 3602 5508 experien-

1955 5506 2089 5562 tiam
2110 5506 2496 5562 comminatus.

2026 5577 2048 5616 ⁸
2072 5576 2266 5649 Noris,
2278 5592 2380 5651 per
2402 5577 2900 5653 transgressionem,
2923 5581 2985 5636 ut
3006 5575 3066 5637 in
3083 5578 3281 5638 codice
3296 5577 3600 5654 Vaticano,

3204 5781 3286 5855 80
