3966 6404
386 344 506 408 619

387 478 505 535 Hoc
537 482 737 535 autem
776 492 879 551 per
908 474 1029 532 haac
1059 477 1261 534 omnia
1290 477 1683 534 comminatus
1729 484 1838 545 est,
1871 477 2027 549 quod
2057 479 2113 544 Α

388 583 780 625 aerumnosam
827 566 1009 622 vitam
1052 566 1361 622 habiturus
1410 568 1615 632 esset‘,
1665 583 1799 621 cum
1831 565 2030 621 labore

389 656 663 729 deinceps
678 658 901 711 fructus
917 655 988 710 de
1000 660 1153 712 terra
1166 662 1531 727 sumpturus,
1548 656 1763 727 quibus
1780 655 2035 710 aleretur

390 750 566 818 atque
596 745 963 812 subsisteret,
1000 760 1373 817 nequaquam
1406 744 1653 813 habens,
1685 750 1749 799 ut
1779 744 2027 817 pridem,

386 838 612 891 tantam
642 833 1002 907 propositam
1030 832 1380 905 largitatem,
1426 838 1646 906 quanta
1674 851 1743 889 ex
1773 833 2029 906 paradisi

389 921 557 996 copia
601 922 921 979 fruebatur.
972 923 1095 978 Non
1144 922 1300 978 enim
1349 923 1575 994 Operari
1643 928 1856 979 terram
1924 939 2029 994 pro

388 1010 681 1085 supplicio
712 1010 873 1067 dedit
901 1015 1074 1078 Deus,
1110 1011 1280 1084 quasi
1327 1028 1395 1066 ex
1449 1011 1770 1068 immortali
1820 1016 2032 1067 natura

387 1100 450 1157 in
471 1100 889 1157 mortalitatem
912 1100 1181 1157 homines
1199 1102 1577 1169 transferens,
1597 1100 1750 1156 808
1773 1100 1966 1171 quand
1976 1118 2031 1155 o-

388 1191 626 1264 quidem
659 1194 715 1246 et
743 1190 1082 1265 paradisum
1115 1190 1187 1260 ei,
1220 1195 1286 1245 ut
1313 1196 1651 1261 operaretur
1679 1194 1736 1244 et
1766 1192 2028 1246 custodi-

387 1285 496 1350 ret,
509 1279 736 1335 indixit.
770 1279 877 1335 Pro
906 1283 1067 1335 tanta
1094 1296 1227 1334 vero
1257 1278 1510 1350 pristina
1548 1278 1816 1351 largitate
1847 1284 1904 1333 et
1932 1296 2028 1335 vo-

383 1369 606 1441 luptate
635 1366 913 1441 paradisi,
961 1384 1356 1424 mrumnosam
1403 1370 1532 1439 ejus
1567 1367 1685 1423 fore
1733 1373 2024 1423 sustenta-

382 1458 601 1515 tionem
624 1458 695 1513 de
714 1460 880 1513 terra:
912 1456 1203 1512 fructibus
1241 1456 1653 1512 comminatur.
1686 1456 1831 1511 Nam
1863 1474 2025 1528 pror-

380 1562 485 1605 sus
514 1549 579 1603 ut
608 1544 873 1601 mortalis
904 1545 1146 1613 factus’,
1178 1549 1237 1600 et
1267 1549 1407 1600 tunc
1449 1544 1707 1616 paradisi
1738 1546 2025 1601 tructibus

378 1635 702 1709 indigebat,
725 1634 878 1690 sicut
895 1638 1036 1689 tunc
1054 1638 1222 1689 terrae
1272 1634 1500 1688 fructus
1537 1632 1808 1704 inquirit,
1834 1638 1891 1689 et
1913 1652 2018 1706 pro

380 1723 671 1798 supplicio
685 1722 951 1795 pristinis
970 1722 1275 1778 fraudatus
1288 1719 2028 1789 deliciis,haca3rumnosis~

382 1813 537 1871 sima
590 1811 1176 1882 laboriosissimeque
1244 1813 1679 1867 conversatione
1741 1816 2022 1867 mutatur.

384 1902 548 1959 Unde
568 1901 637 1957 ad
661 1904 1021 1973 postremum
1037 1905 1459 1970 consequenter
1479 1900 1692 1971 adjecit
1716 1918 1727 1956 :
1756 1903 1861 1969 Qui
1881 1907 2027 1957 terra

382 2007 459 2062 es,
482 1995 536 2048 et
565 1990 857 2046 reverteris
886 1989 946 2043 in
973 1996 1179 2043 terram
1209 1987 1363 2060 (Gen.
1398 2007 1478 2057 III,
1516 1990 1625 2061 19),
1658 1988 1795 2046 hinc
1818 1991 2028 2046 etiam3

384 2077 805 2137 mortalitatem
853 2081 1075 2133 naturae
1123 2075 1485 2150 signiﬁcans.
1540 2079 1666 2134 Non
1706 2079 1863 2135 enim
1914 2081 2026 2134 im-

384 2168 617 2226 mortali
674 2171 733 2223 et
788 2182 945 2223 nunc
1000 2166 1257 2239 primum
1326 2167 1624 2240 incipienti
1675 2168 2025 2224 sententiam

385 2257 593 2315 mortis
639 2256 922 2329 excipere,
983 2256 1136 2312 sicut
1204 2256 1621 2329 sapientissimi
1691 2258 2028 2314 defensores

383 2346 608 2422 peccati
640 2344 965 2419 originalis,
1017 2346 1135 2401 imo
1177 2348 1373 2417 potius
1419 2351 1613 2417 patres
1661 2348 1883 2419 peccati
1916 2348 2024 2402 mi-

383 2435 619 2504 rabiles,
650 2438 1004 2497 asseverant.
1037 2434 1385 2491 vocabulum
1418 2436 1553 2491 huic
1588 2441 1751 2491 terra:
1792 2454 2026 2507 compo-

384 2524 579 2593 suit‘;
609 2525 711 2580 sed
739 2528 803 2579 ut
833 2523 906 2579 ab
939 2523 1173 2579 exordio
1205 2523 1549 2579 naturaliter
1569 2526 1773 2580 ell‘ecto
1796 2524 2027 2580 mortali

384 2612 836 2689 appellationem
905 2611 1057 2667 hanc
1116 2628 1436 2686 congruere
1483 2613 1770 2686 judicavit
1833 2613 2031 2669 divina

385 2704 709 2778 Scriptura,
734 2701 843 2759 hoc
864 2702 935 2757 de
972 2700 1312 2759 hominibus
1338 2702 1686 2758 vocabulum
1731 2704 1803 2759 ad
1835 2710 2029 2759 osten-

390 2794 617 2853 sionem
659 2791 1060 2865 corruptibilis
1096 2796 1154 2848 et
1185 2792 1546 2849 resolubilisIs
1576 2811 1775 2850 eorum
1809 2800 2029 2850 naturre

395 2884 611 2957 saepius
658 2899 988 2939 assumens.
1035 2906 1056 2933 ιι
1119 2883 1266 2939 Nam
1322 2883 1644 2939 Recordatus
1697 2888 1797 2952 est,
1844 2884 2035 2956 inquit

402 2976 533 3050 quia
554 2974 740 3047 pulvis
766 2961 1002 3029 sumus}
1033 2972 1210 3045 homo,
1240 2975 1383 3028 sicut
1409 2976 1600 3044 fenum
1646 2973 1759 3029 dies
1816 2977 1952 3046 ejus,
1984 2984 2035 3031 et

398 3069 541 3123 sicut
566 3064 664 3134 ﬂos
705 3062 847 3135 agri,
898 3064 976 3117 ita
1014 3062 1245 3133 ﬂorebit,
1295 3064 1433 3134 quia
1478 3065 1708 3135 spiritus
1749 3073 2034 3135 pertrans-

399 3159 504 3214 ivit
530 3156 589 3210 in
620 3169 703 3222 eo,
733 3161 785 3209 et
812 3170 921 3208 non
958 3155 1063 3209 erit
1108 3153 1347 3225 amplius
1397 3155 1544 3209 locus
1589 3154 1705 3226 ejus
1737 3155 1905 3224 (Psal.
1937 3172 2029 3223 cn,

1371 342 1473 405 AD
1517 342 1928 407 DIALOGUM
1969 342 2284 407 CONTRA
2328 344 2841 407 PELAGIANOS.

2932 478 2994 527 Ii.

2140 559 2213 607 Ex
2244 560 2481 609 secundo
2511 559 2710 617 codice,
2741 558 2874 608 libro
2896 558 3080 670 ltofrtio,
3116 562 3237 609 ante
3261 562 3492 623 quatuor
3520 558 3645 610 folia
3666 559 3789 612 ﬁnis

2918 636 2929 669 Ι
2956 635 3035 670 ὶῐῚ.

2918 635 3035 670 ΙυῐῚ.

2213 720 2364 775 809
2397 742 2422 767 ‹‹
2468 721 2575 774 Sed
2627 718 2771 773 nihil
2823 719 3031 774 horum
3077 719 3407 792 prospicere
3452 720 3643 793 potuit
3675 721 3786 776 mi-

2140 808 2341 863 rabilis
2386 810 2605 881 peccati
2654 807 2954 880 originalis
3002 814 3277 877 assertor,
3327 808 3544 882 quippe
3593 810 3695 882 qui
3726 811 3784 865 in

2139 896 2353 952 divinis
2401 898 2718 970 Scripturis
2769 914 3141 970 nequaquam
3186 899 3360 953 fuerit
3404 899 3784 966 exercitatus,

2139 1003 2242 1040 nec
2274 987 2345 1041 ab
2377 986 2641 1049 infantia,
2668 986 2837 1053 juxta
2886 987 3038 1042 beati
3089 986 3249 1043 Pauli
3298 1004 3498 1043 vocem
3547 989 3622 1058 (II
3648 990 3781 1044 Tim.

2137 1090 2223 1142 III,
2262 1077 2373 1145 15),
2403 1092 2599 1130 sacras
2630 1075 2895 1129 didicerit
2926 1075 3163 1131 litteras.
3199 1076 3309 1131 Sed
3361 1077 3481 1131 sive
3512 1077 3585 1132 de
3627 1076 3784 1133 Scri-

2139 1169 2320 1237 ptura:
2354 1165 2647 1232 sensibus,
2680 1164 2798 1219 sive
2820 1165 2890 1219 de
2929 1165 3199 1237 dogmate
3230 1182 3381 1237 stepc
3412 1165 3778 1234 declamans,

2139 1253 2325 1309 multa
2348 1253 2679 1324 frequenter
2708 1253 2905 1324 inepta
2943 1253 3172 1325 proprie
3220 1255 3682 1312 communiterve
3713 1257 3783 1312 de

2138 1343 2282 1413 ipsis
2305 1341 2621 1414 Scripturis
2646 1342 3137 1414 dogmatibusque
3159 1342 3451 1415 plurimus
3474 1344 3785 1417 impuden-

2135 1436 2223 1485 ter
2242 1431 2651 1502 exprompsits.
2678 1431 2821 1484 Nam
2855 1432 3123 1503 potentia:
3155 1437 3346 1487 metus
3388 1431 3616 1489 nullum
3641 1451 3780 1489 con-

2136 1525 2225 1574 tra
2248 1520 2474 1575 sinebat
2501 1519 2681 1586 effari,
2717 1521 2817 1574 sed
2865 1521 3277 1576 tantummodo
3324 1521 3506 1589 taciti,
3557 1522 3661 1594 qui
3694 1523 3784 1578 di-

2133 1607 2401 1663 vinarum
2433 1609 2867 1680 Scripturarum
2919 1609 3214 1665 habebant
3259 1611 3549 1681 notitiam,
3582 1612 3786 1667 detra-

2134 1697 2374 1752 hebant.
2410 1697 2734 1752 Novissime
2768 1714 2900 1753 vero
2948 1696 3007 1752 in
3059 1698 3208 1753 hanc
3254 1699 3547 1771 dogmatis
3577 1701 3786 1757 recidit

2135 1786 2472 1852 novitatem,
2506 1803 2622 1859 qua
2672 1787 2889 1842 diceret
2935 1787 3088 1858 quod
3140 1789 3199 1843 in
3247 1788 3335 1844 ira
3382 1793 3557 1861 atque
3586 1790 3786 1847 furore

2137 1875 2292 1930 Deus
2322 1876 2504 1930 Adam
2545 1875 2850 1930 mortalem
2891 1892 3019 1931 esse
3066 1877 3426 1950 praeceperit,
3460 1882 3517 1933 et
3545 1883 3787 1951 propter

2137 1966 2267 2036 ejus
2299 1981 2481 2019 unum
2512 1965 2795 2019 delictum
2826 1973 3065 2021 cunctos
3095 1966 3272 2021 etiam
3328 1967 3577 2023 necdum
3611 1973 3785 2025 natos

2137 2054 2405 2108 homines
2446 2057 2631 2107 morte
2680 2052 3032 2109 multaverit.
3085 2053 3177 2109 Sic
3225 2059 3421 2111 autem
3464 2054 3786 2129 disputans

2137 2159 2252 2198 non
2284 2147 2534 2207 veretur,
2568 2158 2672 2195 nec
2722 2142 3104 2197 confunditur
3153 2160 3221 2198 ea
3272 2144 3490 2199 sentire
3539 2145 3609 2200 de
3640 2145 3786 2215 Deo,

2137 2248 2263 2302 quae
2296 2246 2399 2285 nec
2422 2231 2491 2284 de
2531 2230 2875 2285 hominibus
2919 2247 3131 2286 sanum
3184 2231 3549 2304 sapientibus
3579 2237 3637 2288 et
3664 2233 3785 2289 ali-

2138 2336 2313 2392 quam
2363 2318 2608 2389 justitiaz
2667 2336 2867 2374 curam
2926 2320 3264 2391 gerentibus
3322 2339 3587 2393 unquam
3644 2324 3785 2397 quis

2138 2408 2753 2463 {estimare9tentaviL
2816 2408 2927 2463 Sed
2985 2424 3090 2465 nec
3150 2409 3309 2465 illius
3368 2410 3575 2467 divina:
3622 2413 3787 2469 vocis

2138 2498 2478 2553 recordatus
2509 2501 2618 2560 est,
2651 2496 2801 2564 Quod
2838 2514 2949 2552 non
2977 2498 3249 2553 diceretur
3268 2499 3531 2554 ultc'erius
3557 2502 3666 2557 ista
3679 2518 3790 2573 pa-

2138 2587 2329 2641 rabola
2362 2588 2422 2640 in
2454 2586 2621 2640 ISrael
2640 2604 2658 2639 :
2707 2592 2894 2641 Patres
2940 2587 3409 2643 manducaverunt
3440 2605 3603 2644 uvam
3630 2604 3791 2645 acer-

2141 2677 2284 2741 bam,
2330 2685 2379 2730 et
2436 2676 2681 2745 ﬁliorum
2729 2675 2912 2729 dentes
2967 2676 3356 2749 obstupuerunt
3396 2678 3457 2744 ¹⁰,
3508 2680 3641 2751 quia
3672 2679 3792 2735 haec

2140 2766 2274 2820 dicit
2311 2764 2522 2819 Adomii
2572 2766 2876 2819 Dominus:
2924 2766 3119 2820 Dentes
3172 2782 3359 2821 eorum
3407 2768 3502 2838 qui
3545 2769 3789 2824 mandu-

2140 2861 2399 2908 caverunt
2472 2870 2636 2907 uvam
2709 2854 2983 2920 acerbam,
3059 2854 3488 2927 obstupescent“
3564 2858 3786 2928 (Ezech.

2142 2960 2303 3009 xvm,
2335 2942 2413 3013 2),
2445 2942 2758 2997 ostendens
2791 2960 2891 3014 per
2919 2943 3039 2998 haec
3088 2944 3242 3017 quod
3294 2943 3541 3001 alterum
3571 2962 3677 3018 pro
3702 2947 3791 3003 al-

2145 3037 2287 3098 tero,
2328 3032 2498 3102 juxta
2546 3032 2936 3103 quorumdam
2995 3022 3270 3101 errorem,
3327 3034 3483 3090 Deus
3539 3037 3788 3093 omnino

2146 3138 2258 3174 non
2274 3120 2492 3191 puniat,
2512 3120 2608 3174 sed
2628 3119 3032 3192 unusquisque
3060 3138 3160 3193 pro
3178 3121 3403 3177 delictis
3430 3123 3554 3178 suis
3585 3125 3786 3180 reddi-

689 3208 891 3300 'autem
915 3208 1105 3299 dicere
1126 3208 1279 3314 qu'od
1304 3208 1709 3315 corruptibiles
1733 3208 1789 3298 et
1808 3208 2029 3301 resolui
2062 3222 2103 3288 C
2141 3214 2453 3319 ξῗξ
2468 3208 2801 3319 ᾁξθξξξηθηηξλ
2817 3314 2831 3319 Δ
2852 3209 3275 3319 “figi”???
3306 3212 3517 3319 ξθξιξυε
3547 3229 3788 3314 quoque

384 3335 536 3395 biles
557 3348 763 3389 omnes
785 3348 991 3387 sumus
1008 3330 1067 3386 in
1092 3333 1330 3388 modum
1355 3332 1469 3387 feni
1494 3349 1809 3405 parumper
1826 3334 2031 3388 ﬂoren-

384 3420 892 3496 tispereuntisque
927 3420 1554 3492 postpaululum.Nam
1590 3422 1661 3478 ad
1698 3423 1870 3478 breve
1896 3423 2027 3494 qui-

385 3511 520 3570 dem
544 3516 777 3582 tempus
797 3509 975 3564 vitam
1013 3509 1359 3578 ducimus“;
1396 3510 1467 3566 ad
1505 3527 1617 3565 non
1659 3512 2027 3567 existendum

382 3617 517 3658 vero
540 3599 819 3670 deinceps
838 3598 1176 3653 omnimodo
1201 3600 1588 3669 pervenimus.
1628 3600 1719 3655 Sic
1752 3606 1809 3657 et
1845 3606 2027 3661 Abra-

380 3689 541 3759 ham,
571 3690 679 3760 Ego
706 3704 851 3753 sum,
877 3686 1086 3759 inquit,
1138 3690 1285 3743 terra
1323 3692 1373 3743 et
1420 3690 1582 3756 cinis,
1634 3708 1737 3762 pro
1786 3710 1851 3749 eo
1878 3712 1943 3749 ac
1975 3698 2025 3752 si

379 3779 596 3838 diceret
626 3796 638 3834 :
668 3777 793 3834 Non
826 3793 960 3832 sum
991 3777 1207 3849 dignus
1229 3794 1362 3833 cum
1395 3780 1589 3833 tanto7
1612 3779 1727 3836 Deo
1749 3782 2024 3856 colloqui,

378 3869 555 3927 homo
586 3869 773 3925 factus
802 3883 832 3922 e
881 3872 1054 3933 terra,
1105 3870 1161 3921 et
1208 3867 1563 3923 omnimodis
1612 3868 1719 3925 hoc
1769 3872 2021 3931 futurus.

378 3952 565 4033 Magis
612 3973 749 4031 ergo
793 3956 985 4012 dicere
1031 3955 1266 4012 debuit:
1318 3957 1457 4024 Quia
1505 3967 1653 4014 terra
1704 3964 1835 4030 eris,
1884 3968 1933 4018 et
1964 3966 2019 4019 in

376 4052 586 4106 terram
628 4048 958 4103 reverteris:
1006 4045 1297 4119 siquidem
1352 4064 1507 4102 nunc
1557 4048 1810 4121 primum
1858 4052 2023 4111 fleret

377 4143 590 4198 natura
614 4134 896 4193 mortalis.
930 4158 951 4185 ι

2143 3297 2664 3353 Paulus'annectit.
2694 3298 2853 3362 Deus,
2888 3297 3097 3370 inquit,
3130 3301 3228 3370 qui
3262 3300 3450 3356 reddet
3476 3304 3788 3376 unicuique

2136 3388 2430 3443 secundum
2471 3404 2633 3459 opera
2662 3403 2764 3441 sua
2795 3388 2967 3458 (Rom.
3005 3405 3065 3453 ιι,
3113 3390 3210 3457 ϐ);
3260 3393 3346 3444 et:
3403 3391 3787 3465 Unusquisque

2136 3479 2384 3532 nostrum
2433 3493 2575 3532 onus
2614 3493 2778 3531 suum
2821 3476 3059 3548 portabit
3111 3476 3254 3548 (Gal.
3305 3497 3381 3536 γι.
3414 3481 3512 3549 5);
3574 3486 3667 3536 et:
3703 3484 3784 3539 Tu

2137 3566 2268 3637 quid
2316 3565 2526 3630 iudicas
2573 3565 2813 3640 fratrem
2851 3568 3009 3621 tuum
3038 3570 3063 3619 .9
3096 3571 3191 3621 aut
3241 3576 3296 3622 tu
3342 3584 3514 3640 quare
3562 3574 3783 3643 spernis

2134 3658 2361 3725 fratrem
2412 3654 2613 3708 tuum?
2662 3671 2846 3710 omnes
2892 3657 3037 3710 enim
3076 3657 3378 3712 astabimus
3425 3662 3550 3715 ante
3590 3661 3783 3716 tribu-

2134 3744 2229 3799 nal
2264 3743 2469 3798 Christi
2497 3744 2670 3814 (Rom.
2704 3761 2818 3809 xw,
2852 3745 2961 3815 10).
2988 3743 3095 3800 Sed
3120 3745 3208 3800 vir
3229 3745 3515 3803 mirabilis
3541 3754 3784 3822 propter

2134 3850 2317 3888 unum
2347 3836 2646 3905 peccatum
2669 3832 2738 3888 de
2760 3837 2921 3887 tanto
2946 3834 3137 3890 furore
3158 3839 3514 3892 commotum
3537 3837 3784 3895 arbitra-

2134 3928 2229 3977 tus
2259 3925 2348 3976 est
2379 3925 2582 3985 Deum,
2616 3924 2679 3975 ut
2723 3920 2893 3977 illum
2943 3922 3383 3979 atrocissimas“
3428 3941 3611 3996 paena;
3640 3928 3780 3983 sub-

2133 4010 2315 4077 deret,
2348 4014 2404 4065 et
2434 4010 2504 4065 ad
2538 4009 2842 4064 universos
2873 4027 3078 4066 omnes
3108 4016 3372 4083 posteros
3414 4015 3544 4084 ejus
3572 4032 3779 4088 parem

2132 4098 2482 4155 sententiam
2511 4098 2928 4170 promulgaret.
2963 4104 3019 4155 et
3049 4100 3201 4156 inter
3230 4117 3378 4172 quos
3407 4104 3777 4177 quantijusti

2131 4188 2347 4244 fuerint
2377 4206 2491 4244 non
2524 4187 2692 4243 facile
2723 4204 3035 4244 numerare
3080 4189 3215 4261 quis
3252 4191 3481 4263 poterit.
3530 4194 3612 4250 Ex
3639 4195 3776 4267 qui-

2130 4278 2242 4333 bus
2301 4294 2433 4333 eum
2487 4278 2739 4332 maxime
2788 4278 3159 4335 considerare
3198 4286 3565 4351 convenerat,
3615 4286 3774 4356 quod

2127 4365 2293 4422 valde
2318 4367 2610 4421 videretur
2629 4366 3038 4438 incongruum,
3063 4368 3202 4436 Noe,
3240 4370 3555 4443 Abraham,
3586 4373 3774 4431 David

2130 4455 2378 4528 Moysen.
2397 4455 2554 4511 810
2583 4458 2639 4510 ct
2674 4454 2931 4527 reliquos
2960 4456 3418 4516 innumerabiles
3445 4461 3644 4532 justos
3674 4463 3777 4523 oh-

444 4597 459 4631 ¹
492 4597 553 4677 In
585 4595 782 4677 codice
813 4591 1092 4677 Vaticano
1129 4590 1378 4666 legitur:
1413 4595 1524 4651 Hoc
1552 4600 1749 4677 autem
1772 4614 1867 4677 per
1898 4598 2015 4654 haec
2045 4601 2090 4666 Ι)
2193 4598 2214 4632 ⁶
2247 4598 2405 4655 Idem
2439 4615 2541 4671 pro
2591 4600 2759 4654 vitam
2816 4599 3069 4657 ducimus
3123 4601 3319 4670 habet,
3350 4607 3410 4659 ut
3466 4605 3588 4677 jam
3617 4605 3774 4663 duci-

368 4670 557 4725 omnia
588 4667 750 4723 datus
788 4676 867 4722 est
910 4666 1049 4738 quod
1097 4682 1464 4723 aerumnosam
1512 4669 1681 4723 vitam
1729 4669 2015 4725 habiturus

365 4746 525 4797 esset.
560 4740 627 4795 Et
655 4738 873 4811 quibus
902 4737 1056 4793 idem
1088 4737 1181 4811 vir
1205 4738 1412 4793 doctus
1443 4739 1599 4794 hunc
1639 4757 1878 4796 sensum
1918 4742 2017 4796 eli-

364 4812 521 4867 cuit:
557 4810 723 4867 Homo
773 4813 955 4884 autem
1006 4810 1273 4884 pen/uec
1328 4812 1515 4865 omnia
1564 4816 1731 4884 natus
1761 4817 1837 4867 est
1876 4814 2015 4884 quod

361 4898 557 4939 verum
601 4899 736 4939 mox
790 4882 1061 4937 ambitum
1115 4882 1404 4936 habiturus
1459 4891 1610 4938 esset.
1644 4883 1761 4938 Nos
1819 4882 2012 4940 veram

362 4953 670 5012 lectionem
722 4952 1096 5026 reposuimus
1149 4969 1217 5007 ex
1264 4952 1674 5018 Bellovacensi,
1708 4956 1862 5026 quod
1923 4974 2012 5012 se-

366 5026 609 5099 quentia
638 5024 1170 5098 quoqueprobant.

432 5116 456 5149 ²
484 5120 572 5170 Ita
605 5119 831 5169 veteres
880 5111 1037 5168 libri.
1072 5113 1387 5169 Garnerius
1444 5113 1646 5169 omisit
1699 5130 1896 5169 vocem
1930 5123 2007 5184 ut,

364 5184 717 5243 Noris.eam
751 5184 999 5240 mutavit
1020 5184 1080 5240 in
1110 5187 1207 5241 ita.

433 5273 682 5346 3Noris.
735 5275 853 5329 haec
889 5274 1105 5346 etiam,
1185 5278 1241 5328 et
1322 5273 1451 5344 polo
1511 5278 1643 5345 post
1700 5277 2012 5346 significant

362 5361 469 5417 pro
496 5344 839 5413 signiﬁcans.
872 5345 983 5399 Sed
1017 5345 1166 5399 hanc
1198 5344 1550 5416 postremam
1576 5344 1878 5402 lectionem
1914 5366 2006 5404 ac-

363 5416 519 5489 cepit
545 5433 614 5471 ex
644 5416 773 5471 cod.
807 5416 990 5470 Vatic.

432 5507 454 5540 ⁴
482 5505 672 5561 Noris.
709 5507 995 5576 Imposuit.

360 5666 394 5725 ὁ
430 5595 451 5630 ⁸
482 5594 611 5652 Haec
640 5598 692 5724 ἴε
721 5594 1052 5661 resolubilis,
1083 5595 1422 5652 exciderunt
1454 5597 1511 5654 in
1560 5598 1813 5655 editione
1846 5600 2002 5672 ejus-

402 5682 496 5725 em
526 5682 579 5725 ν.
609 5681 639 5724 c
672 5708 684 5722 .

402 5682 496 5725 em
526 5682 579 5725 ν.
609 5681 684 5724 αι.

2124 4686 2265 4725 mus.

2197 4743 2215 4776 ⁷
2249 4743 2312 4796 Et
2342 4741 2461 4797 haec
2484 4758 2716 4813 quoque
2746 4759 2851 4798 vox
2881 4747 3029 4798 tanto
3055 4745 3265 4800 excidit
3296 4745 3351 4799 in
3386 4746 3522 4804 edit.
3547 4747 3766 4806 Italica.

2194 4814 2213 4847 ⁸
2245 4814 2433 4891 Neris.
2468 4816 2779 4891 Proposuit,
2830 4818 3112 4891 contraria
3156 4818 3407 4891 videlicet
3453 4821 3586 4891 ipsis
3616 4820 3767 4878 Scri-

2117 4892 2299 4967 ptura:
2327 4885 2693 4956 dogmatibus,
2726 4903 2846 4958 qua:
2865 4888 3122 4959 pluribus
3144 4885 3485 4960 impudenter
3510 4908 3768 4964 exprom-

2118 4965 2248 5027 psit.

2192 5029 2213 5063 9
2244 5027 2419 5082 Idem.
2453 5030 2786 5084 Aris-timaret.

2191 5099 2349 5179 1°.lta
2381 5102 2559 5179 codex
2611 5100 3053 5179 Bellovacensis.
3116 5101 3301 5160 Vatic.
3358 5105 3760 5179 obstipuerunt.

2122 5169 2311 5243 Neris.
2347 5172 2748 5243 obstupescunt.

2192 5243 2231 5278 “
2264 5242 2449 5314 Yatic.
2484 5242 2857 5314 abstipescent.

2190 5313 2496 5386 1’Vcteres
2547 5313 2677 5369 libri
2730 5317 2813 5369 sie
2862 5316 3097 5386 habent,
3147 5320 3228 5375 uti
3281 5338 3387 5376 nos
3442 5323 3759 5379 edidimus.

2120 5385 2402 5440 Henricus
2431 5388 2502 5441 de
2532 5388 2701 5441 Neris
2744 5390 3035 5457 reposuit:
3086 5396 3385 5447 Peccatum
3432 5395 3561 5449 Adae
3590 5396 3762 5451 Deum

2115 5461 2268 5533 tanto
2314 5460 2500 5528 furore
2569 5462 2889 5513 commotum
2959 5461 3259 5518 arbitratus
3326 5470 3423 5533 est,
3485 5474 3545 5520 ut
3596 5467 3761 5522 vellet

2116 5529 2676 5608 illum‘atrocissimze
2735 5547 2905 5600 preme
2956 5533 3203 5588 subdere.
3255 5529 3573 5594 Garnerius
3599 5553 3759 5608 vero,

2111 5601 2401 5678 Reccatum
2432 5610 2579 5678 tanto
2631 5604 2819 5674 furore
2862 5610 3187 5663 commotum
3236 5610 3535 5667 arbitratus
3575 5613 3673 5678 est,
3705 5601 3759 5670 et

2113 5672 2274 5735 illum
2300 5672 2679 5746 atrocissimas,
2721 5680 2832 5733 etc.
