3966 6434
241 408 381 472 ’621

1696 402 2124 468 ΔΡΡΕΝΠΙΧ.

3551 363 3673 474 ess

268 539 474 598 noxios
495 555 677 613 poenae
708 538 968 597 redditos
987 539 1061 596 ob
1077 540 1242 612 ejus‘
1275 538 1552 596 delictum
1587 544 1645 595 et
1696 556 1902 607 unum,
1935 541 1991 607 Α
2018 537 2403 610 expiationem
2437 538 2820 612 reliquorum,
2845 544 2901 596 et
2932 545 3199 613 mortem,
3230 547 3432 616 utpote
3500 550 3671 602 natu-

269 634 447 703 atque
476 646 545 686 ex
563 634 741 702 gustu
799 628 1024 686 arboris
1082 629 1490 702 approbatum,
1524 633 1581 685 et
1629 629 1783 702 quod
1833 630 1917 685 sic

268 718 423 776 ultra
454 720 695 777 modum
718 719 962 790 justitiae
994 718 1140 775 iram
1164 736 1334 775 suam
1364 723 1514 775 Deus
1572 719 1914 787 extenderit,

267 808 353 865 ita
381 811 447 865 ut
480 812 570 864 tot
617 808 956 878 justorum’
1009 807 1253 864 virtutes
1311 814 1553 864 cunctas
1615 807 1914 880 abjiceret,

269 914 485 970 eosque
512 902 751 971 propter
774 898 953 954 unius
998 903 1303 970 peccatum
1359 897 1494 953 Adae
1553 900 1716 952 tanto
1775 913 1913 967 sup-

268 986 441 1059 plicio
472 986 665 1041 manci
674 990 856 1058 paret.

341 1098 370 1126 ‹‹
397 1076 543 1132 Nam
574 1074 684 1132 etsi
713 1075 859 1131 nihil
893 1075 1073 1138 aliud.
1133 1074 1338 1131 saltem
1399 1076 1470 1132 de
1524 1073 1665 1130 Abel
1720 1077 1915 1129 mente

269 1164 636 1239 perpendens
664 1165 1073 1221 convenienter
1100 1165 1391 1221 aestimare
1438 1164 1718 1219 debuerat
1752 1180 1766 1229 ;
1813 1161 1915 1234 qui

269 1255 499 1328 primus
521 1254 725 1326 justus
755 1253 1062 1321 exsistens,
1087 1255 1316 1331 primus
1364 1259 1630 1309 mortuus
1682 1258 1789 1308 est.
1844 1252 1915 1306 Et

269 1342 563 1417 siquidem
585 1347 832 1399 mortem
877 1343 1031 1399 Deus
1090 1343 1161 1398 ad
1198 1359 1427 1415 pinnam
1477 1345 1762 1399 statuerat
1810 1341 1911 1397 ho-

268 1433 521 1503 minum,
552 1432 843 1504 quomodo
873 1448 989 1488 non
1016 1431 1336 1504 impietatis
1364 1437 1489 1489 erat
1516 1436 1783 1488 extremae
1826 1430 1916 1485 vi-

267 1537 401 1578 vere
431 1521 671 1594 quidem
704 1537 837 1577 eum
891 1522 992 1592 qui
1044 1521 1155 1576 fuit
1206 1538 1386 1577 causa
1432 1521 1674 1593 peccati,
1725 1519 1916 1575 vivere

270 1611 447 1668 etiam
478 1627 614 1666 cum
646 1608 745 1666 illo
772 1614 830 1666 et
858 1610 1035 1666 Evam
1068 1609 1307 1667 malitiae
1350 1609 1721 1682 repertricem
1747 1609 1913 1681 (pras-

270 1699 524 1756 termitto
545 1702 742 1757 autem
774 1698 1075 1755 diabolum
1108 1699 1166 1755 in
1209 1697 1585 1755 immortalite
1632 1698 1915 1753 hactenus

267 1788 734 1862 perdurantem),
757 1788 1014 1861 primum
1033 1804 1167 1844 vero
1180 1788 1411 1859 justum
1443 1791 1915 1861 repertoremque

266 1876 498 1934 virtutis
530 1877 907 1949 primumque
936 1877 1115 1933 divini
1140 1877 1333 1933 cultus
1356 1894 1558 1933 curam
1616 1881 1913 1949 gerentem

236 1972 405 2025 .ante
434 1983 639 2024 omnes
668 1983 815 2039 pene
846 1966 1215 2039 peccantium
1235 1968 1257 2001 ³
1293 1967 1474 2022 fuisse
1533 1965 1870 2039 perculsum
1891 1965 1919 2019 7

264 2056 579 2130 Oportebat
596 2061 792 2113 autem
812 2055 1318 2129 sapientissimum
1334 2057 1527 2112 virum
1550 2061 1608 2111 et
1618 2055 1687 2110 de
1701 2054 1892 2110 Enoch
1904 2098 1918 2121 ,

264 2146 370 2219 qui
404 2162 521 2202 non
552 2150 643 2202 est
663 2150 953 2213 mortuus,
1014 2145 1328 2219 diligenter
1384 2145 1730 2218 expendere.
1789 2143 1917 2199 Non

268 2235 432 2291 enim
463 2238 628 2291 tanta
654 2234 868 2290 virtute
897 2233 985 2290 vel
1007 2234 1221 2307 pietate
1243 2235 1524 2308 praeditus
1543 2233 1674 2302 iuit,
1711 2237 1774 2288 ut
1802 2249 1919 2288 me-

264 2322 381 2379 lior
409 2323 685 2380 omnibus
714 2324 1038 2391 exsisteret,
1070 2324 1268 2396 Moyse
1296 2323 1447 2392 dico,
1505 2328 1565 2379 et
1619 2321 1919 2394 prophetis

236 2400 690 2486 Iapostolisque,
747 2411 832 2468 vel
891 2412 1132 2485 reliquis
1181 2412 1479 2479 omnibus,
1550 2413 1621 2467 de
1701 2410 1917 2483 quibus

263 2503 352 2557 ait
381 2501 764 2558 beatissimus
819 2500 1063 2567 Paulus,
1129 2504 1329 2573 quibus
1383 2502 1587 2571 dignus
1636 2518 1744 2556 non
1800 2509 1919 2555 erat

248 2591 506 2649 mundus
534 2590 713 2661 (Hebr.
738 2607 817 2656 x1,
844 2590 957 2663 38),
1013 2590 1095 2647 ita
1144 2594 1226 2658 ut,
1286 2589 1404 2647 illis
1462 2590 1733 2658 mortuis,
1793 2590 1918 2661 ipse

261 2679 432 2737 solus
463 2679 589 2736 sine
620 2679 827 2736 mortis
857 2680 1214 2752 experientia
1245 2680 1607 2752 perduraret.
1651 2680 1765 2735 Sed
1793 2680 1915 2749 jam

261 2770 343 2827 ab
361 2770 529 2827 initio
568 2770 722 2826 Deus
749 2769 860 2826 hoc
892 2770 1099 2826 habuit
1142 2771 1296 2843 apud
1347 2787 1406 2826 se
1464 2770 1792 2839 definitum,
1854 2778 1919 2828 ut

261 2859 529 2933 primum
577 2859 817 2932 quidem
885 2858 1161 2916 mortales
1235 2860 1460 2928 ﬁerent,
1538 2862 1917 2934 postmodum

222 2965 405 3015 _vero
435 2948 877 3006 immortalitate
928 2950 1290 3023 gauderent:
1352 2950 1436 3006 sic
1481 2950 1554 3006 ad
1604 2951 1918 3009 utilitatem

262 3041 535 3097 nostram
567 3038 693 3095 fieri
724 3038 850 3112 ipse
870 3038 1209 3111 disponens.
1245 3062 1274 3088 ››
1306 3038 1374 3095 Et
1398 3044 1532 3112 post
1586 3040 1915 3113 paululum,

347 3150 369 3179 ι
402 3127 792 3196 Manifestius,
822 3126 1037 3200 inquit,
1068 3127 1191 3184 haec
1220 3129 1424 3184 eadem
1454 3133 1605 3185 Deus
1663 3130 1921 3187 ostendit

259 3234 405 3275 cum
488 3218 768 3274 transfert
851 3216 1071 3287 Enoch,
1159 3222 1218 3273 et
1295 3217 1691 3274 immortalem
1778 3220 1916 3275 facit

2027 645 2101 681 re:
2132 628 2432 694 tributam,
2457 634 2752 699 postremo
2783 630 3120 702 suscipit.ut
3140 635 3463 699 secundum
3484 633 3670 707 legem

2026 716 2297 772 humanae
2330 723 2550 772 naturae
2579 719 2856 782 moriens,
2890 725 2947 774 et
2976 737 3009 775 a
3040 722 3288 777 mortuis
3320 723 3515 779 divina
3562 723 3673 778 vir-

2027 811 2511 879 tutcresurgens,
2565 806 2801 863 initium
2862 808 3087 865 cunctis
3144 809 3508 881 hominibus,
3568 813 3669 884 qui

2026 901 2271 954 mortem
2300 897 2625 951 secundum
2658 897 2956 969 propriam
3008 903 3273 955 naturam
3315 900 3667 973 suscipiunt,

2026 986 2210 1052 fieret,
2242 989 2371 1039 uta
2428 986 2677 1041 mortuis
2726 990 2990 1058 surgant,
3049 993 3105 1043 et
3143 989 3214 1043 ad
3273 988 3666 1046 immortalem

2024 1073 2411 1129 substantiam
2445 1079 2901 1132 commutantur.
2936 1076 3097 1132 Sicut
3127 1079 3282 1133 enim
3340 1080 3669 1136 conformes

2022 1165 2155 1219 Ade
2187 1164 2506 1219 secundum
2541 1168 2757 1219 statum
2807 1171 3150 1236 przssentem
3199 1185 3408 1224 sumus
3464 1186 3670 1226 omnes

2022 1253 2230 1322 eii‘ecti,
2263 1253 2346 1308 sic
2371 1252 2598 1309 Christo
2625 1253 2869 1309 Domino
2891 1257 3062 1325 juxta
3092 1273 3321 1313 carnem
3343 1260 3671 1317 conformes

2022 1343 2345 1398 efiiciemur
2375 1341 2432 1396 in
2464 1343 3433 1417 posterum.Transiiguravitenim
3457 1364 3669 1421 corpus

2023 1429 2374 1485 humilitatis
2406 1435 2618 1485 nostrae
2635 1431 2963 1487 conformes
2998 1433 3118 1487 fieri
3165 1435 3423 1507 corporis
3470 1436 3667 1508 gloriae

2024 1519 2413 1592 sua:(Philipp.
2448 1537 2533 1589 III,
2566 1522 2680 1589 2i),
2714 1524 2770 1575 et
2801 1520 2994 1592 qualis
3050 1526 3335 1591 terrenus,
3403 1525 3549 1581 tales
3597 1532 3669 1596 .et

2025 1608 2259 1675 terreni,
2295 1614 2351 1664 et
2380 1607 2572 1680 qualis
2617 1608 2887 1673 ccelestis,
2938 1609 3088 1665 tales
3146 1616 3203 1666 et
3260 1612 3566 1682 ccelestes;
3613 1620 3670 1671 et

2026 1697 2178 1753 sicut
2205 1697 2563 1769 portavimus
2586 1697 3458 1772 imaginemterreni,portemus
3490 1703 3667 1760 etiam

2025 1785 2343 1858 imaginem
2373 1785 2625 1841 cmlestis
2656 1787 2701 1857 (Ι
2735 1788 2854 1842 Cor.
2888 1804 2980 1853 xv,
3015 1787 3103 1853 48,
3164 1788 3277 1860 49),
3333 1792 3668 1863 ostendens,

2026 1876 2205 1947 quod,
2240 1876 2411 1948 primi
2436 1879 2623 1931 status
2647 1876 2781 1930 Adae
2814 1875 3124 1947 participes
3156 1878 3293 1933 facti
3344 1881 3671 1937 necessario

2027 1964 2204 2020 etiam
2238 1963 2482 2020 secundi
2511 1964 2646 2019 Adae
2677 1963 2891 2020 Christi
2924 1964 3155 2020 Domini
3180 1969 3523 2024 .secundum
3556 1987 3674 2026 car-

2029 2071 2161 2111 nem
2196 2053 2375 2109 futuri
2406 2057 2595 2110 status
2617 2053 2994 2126 participium
3028 2056 3673 2131 consequimur,utpote

2028 2143 2127 2215 qui
2168 2159 2236 2199 ex
2267 2143 2374 2198 hac
2408 2143 2613 2198 eadem
2638 2136 2849 2198 natura
2888 2147 3112 2200 constet
3129 2150 3383 2213 exortus,
3424 2152 3483 2203 et
3528 2165 3672 2205 cun-

2027 2236 2121 2287 cta
2150 2249 2278 2304 quae
2304 2234 2535 2288 tuerant
2560 2238 2779 2287 natura:
2811 2232 3155 2304 susceperit,
3187 2239 3245 2289 et
3300 2234 3430 2292 ideo
3488 2238 3675 2294 susti-

2027 2321 2226 2377 nuerit
2258 2325 2530 2390 mortem,
2562 2325 2896 2377 utmortem
2928 2326 3149 2377 naturae
3173 2324 3525 2396 suscipiens,
3551 2331 3608 2382 et
3639 2343 3675 2384 a

2028 2410 2276 2466 mortuis
2306 2406 2920 2482 resurge'ns,naturam
2942 2408 3187 2466 liberam
3221 2418 3408 2469 morte
3439 2415 3675 2486 perfice-

2028 2505 2132 2555 ret.
2179 2500 2246 2555 Et
2275 2503 2519 2554 mortem
2537 2499 2775 2570 quidem
2807 2502 3114 2571 propterea
3162 2501 3439 2573 suscepit,
3475 2519 3673 2575 pecca-

2026 2594 2151 2645 tum
2184 2606 2315 2645 vero
2347 2604 2744 2660 nequaquam,
2772 2589 2872 2643 sed
2894 2588 2967 2644 ab
2997 2587 3106 2644 hoc
3138 2589 3672 2665 immunisomnino

2028 2679 2371 2752 permansit.
2405 2678 2563 2741 Quod
2597 2678 2751 2733 enim
2786 2683 2909 2734 erat
2929 2682 3170 2747 natura),
3206 2680 3265 2734 id
3307 2686 3395 2736 est
3417 2687 3667 2739 mortem

2028 2767 2435 2824 indubitanter
2491 2767 2861 2839 assumpsit:
2920 2772 3224 2840 peccatum
3279 2786 3435 2838 vero,
3514 2772 3672 2843 quod

2030 2874 2145 2912 non
2175 2860 2299 2912 erat
2329 2860 2574 2923 naturae,
2610 2857 2710 2911 sed
2742 2855 3086 2925 voluntatis,
3118 2856 3279 2913 nullo
3312 2864 3481 2930 pacto
3537 2877 3672 2917 sus-

2028 2945 2198 3018 cepit.
2233 2946 2393 3010 Quod
2428 2946 2478 3000 si
2512 2946 2713 3001 fuisset
2766 2946 2824 2999 in
2884 2950 3094 3000 natura
3135 2953 3461 3018 peccatum,
3505 2950 3675 3019 juxta

2028 3034 2448 3107 sapientissimi
2480 3034 2660 3105 hujus
2678 3034 2995 3107 eloquium,
3019 3040 3320 3107 peccatum
3355 3036 3416 3092 in
3463 3043 3675 3096 natura

2029 3141 2269 3197 prorsus
2299 3124 2585 3180 exsistens
2617 3122 2944 3181 necessario
2990 3125 3366 3195 suscepisset.
3402 3148 3430 3175 ››

2786 3223 2884 3279 ΙΙΙ.

258 3308 417 3364 Nam
449 3306 499 3365 si
529 3323 633 3380 per
652 3310 956 3379 peceatum
988 3322 1167 3363 causa
1195 3306 1471 3380 supplicii
1521 3311 1673 3364 Deus
1718 3308 1918 3364 intulit
1945 3291 1989 3358 C
2030 3316 2104 3364 De
2132 3312 2307 3366 codice
2335 3314 2588 3373 secundo,
2621 3328 2681 3363 ex
2711 3313 2845 3364 libro
2877 3314 3193 3373 tertio,folio
3223 3314 3431 3367 decimo
3452 3322 3675 3379 octavo;

260 3400 541 3465 mortem,
571 3410 678 3452 nec
708 3395 848 3452 olim
881 3395 1210 3452 deﬁnitium
1241 3396 1349 3452 hoc
1382 3396 1589 3453 habuit
1626 3402 1780 3470 apud
1833 3415 1916 3466 se,

258 3483 642 3543 ineﬂ‘abiliter
665 3501 770 3557 pro
818 3484 989 3541 nobis
1012 3485 1181 3556 juxta
1225 3485 1521 3565 propriam
1571 3487 1919 3559 sapientiam

261 3578 484 3639 cuncta
512 3574 885 3647 dispensans,
911 3591 1287 3647 nequaquam
1314 3575 1507 3630 Enoch
1539 3575 1775 3648 quidem
1818 3577 1916 3633 im-

262 3663 543 3723 mortalis
575 3663 904 3732 exsisteret,
952 3664 1244 3720 Dominus
1292 3669 1489 3720 autem
1538 3665 1806 3723 Christus
1852 3666 1923 3722 ad

260 3753 482 3811 mortis
511 3752 931 3827 experientiam
983 3753 1326 3825 perveniret.
1365 3776 1392 3803 ››
1427 3754 1498 3809 Et
1537 3760 1668 3827 post
1698 3762 1702 3766 “
1723 3755 1928 3829 paulu-

258 3842 435 3901 lum:
469 3842 770 3911 «Idcirco,
801 3842 1017 3915 inquit,
1061 3842 1347 3899 Dominus
1413 3848 1617 3899 auctdr
1661 3846 1925 3901 omnium

261 3933 564 3990 bonorum
616 3932 957 3989 hominibus
1008 3933 1199 3989 factus
1257 3936 1366 3999 est,
1418 3938 1485 3988 ut
1539 3933 1693 3989 sicut
1745 3934 1926 3990 Adam

260 4020 454 4096 primi
493 4026 552 4078 et
582 4020 848 4079 mortalis
876 4024 1066 4077 status
1097 4020 1318 4077 exstitit
1367 4021 1692 4091 inchoator,
1746 4022 1828 4078 ita
1876 4028 1935 4079 et

266 4111 409 4186 ipse
440 4110 683 4169 secundi
715 4115 772 4167 et
802 4110 1068 4167 mortalis
1090 4115 1280 4167 status
1312 4109 1576 4166 initiator
1621 4111 1932 4181 exsistens,

265 4200 560 4276 primitus
600 4200 734 4256 Adae
784 4200 996 4273 prioris
1053 4199 1349 4257 naturalia
1400 4200 1742 4267 custodiret,
1793 4202 1934 4257 dum

269 4289 549 4347 nascitur
577 4306 646 4347 ex
660 4288 924 4357 muliere,
957 4289 1099 4345 dum
1131 4289 1343 4362 pannis
1375 4289 1769 4357 involvitur,et
1789 4307 1937 4363 pau-

272 4379 454 4437 latim
484 4378 669 4435 aetatis
698 4378 1062 4435 incrementa
1083 4380 1327 4435 sortitur
1358 4380 1531 4451 (Iesus
1563 4379 1719 4435 enim
1744 4379 1764 4414 ⁴
1785 4382 1936 4452 (Luc.

269 4486 345 4539 ιι,
382 4467 710 4541 52,inquit,
754 4468 1077 4541 proﬁciebat
1131 4468 1274 4525 8H
1342 4478 1501 4525 aztate
1553 4476 1607 4526 et
1663 4472 1941 4542 sapienlia

271 4567 333 4615 et
373 4559 557 4630 gratia
583 4573 771 4614 coram
796 4558 902 4615 Deo
929 4566 984 4613 et
1014 4557 1327 4614 hominibus
1348 4558 1412 4631 ⁸),
1446 4559 1586 4615 dum
1635 4559 1940 4615 circumci-

2109 3414 2125 3430 *
2155 3399 2235 3463 Si,
2271 3395 2484 3468 inquit,
2519 3398 2897 3467 peccaturum
2923 3400 3074 3451 Deus
3097 3396 3397 3452 nesciebat
3422 3399 3444 3432 θ
3465 3399 3675 3465 Adam,

2032 3487 2108 3543 sit
2133 3487 2344 3543 horum
2377 3485 2665 3558 sapientia
2693 3484 3262 3557 sapientissimorum
3286 3486 3440 3544 812
3480 3493 3537 3544 et
3566 3487 3680 3545 ista

2034 3576 2358 3649 responsio,
2393 3576 2548 3647 quod
2577 3574 2687 3629 hoc
2717 3573 3166 3631 insanissimum
3198 3580 3286 3635 est
3334 3575 3421 3632 vel
3478 3577 3537 3633 in
3582 3594 3681 3633 co-

2036 3667 2315 3740 gitatione
2345 3665 2660 3738 percipere.
2695 3663 3071 3720 Manifestum
3105 3669 3193 3720 est
3214 3666 3368 3737 quod
3399 3670 3455 3721 et
3480 3682 3683 3739 pecca-

2037 3761 2234 3812 turum
2258 3771 2392 3811 eum
2427 3756 2685 3823 noverat,
2717 3757 2774 3807 et
2803 3757 3036 3825 pr0pter
3084 3752 3193 3809 hoc
3250 3752 3449 3825 procul
3507 3755 3685 3811 dubio

2040 3846 2392 3902 moriturum
2449 3842 2748 3906 Quomodo
2780 3858 2916 3914 ergo
2958 3858 3070 3897 non
3129 3847 3215 3897 est
3261 3847 3533 3899 extremas
3588 3846 3684 3901 de-

2043 3934 2272 3991 mentiae
2297 3933 2529 3989 credere
2558 3931 2711 4003 quod
2747 3929 3022 4002 primitus
3055 3946 3189 3986 eum
3241 3932 3542 3989 mortalem
3564 3934 3583 3968 ⁷
3628 3934 3688 3989 in

2043 4040 2143 4080 sex
2171 4022 2332 4077 horis
2356 4020 2553 4077 fecerit
2583 4022 2742 4092 (nam
2773 4024 2947 4077 tanta:
2998 4021 3234 4077 fuerunt
3289 4039 3323 4078 a
3358 4023 3691 4079 conditione

2043 4115 2172 4186 ejus
2220 4127 2409 4185 usque
2468 4110 2539 4165 ad
2603 4110 3143 4178 commissionem”,
3211 4113 3692 4186 quandoquidem

2045 4219 2181 4259 sexo
2201 4201 2293 4257 die
2326 4202 2554 4255 factuse
2589 4204 2762 4263 terra,
2816 4205 2872 4254 et
2919 4200 3231 4257 comedens
3279 4208 3481 4259 contra
3539 4203 3690 4258 divi-

2048 4308 2190 4347 num
2219 4290 2589 4359 mandatum,
2622 4288 2692 4344 de
2714 4288 2986 4360 paradiso
3018 4289 3226 4362 pulsus
3247 4291 3694 4364 est),mortalem

2046 4398 2179 4437 vero
2195 4387 2328 4454 post
2356 4384 2657 4451 peccatum
2686 4379 3142 4435 monstraverit?
3163 4380 3399 4436 Certum
3426 4386 3516 4438 est
3540 4383 3697 4439 enim

2050 4470 2209 4544 quia,
2242 4470 2290 4524 si
2324 4486 2457 4525 eum
2490 4468 2883 4524 immortalem
2907 4485 3036 4525 esse
3090 4454 3393 4536 voluisset,
3448 4487 3553 4525 nec
3608 4470 3700 4526 in-

2052 4560 2354 4616 tercedens
2385 4562 2686 4630 peccatum
2722 4558 2815 4612 Dei
2850 4558 3201 4630 sententiam
3232 4564 3691 4615 commutasset:

270 4648 517 4705 sionem
549 4647 970 4721 suscipit,dum
996 4649 1167 4719 juxta
1195 4646 1440 4721 legalem
1460 4648 1942 4705 consuetudinem
1974 4669 2021 4734 ι)
2053 4649 2193 4723 quia
2223 4665 2329 4704 nec
2359 4647 2658 4704 diabolum
2697 4647 2830 4703 fecit
2883 4664 2951 4702 ex
3000 4647 3314 4703 immortali
3371 4648 3699 4718 mortalem,

273 4737 411 4793 Deo
433 4736 620 4793 astitit
641 4736 700 4793 in
733 4736 977 4810 templo,
1004 4737 1467 4810 parentibusque
1496 4738 1830 4811 subjicitur,
1889 4743 1946 4795 et
2054 4747 2106 4795 et
2132 4736 2349 4812 quiden
2398 4741 2744 4794 cunctorum
2799 4734 3090 4792 malorum
3134 4736 3476 4793 existentem
3536 4735 3703 4810 prin—

277 4824 721 4884 conversationi
752 4824 1026 4899 legitimis
1050 4826 1441 4900 mancipatur.
1483 4828 1577 4885 Sic
1624 4828 1821 4896 etiam,
1871 4828 1943 4884 ad
2055 4829 2297 4902 cipium.
2334 4850 2362 4877 ι»

2129 5006 2311 5062 “Haec
2359 5004 2528 5062 lectio
2578 5004 2843 5061 codicum
2903 5004 3069 5061 Marii
3143 5003 3496 5061 Mercatoris.
3558 5003 3700 5061 Gar-

2060 5078 2260 5135 nerius
2281 5084 2501 5144 tamen,
2535 5080 2634 5150 qui
2669 5078 2728 5132 in
2759 5077 2948 5150 prima
2969 5082 3130 5150 parte
3145 5077 3328 5132 edidit
3356 5092 3484 5133 vere
3503 5079 3706 5150 sciebat

2061 5152 2119 5207 in
2153 5151 2413 5206 secunda
2440 5149 2735 5219 nesciebat,
2765 5149 2941 5204 isthic
2972 5149 3248 5204 inenctin
3282 5150 3479 5204 codice
3520 5149 3705 5205 Bello-

2059 5222 2292 5278 vacensi
2328 5222 2612 5293 scriptum
2647 5238 2776 5277 esse
2816 5237 2940 5276 vere
2979 5221 3202 5275 sciebat.

2133 5296 2151 5330 ⁷
2186 5296 2302 5367 Ego
2335 5292 2707 5367 non’dubito,
2733 5293 2870 5367 quin
2897 5293 3242 5367 _emendutio
3299 5292 3555 5349 virorum
3594 5293 3709 5367 Vdo-

2064 5365 2486 5433 ctissifnorum,
2515 5365 2615 5437 qui
2646 5365 2739 5419 bic
2783 5365 3092 5437 ediderunt
3149 5381 3271 5419 cum
3330 5366 3710 5432 immortalem,

2062 5437 2217 5494 bona
2247 5440 2341 5493 sit.
2379 5435 2586 5492 Verum
2622 5453 2826 5491 omnes
2857 5435 2988 5491 libri
3010 5442 3359 5507 repugnant.

2134 5511 2259 5565 ﬁita
2304 5510 2481 5564 codex
2539 5508 2873 5563 Vaticanus.
2929 5511 3005 5563 At
3058 5493 3485 5564 Dellbvacencis
3539 5508 3715 5564 habet

2064 5582 2535 5654 commistiouem._
2558 5578 2944 5654 Henricus‘de
3000 5579 3172 5636 Noris
3214 5586 3429 5652 putans
3458 5580 3714 5654 "aliquid

2066 5653 2271 5733 deesse
2300 5652 2358 5733 i_n_
2384 5652 2501 5733 _boe
2523 5650 2671 5733 loco,
2700 5650 2926 5733 addidit
2958 5668 3154 5709 vocem
3191 5650 3413 5733 peccati.
3456 5650 3606 5727 Ego'
3631 5652 3715 5733 fa:

2066 5724 2176 5792 cile
2207 5724 2554 5789 crediderim
2587 5723 2900 5805 legendum
2932 5739 3060 5793 esse
3079 5723 3485 5793 σοηὶεδείοηεπι.

362 5008 385 5042 ¹
420 5006 619 5080 Ιόρει,
650 5007 809 5080 Adae,
844 5008 973 5079 ejus
994 5006 1263 5080 hominis
1294 5023 1469 5080 quem
1524 5009 1672 5064 Deus
1730 5008 1950 5064 forma-

272 5097 353 5138 ve
366 5079 648 5136 rat.Hanc
661 5077 971 5136 lectionem
993 5077 1212 5135 habent
1225 5077 1428 5136 omnes
1449 5079 1582 5135 libri
1605 5080 1952 5148 ;Garncrius

277 5157 349 5209 et
388 5150 562 5224 Neris
583 5156 976 5224 reposuerunt
1005 5151 1070 5207 ob
1100 5153 1289 5224 unius.

361 5224 389 5257 ³
421 5218 551 5278 Haec
607 5218 719 5295 est,
752 5222 921 5279 lectio
979 5222 1328 5295 exemplaris
1386 5222 1835 5278 Bellovacensis.
1887 5223 1950 5278 In

273 5295 580 5367 vaticano
612 5294 896 5367 scriptum
932 5299 1022 5350 est
1050 5294 1211 5351 latius
1241 5311 1492 5367 quorum.
1518 5296 1599 5350 Ex
1629 5311 1745 5367 quo
1784 5295 1952 5351 Noris

274 5366 490 5425 eti'ecit
517 5375 880 5437 posterorum.

359 5438 389 5472 ³
421 5436 730 5495 itavetera
762 5436 1139 5510 exemplaria.
1172 5439 1245 5493 At
1276 5436 1451 5492 iidem
1477 5437 1581 5510 viri
1640 5436 1951 5493 clarissimi

274 5514 695 5583 reposuerunt
718 5526 906 5582 poma,
932 5509 1061 5584 quae
1112 5509 1444 5566 emendatio
1481 5509 1634 5566 bona
1688 5510 1954 5567 fortassis

277 5588 576 5711 osfMale
604 5654 664 5710 in
688 5653 942 5711 editione
964 5652 1166 5709 Italica
1190 5668 1203 5709 :
1228 5653 1403 5708 Lcuas
1431 5653 1595 5709 enim.

364 5727 393 5768 ⁸
419 5724 549 5815 gare
580 5726 924 5813 exciderunt
944 5724 1005 5789 in
1037 5724 1241 5786 eadem
1273 5724 1544 5787 editione.
