3966 6396
1044 351 1275 424 LIBER
1318 357 1420 422 DE
1463 353 1674 425 VlRlS
1716 352 2255 426 lLLUS'l‘RlBUS.
2290 394 2369 409 —
2408 349 2875 429 ADMONITIO.

3545 349 3664 428 626

253 490 627 551 dividebatur
654 509 792 552 cum
837 500 1193 565 nasceretur,
1240 493 1502 568 loquenti
1551 495 1901 568 conjunctus
1931 499 1986 566 Α
2014 495 2514 556 immortalitatem
2576 504 2635 557 et
2689 495 3226 558 immutabilitatem
3295 490 3495 557 omnia
3551 496 3660 555 du-

254 590 312 641 et
339 601 620 657 praesens,
655 583 714 640 in
746 584 874 657 ejus
903 585 1130 642 actibus
1175 601 1572 658 perseverans,
1616 592 1791 658 atque
1821 585 1901 641 ibi

250 691 423 732 suam
457 674 877 732 connexionem
909 674 1036 731 sine
1068 679 1303 748 peccato
1336 676 1692 732 custodiens.
1727 697 1753 726 ››

1027 774 1123 830 VI.

460 864 534 914 Ex
564 863 699 914 libro
729 863 915 928 quinto
943 867 956 898 ι
985 864 1282 914 Commenti
1313 863 1379 914 de
1413 868 1676 914 creatura.

323 967 351 994 «
383 944 497 1001 Nec
527 944 709 1016 igitur
740 950 987 1000 mortem
1021 961 1134 1000 non
1169 948 1376 1016 sponte
1415 949 1471 1001 et
1501 948 1709 1016 praeter
1733 944 1899 1000 Judi-

243 1033 402 1090 cium
434 1051 608 1089 suum
641 1032 837 1088 intulit
867 1031 1227 1101 hominibus,
1272 1049 1460 1105 neque
1507 1038 1740 1105 peccato
1772 1033 1901 1087 adi-

245 1129 372 1180 tum
403 1123 476 1178 ad
509 1121 732 1178 nullam
762 1123 1078 1178 utilitatem
1113 1123 1291 1189 dedit,
1326 1139 1430 1178 nec
1463 1122 1617 1178 enim
1642 1123 1750 1178 hoc
1777 1123 1900 1178 fieri

243 1211 472 1279 nolens,
518 1229 632 1268 non
681 1217 946 1284 poterat:
1007 1212 1108 1267 sed
1165 1212 1443 1284 quoniam
1495 1213 1717 1268 sciebat
1757 1213 1899 1267 utile

243 1319 373 1360 esse
404 1301 598 1369 nobis,
629 1302 819 1375 magis
851 1305 1048 1356 autem
1099 1302 1376 1358 omnibus
1427 1300 1895 1368 rationabilibus,

243 1393 408 1466 prius
439 1391 679 1465 quidem
717 1390 1008 1446 malorum
1032 1396 1088 1446 et
1121 1391 1479 1446 deteriorum
1504 1389 1626 1445 ﬁeri
1650 1390 1900 1458 aditum,

243 1485 448 1554 postea
477 1484 676 1536 autem
705 1479 884 1537 deleri
919 1479 1158 1553 quidem
1205 1479 1344 1547 haec,
1380 1479 1668 1536 introduci
1705 1484 1898 1535 autem

245 1569 524 1629 meliora:
561 1569 691 1626 ideo
722 1569 781 1624 in
837 1569 984 1625 duos
1033 1573 1223 1625 status
1257 1569 1454 1625 divisit
1485 1569 1639 1624 Deus
1670 1573 1899 1624 creatu-

244 1678 394 1730 ram,
444 1662 789 1732 przesentem
843 1664 900 1715 et
955 1660 1252 1727 futuram;
1306 1660 1363 1714 in
1415 1659 1514 1714 illo
1547 1659 1782 1730 quidem
1827 1660 1896 1715 ad

315 1804 330 1839 ¹
365 1804 494 1876 Hac
525 1820 633 1860 nos
663 1803 991 1873 adjecimus
1021 1819 1090 1858 ex
1119 1804 1341 1876 synodo
1374 1819 1405 1856 v
1436 1802 1630 1876 collat,
1657 1805 1706 1867 4,
1743 1803 1898 1874 quod

243 1875 474 1932 Norisio
502 1877 628 1931 visa
657 1877 775 1931 sint
807 1892 873 1930 ex
906 1876 1108 1930 eodem
1159 1875 1445 1930 Theodori
1491 1891 1663 1946 opere
1694 1880 1896 1930 contra

241 1948 664 2020 Hieronymum
695 1952 953 2020 excepta.
986 1946 1202 2020 Verum
1258 1963 1392 2002 cum
1442 1947 1498 2020 id
1542 1963 1739 2020 usque
1757 1947 1899 2000 adeo

242 2017 610 2093 eaploratum
661 2035 777 2074 non
827 2019 926 2086 sit,
978 2024 1041 2073 ut
1084 2017 1254 2074 aliter
1308 2018 1524 2074 sentire
1559 2037 1674 2074 non
1708 2018 1898 2086 liccat,

1431 2145 1732 2152 _—_.-—_._.

244 2148 452 2156 —————

455 2147 580 2154 __——.

2012 592 2235 655 cturus,
2269 588 2328 644 in
2359 590 2632 661 praesenti
2675 606 2810 647 vero
2857 593 3185 647 creaturam
3235 586 3296 646 in
3327 593 3575 647 mortem
3607 591 3666 645 et

2011 678 2465 734 mutabilitatem
2500 681 2737 736 interim
2789 679 3129 736 dimittens:
3183 697 3318 736 nam
3367 679 3660 752 siquidem

2009 768 2208 822 statim
2243 768 2313 822 ab
2344 768 2508 823 initio
2541 768 2903 825 immortales
2935 787 3042 826 nos
3074 769 3273 826 fecerit
3302 772 3360 825 et
3388 769 3665 825 immuta-

2008 857 2174 922 biles,
2211 856 2434 913 nullam
2479 858 2864 914 differentiam
2917 859 2987 914 ad
3021 857 3442 914 irrationabilia
3482 857 3659 914 babe-

2009 961 2230 1012 remus,
2279 947 2582 1018 proprium
2642 947 2969 1005 nescientes
3022 949 3263 1004 bonum.
3320 947 3661 1021 Ignorantes

2007 1035 2163 1090 enim
2197 1035 2675 1103 mutabilitatem,
2709 1037 3212 1106 immutabilitatis
3243 1037 3661 1110 ignorabamus

2009 1124 2228 1178 bonum
2255 1143 2267 1192 ;
2295 1125 2622 1181 nescientes
2648 1131 2913 1196 mortem,
2942 1125 3405 1183 immortalitatis
3430 1125 3660 1182 lucrum

2011 1213 2452 1282 nesciebamus;
2477 1214 2817 1287 ignorantes
2841 1216 3301 1288 corruptionem,
3324 1232 3439 1271 non
3463 1214 3664 1270 lauda-

2009 1302 2221 1357 bamus
2254 1304 2750 1375 incorruptionem
2779 1329 2792 1372 ;
2817 1305 3144 1361 nescientes
3165 1305 3508 1377 passionum
3535 1321 3663 1378 gra-

2009 1408 2239 1459 vamen,
2265 1391 2799 1463 impassibilitatem
2826 1411 2941 1449 non
2966 1393 3350 1449 mirabamur.
3374 1393 3663 1466 Compen-

2011 1481 2172 1536 diose
2255 1482 2467 1549 dicere,
2548 1499 2617 1537 ne
2701 1482 2941 1556 longum
2998 1499 3328 1539 sermonem
3408 1482 3657 1538 faciam:

2010 1570 2340 1625 nescientes
2373 1569 2661 1626 malorum
2695 1572 3184 1644 experimentum,
3214 1573 3503 1627 bonorum
3535 1569 3662 1627 illo-

2012 1676 2138 1714 rum
2175 1677 2288 1714 non
2323 1663 2658 1731 poteramus
2691 1659 2996 1716 scientiam
3029 1661 3258 1716 mereri.
3296 1684 3324 1710 ››

2010 1800 2130 1875 haec
2159 1800 2762 1875 tantumuingspeciem
2795 1803 3168 1869 adduximus,
3202 1808 3268 1858 ut
3297 1803 3362 1875 si
3408 1805 3542 1875 quis
3573 1823 3661 1864 re-

2009 1872 2175 1954 liqua
2193 1874 2330 1954 ejus
2360 1872 2493 1928 libri
2528 1872 2855 1954 desideret,
2872 1875 3058 1946 possit
3104 1891 3174 1954 ei;
3203 1874 3406 1954 eadem
3426 1872 3664 1954 'synodi

2011 1945 2321 2000 collatione
2351 1963 2386 2000 a
2418 1961 2662 2001 numero
2686 1947 2752 2000 57
2786 1945 3078 2019 adusque
3107 1947 3169 2003 74
3195 1945 3510 2019 repetere.'
3547 1951 3552 1956 ’

2269 2145 2586 2152 .——.—______

993 2253 1063 2308 IN
1105 2253 1256 2318 SEO.
1302 2252 1570 2308 LIBRUM
1611 2253 1701 2308 DE
1742 2253 1932 2307 VIRIS
1974 2251 2447 2308 ILLUSTRIBUS
2492 2253 2916 2308 ADMONITIO.

315 2482 435 2538 Hoc
463 2478 613 2534 libro
645 2479 717 2533 De
747 2476 1061 2533 Illustrz'bus
1098 2477 1237 2532 Viris
1288 2474 1405 2530 sive
1455 2475 1608 2547 apud
1649 2474 1842 2547 ipsum
1896 2474 2340 2547 Hieronymum,
2391 2475 2510 2531 sive
2566 2478 2720 2549 apud
2765 2475 2911 2533 alios
2953 2481 3174 2533 veteres
3204 2477 3538 2550 scriptores,
3572 2477 3660 2533 ni-

236 2571 326 2628 nil
360 2571 542 2626 ferme
574 2565 908 2638 praeclarius
940 2569 1027 2620 est
1057 2581 1122 2620 ac
1155 2563 1464 2620 celebrius.
1499 2569 1575 2620 De
1605 2564 1796 2636 operis
1830 2563 2083 2620 utilitate
2133 2566 2258 2636 ipse
2305 2566 2418 2622 sibi
2462 2566 2755 2636 placuisse
2785 2567 3198 2624 sanctissimus
3230 2571 3434 2624 auctor
3461 2566 3661 2624 videa-

236 2667 363 2726 tur,
395 2657 550 2730 quod
579 2657 637 2710 in
669 2655 854 2721 libris,
891 2671 1039 2726 quos
1072 2653 1323 2708 subinde
1350 2652 1736 2719 elucubravit,
1789 2653 2106 2710 mentionis
2157 2655 2227 2710 de
2269 2655 2366 2712 illo
2417 2657 2747 2728 injiciendae
2791 2657 3106 2713 lectoribus
3138 2658 3262 2713 suis
3294 2657 3660 2715 occasionem

233 2748 468 2808 nullam
496 2763 611 2802 non
644 2744 975 2815 arripuerit.
1010 2743 1221 2799 Statim
1255 2743 1326 2797 ab
1359 2759 1424 2797 eo
1457 2742 1695 2814 scripsit
1743 2747 1945 2798 contra
1993 2743 2395 2815 Jovinianum,
2444 2763 2699 2818 cumque
2751 2747 2820 2802 de
2857 2747 3082 2803 Joanne
3112 2763 3305 2803 sermo
3336 2745 3662 2815 incidisset,

235 2838 400 2912 quod
433 2853 620 2909 usque
650 2835 721 2889 ad
754 2832 992 2904 Trajani
1023 2832 1228 2888 vixerit
1258 2831 1594 2902 imperium,
1629 2832 1685 2886 id
1719 2838 1808 2887 est
1856 2837 1986 2903 post
2032 2834 2370 2904 passionem
2420 2833 2652 2890 Domini
2703 2836 3066 2907 sexagesimo
3112 2841 3310 2892 octavo
3343 2852 3497 2892 anno
3528 2836 3661 2892 dor-

238 2927 463 2992 mierit,
497 2949 524 2975 ‹‹
557 2925 675 2980 Hoc
704 2927 761 2978 et
791 2940 917 2988 nos,
953 2922 1163 2993 inquit,
1198 2921 1256 2975 in
1290 2919 1436 2976 libro
1473 2922 1544 2975 De
1571 2922 1885 2976 Illustribus
1919 2922 2062 2977 Viris
2103 2923 2352 2978 breviter
2382 2925 2855 2996 perstrinximus.
2891 2948 2919 2974 ››
2952 2924 3133 2982 Paulo
3181 2930 3333 2997 post,
3366 2925 3536 2998 epist.
3569 2927 3660 2993 47,

238 3018 322 3075 ad
353 3013 756 3072 Desiderium:
791 3035 818 3062 «
850 3011 1066 3082 Scripsi
1096 3009 1314 3066 librum
1364 3011 1436 3066 De
1484 3011 1794 3066 Itlustribus
1851 3013 1988 3067 Viris
2037 3012 2108 3067 ab
2148 3013 2443 3084 Apostolis
2492 3031 2680 3087 usque
2710 3014 2781 3070 ad
2815 3019 3077 3070 nostram
3110 3018 3361 3083 aatatem,
3392 3013 3661 3070 imitatus

237 3103 662 3177 Tranquillum
695 3101 1076 3172 Graacumque
1103 3099 1476 3172 Apollonium
1504 3117 1516 3154 :
1549 3105 1606 3155 et
1635 3106 1765 3172 post
1796 3099 2126 3173 catalogum
2175 3101 2587 3172 plurimorum,
2640 3120 2732 3159 me
2781 3119 3018 3175 quoque
3061 3101 3120 3157 in
3153 3101 3311 3158 ealce
3341 3101 3662 3160 voluminis

237 3193 419 3270 quasi
451 3191 777 3250 abortivum
811 3194 866 3245 et
898 3188 1210 3244 minimum
1243 3189 1506 3244 omnium
1543 3189 2008 3245 Christianorum
2041 3191 2209 3263 posui
2239 3207 2252 3246 ε
2289 3191 2385 3247 ubi
2423 3191 2566 3246 mihi
2601 3209 2836 3249 necesse
2885 3192 2995 3246 fuit
3021 3208 3210 3264 usque
3258 3192 3330 3248 ad
3361 3189 3655 3248 decimum

237 3288 523 3360 quartum
553 3298 773 3338 annum
799 3279 1110 3336 Theodosii
1160 3278 1440 3351 principis
1492 3277 1632 3349 quid
1685 3278 2043 3350 scripserim,
2095 3281 2348 3336 breviter
2395 3286 2690 3336 annotare.
2736 3303 2761 3329 ››
2815 3281 2983 3336 Paria
3021 3279 3198 3338 habet
3225 3280 3284 3335 in
3321 3279 3657 3337 Praefatione

235 3370 805 3432 Commentariorum
838 3369 895 3423 in
926 3369 1176 3424 Jonam:
1211 3368 1271 3422 in
1303 3367 1450 3424 libro
1498 3373 1692 3422 autem
1743 3369 2000 3424 secundo
2046 3372 2254 3424 Contra
2296 3371 2571 3425 Ruﬁnum
2623 3387 2764 3426 sane
2812 3369 3173 3426 luculenter:
3220 3392 3248 3420 ‹‹
3291 3371 3440 3426 Ante
3471 3385 3658 3426 annos

237 3466 428 3521 ferme
455 3461 656 3517 decem
687 3474 822 3514 cum
851 3457 1060 3513 Dexter
1088 3455 1315 3512 amicus
1361 3474 1547 3522 meus,
1600 3458 1700 3528 qui
1750 3458 2154 3528 praefecturam
2204 3459 2640 3515 administravit
2687 3459 2962 3532 praetorii,
3010 3475 3104 3514 me
3151 3463 3416 3532 rogasset
3460 3462 3526 3515 ut
3556 3475 3660 3514 au-

231 3557 468 3610 ctorum
500 3553 710 3606 nostris
740 3547 1039 3620 religionis
1070 3547 1121 3602 ei
1153 3547 1405 3602 indicem
1438 3551 1714 3614 texerem,
1750 3547 1902 3602 inter
1931 3552 2170 3604 cmteros
2201 3553 2543 3606 tractatores
2576 3549 2743 3622 posui
2771 3554 2827 3606 et
2856 3550 3014 3605 hunc
3047 3549 3263 3605 librum
3296 3565 3330 3605 a
3359 3546 3670 3622 Pamphilo,

234 3643 492 3710 editum,
524 3660 554 3691 »
586 3644 696 3696 etc.

314 3732 372 3784 2.
405 3729 600 3801 Ipsam
631 3743 808 3799 quam
841 3725 1071 3782 fecisset
1104 3724 1252 3782 libro
1287 3725 1750 3797 inscriptionem,
1809 3742 2008 3797 qumve
2058 3727 2186 3797 ejus
2237 3733 2392 3784 esset
2439 3727 2874 3800 quodammodo
2923 3726 3171 3795 indoles,
3214 3726 3416 3783 sedulo
3445 3726 3518 3782 ad
3548 3727 3668 3782 Au-

241 3819 557 3894 gustinum
583 3816 831 3890 epistola
860 3817 964 3871 142
995 3815 1324 3872 rescribens
1355 3815 1558 3870 docet:
1596 3839 1621 3863 ‹‹
1657 3815 1813 3870 Dicis
1845 3815 2139 3887 accepisse
2170 3821 2224 3871 te
2255 3816 2470 3871 librum
2504 3833 2701 3871 meum
2739 3833 2774 3872 a
2804 3816 3056 3888 quodam
3081 3816 3277 3881 fratre,
3304 3815 3405 3886 qui
3427 3813 3668 3871 titulum

245 3925 373 3967 non
405 3907 663 3974 haberet,
697 3905 758 3961 in
789 3921 903 3977 quo
934 3903 1247 3976 scriptores
1278 3903 1704 3959 ecclesiasticos
1734 3907 1856 3959 tam
1897 3908 2125 3961 Graecos
2156 3921 2333 3976 quam
2386 3905 2621 3961 Latinos
2671 3903 3132 3960 enumeraverim
3159 3919 3172 3958 :
3207 3919 3464 3976 cumque
3500 3903 3572 3959 ab
3603 3917 3671 3961 eo

255 4013 578 4072 quaereres,
611 3999 678 4051 ut
701 3995 822 4052 tuis
867 3994 1058 4050 verbis
1109 3997 1260 4063 utar,
1312 4010 1416 4049 cur
1463 3991 1754 4048 liminaris
1803 3994 2019 4065 pagina
2064 4011 2179 4048 non
2225 3999 2377 4050 esset
2416 3995 2721 4066 inscripta,
2770 3993 2855 4049 vel
2903 4009 3018 4065 quo
3048 3995 3386 4050 censeretur
3414 3991 3673 4061 nomine,

261 4085 650 4160 respondisse
677 4083 956 4158 appellari
988 4083 1364 4156 Epitaphium,
1398 4087 1454 4138 ct
1484 4083 1912 4153 argumentaris
1940 4083 2095 4154 quod
2128 4088 2279 4139 recte
2329 4083 2414 4138 sic
2450 4089 2770 4152 vocaretur,
2817 4082 2865 4138 si
2915 4099 3117 4138 eorum
3149 4086 3379 4138 tantum
3409 4081 3498 4138 vel
3525 4081 3677 4138 vitas

249 4176 351 4234 vel
381 4175 603 4248 scripta
635 4173 714 4230 ibi
746 4173 1010 4245 legisses,
1046 4172 1145 4243 qui
1168 4172 1294 4242 jam
1325 4171 1582 4226 defuncti
1609 4175 1842 4239 essent;
1877 4188 2009 4226 cum
2049 4188 2183 4227 vero
2233 4171 2554 4227 multorum
2587 4177 2642 4227 et
2673 4189 2738 4228 eo
2770 4178 3031 4244 tempore
3063 4188 3178 4244 quo
3210 4171 3596 4238 scribebatur,
3623 4173 3683 4228 et

251 4281 420 4323 nunc
449 4279 635 4335 usque
664 4262 984 4318 viventium
1015 4266 1554 4317 commemorentur
1582 4258 1883 4331 opuscula,
1918 4260 2116 4316 mirari
2147 4266 2201 4316 te
2232 4277 2337 4316 cur
2384 4261 2438 4317 ei
2484 4261 2642 4316 hunc
2686 4263 2925 4316 titulum
2970 4260 3377 4333 imposuerim.
3411 4261 3554 4318 Puto
3585 4260 3680 4316 in-

250 4352 523 4426 telligere
555 4352 926 4424 prudentiam
960 4355 1144 4421 tuam,
1181 4350 1336 4422 quod
1368 4365 1435 4403 ex
1467 4365 1639 4420 opere
1673 4349 1798 4420 ipso
1831 4348 2068 4404 titulum
2130 4350 2392 4421 potueris
2448 4349 2792 4423 intelligere.
2842 4351 3056 4424 Legisti
3090 4351 3246 4407 enim
3281 4355 3338 4406 et
3366 4350 3595 4407 Graecos
3623 4353 3683 4406 et

253 4443 520 4507 Latinos,
551 4441 651 4513 qui
677 4441 828 4496 vitas
859 4439 1116 4496 vivorum
1149 4439 1470 4494 illustrium
1506 4438 1966 4509 descripserunt,
2001 4438 2158 4509 quod
2192 4456 2491 4510 nunquam
2525 4440 2881 4511 Epitaphium
2903 4440 3038 4495 huic
3061 4439 3220 4512 operi
3252 4437 3682 4510 inscripserint,

255 4533 365 4591 sed
398 4536 481 4588 De
509 4531 822 4587 Illustribus
863 4531 1020 4594 Viris,
1052 4529 1209 4583 verbi
1239 4529 1446 4601 gratia,
1477 4528 1756 4597 Ducibus,
1789 4528 2184 4601 Philosophis,
2217 4529 2579 4593 Oratoribus,
2615 4529 2939 4593 Historicis,
2976 4529 3160 4586 Poetis
3191 4529 3390 4602 epicis,
3422 4526 3683 4600 tragicis,

252 4621 524 4682 comicis.
558 4622 912 4693 Epitaphium
944 4625 1139 4675 autem
1177 4618 1407 4690 proprie
1439 4618 1717 4673 scribitur
1748 4623 2139 4686 mortuorum,
2177 4619 2332 4690 quod
2366 4619 2603 4689 quidem
2657 4619 2713 4673 in
2763 4619 3117 4674 dormitione
3148 4622 3362 4673 sanctis
3389 4615 3683 4672 memoriis

253 4709 572 4784 Nepotiani
607 4709 931 4782 presbyteri
962 4708 1102 4764 olim
1137 4708 1336 4764 fecisse
1370 4725 1462 4764 me
1491 4708 1643 4763 novi.
1678 4708 1825 4780 Ergo
1859 4708 1950 4762 hic
1982 4706 2130 4762 liber
2157 4707 2242 4762 vel
2276 4709 2351 4762 De
2397 4709 2706 4763 "Iusti-ibus
2752 4709 2909 4775 Viris,
2958 4707 3042 4763 vel
3085 4707 3314 4778 proprie
3344 4707 3420 4761 De
3447 4705 3686 4776 Scripto-

259 4804 422 4859 ribus
449 4800 851 4863 ecclesiasticis,
881 4798 1267 4872 appellandus
1313 4803 1439 4853 est:
1501 4797 1636 4852 licet
1694 4815 1726 4851 a
1779 4796 2073 4868 plerisque
2127 4797 2605 4853 emendatoribus
2665 4796 2952 4869 imperitis
2981 4798 3056 4852 Dc
3087 4794 3414 4852 Auctoribus
3459 4793 3690 4851 dicatur

263 4891 612 4965 inscriptus.
647 4911 675 4940 »
709 4893 840 4945 Jam
874 4888 1070 4961 itaque
1099 4887 1235 4943 audi
1268 4886 1406 4958 quid
1438 4887 1806 4959 Augustinus
1838 4892 2116 4959 praeterea
2163 4889 2234 4941 ab
2283 4903 2348 4942 eo
2402 4886 2728 4958 praestitum
2780 4885 3060 4942 voluisset
3088 4883 3269 4957 Epist.
3304 4883 3453 4940 inter
3483 4881 3691 4938 Hiero-

266 4979 580 5055 nymianas
603 4982 712 5035 67:
745 5001 772 5028 «
811 4979 872 5033 In
905 4977 1074 5044 libro,
1107 4975 1319 5048 inquit,
1355 4993 1470 5047 quo
1504 4981 1768 5042 cunctos,
1817 4993 2068 5048 quorum
2123 4977 2462 5031 meminisse
2511 4975 2778 5048 potuisti,
2831 4975 3146 5047 scriptores
3177 4971 3604 5030 ecclesiasticos
3634 4973 3694 5027 et

268 5087 478 5128 eorum
508 5069 728 5141 scripta
757 5067 1256 5133 commemorasti,
1290 5066 1680 5133 commodius,
1718 5071 1778 5120 ut
1810 5067 2082 5131 arbitror,
2107 5067 2288 5136 fieret,
2314 5066 2382 5132 si,
2412 5065 2728 5121 nominatis
2751 5065 2820 5119 iis
2852 5081 3000 5136 quos
3030 5062 3367 5120 haaresiotas
3389 5077 3516 5119 esse
3537 5057 3695 5117 nosti

271 5158 535 5234 (quando
557 5175 628 5214 ne
659 5159 816 5230 ipsos
846 5157 1087 5229 quidem
1120 5153 1558 5227 praetermittere
1590 5155 1888 5226 volueris,)
1921 5157 2313 5228 subjungeres
2362 5156 2538 5210 etiam
2589 5154 2648 5210 in
2698 5155 2913 5226 quibus
2965 5153 3206 5209 cavendi
3239 5155 3474 5210 essent:
3507 5167 3695 5224 quan-

273 5265 455 5322 quam
489 5246 802 5304 nonnullos
833 5246 1007 5302 etiam
1041 5245 1411 5318 praterieris,
1443 5244 1598 5315 quod
1633 5245 1782 5300 scire
1828 5262 2102 5317 cuperem
2154 5263 2268 5317 quo
2310 5244 2553 5300 consilio
2601 5245 2815 5300 factum
2861 5243 2958 5298 sit.
3007 5247 3124 5296 Aut
3153 5242 3202 5298 si
3246 5241 3390 5298 illud
3423 5239 3697 5296 volumen

275 5340 425 5396 forte
456 5352 697 5394 onerare
731 5335 993 5401 noluisti,
1028 5341 1110 5403 ut,
1158 5333 1631 5391 commemoratis
1692 5335 2002 5402 lieereticis,
2064 5353 2175 5390 non
2237 5336 2501 5406 adderes,
2563 5335 2618 5388 in
2681 5334 2897 5405 quibus
2953 5348 3053 5388 eos
3083 5331 3370 5388 catholica
3397 5327 3701 5387 damnavit

275 5427 634 5499 auctoritas:
669 5430 799 5498 peto
832 5444 903 5482 ne
933 5442 1104 5499 grave
1135 5426 1210 5482 sit
1243 5424 1494 5479 litterato
1550 5423 1735 5479 labori
1785 5430 1908 5493 tuo,
1957 5443 2071 5498 quo
2122 5443 2236 5480 non
2289 5423 2660 5480 mediocriter
2709 5441 2812 5494 per
2841 5422 3068 5477 Domini
3103 5422 3202 5478 Dei
3233 5421 3417 5478 nostri
3449 5419 3700 5493 gratiam

275 5496 340 5576 in
373 5517 582 5574 Latina
606 5496 811 5589 lingua
839 5496 1175 5572 sanctorum
1211 5513 1407 5570 studia
1437 5518 1494 5567 et
1523 5515 1836 5569 accendisti
1873 5521 1928 5570 et
1959 5496 2258 5585 adjuvisti,
2316 5514 2373 5568 id
2420 5514 2572 5585 quod
2626 5513 2729 5566 tibi
2784 5528 2887 5584 per
2929 5511 3327 5568 humilitatem
3358 5526 3549 5568 meam
3585 5509 3702 5564 fra-

276 5615 446 5666 terna
476 5606 733 5664 cbaritas
764 5607 989 5674 indicit,
1025 5611 1110 5675 ut,
1143 5606 1189 5660 si
1224 5603 1634 5674 occupationes
1693 5609 1806 5660 tuae
1868 5606 2091 5673 sinunt,
2148 5605 2416 5660 omnium
2478 5603 2884 5659 haereticorum
2941 5619 3210 5674 perversa
3261 5603 3558 5674 dogmata,
3599 5597 3703 5670 qui

280 5697 697 5764 rectitudian
728 5697 862 5755 ﬁdei
893 5696 1235 5754 Christianae
1271 5696 1473 5766 utique
1503 5693 1574 5750 ad
1627 5694 1737 5752 hoc
1786 5701 2020 5768 tempus
2069 5695 2154 5752 vel
2204 5693 2588 5766 impudentia,
2641 5691 2728 5749 vel
2776 5690 3091 5765 imperitia,
3133 5691 3219 5749 vel
3255 5689 3576 5766 pertinacia
3601 5687 3701 5746 de-
