3966 6420
265 343 389 417 ΒΞΊ
422 374 434 403 ε
1509 360 1573 423 S.
1616 357 1831 425 EUSEl

2148 356 2440 428 tONYMl.
2740 398 2751 409 κ
3548 362 3679 431 628
3704 380 3714 409 ‘-

271 501 513 559 pravare
542 487 732 548 conati
766 494 922 561 sunt,
957 509 1073 551 uno
1104 493 1300 552 libello
1336 494 1586 552 breviter
1613 495 1843 569 digesta
1871 496 2014 555 edas
2043 496 2102 553 in
2134 497 2401 556 notitiam
2431 515 2655 568 eorum,
2687 499 2905 574 quibus
2935 502 3039 559 aut
3068 514 3186 559 non
3230 501 3400 559 vacat
3434 504 3681 574 propter

269 574 386 632 alia
416 580 667 651 negotia,
690 585 793 637 aut
821 598 936 638 non
966 583 1158 640 valent
1187 589 1423 657 prepter
1451 584 1702 641 alienam
1734 586 1997 657 linguam
2026 591 2147 643 tam
2181 587 2367 644 multa
2391 588 2582 662 legere
2613 594 2791 663 atque
2822 606 3190 664 cognoscere.
3227 613 3249 640 ο

342 721 395 777 3.
425 722 620 790 Porro,
653 722 899 783 aliorum
930 728 1266 785 testimonia
1294 745 1633 801 percensere
1682 728 1731 784 si
1779 728 1978 794 velim,
2027 729 2253 801 longior
2300 730 2434 787 sim.
2487 731 2824 789 Gennadius
2871 733 3141 789 eumdem
3172 731 3431 789 laborem
3462 733 3536 789 ad
3567 750 3681 790 sua

270 813 532 882 tempore
562 821 908 884 persecutus
949 819 1294 889 cognomine
1324 818 1470 874 libro
1504 835 1627 888 cap.
1664 820 1714 884 1,
1764 818 1835 875 de
1888 819 2105 875 Jacobo
2162 820 2440 876 Nisibeno
2492 837 2694 893 agens,
2728 845 2754 871 «
2784 822 2969 889 Hunc,
3002 822 3216 895 inquit,
3245 820 3438 878 virum
3469 822 3679 878 beatus

270 897 655 972 Hieronymus
686 903 744 958 in
775 903 924 961 libro
958 911 1229 979 Χρονικῶν
1263 907 1420 963 velut
1451 924 1798 979 magnarum
1831 908 2118 964 virtutum
2151 909 2451 965 hominem
2482 911 2788 976 nominat;
2823 928 2928 966 cur
2959 911 3016 966 in
3065 912 3323 981 Catalogo
3353 911 3684 967 Scribarum

270 1003 383 1043 non
427 991 705 1060 posuerit,
738 993 903 1049 facile
932 997 1323 1061 excusabitur,
1359 1020 1385 1045 ››
1418 1001 1549 1062 etc.,
1579 1014 1704 1067 qua
1734 996 1888 1053 infra
1918 1014 2024 1053 suo
2056 997 2179 1053 loco
2212 999 2630 1071 expendemus.
2668 1000 2969 1056 Faeuudus
3007 999 3452 1056 Hermianensis
3483 999 3586 1056 lib.
3622 1016 3680 1056 v1

269 1076 634 1135 Defensionis
661 1082 837 1137 trium
871 1084 1267 1156 Capitulorum
1301 1103 1426 1157 cap.
1458 1090 1529 1142 2:
1586 1086 2028 1159 «Hieronymus
2076 1091 2293 1154 noster,
2344 1087 2432 1143 vir
2482 1089 2801 1145 admodum
2851 1089 3080 1156 doctus,
3130 1089 3230 1161 qui
3279 1089 3453 1145 etiam
3503 1091 3681 1145 tanta

270 1165 461 1222 fuerat
485 1166 774 1237 lectionis,
812 1177 873 1227 ut
903 1190 1127 1241 omnes,
1161 1179 1261 1229 aut
1291 1192 1435 1247 pene
1465 1192 1689 1243 omnes,
1725 1176 1847 1232 sive
1894 1175 1952 1231 in
2002 1177 2218 1244 Graeco,
2269 1177 2391 1233 sive
2445 1177 2504 1233 in
2559 1177 2762 1234 Latino
2792 1178 3024 1251 eloquio
3054 1177 3385 1234 divinarum
3416 1177 3681 1250 Scriptu-

271 1270 470 1310 rarum
502 1261 842 1315 tractatores
872 1260 1106 1333 legeret,
1138 1264 1372 1336 scripsit
1404 1264 1623 1320 librum
1655 1264 1825 1336 cujus
1855 1270 1944 1320 est
1973 1265 2179 1321 titulus
2208 1268 2282 1322 De
2317 1268 2459 1323 Viris
2486 1268 2820 1335 Illustribus,
2845 1267 2905 1323 in
2925 1284 3040 1340 quo
3063 1285 3178 1324 non
3201 1265 3393 1324 solum
3424 1266 3683 1323 Catholi-

272 1358 389 1412 cos,
413 1346 512 1400 sed
544 1346 718 1403 etiam
752 1349 1049 1407 haereticos
1099 1353 1462 1417 memoravit.
1515 1354 1615 1426 qui
1664 1354 1734 1409 de
1781 1354 2101 1427 Scripturis
2149 1355 2367 1412 sanctis
2416 1354 2476 1411 in
2527 1359 2775 1427 utraque
2816 1353 3020 1429 lingua
3048 1354 3272 1428 aliquid
3307 1355 3682 1429 conscripse-

271 1440 444 1490 runt:
474 1452 587 1491 non
620 1439 799 1493 tacuit
829 1439 929 1511 qui
955 1440 1243 1497 haeresum
1275 1442 1494 1498 fuerint
1523 1443 1873 1511 conditores,
1907 1443 2077 1515 quive
2128 1448 2471 1514 assertores,
2520 1444 2609 1500 vel
2659 1444 2761 1516 qui
2810 1445 2988 1500 etiam
3019 1461 3054 1500 a
3082 1444 3437 1517 quibusdam
3467 1448 3533 1500 ut
3560 1444 3678 1500 hae.-

270 1524 429 1579 retici
485 1532 923 1589 accusarentur.
984 1530 1114 1586 aliis
1171 1536 1373 1586 contra
1428 1531 1896 1588 defendentibus.
1959 1555 1986 1582 »
2047 1534 2308 1607 Denique
2364 1534 2747 1590 Cassiodorus
2806 1536 3061 1591 Divinar.
3121 1535 3301 1591 lnstit.
3373 1550 3500 1607 cap.
3560 1533 3679 1591 l7:

269 1635 297 1663 «
334 1614 479 1687 Lege
509 1615 728 1673 librum
757 1620 830 1673 De
866 1621 1007 1674 Viris
1034 1621 1347 1677 "lintribus
1374 1622 1431 1677 S.
1464 1621 1821 1693 Hieronymi,
1856 1622 1956 1678 ubi
1986 1623 2248 1680 diversos
2277 1622 2508 1680 labores
2551 1628 2727 1696 atque
2778 1624 3063 1697 Opuscula
3109 1639 3315 1679 eorum
3344 1624 3597 1681 breviter
3622 1627 3686 1680 et

273 1703 579 1761 honoravit
607 1712 663 1761 et
691 1708 903 1780 tetigit.
941 1731 962 1757 ιι
994 1710 1219 1773 Quibus
1269 1711 1417 1767 adde
1466 1711 1524 1766 S.
1561 1712 1849 1768 [siderum
1895 1712 2322 1785 Hispalensem,
2373 1713 2664 1785 Originum
2711 1712 2815 1769 lib.
2848 1731 2922 1781 vr,
2956 1712 3145 1786 capite
3171 1714 3246 1781 6;
3275 1711 3682 1770 Marcellinum

273 1793 552 1850 Comitem
583 1795 642 1850 in
671 1796 975 1866 Chronico,
1023 1798 1312 1855 Joannem
1361 1798 1847 1858 Sarisberieusem
1895 1802 2066 1877 epist.
2118 1803 2243 1871 I72,
2288 1802 2553 1877 aliosque
2605 1803 2823 1862 secutis
2865 1802 3230 1876 temporibus
3276 1818 3456 1876 prope
3499 1802 3681 1860 inuu-

276 1898 490 1939 meros.

346 2029 396 2083 4.
430 2028 667 2085 Factum
697 2046 768 2086 ex
794 2030 904 2087 hac
936 2031 1064 2105 ipsa
1092 2032 1283 2105 operis
1314 2033 1667 2106 celebritate,
1699 2040 1765 2091 ut
1795 2036 2029 2093 meliore
2059 2037 2236 2094 etiam
2268 2038 2502 2094 fortuna
2531 2054 2709 2110 quam
2742 2035 2953 2109 reliqui
3003 2051 3208 2093 omnes
3238 2034 3680 2107 Hieronymiani

270 2113 405 2171 libri
438 2120 700 2173 uteretur
728 2120 857 2186 iste,
890 2120 1181 2193 siquidem
1211 2122 1386 2179 variis
1415 2125 1779 2196 temporibus
1808 2125 2004 2198 plures
2042 2125 2325 2183 litteratos
2369 2126 2524 2182 viros
2572 2124 2816 2192 invenit,
2867 2140 3121 2198 quorum
3170 2140 3347 2197 opera
3391 2122 3583 2195 magis
3607 2139 3678 2180 ac

271 2204 460 2277 magis
489 2208 823 2277 recognitus
853 2215 1029 2282 atque
1062 2210 1413 2281 illustratus,
1447 2214 1618 2270 modo
1665 2214 1931 2282 seorsim,
1983 2216 2155 2271 modo
2206 2232 2342 2272 cum
2394 2214 2525 2272 aliis
2571 2215 2849 2287 operibus
2896 2214 2957 2269 in
3005 2212 3197 2269 lucem
3229 2212 3675 2285 produceretur.

270 2291 624 2366 Insigniores
655 2314 723 2353 ex
751 2299 823 2355 iis
854 2305 992 2355 sunt
1023 2301 1321 2367 Erasmus,
1353 2302 1665 2370 Victorius,
1716 2304 1986 2373 Gravius,
2044 2304 2335 2360 Suffridus
2392 2304 2565 2371 Petri,
2612 2304 2871 2360 Joannes
2900 2320 2935 2358 a
2965 2301 3205 2368 Fuchte,
3235 2301 3530 2357 Aubertus
3560 2299 3679 2356 Mi-

270 2397 439 2451 raaus,
472 2385 1146 2459 ErnestusTentzellius,
1182 2391 1456 2448 Salomon
1488 2393 1831 2464 Cyprianus,
1865 2394 2254 2462 Martianaeus,
2288 2398 2463 2465 atque
2494 2392 2759 2448 omnium
2813 2390 3129 2448 novissime
3167 2390 3443 2446 Albertus
3472 2389 3677 2446 Fabri-

269 2470 415 2538 cius,
449 2474 550 2546 qui
583 2470 1040 2535 satis‘accuratzr
1073 2498 1190 2536 sua:
1224 2482 1546 2537 recensioni
1578 2482 1824 2539 aliorum
1858 2500 2091 2556 quoque
2120 2484 2411 2539 editorum
2467 2482 2692 2539 scholia
2738 2486 2913 2554 atque
2952 2480 3361 2536 annotationes
3392 2479 3674 2536 adtexuit.

269 2568 483 2624 Verum
536 2567 697 2623 nulla
738 2573 827 2624 est
873 2586 1047 2640 opera
1094 2570 1383 2643 insignior
1425 2571 1545 2639 illa,
1592 2589 1769 2644 quam
1818 2571 2177 2644 Sophronius
2226 2573 2469 2645 quidam
2528 2572 2834 2642 impendit,
2883 2570 2986 2643 qui
3035 2573 3223 2625 totum
3269 2568 3426 2624 hunc
3454 2567 3677 2625 librum

270 2657 462 2714 Graece
494 2657 744 2713 refudit:
779 2658 851 2713 de
882 2676 996 2731 quo
1026 2659 1263 2715 homine
1293 2665 1348 2715 et
1374 2661 1637 2717 versione
1668 2662 1795 2733 ipsa
1837 2678 1970 2717 cum
2003 2661 2190 2717 multa
2223 2662 2281 2716 in
2316 2665 2625 2733 utramque
2669 2665 2895 2733 partem
2946 2658 3239 2715 disserant
3267 2658 3503 2726 eruditi,
3533 2675 3683 2715 non-

269 2746 413 2802 nihil
446 2747 615 2802 nobis
645 2747 959 2803 dicendum
992 2753 1099 2804 est.
1132 2750 1432 2815 Erasmus,
1466 2749 1557 2805 cui
1591 2749 1855 2805 omnium
1890 2750 2078 2823 primo
2104 2753 2428 2813 vetustum.
2452 2755 2518 2805 ut
2539 2750 2664 2822 ipse
2686 2754 2809 2815 aut,
2834 2754 3007 2821 atque
3027 2748 3406 2804 emendatum
3429 2746 3679 2820 Sophro-

270 2836 457 2892 nianae
487 2835 771 2891 versionis
802 2836 1099 2908 exemplar
1127 2838 1386 2893 nancisci
1418 2838 1679 2910 contigit,
1714 2839 1932 2911 quique
1962 2855 2096 2895 eum
2128 2838 2314 2895 secuti
2344 2842 2482 2895 sunt
2511 2839 2763 2894 editores
2795 2837 3078 2909 plerique,
3135 2853 3251 2893 non
3290 2835 3473 2892 alium
3504 2835 3580 2891 ab
3608 2852 3677 2893 eo

269 2925 596 2997 Sophronio
626 2941 752 2980 esse
784 2942 1131 2996 persuasum
1164 2926 1401 2992 habent,
1433 2943 1607 2998 quem
1643 2927 2029 2999 Hieronymus
2077 2934 2275 2984 noster
2322 2945 2371 2983 c.
2422 2928 2525 2983 434
2571 2927 2876 2998 hujusmet
2920 2925 3175 2998 Catalogi
3221 2925 3440 2991 laudat,
3472 2927 3679 2997 utpote

270 3031 511 3070 suorum
545 3013 770 3086 aliquot
799 3014 1217 3085 opusculorum
1252 3017 1323 3072 de
1359 3016 1559 3071 Latino
1589 3016 1648 3072 in
1675 3016 1941 3073 Gra3cum
1972 3016 2221 3089 eleganti
2255 3034 2525 3073 sermone
2550 3016 2949 3088 interpretem.
2982 3013 3201 3069 Horum
3234 3012 3524 3070 sententia
3546 3012 3679 3084 ipsa

270 3104 527 3176 primum
558 3104 692 3160 libri
724 3105 1105 3176 inscriptione
1137 3105 1368 3171 nititur,
1401 3105 1609 3161 deinde
1638 3110 2035 3179 praeconcepta
2062 3123 2130 3162 ex
2160 3106 2491 3179 Hieronymi
2535 3104 2872 3161 testimonio
2919 3104 3223 3158 doctorum
3268 3101 3542 3175 opinione
3568 3100 3680 3158 ho-
3706 3118 3709 3119 '

268 3193 493 3249 miuum
526 3195 924 3250 confirmatur.
960 3198 1170 3251 Contra
1200 3195 1295 3249 alii
1329 3213 1431 3267 pro
1464 3213 1685 3268 nupero
1716 3197 1994 3267 scriptore
2025 3194 2261 3258 habent,
2296 3193 2398 3265 qui
2426 3192 2736 3265 Snphronii
2781 3193 2929 3263 ejus,
2962 3190 3296 3263 Hieronymi
3346 3188 3676 3259 familiaris,

269 3299 577 3353 personam
610 3283 947 3351 mentiatur,
982 3301 1088 3340 nec
1128 3284 1311 3340 defuit
1356 3285 1595 3356 quidam
1648 3290 1855 3339 caetera
1901 3284 2110 3339 doctus
2159 3286 2332 3353 atque
2382 3281 2648 3337 eruditus
2698 3280 2993 3352 (Vossium
3025 3278 3202 3349 dico,)
3233 3278 3333 3351 qui
3363 3279 3675 3335 Erasmum

266 3369 461 3443 ipsum
495 3371 646 3426 hanc
677 3373 1058 3444 supposuisse
1092 3373 1425 3443 suspicatus
1459 3373 1555 3439 sit,
1586 3378 1740 3429 certe
1770 3374 1841 3429 ab
1871 3373 2001 3443 ejus
2033 3372 2134 3427 zevi
2184 3370 2448 3427 Graeculo
2496 3370 2788 3425 nebulone
2833 3367 3030 3441 aliquo
3076 3368 3397 3440 profectam
3428 3372 3679 3424 conten-

265 3459 434 3515 derit.
469 3460 547 3515 Ex
577 3477 642 3515 eo
676 3464 868 3515 autem
902 3466 1404 3532 argumentantur,
1440 3462 1595 3533 quod
1628 3461 1831 3518 multis
1861 3462 1919 3516 in
1954 3460 2098 3516 locis
2132 3477 2237 3516 nec
2284 3460 2478 3515 61³3368
2524 3459 2619 3525 sit,
2668 3474 2774 3514 nec
2820 3456 3161 3529 Hieronymi
3192 3459 3448 3512 mentem
3480 3455 3674 3528 expri-

262 3552 403 3613 mat,
437 3550 540 3605 sed
570 3565 637 3604 ex
667 3554 939 3620 corrupto
966 3550 1171 3604 Latino
1217 3550 1531 3621 exemplari
1584 3568 1856 3622 expressa
1901 3551 2184 3607 videatur.
2237 3549 2452 3605 Deinde
2501 3549 2655 3621 quod
2706 3546 2766 3602 in
2818 3546 2982 3602 nullo
3027 3562 3292 3618 unquam
3320 3544 3499 3601 veteri
3522 3544 3675 3603 libro

261 3638 661 3711 manuscripto
693 3637 851 3693 illam
882 3638 1135 3709 reperire
1165 3638 1243 3694 sit
1271 3640 1329 3695 in
1384 3640 1775 3707 bibliothecis,
1819 3657 1967 3711 quas
2020 3638 2359 3708 bujusmodi
2399 3637 2725 3693 litterarum
2774 3635 3021 3691 studiosi
3067 3634 3349 3690 hactenus
3398 3649 3670 3690 excusse-

259 3726 396 3781 rint.
433 3729 591 3782 lnter
619 3728 762 3782 adeo
795 3727 1033 3782 dissitas
1065 3727 1368 3799 opiniones
1426 3729 1640 3795 media,
1695 3745 1873 3799 quam
1927 3728 2335 3800 prudentiores
2377 3726 2483 3781 viri
2542 3726 2771 3793 Bosius,
2827 3724 3095 3792 Huetius,
3142 3722 3359 3796 aliique
3388 3723 3666 3795 probant,

256 3812 427 3887 longe
456 3822 544 3872 est
573 3815 751 3871 etiam
781 3816 1204 3872 verosimilior:
1240 3816 1389 3882 dico,
1423 3816 1816 3889 Sophronium
1848 3817 2084 3889 quidem
2119 3816 2286 3871 illum
2318 3815 2653 3888 Hieronymi
2699 3814 2978 3882 amicum,
3030 3813 3124 3868 cui
3154 3811 3327 3885 vulgo
3356 3810 3659 3881 tribuitur,

256 3905 595 3977 neutiquam
629 3905 756 3975 ejus
787 3908 1085 3959 auctorem
1121 3921 1286 3972 esse;
1323 3909 1385 3959 ut
1414 3909 1610 3961 autem
1643 3905 1714 3961 ab
1740 3908 1981 3961 Erasmo
2026 3910 2129 3961 aut
2177 3905 2250 3961 ab
2299 3905 2428 3976 ejus
2476 3903 2577 3958 (Βνί
2636 3903 2954 3975 impostorc
3007 3901 3205 3974 aliquo
3262 3900 3511 3957 conficta
3556 3899 3658 3967 sit,

253 3993 495 4049 minime
525 3994 679 4048 credi
714 4009 901 4065 posse.
933 3993 1196 4049 Primum
1228 3995 1434 4050 suadet
1463 3994 1652 4067 stylus
1682 3994 1827 4065 ipse,
1861 3994 1962 4066 qui
1994 3996 2323 4067 sequiorem
2352 3994 2716 4049 Graecitatem
2743 3990 3004 4048 redolere
3034 4008 3151 4047 non
3181 3988 3474 4063 immerito
3493 3989 3659 4046 visus

249 4087 372 4137 est:
405 4082 630 4138 errores
657 4098 888 4154 quoque
920 4086 975 4137 et
1005 4083 1162 4138 falsa:
1190 4083 1486 4150 lectiones,
1518 4101 1666 4155 quae,
1715 4083 1851 4139 licet
1888 4100 2003 4139 non
2047 4083 2391 4151 innumerae,
2412 4088 2477 4138 ut
2518 4082 2763 4139 Vossius
2805 4085 3135 4154 exaggerat,
3167 4081 3295 4152 ejus
3323 4082 3519 4136 tamen
3554 4094 3658 4153 ge-

249 4169 406 4225 neris
438 4176 596 4239 sunt,
628 4175 694 4224 ut
721 4186 789 4226 ex
817 4172 1135 4227 recentiore
1185 4172 1388 4228 Latino
1436 4172 1751 4245 exemplari
1801 4174 2143 4230 adornatam
2192 4172 2641 4230 translationem
2691 4171 3103 4243 persuadeant,
3156 4169 3394 4242 quando
3432 4168 3655 4225 sensim

248 4258 487 4312 inducta
511 4257 796 4320 barbarie,
830 4258 1156 4314 scribarum
1187 4260 1513 4327 oscitantia,
1547 4265 1649 4316 aut
1678 4261 2015 4317 criticorum
2046 4261 2345 4317 temeritas
2378 4260 2561 4315 bonos
2618 4258 2799 4314 libros
2852 4262 3207 4330 pervaserat.
3241 4256 3491 4313 Maxime
3518 4272 3656 4313 vero

245 4345 726 4418 interpolationes
755 4347 825 4401 de
857 4345 1158 4417 apostolis,
1191 4352 1292 4402 aut
1319 4348 1451 4404 aliis
1481 4348 1738 4421 antiquis
1762 4350 2062 4423 .Patribus,
2096 4349 2198 4422 qui
2230 4348 2379 4405 nihil
2408 4347 2649 4404 omnino
2679 4347 3072 4420 scripserunt,
3114 4362 3304 4418 neque
3350 4345 3423 4402 ab
3454 4344 3658 4401 Hiero-

246 4452 418 4509 nymo
450 4435 601 4490 inter
628 4434 1052 4490 ecclesiasticos
1084 4436 1396 4508 scriptores
1427 4437 1591 4493 relati
1622 4439 1871 4504 fuerant,
1901 4439 2204 4511 ingenium
2238 4437 2442 4510 utique
2474 4435 2715 4508 sapiunt
2744 4435 3003 4491 hominis
3032 4452 3067 4491 a
3096 4432 3412 4507 Sephronii
3444 4432 3559 4489 fide
3591 4449 3659 4489 ac

242 4524 546 4581 nobilitate
575 4524 1028 4580 alienissimum.
1064 4523 1323 4580 Alterum
1357 4525 1521 4582 facile
1550 4526 1825 4583 evincunt
1855 4527 2206 4599 scriptorum
2257 4526 2614 4595 testimonia,
2646 4524 2746 4596 qui
2785 4524 3004 4579 nedum
3037 4540 3155 4579 uno
3186 4526 3289 4579 aut
3318 4522 3517 4589 altero,
3551 4522 3655 4578 sed

242 4613 444 4669 multis
479 4617 612 4669 ante
641 4615 950 4669 Erasmum
985 4613 1212 4669 saeculis
1242 4615 1506 4671 ﬂoruere.
1541 4616 1753 4671 Suidas
1784 4615 1988 4671 multis
2018 4616 2076 4671 in
2109 4614 2254 4671 locis
2284 4614 2613 4670 versionem
2649 4612 2802 4669 hanc
2835 4612 3055 4679 laudat,
3087 4628 3155 4667 ac
3184 4610 3432 4667 totidem
3459 4609 3657 4666 verbis

238 4703 517 4759 describit
546 4703 605 4756 in
636 4702 873 4766 Basilio,
906 4702 1173 4770 Caesarie,
1199 4703 1494 4777 Gregorio,
1529 4704 1798 4771 Damaso,
1832 4704 2178 4777 Epiphanio,
2204 4704 2453 4760 Eusebio
2485 4700 3082 4775 Pamphili,Justino,
3104 4700 3277 4757 Justo
3300 4697 3649 4765 Tiberiensi,

233 4792 508 4864 Josepho,
542 4792 852 4858 Methodio,
886 4792 1150 4863 Origene,
1187 4792 1519 4866 Polycarpo,
1554 4793 1814 4850 Philone.
1849 4797 1941 4857 At,
1993 4791 2247 4864 inquies,
2293 4792 2525 4847 incertae
2576 4795 2780 4847 auctor
2828 4789 3017 4846 aetatis
3047 4793 3141 4846 est
3170 4788 3298 4861 ipse
3326 4786 3562 4854 Suidas,
3594 4790 3655 4843 et

241 4881 338 4952 qui
372 4899 449 4936 xu
482 4882 692 4937 saeculo
720 4882 933 4937 vixisse
962 4882 1249 4947 videatur,
1283 4882 1754 4955 quandoquidem
1789 4898 1858 4937 ex
1888 4880 2164 4937 Michaele
2198 4879 2405 4947 Psello,
2440 4880 2539 4951 qui
2569 4879 2679 4935 sub
2711 4878 2911 4936 Alexio
2942 4882 3240 4935 Gomneno
3270 4876 3489 4942 ﬂoruit,
3523 4874 3652 4932 loca

242 4971 507 5040 qutedam
541 4972 612 5025 ab
644 4970 741 5025 illo
775 4971 1168 5026 adducuntur.
1205 4972 1288 5026 Ita
1319 4987 1479 5041 sane,
1513 4972 1612 5027 sed
1643 4988 1711 5026 ex
1741 4970 1965 5042 aliquot
1990 4969 2257 5035 vocibus,
2288 4986 2437 5040 quas
2472 4967 2757 5041 posterior
2787 4984 2999 5023 manus
3049 4965 3349 5038 adjecerit,
3400 4966 3471 5022 de
3518 4965 3650 5036 ejus

154 5056 162 5063 ”
237 5063 400 5114 aetate
433 5076 547 5114 non
578 5077 705 5115 esse
727 5058 1117 5129 judicaudum
1148 5076 1318 5115 nemo
1348 5059 1661 5126 inﬁcietur,
1694 5064 1870 5131 utque
1897 5058 2134 5115 difficile
2189 5058 2347 5114 dictu
2407 5058 2507 5124 sit,
2566 5073 2682 5129 quo
2723 5057 2962 5112 tandem
2995 5071 3150 5111 anno
3180 5057 3388 5111 auctor
3416 5052 3647 5122 vixerit,
3723 5049 3728 5052 ’

234 5147 611 5202 vetustiorem
641 5153 834 5203 tamen
868 5164 995 5203 esse
1020 5165 1196 5219 quam
1227 5148 1399 5221 vulgo
1430 5148 1705 5215 creditur,
1738 5149 1926 5203 doctis
1959 5147 2097 5202 viris
2130 5147 2439 5218 probatum
2470 5148 2580 5201 est.
2610 5145 2724 5200 Nec
2772 5149 2968 5200 tamen
3025 5159 3209 5198 unum
3241 5141 3352 5199 hoc
3381 5141 3648 5198 testimo-

234 5235 394 5289 nium
430 5253 630 5311 urgeo.
666 5237 766 5291 Est
795 5236 955 5291 aliud
988 5236 1543 5293 luculentissimum.
1576 5237 1838 5303 Photius,
1869 5236 1967 5308 qui
1999 5241 2155 5292 certe
2182 5238 2315 5291 ante
2344 5251 2565 5290 annum
2596 5235 2702 5289 850
2732 5232 3150 5290 Bibliothecam
3182 5248 3371 5289 -suam
3423 5230 3647 5301 emisit,

231 5322 380 5378 hanc
411 5323 598 5394 ipsam
633 5324 887 5379 Graecam
919 5324 1466 5396 interpretationem
1487 5325 1648 5398 legit,
1678 5330 1729 5381 el
1763 5325 2020 5397 plurium
2051 5342 2120 5381 ex
2150 5342 2219 5380 ea
2248 5340 2524 5380 versuum
2560 5321 2831 5378 laciniam
2876 5321 3183 5377 derivavit.
3216 5320 3291 5376 Ut
3319 5320 3403 5376 rei
3432 5319 3647 5377 veritas

231 5416 478 5478 constet,
516 5413 713 5466 confer
741 5413 812 5466 ad
851 5414 1178 5487 Hieronymi
1231 5419 1406 5487 caput
1461 5417 1552 5483 61,
1611 5415 1681 5471 de
1737 5414 2044 5487 Hippolyto
2101 5413 2496 5485 Sephronium
2541 5413 2733 5469 Graece
2791 5414 3113 5468 vertentem
3161 5426 3298 5479 cum
3329 5409 3424 5466 his
3454 5406 3645 5487 Photii

231 5501 358 5555 cod.
422 5501 516 5555 121
573 5519 583 5555 :
637 5500 869 5573 Αάγεται
930 5499 985 5555 δὲ
1043 5502 1131 5556 xxi
1192 5503 1349 5565 οὗτος
1410 5502 1771 5575 (Ἱππόλυτος)
1828 5501 2186 5580 προσομιλεῖν
2243 5507 2321 5575 τῷ
2378 5499 2498 5573 λαῷ
2553 5502 2689 5555 κατὰ
2747 5499 2980 5573 μίμησιν
3039 5499 3373 5574 Ὠριγὲνους,
3434 5497 3494 5552 οὗ
3551 5486 3647 5554 καὶ

232 5590 468 5659 συνήθης
524 5590 613 5643 καὶ
690 5588 916 5663 ἐραστὴς
986 5596 1090 5645 τῶν
1173 5591 1353 5668 λόγων
1436 5595 1701 5670 ὑπῆρχεν,
1788 5595 1863 5655 ὡς
1940 5594 2030 5648 καὶ
2104 5593 2505 5667 προτρέψασθαι
2580 5589 2737 5645 αὐτὸν
2802 5590 2900 5658 τὴν
2978 5587 3123 5643 Θείαν
3193 5585 3641 5661 ὑπομνηματίσαι

228 5679 489 5757 Γραφὴν,
550 5678 950 5758 ἐγκαταστήσας
980 5680 1152 5756 ,αὖτῷ
1208 5683 1297 5737 καὶ
1361 5684 1704 5765 ὑπογραφέας
1780 5683 1912 5739 ἑπτὰ
1985 5682 2368 5761 ταχυγράφους
2426 5680 2517 5736 καὶ
2575 5680 2789 5755 ἑτέρους
2845 5676 3138 5741 τοσούτους
3186 5677 3492 5757 γράφοντας
3558 5676 3636 5740 εἰς
