3966 6390
220 356 340 439 629
1011 370 1246 439 LIBER
1286 370 1391 438 ne
1433 372 1643 439 wars
1686 372 2228 440 ILLUS’I‘RIBUS.
2259 402 2338 421 --
2366 366 2837 441 ADMONITIO.
3508 366 3632 440 eeo

223 503 444 578 κάλλος,
503 504 576 562 ὧν
636 504 703 580 ἧν
761 505 851 564 καὶ
904 509 1007 581 τής
1058 506 1302 582 δαπάνης
1361 506 1520 571 αὐτὸς
1577 508 1825 587 χορηγός
1861 527 1873 542 ·
1904 509 1994 564 καὶ
2052 512 2220 563 ταῦτα
2275 506 2716 585 ὑπηρετούμενος
2772 507 2938 583 αὐτῷ,
2998 503 3241 566 ἀπαιτεὶν
3299 504 3456 566 αὐτὸν
3491 503 3629 567 ἄπα-

227 598 485 674 ραιτήτως
533 596 596 652 τὸ
652 590 833 674 ἔργον,
858 595 909 669 ἐξ
958 598 1020 654 οὒ
1066 600 1157 654 καὶ
1215 596 1586 673 ἐργοὸιώκτην
1646 597 1697 653 ἐν
1759 604 1857 672 μιᾷ
1900 604 2007 654 τῶν
2070 595 2372 654 ἐπιστολῶν
2431 600 2577 674 παρὰ
2624 599 2933 675 Ὠριγένους
2988 596 3280 670 κληθῆναι.
3353 601 3517 667 Quod
3574 602 3627 660 si

225 691 455 761 apparet
481 687 792 746 manifesto
822 689 943 746 haec
972 707 1041 746 ex
1068 689 1168 745 illo
1199 690 1475 762 describi,
1509 694 1686 762 atque
1710 691 1851 745 adeo
1883 688 2155 745 Photium
2204 693 2584 761 praecesserat
2625 688 2812 746 versio
2852 689 3074 756 isthmc,
3114 691 3242 761 jam
3292 706 3409 746 non
3451 690 3626 748 modo

223 793 498 850 nuperum
525 793 672 849 opus
704 795 820 835 non
859 784 968 848 est,
1004 780 1106 835 sed
1128 762 1348 835 'saaculo
1381 783 1447 835 ut
1474 768 1704 836 tardius
1734 783 1932 837 octavo
1962 778 2190 835 ineunti
2245 778 2460 835 debeat
2514 779 2786 836 adscribi.
2837 779 3043 835 Utrum
3086 795 3221 835 vero
3269 783 3475 853 auctor
3498 780 3626 854 ipse

221 866 572 940 Sophronius
604 867 677 924 de
706 868 942 925 nomine
972 868 1342 941 apellaretur,
1376 886 1449 925 an
1492 869 1602 925 sub
1650 870 1858 925 veteris
1903 869 2343 941 Hieronymiani
2391 868 2726 941 interpretis
2786 885 3037 941 persona
3078 867 3275 937 lateat,
3329 868 3623 928 curiosius

221 956 527 1028 exquirere,
562 972 677 1012 non
709 973 837 1013 esse
868 973 1055 1030 operae
1087 959 1342 1031 pretium
1376 964 1516 1031 puto
1550 976 1563 1014 :
1596 958 1831 1016 tametsi
1858 974 2014 1015 uuus
2064 963 2242 1030 atque
2289 956 2437 1015 alter
2485 942 2850 1030 Sophronius
2896 973 3001 1032 per
3047 957 3106 1013 id
3163 955 3447 1031 temporis
3470 958 3621 1017 vixe-

217 1044 350 1115 rint,
382 1044 479 1117 qui
511 1044 565 1099 id
602 1045 715 1101 sibi
748 1046 962 1120 negotii
989 1047 1127 1103 dare
1154 1047 1415 1120 potuisse
1445 1048 1750 1104 commode
1789 1047 2119 1105 videantur.

282 1161 467 1217 5Jam
499 1178 632 1217 vero
663 1179 779 1234 quo
809 1168 1070 1236 tempore
1100 1164 1316 1219 librum
1361 1167 1601 1220 sanctus
1651 1165 1854 1222 doctor
1896 1163 2177 1229 emiserit,
2233 1163 2545 1220 dicendum
2595 1167 2702 1219 est.
2755 1164 2885 1237 Ipse
2929 1166 3125 1220 autem
3174 1162 3362 1236 capite
3407 1162 3618 1222 ultimo

219 1250 284 1305 de
311 1266 370 1306 se
397 1249 665 1322 loquens,
696 1257 859 1308 notat
887 1252 980 1308 his
1010 1253 1222 1321 verbis,
1257 1270 1478 1325 cusque
1509 1252 1567 1309 in
1600 1257 1949 1326 praesentem
1980 1270 2224 1322 annum,
2258 1252 2315 1308 id
2347 1257 2436 1309 est
2462 1252 2772 1308 Theodosii
2803 1250 3088 1324 principis
3126 1252 3421 1309 decimum
3448 1270 3619 1327 quar-

216 1342 355 1407 tum,
385 1339 506 1395 haec
531 1338 759 1413 scripsi.
794 1362 816 1392 ι
847 1342 1204 1398 Concurrere
1233 1341 1398 1397 illum
1432 1357 1565 1397 cum
1597 1360 1748 1398 anno
1780 1359 1814 1397 a
1839 1341 2065 1399 Christo
2097 1346 2230 1398 nato
2262 1342 2367 1397 392
2397 1358 2513 1398 non
2545 1345 2636 1398 est
2665 1341 2766 1414 qui
2807 1341 3073 1410 dubitet;
3108 1339 3309 1398 malim
3329 1358 3465 1400 vero
3487 1344 3618 1415 ejus

216 1428 343 1484 anni
372 1428 750 1501 posteriorem
782 1436 1008 1503 partem
1030 1430 1296 1504 intelligi,
1330 1436 1394 1487 ut
1421 1436 1627 1487 caetera
1658 1430 1872 1487 rectius
1901 1434 2193 1504 aptentur.
2226 1430 2504 1503 Colligere
2541 1431 2651 1487 hoc
2671 1435 2760 1487 est
2805 1447 2873 1487 ex
2918 1430 3255 1487 testimonio
3300 1429 3442 1487 libri
3470 1448 3614 1488 con-

213 1523 298 1574 tra
323 1518 692 1576 Jovinianum
722 1537 903 1593 supra
931 1519 1178 1586 laudati,
1211 1523 1383 1593 cujus
1413 1520 1655 1593 quidem
1690 1521 2051 1576 mentionem
2082 1520 2142 1575 in
2185 1520 2455 1594 Catalogo
2504 1538 2619 1577 non
2669 1520 3058 1590 Hieronymus
3106 1519 3260 1588 fecit,
3312 1519 3413 1592 qui
3443 1519 3615 1578 illum

215 1609 458 1665 nondum
494 1610 899 1677 adornaverat,
934 1611 1032 1667 sed
1072 1622 1364 1667 nonnemo
1396 1610 1697 1671 studiosus
1730 1610 1829 1683 qui
1861 1602 2212 1683 posteriores
2243 1610 2419 1666 etiam
2452 1608 2597 1666 alios
2628 1608 3090 1667 Commentarios
3137 1614 3442 1678 memorat,
3476 1626 3615 1667 con-

213 1700 300 1753 tra
341 1699 595 1756 auctoris
639 1702 919 1767 mentem,
964 1704 1022 1756 et
1064 1702 1325 1756 veterum
1377 1700 1870 1772 exemplariorum
1923 1700 2118 1755 ﬁdem.
2176 1700 2404 1755 Rursus
2449 1716 2517 1755 ex
2567 1698 2909 1755 Praefatione
2952 1698 3522 1755 Commentariorum
3552 1700 3613 1758 in

210 1786 428 1855 Jonam,
460 1788 563 1844 ubi
595 1788 804 1845 seriem
838 1805 1079 1846 suarum
1112 1788 1625 1845 elucubrationum
1658 1805 1761 1861 per
1788 1788 2106 1845 triennium
2139 1788 2212 1843 ab
2241 1787 2600 1862 expositione
2630 1788 2892 1860 quinque
2922 1786 3341 1860 Prophetarum
3373 1792 3614 1846 sanctus

212 1876 400 1932 doctor
422 1883 752 1944 enumerat,
785 1883 843 1934 et
872 1881 937 1933 ut
965 1878 1075 1935 hoc
1107 1894 1340 1950 quoque
1371 1878 1668 1948 adjiciam,
1695 1894 1763 1934 ex
1794 1878 2053 1934 secundo
2083 1877 2298 1934 Contra
2347 1878 2628 1933 Ruﬁnum
2678 1876 2849 1944 libro,
2903 1876 3004 1932 ubi
3056 1880 3191 1933 ante
3232 1892 3410 1935 annos
3435 1877 3615 1953 ferme

210 1963 378 2021 decem
404 1965 565 2023 hunc
595 1966 936 2041 Catalogum
967 1984 1030 2024 se
1058 1971 1309 2023 testatur
1332 1966 1564 2024 texisse.

272 2082 322 2137 6.
353 2080 617 2154 Denique
646 2082 788 2155 quid
818 2099 922 2138 nos
946 2099 1133 2157 Operae
1163 2085 1296 2154 post
1323 2086 1619 2138 tantorum
1653 2082 1960 2139 hominum
1992 2082 2291 2139 solertiam
2319 2083 2393 2139 ad
2425 2081 2604 2154 hujus
2634 2080 2769 2138 libri
2808 2081 3127 2139 editionem
3158 2098 3370 2139 novam
3400 2085 3612 2141 contu-

209 2166 458 2238 lerimus,
493 2171 698 2244 paucis
727 2172 944 2245 accipe.
978 2172 1173 2228 Primo
1206 2172 1464 2228 Graecam
1494 2172 1843 2240 versionem,
1875 2189 2053 2245 quam
2085 2173 2273 2228 editor
2303 2171 2715 2228 Benedictinus
2747 2170 2901 2228 malo
2939 2171 3139 2244 utique
3187 2171 3433 2230 consilio
3462 2172 3612 2230 omi-

209 2263 370 2329 serat,
402 2278 703 2334 quamque
731 2261 889 2318 haud
922 2261 1168 2318 dubium
1195 2266 1285 2317 est
1315 2261 1631 2318 identidem
1663 2262 2125 2335 Hieronymianzs
2159 2261 2392 2318 lectioni
2442 2259 2743 2335 suppetias
2790 2261 2958 2331 ferre,
3008 2261 3286 2317 continuo
3338 2262 3612 2335 apposui-

207 2363 350 2417 mus,
381 2349 452 2407 iis
482 2355 716 2407 tantum
747 2351 1000 2424 exceptis
1031 2352 1230 2407 decem
1279 2350 1626 2407 Nominibus
1648 2369 1775 2424 quae
1797 2369 1866 2408 ex
1890 2351 2314 2425 paraphrastis,
2344 2368 2447 2407 seu
2470 2351 2665 2424 potius
2690 2348 3036 2424 glossatoris
3058 2366 3235 2407 manu
3256 2351 3515 2424 profecta
3532 2353 3607 2410 ad

211 2437 582 2513 archetypum
609 2441 797 2497 sancti
831 2440 1019 2496 Patris
1051 2457 1153 2496 ron
1177 2441 1529 2508 referuntur,
1555 2446 1611 2496 et
1633 2458 1739 2497 nos
1766 2445 2049 2513 tanquam
2071 2440 2352 2497 vernilem
2373 2439 2638 2497 sobolem
2661 2440 2733 2496 ad
2756 2439 2974 2496 calcem
3000 2439 3336 2511 rejecimus.
3364 2440 3608 2514 Deinde,

210 2528 352 2598 quod
383 2528 842 2595 satislaudabili
873 2528 1176 2601 diligentia
1207 2546 1466 2602 nuperus
1508 2530 1696 2586 editor
1745 2530 2172 2603 Amburgensis
2222 2534 2355 2586 ante
2400 2546 2507 2585 nos
2557 2528 2842 2601 praestitit,
2892 2529 2977 2585 ita
3026 2528 3225 2601 ipsum
3270 2529 3609 2603 HierOnymi

206 2620 413 2687 textum
446 2619 814 2686 excudimus,
846 2623 912 2674 ut
943 2619 1171 2691 quoties
1201 2618 1299 2675 ille
1331 2620 1529 2675 Graeca
1558 2618 1793 2675 Eusebii
1823 2621 1999 2676 verba
2025 2619 2085 2675 in
2118 2620 2227 2675 hoc
2259 2620 2598 2675 adornando
2631 2635 2801 2691 opere
2846 2616 3151 2675 transtulit
3196 2618 3256 2674 in
3310 2618 3607 2688 Latinum,

205 2711 299 2762 aut
324 2712 473 2764 certe
504 2725 715 2780 parum
747 2709 818 2764 ab
851 2710 978 2780 ejus
1005 2709 1269 2782 vestigiis
1301 2708 1589 2776 discessit,
1622 2709 1736 2783 ipsi
1768 2709 1950 2765 textui
1982 2727 2050 2765 ex
2080 2708 2262 2765 altera
2290 2712 2454 2781 parte
2484 2708 2862 2764 sociaremus.
2885 2707 3110 2763 Excuso
3153 2706 3426 2782 Catalogo
3457 2708 3609 2766 duas

208 2796 565 2867 Appendices
595 2788 1023 2865 subnectimus,
1056 2815 1309 2870 quarum
1340 2797 1523 2854 altera
1552 2797 1655 2855 illa
1680 2804 1769 2854 est
1796 2798 1868 2854 de
1891 2798 2040 2855 Vitis
2086 2798 2524 2872 Apostolorum,
2570 2814 2748 2870 quam
2799 2795 3060 2854 Versioni
3108 2797 3315 2853 Graecae
3362 2797 3473 2855 sub
3504 2798 3608 2855 So-

211 2883 431 2956 phronii
464 2886 705 2943 nomine
732 2885 791 2941 in
822 2903 929 2943 suo
970 2904 1079 2943 ms.
1110 2888 1307 2943 codice
1336 2892 1612 2944 Erasmus
1640 2888 1876 2960 reperit,
1908 2893 1964 2944 et
1998 2889 2199 2944 Latine
2231 2891 2321 2944 est
2369 2887 2809 2961 interpretatus.
2858 2885 3057 2943 Altera
3106 2889 3229 2943 tum
3254 2886 3608 2960 Hieronymo

205 2974 274 3029 De
296 2976 386 3031 XII
416 2975 742 3032 Doctoribus
788 2975 859 3031 ad
914 2975 1274 3044 desiderium,
1316 2982 1440 3032 tum
1499 2977 1664 3033 Bedae
1724 2980 1796 3034 De
1827 2978 2217 3033 Luminaribus
2246 2978 2504 3035 Ecclesiae
2544 2974 2902 3032 inscribitur.
2962 2979 3153 3048 Atque
3207 2974 3331 3031 haec
3363 2976 3605 3048 quidem

204 3062 336 3119 satis
363 3064 564 3137 inepta
593 3065 1105 3122 lucubratiuncula
1128 3071 1237 3133 est,
1272 3070 1335 3121 ut
1364 3067 1422 3121 in
1455 3067 1688 3139 praeﬁxa
1715 3084 1964 3123 censura
1992 3067 2526 3123 animadvertemus
2552 3084 2563 3133 ;
2600 3065 2700 3121 sed
2722 3065 2909 3121 omitti
2953 3063 3114 3120 nullo
3162 3067 3329 3137 pacto
3378 3064 3602 3134 debuit,

204 3168 269 3207 ne
297 3154 432 3225 quid
464 3152 652 3210 lector
681 3157 781 3210 aut
809 3155 1095 3223 eruditus,
1120 3159 1223 3211 aut
1249 3155 1579 3212 ineruditus
1609 3156 1987 3211 desideraret.
2021 3155 2389 3211 Gennadium
2424 3158 2632 3226 quarto
2662 3153 2787 3210 loco
2818 3154 3051 3222 damus,
3077 3153 3177 3225 qui
3201 3153 3386 3209 sancti
3415 3153 3603 3210 Patris

205 3241 536 3316 Calalogum
570 3244 963 3316 prosequitur,
997 3260 1251 3317 eumque
1279 3244 1501 3316 aliquot
1529 3244 1672 3300 locis
1702 3244 1957 3317 supplet,
1991 3244 2146 3300 unde
2175 3242 2623 3315 Hieronymiano
2654 3241 2814 3315 operi
2844 3241 3136 3298 accenseri
3173 3242 3308 3313 jure
3337 3241 3595 3314 quodam

205 3345 301 3386 suo
330 3332 609 3407 postulat,
638 3338 741 3389 aut
769 3333 963 3405 potius
995 3335 1067 3389 ab
1099 3350 1186 3400 ea,
1229 3351 1407 3406 quam
1440 3335 1499 3390 in
1549 3351 1691 3390 mss.
1745 3338 1801 3389 ct
1848 3351 1884 3389 a
1933 3332 2229 3406 plerisque
2286 3332 2613 3387 editoribus
2670 3329 2944 3401 obtinuit,
3004 3329 3106 3387 sed
3161 3329 3457 3387 exturbari
3484 3332 3600 3388 non

202 3420 425 3490 patitur.
458 3427 579 3478 Nos
603 3423 732 3495 ejus
761 3423 948 3496 gratia
977 3423 1315 3497 Catalogum
1349 3424 1543 3496 ipsum
1580 3423 2095 3496 llieronymianum
2128 3424 2201 3479 ad
2226 3422 2368 3478 tomi
2402 3422 2581 3477 finem
2613 3420 2977 3487 distulimus,
3011 3436 3084 3476 ne
3100 3436 3235 3476 cum
3257 3436 3407 3493 pone
3436 3418 3607 3493 sequi

201 3507 527 3568 Gennadius
549 3510 721 3567 velim
752 3512 963 3569 seriem
993 3512 1377 3583 scriptionum
1410 3513 1995 3585 Hieronymianarum
2028 3511 2373 3583 interrumpi
2405 3527 2642 3567 necesse
2672 3514 2845 3567 esset.
2876 3510 2907 3567 J
2916 3526 3012 3566 am
3038 3526 3195 3577 vero,
3224 3509 3381 3583 quod
3404 3508 3609 3582 quinto

202 3596 318 3654 loco
345 3602 929 3658 commemorandum
945 3607 1054 3670 est,
1077 3602 1147 3658 ad
1180 3602 1699 3675 praestantissimos
1731 3620 1873 3658 mss.
1909 3602 2138 3658 codices
2169 3601 2292 3657 haec
2321 3600 2521 3656 omnia
2550 3599 2871 3673 exegimus,
2924 3598 3215 3672 praecipue
3256 3614 3389 3654 vero
3419 3613 3611 3655 unum

207 3685 614 3755 Veronensem,
646 3690 743 3763 qui
776 3707 917 3747 sane
948 3707 1165 3763 paucos
1198 3690 1366 3762 pares
1397 3691 1745 3763 antiquitate
1775 3694 1832 3747 et
1862 3691 2273 3748 emendatione
2303 3688 2475 3745 velim
2508 3688 2807 3756 invenias;
2831 3692 2956 3743 tum
2989 3686 3238 3743 alterum
3269 3686 3618 3744 Cistercien-

206 3791 339 3846 sem,
371 3777 493 3836 sive
525 3779 867 3836 monasterii
900 3781 958 3837 S.
993 3781 1193 3837 Crucis
1223 3779 1282 3835 in
1313 3781 1638 3839 Jerusalem
1671 3782 1740 3837 de
1781 3781 1930 3838 Urbe
1973 3780 2171 3854 magni
2226 3779 2504 3835 faciendae
2553 3777 2862 3834 vetustatis
2910 3781 2969 3832 et
3014 3779 3184 3832 notae.
3210 3774 3215 3781 ’
3237 3774 3468 3832 Addam
3501 3775 3621 3832 Lu-

205 3882 447 3937 censem,
479 3867 586 3942 qui
616 3885 837 3924 nonum
865 3870 1146 3925 saeculum
1190 3869 1406 3925 dicitur
1447 3874 1823 3937 antevertere,
1865 3885 1935 3926 ex
1981 3887 2097 3942 quo
2143 3868 2363 3925 seriem
2405 3866 2794 3940 capitulorum
2843 3864 3129 3922 Gennadii
3161 3863 3349 3920 multo
3382 3863 3455 3920 ab
3487 3862 3621 3921 aliis

206 3972 340 4013 mss.
373 3961 552 4031 atque
582 3957 755 4014 editis
781 3957 948 4014 libris
979 3958 1269 4016 diversam
1300 3960 1535 4030 accepi:
1586 3964 1645 4015 et
1695 3959 2068 4025 Corbensem,
2121 3974 2296 4031 quem
2343 3956 2546 4013 laudat
2590 3954 2990 4026 Mabillionus,
3035 3957 3093 4010 et
3120 3953 3293 4026 cujus
3321 3953 3620 4011 variantes

202 4046 474 4112 lectiones
506 4046 579 4103 ad
607 4045 741 4102 libri
771 4047 1137 4104 Gennadiani
1169 4046 1386 4103 calcem
1420 4048 1796 4104 Martianaeus
1817 4046 2080 4104 collocat.
2114 4053 2360 4103 Demum
2391 4062 2518 4118 qua:
2544 4060 2611 4100 ex
2655 4043 2788 4100 aliis
2836 4060 2980 4100 mss.
3013 4042 3114 4098 alii
3163 4045 3301 4099 ante
3352 4057 3462 4099 nos
3492 4040 3623 4099 edi-

220 4139 368 4194 tores
399 4139 626 4203 notant,
656 4137 1063 4210 expendimus,
1096 4143 1153 4193 et
1183 4154 1286 4209 per
1314 4154 1411 4193 eos
1442 4136 1760 4211 aliquando
1786 4138 2118 4211 profecisse,
2149 4143 2347 4210 aperte
2377 4154 2443 4193 ac
2474 4136 2727 4209 ingenue
2755 4134 3121 4191 conﬁtemur.
