3966 6390
1257 381 1493 450 LIBER
1533 381 1640 450 DE
1679 379 1898 450 VIRIS'
1931 378 2466 450 lLLUS'l‘RlBUS.

3468 375 3590 446 634

177 521 318 596 πάνυ
371 516 921 598 διδασκαλικώτερος,
951 519 1338 596 Ἀριστόξενος,
1375 518 1650 595 μουσικός,
1683 519 1829 594 παρὰ

1997 536 2074 587 ιε,
2103 523 2160 575 et
2188 518 2260 575 ad
2292 519 2462 591 cujus
2485 514 2933 592 nosexemplum
2955 531 3256 592 provocas.
3279 516 3589 593 Tranquil-

178 611 237 670 δὲ
319 613 438 677 τοῖς
510 612 804 687 Ῥωμαίοις
886 610 1130 688 Βάῤῥων,
1217 613 1498 684 Σάντρας,
1588 611 1824 679 Νέπως,

175 701 411 780 ’Υγῖνος,
469 703 558 757 καὶ
617 702 679 756 οὗ
740 701 818 764 είς
874 697 1183 776 ὑπόδειγμα
1231 701 1381 774 ᾑμᾶς
1439 697 1828 774 προκαλεῖσθαι

179 799 391 876 βούλει,
420 798 794 876 Τράγκυλλος.
829 797 983 854 Ἀλλ’
1015 799 1116 854 οὐκ
1147 793 1289 853 ἔστιν
1316 799 1410 872 μὲν
1442 800 1569 874 γὰρ,
1589 796 1828 860 παλαιάς

173 890 422 965 ἱστορίας
476 889 566 944 καὶ
622 890 690 943 τά
761 888 986 943 ἑκάστου
1060 883 1213 950 ἔτους
1272 885 1654 949 ἀνακυλίοντες
1711 908 1828 941 συν-

175 989 449 1064 τάγματα,
505 983 840 1057 ὶδυνήθησαν,
888 985 1082 1042 ὡσανεὶ
1137 985 1195 1041 ἐκ
1256 983 1497 1060 μεγάλου
1556 983 1830 1058 λειμῶνος

178 1073 470 1153 ἰλάχιστον
529 1079 660 1150 γοῦν
689 1079 786 1129 τοῦ
839 1073 1044 1128 οἰκείου
1088 1068 1250 1149 ἔργου
1308 1074 1564 1151 στέφανον
1612 1071 1823 1144 πλέξαι.

182 1175 294 1250 ἐγὼ
339 1171 396 1230 δὲ
438 1174 492 1228 τί
550 1171 937 1250 διαπράξομαι,
997 1174 1294 1249 ἡγουμένῳ
1325 1173 1589 1246 ἑπόμενος
1630 1170 1828 1241 οὐδενὶ,

182 1260 309 1318 ἄλλ’
357 1263 584 1337 ἐμαυτὸν
635 1264 910 1333 κάκιστον,
960 1264 1037 1326 ὡς
1084 1264 1114 1318 6
1162 1261 1329 1337 λόγος
1377 1263 1531 1341 φησὶ,
1582 1259 1830 1317 διδάσκα-

183 1349 280 1407 λον
337 1346 478 1428 ἔχων
506 1371 520 1420 ;
551 1351 596 1407 εί
638 1353 728 1407 καὶ
774 1352 843 1406 τὰ
898 1349 1135 1426 μάλιστα
1189 1345 1446 1414 Εὐσέϐιος
1479 1351 1507 1406 6
1535 1349 1830 1429 Παμφίλου

181 1449 261 1511 εἷς
345 1447 473 1505 δέκα
541 1457 642 1519 τῆς
718 1447 1204 1520 Ἐκκλησιαστικῆς
1257 1449 1516 1525 Ἱστορίας
1601 1444 1830 1524 βίϐλους

183 1537 449 1614 μεγίστην
491 1539 628 1614 ἡμῖν
675 1539 980 1615 παρέσχετο
1043 1538 1317 1613 βοῄΘειαν,
1349 1539 1440 1593 καὶ
1485 1540 1551 1593 τά
1581 1538 1827 1608 ἑκάστου,

173 1625 308 1702 περὶ
363 1627 436 1682 ὧν
492 1629 819 1704 συγγράφειν
893 1626 1195 1702 μέλλομεν,
1254 1627 1452 1706 τεύχη,
1523 1629 1654 1702 ὑπὲρ
1719 1634 1827 1684 τῶν

177 1715 397 1772 οίκείων
452 1715 550 1791 τῂν
614 1717 909 1792 μαρτυρίαν
970 1718 1259 1791 παρέξουσι
1316 1718 1552 1794 χρόνων.
1601 1723 1829 1794 Τοιγαρ-

175 1809 272 1860 οῦν
331 1810 426 1860 τοῦ
481 1804 681 1882 Κυρίου
736 1805 897 1880 ἡμῶν
955 1811 1138 1876 Ἰησοῦ
1196 1812 1430 1882 Χριστοῦ
1489 1803 1704 1882 δέομαι,
1757 1804 1830 1861 'lv‘

175 1898 312 1978 ὅπερ
346 1904 376 1958 6
423 1903 515 1966 σὸς
560 1904 822 1979 Κικέρων,
873 1905 902 1959 6
942 1904 997 1958 ἒν
1045 1909 1126 1959 τῶ
1181 1901 1332 1977 ἄκρῳ
1375 1912 1478 1974 τῆς
1523 1910 1835 1978 Ῥωμαϊκῆς
1864 1895 1913 1961 Β

177 1990 518 2068 εὐγλωττίας
592 1993 878 2066 ἱστάμενος
914 2038 928 2061 ,
1006 1987 1225 2070 ροίῆσαι
1299 1993 1398 2048 οὐκ
1474 1995 1778 2066 ἀπηξίωσεν
1819 2040 1832 2062 ,

178 2084 336 2142 828
384 2082 462 2145 εἰς
508 2086 762 2156 Βροῦτον,
811 2083 902 2137 τὸν
955 2088 1062 2137 τῶν
1123 2083 1373 2159 ρητὸρων
1429 2088 1496 2158 τῇ
1554 2089 1833 2158 Ῥωμαϊκῇ

177 2172 404 2248 γλώττῃ
476 2171 778 2226 συντάττων
841 2169 1172 2248 κατάλογον,
1245 2177 1407 2227 τοῦτο
1483 2171 1600 2248 ἐγὼ,
1646 2172 1698 2227 ἐν
1756 2177 1836 2244 τῷ

178 2269 658 2344 ᾇπαριθμῂσασθαι
720 2269 850 2332 τοὺς
926 2271 1269 2349 συγγραφέας
1342 2277 1444 2339 τῆς
1499 2269 1663 2325 αὐτοῦ
1719 2277 1834 2326 Ἐκ-

176 2356 418 2428 κλησίας
449 2356 794 2434 ἐκπληρώσω
841 2360 930 2413 νιὰ
972 2366 1074 2428 τῆς
1127 2366 1228 2428 σῆς
1276 2366 1616 2433 προτροπῆς.
1666 2359 1729 2416 Εἰ
1779 2357 1837 2415 δέ

177 2469 325 2510 τινες
377 2448 441 2503 ὶκ
485 2453 594 2503 τῶν
654 2445 788 2524 ἄχρι
844 2450 1086 2521 τήμερον
1146 2449 1652 2523 συγγεγραμμένων
1713 2455 1837 2524 παρ’

179 2539 322 2612 ἐμοῦ
378 2538 430 2593 ἐν
484 2534 626 2608 τῷδε
698 2541 778 2609 τῷ
836 2535 1025 2613 τεύχει
1099 2535 1565 2613 παρελείφθησαν,
1625 2537 1836 2600 ἑαυτοῖς

184 2625 405 2701 μᾶλλον
467 2622 503 2695 ἤ
550 2625 674 2699 ἐμοὶ
726 2623 1188 2704 ἐπιγραφέτωσαν.
1260 2624 1398 2683 Οὐδὲ
1452 2628 1554 2701 γάρ
1605 2628 1839 2702 ἀποκρυ-

177 2726 427 2781 πτόντων
464 2723 639 2779 αὐτῶν
689 2725 756 2778 τά
806 2720 926 2778 ’ίδια
981 2724 1409 2800 συγγράμματα,
1464 2729 1669 2800 γνῶναι
1719 2723 1837 2781 ἐδυ-

177 2818 356 2887 νήθην
407 2815 490 2877 υἷς
528 2813 627 2869 οὐκ
684 2813 964 2891 ἐνέτυχον,
1021 2815 1112 2870 καὶ
1171 2813 1304 2890 ὅπερ
1362 2812 1558 2878 ἄλλοις
1613 2811 1840 2874 ἔσθ’ὅτε

178 2913 424 2990 γνωστὸν
473 2912 753 2989 τυγχάνει,
811 2911 940 2968 ἒ.μοὶ
991 2912 1044 2972 ἒν
1104 2916 1172 2986 τῇ
1227 2918 1325 2968 τοῦ
1381 2913 1591 2988 κόσμου
1645 2915 1838 2971 τοότου

178 3003 360 3081 γωνίᾳ
412 2999 684 3077 ἄγνωστον
765 3001 1016 3074 ὑπῆρξεν.
1068 3005 1259 3077 Ὅμως
1333 3002 1459 3058 ὅταν
1535 3002 1839 3076 κατάδηλοι

179 3091 270 3150 διά
322 3096 429 3146 τῶν
486 3090 702 3146 οἰκείων
751 3091 1540 3167 γένωνται-συγγραμμάτων,
1597 3091 1705 3171 οὐχ
1763 3095 1839 3157 ὡς

176 3195 241 3248 τά
276 3192 508 3267 μέγιστα
560 3184 852 3263 βλαϐέντες

939 3191 1038 3260 τήν
1088 3191 1359 3265 ἡμετέραν
1435 3190 1838 3262 ἐπιστενάξουσι

1939 609 2052 666 lus.
2088 609 2196 666 Sed
2229 626 2346 666 non
2377 625 2510 666 mea
2537 613 2628 666 est
2655 612 2711 666 et
2751 607 2983 666 illorum
3033 607 3245 666 similis
3289 608 3584 667 conditio:

1937 697 2023 754 illi
2052 698 2209 755 enim
2241 699 2538 765 historias,
2572 703 2793 756 veteres
2825 697 3184 771 annalesque
3214 697 3588 772 replicantes,

1939 793 2256 861 potuerunt
2285 789 2457 861 quasi
2489 789 2559 846 de
2580 788 2802 861 ingenti
2825 793 2990 860 prato
3011 805 3128 844 non
3150 805 3388 859 parvam
3413 805 3591 861 opus-

1939 875 2056 933 culi
2087 876 2177 933 sui
2205 893 2479 933 coronam
2529 881 2740 934 texere.
2793 877 2912 949 Ego
2961 877 3099 948 quid
3152 881 3454 946 aucturus,
3489 879 3591 950 qui

1939 965 2171 1023 nullum
2220 967 2498 1040 prmvium
2529 983 2804 1039 sequens,
2839 966 3188 1039 pessimum,
3245 970 3312 1022 ut
3356 966 3592 1036 dicitur,

1939 1055 2290 1128 magistrum
2322 1055 2738 1128 memetipsum
2769 1055 2954 1112 habeo
2976 1055 3004 1110 τ
3035 1055 3383 1128 Quanquam
3409 1057 3588 1114 Euse-

1939 1144 2074 1200 bius
2103 1143 2393 1216 Pamphili
2424 1145 2484 1200 in
2513 1145 2716 1201 decem
2746 1143 3197 1202 Eccclesiasticaa
3230 1145 3496 1201 Historias
3523 1145 3593 1202 li-

1937 1233 2062 1289 bris
2080 1233 2336 1289 maximo
2352 1233 2519 1289 nobis
2538 1233 2880 1304 adjumento
2901 1233 3097 1299 fuerit,
3119 1239 3178 1289 et
3197 1233 3566 1307 singulorum
3579 1279 3592 1304 ,

1939 1321 2012 1378 de
2041 1321 2257 1393 quibus
2287 1321 2564 1394 scripturi
2589 1338 2822 1389 sumus,
2855 1321 3160 1379 volumina
3179 1327 3378 1380 aetates
3399 1327 3596 1380 aucto-

1941 1427 2072 1466 rum
2089 1427 2334 1467 suorum
2353 1428 2505 1484 saepe
2517 1415 2828 1469 testentur.
2845 1411 3592 1483 ltaqueDcminumJesum

1940 1500 2236 1557 Christum
2260 1517 2480 1574 precor,
2508 1505 2574 1556 ut
2615 1500 2771 1572 quod
2803 1499 2999 1558 Cicero
3025 1504 3184 1568 tuus,
3213 1501 3314 1573 qui
3345 1501 3503 1560 824
3533 1503 3592 1559 in

1939 1605 2070 1646 arce
2093 1589 2366 1646 Romana
2397 1590 2740 1661 eloquentia;
2773 1588 2959 1657 sretit,
2977 1605 3092 1646 non
3113 1593 3206 1646 est
3227 1591 3414 1646 facere
3435 1591 3596 1647 dedi-

1939 1683 2157 1752 gnatus
2180 1678 2236 1734 in
2265 1679 2456 1745 Bruto,
2481 1682 2781 1736 oratorum
2800 1678 3016 1735 Latinas
3035 1677 3249 1752 linguae
3269 1683 3471 1737 texens
3493 1697 3593 1737 ca-

1938 1768 2222 1842 talogum,
2246 1769 2302 1823 id
2331 1784 2436 1841 ego
2459 1769 2518 1824 in
2544 1769 2674 1841 ejus
2695 1767 2962 1824 Ecclesia
2999 1767 3423 1840 scriptoribus‘
3454 1786 3597 1826 enu-

1943 1856 2262 1924 merandis,
2288 1857 2464 1930 digne
2492 1856 2892 1914 cohortatione
2921 1861 3026 1913 tua
3054 1855 3356 1929 impleam.
3390 1858 3451 1914 Si
3498 1858 3600 1932 qui

1944 1951 2141 2002 autem
2165 1947 2236 2002 de
2266 1946 2362 2001 his
2383 1947 2486 2019 qui
2518 1962 2707 2018 usque
2737 1945 2918 2003 hodie
2943 1946 3280 2018 seriptitant
3307 1945 3417 2020 [AL
3459 1948 3601 2005 scri-

1944 2035 2233 2109 pserunt],
2267 2053 2302 2090 a
2331 2052 2424 2092 me
2455 2035 2515 2092 in
2543 2035 2655 2092 hoc
2683 2034 2986 2092 volumine
3031 2036 3410 2107 praetermissi
3437 2041 3603 2104 sunt,

1945 2123 2058 2180 sibi
2088 2123 2278 2196 magis
2309 2140 2488 2196 quam
2521 2123 2666 2182 mihi
2691 2125 2990 2181 debebunt
3013 2125 3121 2197 [Δί.
3147 2124 3385 2199 debent]
3407 2126 3603 2198 impu-

1947 2221 2089 2269 tare.
2120 2213 2321 2285 Neque
2351 2213 2508 2272 enim
2542 2214 2802 2271 celantes
2831 2213 3051 2286 scripta
3081 2231 3210 2281 sua,
3244 2215 3314 2270 de
3345 2214 3445 2272 his
3469 2232 3598 2287 quas

1946 2319 2062 2358 non
2094 2301 2207 2376 legi
2225 2303 2264 2370 ⁸,
2300 2318 2475 2360 nosse
2495 2303 2683 2375 potui,
2709 2307 2768 2360 et
2797 2303 2954 2375 quod
2985 2301 3120 2359 aliis
3137 2301 3381 2360 forsitan
3405 2304 3483 2359 sit
3505 2321 3606 2361 no-

1943 2395 2094 2458 tum,
2111 2390 2255 2447 mihi
2277 2391 2335 2447 in
2358 2391 2467 2447 hoc
2489 2397 2777 2448 terrarum
2800 2389 3014 2464 angulo
3040 2389 3407 2464 (Bethleemi)
3427 2392 3607 2450 fuerit

1944 2480 2231 2552 ignotum.
2265 2479 2428 2538 Certe
2475 2497 2609 2538 cum
2661 2479 2896 2552 scriptis
2938 2481 3064 2536 suis
3111 2480 3452 2550 claruerint,
3484 2499 3601 2538 non

1947 2585 2302 2642 magnopere
2321 2569 2507 2628 nostri
2529 2568 2744 2628 silentii
2771 2568 3085 2642 dispendia
3127 2570 3237 2641 [Αἱ.
3271 2569 3603 2643 dispendio]

1945 2658 2352 2732 euspirabunt.
2385 2659 2626 2716 Discant
2655 2675 2796 2731 ergo
2827 2658 3051 2728 Celsus,
3075 2659 3460 2733 Porphyrius,
3499 2660 3604 2716 Ju-

1945 2746 2399 2816 lianns°,rabidi
2421 2749 2700 2805 adversus
2721 2748 3022 2804 Christum
3048 2765 3244 2820 canes,
3261 2747 3492 2805 discant
3512 2766 3604 2808 eo-

1949 2854 2080 2892 rum
2112 2841 2428 2894 sectatores
2451 2837 2572 2909 (qui
2604 2841 2814 2910 putant
2835 2836 3150 2894 Ecclesiam
3182 2836 3376 2894 nullos
3406 2838 3602 2910 philo-

1949 2927 2168 3000 sophos
2216 2931 2274 2983 et
2318 2926 2680 2998 eloquentes,
2742 2925 2940 2984 nullos
2987 2925 3266 2982 habuisse
3307 2927 3595 3001 doctores)

1949 3016 2152 3088 quanti
2182 3019 2240 3071 et
2270 3014 2474 3088 quales
2503 3014 2608 3070 viri
2643 3032 2772 3071 eam
2795 3014 3188 3083 fundaverint,
3210 3017 3602 3074 exstruxerint

1947 3105 2053 3176 [Αι.
2087 3103 2450 3170 struxerint],
2484 3108 2540 3162 et
2569 3101 2984 3159 adornaverint
3006 3120 3019 3168 ;
3045 3107 3102 3158 et
3122 3101 3396 3159 desinant
3416 3104 3598 3161 fidem

1949 3197 2209 3249 nostram
2227 3192 2456 3249 rusticae
2475 3195 2701 3248 tantum
2715 3191 3109 3264 simplicitatis
3123 3208 3388 3266 arguere,
3403 3209 3598 3250 suam-

179 3283 418 3350 σιωπήν.
479 3279 804 3334 Μαθέτωσαν
861 3283 1153 3355 τοιγαροῦν
1212 3277 1438 3349 Κέλσος,
1501 3279 1829 3358 Πορφύριος,

1997 3298 2060 3338 ue
2091 3281 2286 3354 potius
2319 3280 2676 3354 imperitiam
2705 3285 3046 3353 agnoscant.
3079 3281 3218 3337 Vale
3249 3279 3310 3339 in
3349 3281 3600 3340 Domino

176 3368 478 3430 Ἰουλιανὸς
535 3368 588 3422 οἱ
645 3365 945 3430 λυσσώδεις
992 3369 1132 3423 κατὰ
1179 3374 1409 3444 χριστοῦ
1465 3367 1642 3440 κύνες,
1679 3371 1837 3442 μαθέ-

1946 3373 2084 3429 Jesu
2114 3369 2344 3427 Christo
2361 3372 2402 3424 δ.

175 3481 356 3516 τωσαν
415 3459 468 3512 οἱ
522 3455 726 3512 τούτων
786 3455 1104 3528 ἁκόλουθοιξ
1163 3459 1215 3511 οἱ
1242 3458 1559 3532 νομίζοντες
1640 3461 1739 3528 τήν
1793 3457 2116 3528 Ἐκκλησίαν
2181 3461 2318 3532 μήτε
2377 3456 2711 3537 φιλοσόφους
2764 3459 2855 3514 καὶ
2915 3456 3222 3534 εὐφραδεῖς,
3273 3463 3413 3534 μήτε
3458 3463 3614 3524 τινας

175 3547 474 3627 ὶσχηκέναι
527 3542 908 3616 διδασκάλους,
968 3541 1086 3602 ὅσοι
1152 3547 1242 3602 καὶ
1299 3545 1530 3618 πηλίκοι
1587 3544 1777 3622 ἄνδρες
1849 3547 2049 3618 ταύτην
2126 3545 2557 3621 θεμελιῶσαντες
2626 3545 2988 3622 ᾠκοδόμησάν
3046 3571 3105 3605 τε
3161 3550 3251 3604 καὶ
3309 3547 3606 3624 διεκόαμη-

178 3659 295 3709 σαν,
355 3636 447 3691 καὶ
505 3634 816 3692 παύσωνται
868 3637 968 3706 τὴν
1027 3638 1294 3712 ἡμετέραν
1352 3637 1530 3692 πίστιν
1591 3637 1912 3714 ἀγροικικῆς
1977 3637 2137 3712 μόνον
2172 3637 2404 3693 εὐθύνειν
2438 3635 2771 3708 άπλὸτητος,
2829 3638 3030 3694 οἰκείαν
3101 3635 3314 3712 μᾶλλδν
3373 3639 3604 3713 ἀμαθίαν

178 3725 634 3804 ἒπιγνωσόμενοι.

1029 3999 1436 4060 lNClPlUNT
1481 4000 1915 4064 CAPITULA‘
1961 4001 2168 4061 LIBRI
2215 3997 2336 4076 [Αι.
2369 4007 2521 4059 tacet
2549 3997 2761 4075 Libri].

188 4135 228 4189 Ι.
560 4129 760 4188 Simon
792 4129 1020 4188 Petrus.
1953 4131 2048 4187 IV.
2337 4131 2493 4188 Juda
2524 4130 2702 4186 frater
2727 4131 2928 4188 Jacobi

178 4223 250 4278 Il.
555 4219 810 4276 Jaccbus
842 4219 1021 4275 frater
1049 4219 1306 4276 Domini.
1945 4219 2014 4276 V.
2347 4219 2561 4276 Paulus
2594 4219 2694 4292 qui
2726 4221 2836 4293 [AL
2863 4224 2935 4290 et]
2969 4227 3100 4276 ante
3130 4219 3366 4277 Saulus.

177 4310 270 4368 Ill.
559 4309 894 4376 Mattbaus,
923 4309 1023 4381 qui
1054 4312 1112 4364 et
1140 4309 1294 4366 Levi.
1944 4309 2044 4364 VI.
2346 4308 2669 4376 Barnabas,
2701 4309 2800 4382 qui
2823 4313 2880 4366 et
2898 4309 3140 4385 Joseph.

2038 4470 2060 4502 ‘
2089 4469 2444 4533 Veronensis
2492 4468 2622 4533 lib.,
2682 4471 2810 4527 Vale
2857 4474 2916 4527 in
2963 4472 3188 4528 Domino
3230 4475 3357 4528 Iesu
3395 4471 3607 4527 Christo

1945 4540 2164 4616 lnaliis
2210 4531 2345 4616 haec,
2379 4531 2656 4597 salutatio
2725 4543 3213 4614 praitermittitur,
3289 4561 3415 4616 quae
3471 4559 3599 4599 nec.

1944 4613 2198 4669 habetur
2228 4613 2287 4668 in
2307 4613 2523 4668 Graeco.

2015 4686 2036 4719 ⁵
2067 4685 2342 4757 Incipiunt
2374 4685 2647 4756 Capitula.
2694 4683 2861 4757 Hunc
2920 4684 3260 4757 Catulegum
3320 4683 3603 4757 descripsi

1944 4771 2014 4812 ex
2037 4755 2589 4814 vetuStissimo’ms.
2626 4756 2825 4811 codice
2889 4757 2946 4810 S.
2981 4755 3255 4813 Germani
3315 4774 3349 4812 a
3384 4755 3597 4823 Prat'is,

1945 4833 2003 4883 et
2047 4827 2228 4883 altero
2279 4827 2524 4882 abbatis:
2567 4827 2996 4883 Cluniacensis.
3048 4827 3252 4884 Varias
3305 4828 3602 4884 interdum

170 4473 449 4544 Hyginum
479 4485 750 4544 non_eum
775 4471 998 4544 putato,
1022 4469 1194 4544 cujus
1220 4469 1432 4544 veteris
1456 4467 1828 4544 Mytbologize
1861 4472 1906 4537 1)

171 4489 211 4528 Π
251 4489 449 4544 gmum
479 4489 596 4525 non
618 4489 750 4524 eum
775 4489 998 4541 pumw,
1022 4489 1194 4541 OUJIIG
1220 4489 1432 4525 νθιθτιδ
1457 4489 1826 4542 Μγωοιοειω

171 4489 317 4600 Ιὶἕει·
352 4541 786 4614 circumfertur,
819 4541 921 4614 sed
949 4541 1325 4614 vetustiorem
1350 4539 1531 4598 alium
1580 4542 1832 4614 Augusti

171 4613 474 4686 libertum,
526 4612 972 4686 quemgGellins
1022 4612 1228 4674 laudat
1280 4612 1392 4686 lib.
1456 4630 1535 4686 ιι,
1581 4612 1698 4686 οδρ
1735 4614 1831 4670 21.

173 4685 354 4759 Ραυὶι)
386 4688 520 4759 post
547 4684 852 4759 Martian.
869 4701 1157 4759 provocas,
1204 4684 1635 4759 refragantibus
1653 4684 1828 4746 _mss.

241 4759 255 4793 ¹
317 4754 407 4813 ιη’
461 4757 716 4828 Ecclesiae
779 4754 944 4828 iuius
1015 4754 1392 4828 scriptoribus;
1438 4756 1654 4828 Codex
1719 4774 1832 4812 ms.

173 4827 633 4885 eminentissimi
693 4829 852 4884 card.
919 4827 1192 4888 Ottoboni
1247 4827 1386 4899 legit
1435 4827 1542 4884 hoc
1589 4827 1733 4896 loco,
1776 4831 1833 4884 in

175 4900 558 4972 ecclesiasticis
604 4900 960 4972 scriptoribus
977 4916 1001 4962 ;
1050 4899 1152 4958 sed
1203 4916 1358 4972 unus
1403 4905 1492 4972 est
1523 4917 1738 4957 sensus
1774 4899 1834 4956 in

176 4978 430 5045 utraque
487 4970 751 5045 lectione.
815 4971 1203 5045 Maurum—
1257 4971 1322 5038 In
1379 4970 1604 5045 aliquot
1664 4989 1832 5045 mss.,

187 5041 529 5101 Martiaan
586 5049 644 5100 et
699 5043 906 5100 Gravic
960 5043 1230 5110 testibus,
1309 5041 1521 5099 melius
1587 5043 1839 5108 habetur

183 5117 239 5171 in
269 5116 653 5172 ecclesiasticis
673 5115 1049 5187 scriptoribus.

247 5188 269 5221 ³
299 5188 388 5243 Ita
410 5183 1232 5259 praeferuntsaﬁsrectegmss.
1255 5183 1471 5258 quibus
1493 5191 1551 5242 et
1566 5185 1836 5259 impressi

249 5203 269 5221 ι
299 5203 388 5243 ita
410 5203 1066 5313 praeierumswsrecte
1086 5203 1228 5242 mss.
1255 5203 1471 5258 quinus
1493 5203 1551 5242 et
1566 5203 1836 5259 Impressi

184 5257 548 5342 omnes-ﬁbri.
579 5263 636 5341 et
678 5259 881 5342 Graeca;
922 5257 1638 5342 coaciuit‘in-t‘erpretatio.
1675 5259 1838 5342 Unus

184 5345 358 5402 penes
379 5329 715 5394 Fabricium
741 5330 1074 5398 Maecenatis
1095 5329 1249 5397 cod.,
1279 5329 1393 5400 Qui
1423 5331 1580 5400 longe
1607 5338 1753 5388 sunt.

187 5471 194 5472 ί
245 5402 270 5438 ⁸
297 5403 521 5458 Discant
548 5417 677 5472 ergo
704 5401 906 5470 Celsus,
941 5405 1049 5468 etc.
1104 5401 1593 5472 Perniciosissimi
1626 5401 1838 5458 hostes

184 5471 818 5546 EcclesizeChristiana
844 5473 1081 5530 luerunt
1103 5471 1206 5546 iisti
1231 5477 1348 5529 tres
1371 5473 1566 5546 seaculi
1605 5473 1836 5546 sapien-

184 5546 267 5601 tes
294 5550 353 5618 et
372 5544 706 5618 philosophi
737 5561 990 5618 quorum
1016 5545 1264 5618 Celsum
1287 5545 1527 5617 scriptis
1557 5544 1838 5618 Origenes

186 5616 548 5742 Eroilig'avit;
581 5616 968 5742 Porghyrium
1013 5616 1384 5684 Methodius;
1417 5616 1490 5674 et
1530 5616 1836 5674 Julianum

225 5687 429 5742 vnllus
459 5688 681 5742 Alexan
728 5707 914 5742 rmus.
946 5690 1231 5742 Maurum.

225 5687 429 5760 yrillus
459 5687 914 5747 Alexandrinus.
946 5690 1231 5747 Maurum.

1946 4899 2165 4956 habent
2219 4899 2517 4966 lectiones,
2581 4900 2679 4955 sed
2739 4899 2972 4955 levioris
3031 4899 3364 4955 momenti:
3417 4917 3471 4956 v.
3513 4916 3600 4970 gr.

1947 4988 2114 5043 num,
2143 4974 2212 5026 58
2240 4972 2419 5027 codex
2437 4971 2963 5043 Sangermanensis
2995 4970 3135 5042 legit
3181 4971 3300 5027 haec
3345 4975 3601 5038 tantum,

1947 5042 2315 5116 Adamantius
2339 5042 2646 5116 presbyter.
2686 5043 2860 5100 Num.
2895 5047 3090 5116 autem
3123 5043 3259 5116 109,
3280 5060 3394 5116 non
3427 5043 3605 5116 habet

1946 5116 2004 5170 in
2027 5115 2284 5188 iDidymo
2315 5113 2526 5188 vocemﬁ
2568 5115 2838 5188 Graecam
2885 5113 3196 5188 biﬂoéntov,
3248 5115 3305 5170 id
3366 5119 3474 5188 est,
3505 5113 3606 5172 Ille

1947 5185 2167 5242 videns.
2202 5185 2457 5258 Denique
2490 5203 2654 5258 num.
2692 5186 2795 5242 1'19
2827 5185 2984 5258 legit,
3024 5187 3261 5243 Joannes
3299 5187 3601 5258 episcopus.

1949 5259 2206 5314 Rursum
2235 5257 2415 5313 codex
2447 5257 2848 5313 Cluniacensis
2884 5257 3045 5313 num.
3101 5259 3206 5314 432
3252 5257 3395 5314 nihil
3442 5257 3601 5315 aliud

1947 5332 2161 5386 retinet
2191 5336 2397 5401 praeter
2451 5346 2650 5385 vocem
2712 5331 2930 5385 Dexter.
2983 5329 3158 5386 Num.
3219 5329 3492 5386 similiter
3533 5331 3604 5385 82

1948 5407 2130 5460 antea.
2152 5403 2372 5457 omittit
2399 5401 2456 5456 in
2493 5401 2711 5458 Reticio
2745 5404 2984 5458 verbum
3017 5402 3312 5460 Eduorum.
3337 5403 3444 5458 Sed
3478 5402 3602 5458 haec

1949 5473 2069 5528 haec
2103 5481 2203 5529 aut
2243 5473 2464 5530 nullius
2511 5478 2614 5529 aut
2661 5470 2898 5530 levioris
2947 5479 3089 5529 sunt
3135 5474 3462 5541 momenti;
3496 5491 3603 5531 nec

1949 5561 2151 5601 eorum
2206 5545 2559 5600 mentionem
2611 5544 2904 5608 fecissem,
2957 5545 3068 5600 nisi
3119 5546 3382 5603 curiosos
3426 5544 3603 5602 lecto-

1951 5633 2043 5672 res
2071 5617 2248 5673 etiam
2281 5616 2527 5678 minima
2584 5616 2792 5674 docere
2849 5616 3178 5680 officiosum
3225 5622 3400 5677 esset.
3442 5617 3603 5682 Msa-

1947 5705 2100 5748 τῙΑΝν
