3966 6422
231 351 358 425 es:
1335 358 1568 426 mssa
1608 357 1712 426 os
1755 359 1966 428 vmis
2009 361 2552 430 ILLUSTRIBUS.
3528 345 3655 433 est

232 489 476 566 πλησίον
558 499 662 567 τῆς
743 493 1152 573 προειρημένης
1223 493 1440 560 πόλεως
1505 497 1712 572 ἠξιώθη
1790 504 1891 572 τῆς

2047 518 2146 558 um
2177 501 2499 574 principem
2534 518 2914 574 perseverans
2947 502 2988 574 ί,
3019 505 3172 561 totas
3203 500 3355 561 Asina
3385 487 3653 562 fundavit

230 587 573 659 κοιμήσεως.
2002 589 2266 664 rexitque
2297 589 2604 660 Ecclesiae,
2632 595 2691 648 et
2720 593 3018 650 confectus
3057 593 3242 661 senio,
3287 593 3654 668 sexagesimo

2001 684 2200 738 octavo
2231 685 2365 754 post
2393 681 2728 752 passionem
2779 683 3011 740 Domini
3067 699 3222 741 anno
3279 687 3552 742 mortuus
3607 683 3651 753 ³,

1991 771 2163 843 juxta
2189 771 2458 827 eamdem
2491 771 2697 828 urbem
2731 773 2998 846 sepultus
3029 778 3136 833 est.

1697 904 1926 962 CAPUT
1962 905 2028 962 X.

303 1018 534 1094 Ἑρμᾶς,
567 1017 629 1073 οὗ
660 1018 689 1073 ὁ
732 1013 1072 1080 Ἀπόστολος
1123 1018 1260 1081 πυὸς
1310 1017 1614 1092 Ῥωμαίους
1666 1018 1888 1098 γράφων

239 1107 517 1183 μέμνηται
573 1153 586 1178 ,
645 1108 983 1163 Ἀσπάσασθε
1067 1107 1420 1185 Ἀσύγκριτον
1475 1154 1487 1178 ,

246 1203 436 1274 Ερμᾶν
491 1240 506 1267 ,
583 1191 864 1274 Πατρόϐαν
903 1241 917 1266 ,
991 1201 1195 1272 Ἑρμῆν
1231 1241 1244 1266 ,
1333 1195 1550 1271 λέγεται

234 1288 565 1364 γεγενῆσθαι
628 1281 825 1362 βίϐλου
883 1285 1276 1364 ἒπιγραφείσης
1335 1288 1549 1359 Ποιμήν
1587 1331 1600 1356 ,
1659 1286 1782 1356 ἥτις
1844 1283 1892 1341 ἔν

233 1396 374 1434 τισιν
419 1373 768 1437 ἆνατολικαῖς
827 1376 974 1432 847
1039 1371 1354 1444 ἐκκλησίαις
1413 1372 1654 1448 δημοσίᾳ
1709 1377 1894 1450 ἀναγι-

235 1465 522 1525 νώσκεται.
584 1465 683 1519 Καὶ
742 1461 962 1534 ἀληθῶς
1020 1466 1302 1540 χρήσιμος
1356 1465 1384 1519 ὁ
1443 1462 1633 1540 λόγος,
1693 1465 1780 1544 ἀφ’
1833 1466 1894 1521 οὗ

237 1551 446 1610 πολλοὶ
500 1558 608 1609 τῶν
667 1551 913 1608 παλαιῶν
974 1554 1328 1633 συγγραφέων
1391 1551 1698 1628 ὑπεκλεψαν
1761 1576 1898 1632 μαρ-

233 1642 424 1720 τυρίας
459 1663 472 1675 ·
504 1641 652 1699 ἀλλὰ
707 1643 854 1719 παρὰ
896 1648 1016 1706 τοῖς
1070 1643 1368 1718 Ῥωμαίοις
1425 1641 1700 1719 ἄγνωστος
1757 1645 1894 1700 εἶναι

240 1729 408 1791 δοκεῖ.

1550 1105 1834 1183 Φλέγοντα
1877 1154 1890 1179 ,

1635 1196 1858 1269 αὐθέντῃ
1870 1220 1894 1260 ς

2074 1021 2329 1078 Herman
2357 1023 2400 1090 ³,
2435 1023 2604 1094 cujus
2629 1023 2928 1096 apostolus
2975 1023 3192 1081 Paulus
3231 1025 3302 1081 ad
3351 1024 3652 1082 Romanos

2005 1111 2268 1168 scribens
2301 1113 2572 1169 meminit
2601 1129 2614 1167 :
2649 1113 2896 1170 Salutate
2913 1115 3286 1186 Asyncritum,
3319 1114 3646 1184 Phlegonta,

2005 1203 2593 1271 Herman,Patroban,
2625 1204 2860 1260 Harman
2905 1205 2947 1272 ⁴,
2987 1208 3042 1260 et
3089 1220 3186 1276 qut
3215 1220 3340 1260 cum
3395 1205 3474 1259 eis
3527 1205 3652 1275 fra-

2005 1298 2113 1346 tres
2141 1295 2268 1346 sunt
2297 1291 2470 1361 (Rom.
2521 1309 2634 1360 xw,
2689 1291 2802 1365 44),
2852 1297 3128 1350 asserunt
3175 1295 3472 1350 auctorem
3521 1308 3652 1350 esse

2007 1379 2163 1447 libri,
2196 1379 2349 1436 848
2371 1380 2473 1452 qui
2503 1381 2834 1454 appellatur
2861 1387 3054 1440 Pastor
3080 1383 3124 1448 ⁵,
3157 1385 3211 1438 et
3269 1381 3426 1455 apud
3475 1397 3652 1454 quas-

2007 1469 2144 1525 dam
2175 1469 2405 1526 Graeciae
2436 1469 2722 1528 Ecclesias
2743 1471 2870 1542 jam
2912 1471 3145 1544 publice
3185 1469 3402 1544 legitur
3445 1472 3486 1526 ‘;
3541 1471 3652 1528 Re-

2005 1575 2140 1615 vera
2198 1558 2360 1615 utilis
2389 1558 2558 1627 liber,
2583 1561 2872 1634 multique
2903 1561 2973 1618 de
3003 1577 3070 1618 eo
3101 1559 3454 1634 scriptorum
3497 1563 3653 1617 vete-

2006 1665 2140 1704 rum
2171 1665 2525 1722 usurpavere
2579 1650 2599 1684 ⁷
2658 1649 3015 1706 testimonia.
3063 1650 3173 1707 Sed
3218 1651 3372 1722 apud
3417 1649 3656 1708 Latinos
3761 1649 3772 1654 ’

2007 1753 2155 1810 pene
2183 1737 2420 1810 ignotus
2451 1741 2540 1794 est
2567 1739 2608 1794 ⁸.

1703 1889 1934 1947 CAPUT
1972 1889 2066 1946 XI.

309 1999 498 2075 Φίλων
529 1999 812 2073 Ἰουδαῖος,
869 2002 1083 2080 τεχθεὶς
1143 2001 1194 2057 ἐν
1254 2001 1656 2080 Ἀλεξανδρείᾳ,
1705 2005 1896 2078 γένους

2076 2007 2244 2064 Philo
2271 2008 2535 2077 Judaeus,
2569 2007 2807 2066 natione
2837 2009 3260 2066 Alexandrinus
3289 2009 3332 2077 ',
3357 2009 3428 2066 de
3447 2023 3658 2082 genere

239 2089 446 2167 ίερέων.
501 2086 569 2146 δι’
623 2089 786 2146 αὐτοῦ
841 2097 966 2148 παρ’
1011 2093 1172 2164 ἡμῶν
1230 2092 1425 2166 μεταξὺ
1471 2097 1578 2147 τῶν
1609 2089 1898 2164 ἐκκλησια-

237 2183 437 2236 στικῶν
512 2180 830 2258 συγγαφὲων
915 2181 1232 2251 τάσσεται,
1287 2179 1506 2255 ἐπείπερ
1591 2182 1716 2258 περὶ
1795 2189 1897 2251 τῆς

235 2269 466 2346 πρώτης
567 2269 788 2346 Μάρκου
886 2269 1274 2346 εὐαγγελιστοῦ
1370 2271 1422 2326 ἐν
1517 2268 1898 2348 Ἀλεξανδρείᾳ

234 2357 567 2431 Ἐκκλησίας
613 2361 860 2438 γράφων,
893 2361 970 2422 εἰς
1027 2355 1242 2416 ἔπαινον
1299 2365 1405 2416 τῶν
1464 2361 1746 2436 ἡμετέρων
1779 2381 1894 2436 χω-

239 2454 346 2526 ρεῖ,
378 2447 440 2504 οὐ
495 2448 657 2522 μόνον
713 2449 897 2505 αὐτόθι
956 2449 1150 2512 αὐτοὺς
1201 2447 1346 2505 ἀλλά
1402 2451 1491 2505 καὶ
1551 2449 1602 2504 ἐν
1659 2447 1898 2512 πολλαῖς

238 2537 530 2616 ἐπαρχίαις
599 2539 734 2594 εἶναι
795 2540 1035 2618 ιρᾴσκων,
1098 2541 1188 2594 καὶ
1253 2541 1349 2602 τὰς
1417 2539 1659 2610 οἰκήσεις
1721 2538 1896 2594 αὐτῶν

237 2626 425 2684 καλῶν
488 2630 842 2706 μονασττςρια.
891 2629 1113 2707 Ἀφ’ὧν
1173 2626 1469 2706 δηλοῦνται
1528 2628 1785 2698 τοιαύτην
1848 2627 1898 2700 ἐξ

240 2718 422 2794 ἀρχῆς
487 2723 592 2772 τῶν
659 2723 738 2790 τῷ
822 2723 1039 2795 Χριστῷ
1118 2719 1514 2773 πιστευσάντων
1603 2716 1897 2788 ἐκκλησίαν

239 2807 508 2882 γενεσθαι,
541 2807 723 2862 ὁποῖοι
780 2809 831 2862 οἱ
887 2811 978 2862 νῦν
1043 2807 1278 2884 μοναχοὶ
1338 2807 1471 2863 εἶναι
1531 2805 1761 2878 ζηλοῦσι
1808 2808 1899 2862 καὶ

240 2895 616 2970 ἐπιθυμοῦσιν,
686 2895 823 2951 ὥστε
891 2894 1058 2970 μηδὲν
1122 2894 1258 2952 ἴδιον
1325 2894 1468 2974 ἔχειν
1533 2898 1684 2966 τινα,
1759 2893 1901 2969 μηδὲ⁹

241 2984 380 3040 εἶναι
429 2985 508 3047 εἰς
563 2984 757 3048 αὐτοὺς
813 2983 1076 3042 πλούσιον
1133 2986 1170 3056 ἢ
1213 2987 1440 3058 πένητα,
1479 2987 1576 3048 τὰς
1608 2983 1665 3041 δὲ
1715 2985 1900 3047 οὐσίας

237 3079 358 3137 τοῖς
392 3069 560 3129 ἔθνεσι
609 3072 974 3148 διανέμοντες,
1026 3075 1214 3151 εὐχαῖς
1260 3073 1594 3152 σχολάζουσι
1635 3077 1724 3130 καὶ
1755 3073 1898 3150 ψαλ-

245 3169 396 3237 μοῖς,
456 3161 732 3220 παιδεύσει
787 3185 846 3219 τε
899 3163 1300 3241 καὶέγκρατείᾳ,
1361 3162 1510 3226 οἵους
1599 3165 1691 3219 καὶ
1756 3173 1896 3219 Λου-

239 3258 340 3316 κᾶς
427 3253 678 3332 ἀναφέρει
757 3254 820 3308 τὸ
887 3257 1102 3330 πρῶτον
1171 3253 1223 3309 ἐν
1289 3251 1696 3330 Ἰεροσολύμοις
1771 3253 1898 3315 τοὺς

239 3341 468 3404 πιστοὺς
545 3345 912 3419 γεγενῆσθαι.
995 3344 1227 3418 Λέγουσι
1300 3347 1488 3398 τοῦνον
1567 3341 1654 3397 ἐπὶ
1732 3338 1894 3396 Γαίου

241 3429 530 3507 Καλιγύλα
578 3431 628 3488 ἐν
685 3435 752 3507 τῇ
810 3433 992 3508 Ῥώμῃ
1049 3430 1406 3502 κινδυνεῦσαι,
1465 3432 1572 3503 ὅπη
1634 3433 1724 3486 καὶ
1761 3450 1891 3506 πρε-

238 3514 473 3590 ὤευτής
528 3526 624 3576 τοῦ
681 3521 885 3577 οἰκείου
951 3519 1134 3584 ἔθνους
1192 3519 1492 3592 ἀπεστάλη.
1555 3520 1654 3576 Καί
1716 3517 1806 3574 ὅτε
1833 3520 1897 3574 τὸ

239 3606 488 3686 δεύτερον
561 3608 698 3680 ἦλθε
754 3611 890 3688 πρὸς
951 3607 1241 3680 Κλαύδιον,
1306 3609 1357 3666 ἐν
1397 3615 1466 3684 τῇ
1535 3609 1670 3684 αὐτῇ
1737 3607 1898 3663 πόλει

239 3696 599 3776 διαλεχθῆναι
657 3704 736 3773 τῷ
791 3697 1084 3774 ἀποστόλῳ
1115 3700 1328 3776 Πέτρῳ,
1372 3699 1460 3754 κυὶ
1499 3698 1694 3754 τοὺτου
1727 3697 1896 3776 ἐσχη-

244 3959 348 4020 alii
375 3959 555 4018 etiam
603 3960 992 4018 vetustissimi
1013 3960 1162 4017 falso
1188 3959 1570 4028 retinent,sub
1585 3963 1902 4031 Pertinace,

247 4033 534 4091 MARTIAN.
569 4063 638 4074 —-
670 4033 974 4105 Perperam
1009 4048 1153 4088 mss.
1201 4036 1489 4105 quotquot
1536 4033 1903 4105 inspeximus

244 4107 356 4186 sub.
377 4105 669 4186 Pertinace
712 4103 856 4186 redit
901 4105 1192 4186 Ephesum,
1220 4103 1448 4186 iqued"
1469 4107 1530 4186 et
1574 4103 1773 4174 plures
1795 4103 1904 4186 ‘alii

249 4175 506 4234 retinent
532 4175 710 4232 etiam
740 4173 1152 4242 vetustissimi,
1186 4179 1251 4230 ut
1279 4173 1348 4230 et
1380 4173 1535 4247 illud
1576 4173 1901 4247 exemplar,

249 4263 368 4322 quo
400 4247 634 4322 Grzpcus
663 4247 950 4322 interpres
977 4264 1124 4304 usus
1150 4253 1260 4322 est,
1293 4245 1393 4318 qui
1437 4245 1577 4322 olim
1617 4245 1719 4322 Δἐπὶ
1757 4245 1904 4322 ’Περ-

247 4317 467 4392 ἐἶνακος
491 4317 740 4392 legebat.
770 4317 1016 4392 Quidam
1061 4317 1325 4392 maxime
1354 4317 1760 4392 Ambrosianae
1809 4317 1905 4373 Bi-

248 4390 460 4450 blioth.
492 4389 642 4448 teste
687 4389 1018 4447 Martianaao
1069 4391 1170 4446 sub
1227 4390 1407 4462 Nerva
1463 4391 1746 4462 Pertinace
1798 4406 1904 4462 pro

283 4463 518 4534 rinct'pe,
567 4463 725 4519 unde
771 4461 1014 4534 alterius
1061 4460 1276 4518 erroris
1321 4462 1550 4518 occasio
1597 4460 1814 4529 ﬂuxit,“
1842 4465 1906 4517 ut

302 4533 502 4592 ervam
533 4534 772 4592 penitus
801 4533 1026 4590 librarii
1057 4533 1416 4590 omitterent.

322 4608 343 4644 ³
373 4611 487 4661 An.
519 4604 734 4662 Christi
768 4607 857 4662 96.

321 4679 346 4713 ²
375 4676 592 4734 Christi
621 4677 747 4734 400.

323 4750 346 4785 ³
374 4749 546 4821 ῌυιιο
575 4749 816 4821 quidam
849 4747 1291 4821 maleHermcm
1315 4751 1543 4821 vocant.

320 4823 346 4856 ‘
373 4819 540 4877 Unus
571 4817 611 4877 ὁ
640 4836 785 4877 mss.
837 4819 1058 4876 nostris
1103 4817 1323 4874 omittit
1368 4819 1739 4889 Asyncrz'tum,
1763 4817 1910 4874 alter

249 4897 524 4950 Hermum
551 4895 610 4949 et
637 4893 870 4950 Hermen
899 4908 914 4946 :
944 4889 1154 4948 tertius
1204 4889 1346 4962 legit
1400 4895 1664 4960 Hermen,
1708 4891 1905 4946 Patro-

251 4966 404 5032 bam,
439 4965 696 5034 Hermum
717 4980 854 5020 cum
886 4963 1082 5020 Graeco
1111 4962 1451 5034 interprete.

324 5031 467 5108 “ita
495 5033 758 5108 plerique
794 5035 1064 5108 sentiunt
1099 5031 1343 5108 secundi
1393 5049 1460 5088 ac
1503 5031 1678 5108 te_rtii_
1713 5031 1910 5108 saeculi

254 5104 576 5180 scriptores
604 5125 617 5175 ;
650 5104 980 5180 luculenter
999 5122 1142 5180 vero
1191 5104 1496 5180 Origenes,
1541 5105 1607 5180 tn
1638 5106 1808 5175 Epist.
1841 5104 1912 5159 ad

253 5175 409 5238 Boni.
445 5195 564 5244 xvr,
603 5179 686 5244 14,
715 5185 772 5234 et
803 5177 1088 5234 Eusebius
1116 5175 1157 5231 1.
1194 5193 1275 5231 ιιι.
1302 5175 1380 5232 '3.
1427 5176 1487 5230 Id
1537 5175 1662 5246 ipse
1709 5181 1913 5231 auctor

253 5251 507 5307 innuere
533 5249 801 5306 videatur
829 5253 890 5306 in
922 5250 1038 5304 fine
1068 5247 1326 5304 Visionis
1362 5249 1652 5314 secundae,
1685 5246 1786 5301 ubi
1840 5249 1912 5302 de

253 5321 554 5393 Clemente
583 5320 846 5393 loquitur
873 5326 932 5379 et
956 5323 1195 5393 Grapta.
1219 5320 1369 5376 Sunt
1386 5317 1780 5393 ni‘hjlosecius
1811 5319 1910 5390 qui

255 5411 290 5452 a
318 5392 644 5450 recentiore
659 5389 905 5462 'Herma,
937 5392 1057 5449 sive
1075 5389 1469 5455 ’Hermete,Pii
1489 5390 1734 5446 Romani
1768 5389 1911 5462 pon-

252 5465 434 5538 tiﬁcis
465 5465 664 5538 fratre,
698 5465 983 5538 scriptum
1011 5463 1230 5519 librum
1255 5463 1634 5538 arbitrentur,
1659 5478 1911 5538 quorum

256 5537 434 5595 unica
464 5536 614 5593 ratio
645 5553 714 5593 ex
739 5533 1302 5594 Pseudo-Anastasii
1335 5533 1697 5601 testimonio,
1742 5533 1913 5606 longe

256 5614 348 5668 est
376 5607 692 5666 inﬁrmior.

327 5679 664 5764 “Legimus
684 5681 1072 5764 jame_ms§.
1125 5681 1514 5764 n‘ostro,mpro
1571 5694 1687 5764 quq
1743 5679 1915 5734 etiam

255 5743 550 5814 hactenus
605 5743 937 5811 ohinuerat.
1003 5751 1294 5809 Eusebius
1336 5743 1458 5818 ἤδη
1515 5743 1606 5802 καῖ
1660 5746 1714 5802 ἓν
1773 5768 1910 5803 τισιν

2007 2097 2401 2168 sacerdotum,
2433 2097 2650 2154 idcirco
2682 2115 2716 2155 a
2746 2098 2917 2156 nobis
2947 2099 3100 2156 inter
3129 2098 3444 2173 scriptores
3473 2101 3657 2156 eccle-

2008 2186 2278 2243 siasticos
2309 2185 2564 2259 ponitur,
2626 2187 2768 2260 quia
2822 2187 3040 2244 librum
3099 2189 3171 2246 de
3228 2187 3420 2260 prima
3477 2187 3657 2244 Marci

2007 2274 2374 2348 evangelista:
2403 2277 2558 2348 apud
2588 2276 2999 2333 Alexandriam
3031 2277 3298 2334 scribens
3313 2276 3574 2333 Ecclesia
3589 2277 3654 2346 ιο,

2007 2363 2067 2420 in
2101 2368 2438 2420 nostrorum
2469 2363 2644 2422 laude
2672 2370 2942 2422 versatus
2983 2370 3093 2434 est,
3149 2383 3266 2422 non
3312 2365 3507 2422 solum
3555 2381 3656 2422 eos

2009 2453 2110 2521 ibi,
2143 2455 2243 2509 sed
2278 2453 2338 2508 in
2369 2452 2574 2510 multis
2619 2471 2853 2526 quoque
2900 2454 3216 2526 provinciis
3261 2469 3392 2511 esse
3433 2469 3656 2510 memo-

2009 2559 2168 2612 rans,
2201 2546 2258 2598 et
2287 2542 2622 2599 habitacula
2649 2558 2854 2599 eorum
2885 2543 3088 2600 dicens
3108 2543 3464 2600 monasteria
3490 2543 3554 2600 “.
3577 2542 3660 2598 Ex

2009 2648 2122 2702 quo
2153 2635 2396 2704 apparet
2422 2631 2602 2688 talem
2632 2632 2892 2704 primum
2912 2633 3100 2689 Cristo
3120 2633 3485 2689 credentium
3517 2630 3660 2688 fuis-

2009 2737 2072 2778 se
2103 2719 2440 2788 Ecclesiam,
2474 2719 2680 2793 quales
2711 2738 2868 2778 nunc
2911 2721 3186 2778 monachi
3226 2737 3357 2778 esse
3387 2720 3664 2778 nituntur

2009 2810 2132 2882 (ms.
2159 2809 2490 2882 imitantur)
2549 2815 2606 2866 et
2653 2809 2920 2882 cupiunt,
2981 2815 3049 2867 ut
3103 2810 3250 2867 nihil
3299 2811 3659 2884 cujusquam

2008 2899 2312 2972 proprium
2345 2901 2442 2967 sit,
2476 2897 2678 2956 nullus
2704 2899 2858 2956 inter
2895 2916 2996 2958 eos
3037 2899 3219 2968 dives,
3267 2899 3468 2956 nullus
3513 2915 3660 2972 pau-

2009 2988 2499 3062 per.Patrimonia
2525 2987 2836 3062 egentibus
2855 2989 3200 3046 dividuntur
3229 2987 3658 3063 [ALdividunt],

2008 3076 2258 3134 orationi
2289 3082 2532 3134 vacatur
2561 3077 2668 3148 [AL
2698 3077 2925 3149 vacant]
2953 3081 3012 3133 et
3055 3077 3327 3150 psalmis,
3377 3075 3661 3132 doctrinis

2007 3181 2240 3238 quoque
2295 3171 2352 3222 et
2418 3165 2810 3232 continentiae,
2871 3165 3076 3238 quales
3129 3169 3188 3222 et
3244 3165 3436 3222 Lucas
3484 3163 3660 3220 refert

2007 3256 2143 3326 (Act.
2178 3271 2242 3316 ιι,
2277 3259 2328 3322 4,
2361 3259 2416 3310 et
2445 3271 2522 3322 ιν,
2555 3254 2649 3322 32)
2699 3254 2960 3326 primum
3010 3253 3423 3328 Hierosolymis
3467 3251 3656 3310 fuisse

2007 3343 2326 3400 credentes.
2358 3342 2537 3398 Aiunt
2564 3343 2722 3399 hunc
2774 3343 2884 3400 sub
2943 3342 3080 3400 Caio
3137 3341 3401 3416 Caligula
3458 3341 3655 3400 Roma:

2007 3431 2403 3504 periclitatum
2441 3433 2506 3498 ”,
2557 3448 2674 3504 quo
2720 3431 2952 3506 legatus
3004 3432 3199 3506 gentis
3247 3449 3367 3489 suaa
3425 3430 3654 3489 missus

2009 3521 2214 3577 fuerat.
2250 3524 2393 3576 Cum
2427 3521 2686 3576 secunda
2713 3521 2836 3577 vice
2866 3521 3121 3579 venisset
3149 3522 3222 3578 ad
3253 3519 3654 3588 Claudium,in

2009 3611 2213 3666 eadem
2245 3610 2388 3666 urbe
2422 3609 2688 3665 locutum
2717 3627 2847 3666 esse
2880 3626 3017 3666 cum
3063 3609 3328 3684 apostolo
3375 3610 3546 3667 Petro
3591 3596 3656 3678 ίδ,

2010 3699 2257 3772 ejusque
2304 3699 2585 3756 habuisse
2636 3699 2952 3772 amicitias,
2999 3704 3056 3756 et
3100 3700 3174 3756 ob
3223 3699 3373 3756 hanc
3417 3713 3660 3756 causam

2017 3956 2357 4032 ἐκκλησίαις,
2390 3963 2500 4032 etc,
2530 3957 2676 4032 iVid.
2721 3959 3005 4032 Rufinum
3046 3960 3118 4016 de
3156 3957 3450 4032 Symbolo.
3499 3959 3663 4032 Idem

2017 4049 2130 4104 ms.
2165 4047 2294 4104 non
2313 4030 2490 4086 habet
2520 4031 2723 4084 Revera
2745 4031 2914 4104 utilis
2944 4031 3106 4104 liber,
3135 4029 3262 4102 quae
3301 4029 3666 4104 tamenlegit

2015 4103 2250 4184 Graecus
2281 4103 2569 4184 interpres
2602 4118 2616 4184 ξ
2647 4105 2706 4156 et
2733 4101 3012 4184 Qrigenes
3062 4101 3187 4184 loco
3235 4119 3427 4184 supra
3449 4101 3664 4184 .citato,

2016 4198 2043 4225 ‹‹
2077 4177 2214 4246 Quae
2247 4173 2561 4246 scriptura,
2593 4175 2795 4243 inquit,
2817 4173 2986 4230 valde
3015 4173 3162 4230 mihi
3193 4173 3356 4246 utilis
3376 4173 3662 4232 videtur.»

2085 4247 2104 4280 ⁷
2136 4245 2268 4299 Vim
2301 4245 2461 4300 verbi
2519 4260 2854 4316 usurpavere
2917 4262 3035 4302 non
3087 4245 3372 4303 intellexit
3427 4247 3665 4305 Graecus

2015 4317 2322 4389 interpres,
2347 4317 2449 4387 qui
2480 4314 2986 4390 νθιιῇιὺπξκλεψαν
3019 4317 3300 4390 sub/arati
3325 4326 3472 4390 sunt.

2083 4390 2104 4422 ³
2135 4387 2328 4444 citant
2381 4403 2514 4442 vero
2573 4387 2995 4456 Tertullian'us,
3054 4387 3259 4446 auctor
3305 4389 3569 4446 Homilies
3589 4390 3662 4448 de

2011 4459 2381 4541 A_leatoribus
2413 4459 2564 4514 inter
2592 4460 3102 4541 prriani-opera,‘
3126 4461 3496 4541 Philastrius,
3524 4460 3662 4541 Cas-

2015 4532 2241 4598 sianus,
2275 4535 2543 4603 Prosper,
2573 4529 2810 4603 aliique.
2874 4529 2996 4588 Iino
3053 4536 3112 4588 et
3167 4532 3392 4603 Latina
3425 4534 3659 4588 tantum

1932 4619 1977 4682 D
2010 4603 2348 4682 libriﬂhujus
2377 4601 2567 4682 versio
2596 4601 3008 4682 vetustissima
3029 4606 3259 4682 aetatem
3289 4601 3444 4682 tulit,

2083 4677 2104 4711 ⁹
2133 4669 2689 4749 Gras'cusinterpres
2726 4674 2940 4749 τεχθεὶς
2989 4673 3040 4728 ἐν
3091 4669 3493 4749 Ἀλεξανδρεία,
3539 4689 3664 4749 ’θιαῄ-

2018 4750 2105 4802 tus
2137 4745 2512 4812 Alexandria},
2541 4742 3040 4815 quemadmodum
3069 4749 3128 4802 et
3172 4742 3387 4802 suidas
3438 4742 3665 4801 recitat.

2085 4820 2133 4889 ‘9
2166 4819 2233 4873 Et
2259 4834 2439 4889 supra
2470 4821 2736 4889 notatum
2767 4821 2857 4873 est
2887 4818 2945 4872 in
2979 4817 3197 4889 Marco,
3228 4815 3380 4872 hanc
3411 4815 3484 4872 de
3529 4815 3666 4872 Phi-

2017 4888 2170 4946 lonis
2203 4886 2351 4943 libro
2381 4886 2504 5014 περὶ
2559 4886 2679 5014 ρίου
2723 4889 3059 4963 θεωρητικοῦ
3109 4887 3144 4956 ἥ
3185 4888 3376 4941 ἱκετῶν
3428 4890 3667 4944 senten-

2019 4962 2162 5014 tiam
2195 4977 2264 5014 ex
2301 4962 2445 5014 Euse
2492 4959 2530 5014 ii
2585 4959 2663 5014 ib.
2703 4959 2770 5014 ΙΙ.
2804 4977 2855 5014 c.
2880 4961 2967 5014 17.
2992 4959 3381 5014 haussisse.et
3407 4962 3667 5014 transtu-

2019 4962 2162 5017 tiam
2195 4977 2264 5015 ex
2301 4959 2530 5015 Eusebii
2560 4959 2663 5014 lib.
2703 4959 2770 5025 II,
2804 4959 2855 5015 c'.
2880 4961 2967 5027 17,
2992 4959 3381 5028 haussisse,et
3407 4962 3668 5015 transtu-

2019 5033 2158 5089 lisse
2190 5033 2886 5104 Hieronymum,eamque
2907 5032 3129 5104 passim
3151 5031 3224 5088 ab
3273 5029 3524 5104 eruditis
3550 5047 3668 5088 non

2021 5099 2477 5230 Erobari,_quod
2529 5104 2602 5158 de
2647 5099 3122 5184 ξΙιιόὼἰιιξΜοεὶξς
3171 5099 3502 5176 γνωρίμοις,
3538 5118 3656 5158 non

2069 5175 2362 5230 histiams.
2395 5178 2528 5230 agat
2559 5173 2723 5230 Philo
2756 5192 2770 5230 :
2805 5175 2905 5230 sed
2937 5190 3140 5230 eorum
3185 5178 3536 5230 argumenta
3577 5190 3656 5230 re-

2069 5173 2362 5248 histianis,
2395 5178 2528 5248 agat
2559 5173 2723 5248 Philo
2756 5192 2770 5242 ;
2805 5175 2905 5230 sed
2937 5190 3140 5231 eorum
3185 5173 3536 5248 argumenta
3577 5190 3669 5231 re-

2022 5247 2170 5304 ferre
2201 5264 2314 5302 non
2347 5245 2526 5317 hujus
2551 5250 2641 5317 est
2669 5245 2800 5301 loci.

2095 5319 2134 5353 “
2165 5318 2374 5390 Utique
2405 5315 2468 5390 in
2506 5334 2572 5372 eo
2622 5315 3167 5390 libro,Terapcutas
3215 5333 3357 5374 suos
3395 5315 3667 5383 laudans,

2021 5384 2366 5443 Ἐκάστιι›’δὲ
2425 5387 2634 5460 οἴκημα
2691 5389 2832 5460 ἱερὸν
2889 5386 2918 5440 ὅ
2961 5384 3218 5442 καλεῖται
3275 5392 3521 5461 σεμνεῖον
3579 5390 3668 5445 καί

2027 5465 2410 5533 μοναστὴριον,
2445 5465 2551 5515 etc.

2097 5535 2138 5612 ff
2167 5532 2311 5612 Yide
2329 5531 2630 5612 Philoni-en
2655 5531 2849 5612 ipsum
2870 5530 2943 5612 de
2969 5532 3324 5612 begationne
3345 5531 3666 5612 adﬁnium.

2097 5605 2147 5677 δεῖ
2170 5604 2229 5660 Id
2263 5603 2501 5676 quidem
2532 5603 2825 5677 Eusebius
2863 5603 3131 5677 traditil.
3180 5622 3242 5673 ιι,
3270 5620 3322 5660 c.
3375 5606 3464 5672 17,
3513 5605 3668 5677 apud

2025 5673 2330 5732 Philonem
2363 5691 2498 5730 vero
2531 5675 2777 5748 hujusce
2809 5673 3085 5748 colloquii
3142 5692 3278 5734 cum
3307 5677 3472 5734 Petro
3544 5673 3650 5740 nec

2026 5748 2158 5809 vola
2187 5752 2274 5804 est
2301 5763 2406 5804 nec
2434 5745 2766 5820 vestigium.
