3966 6390
364 331 493 410 089

368 573 650 628 sctatores
690 584 930 625 ornasse
983 566 1261 624 laudibus
1327 567 1472 624 suis.
1534 568 1779 623 Exstant
1829 566 2010 639 hujus

365 658 645 735 praeclara
673 662 729 714 et
759 658 1213 714 innumerabilia
1242 674 1417 729 opera
1445 656 1503 712 in
1533 655 1794 729 quinque
1825 656 2009 713 libros

365 748 570 821 Moysi,
603 748 673 803 de
703 747 1052 803 Confusione
1077 746 1413 819 linguarum
1446 746 1592 802 liber
1620 746 1872 813 unus,de
1902 745 2010 801 Na-

364 841 499 892 tura
521 841 579 892 et
610 836 948 892 lnventione
977 838 998 870 ²
1027 835 1176 891 liber
1208 853 1381 903 unus,
1416 837 1485 891 de
1518 835 1619 890 His
1662 852 1788 907 quae
1832 850 2008 890 sensu

368 942 677 999 precamur
701 930 757 980 et
785 926 1143 980 detestamur
1170 925 1317 980 liber
1347 941 1521 989 unus,
1554 925 1624 978 de
1674 923 2011 979 Eruditione

365 1015 517 1072 liber
573 1032 751 1076 unus.
812 1015 883 1069 de
940 1014 1176 1069 Hrerede
1229 1013 1555 1068 divinarum
1614 1027 1807 1067 rerum
1868 1010 2014 1067 liber

368 1121 547 1173 unus,
577 1104 729 1160 849
763 1102 832 1157 de
880 1102 1171 1157 Divisione
1218 1101 1532 1173 mqualium
1586 1105 1644 1155 et
1690 1100 2014 1156 contrario-

371 1194 555 1249 rum3
587 1192 752 1259 liber,
794 1192 865 1246 de
920 1191 1134 1246 Tribus
1186 1190 1501 1246 virtutibus
1555 1189 1704 1245 liber
1760 1207 1914 1245 unus
1968 1190 2009 1256 ‘,

369 1281 556 1346 Quare
586 1278 1051 1352 quorumdamin
1085 1278 1402 1350 Scripturis
1435 1282 1662 1334 mutata
1691 1282 1831 1334 sunt
1862 1280 2009 1349 [ωδε.

372 1370 511 1440 sint]
542 1369 783 1424 nomina
806 1367 953 1423 liber
982 1385 1157 1434 unus,
1191 1368 1261 1423 de
1293 1366 1482 1423 Paetis
1510 1367 1644 1423 libri
1694 1367 1808 1422 duo
1854 1368 1894 1426 ⁵.
1942 1368 2013 1421 de

366 1458 496 1513 Vita
552 1456 834 1529 sapientis
887 1456 1036 1512 liber
1094 1473 1269 1523 unus,
1331 1457 1403 1512 de
1462 1455 1811 1528 Gigantibus
1867 1455 2015 1510 liber

366 1563 523 1603 unus
547 1547 589 1615 ⁸,
631 1546 793 1612 Quod
826 1546 1057 1601 somnia
1088 1545 1398 1601 mittantur
1426 1562 1459 1601 a
1489 1545 1607 1601 Deo
1654 1544 1788 1600 libri
1840 1544 2013 1616 quin-

367 1652 479 1709 que
507 1637 551 1704 7,
584 1635 981 1700 Quaestionum
1009 1638 1065 1690 et
1095 1633 1455 1690 solutionum
1515 1634 1573 1688 in
1634 1634 1824 1689 Exodo
1879 1632 2013 1688 libri

365 1724 624 1796 quinque
656 1724 697 1790 ⁸,
733 1723 803 1779 de
830 1722 1232 1778 Tabernaculo
1264 1726 1320 1777 et
1367 1720 1650 1794 Decalogo
1693 1721 1824 1777 libri
1867 1738 2012 1793 qua-

365 1818 503 1868 tuor
531 1814 572 1878 ”,
603 1827 827 1867 necnon
859 1812 929 1866 de
957 1811 1226 1867 Victimis
1256 1816 1313 1866 et
1341 1810 1917 1883 Repromissionibus
1948 1811 2012 1876 ¹⁰,

368 1900 488 1957 sive
517 1899 860 1968 Maledictis,
897 1901 968 1955 de
1008 1900 1382 1955 Providentia
1431 1901 1493 1965 “,
1543 1900 1614 1955 de
1655 1898 1899 1966 Judaeis,
1946 1899 2018 1954 de

366 1990 813 2046 Conversatione
843 1989 991 2055 vitae,
1024 1989 1096 2044 de
1127 1988 1455 2044 Alexandro
1479 1989 1543 2055 ¹²,
1577 1992 1635 2043 et
1662 1987 1821 2053 Quod
1878 2003 2015 2060 pro-

370 2077 556 2152 priam
590 2077 874 2133 rationem
912 2081 1078 2133 muta
1109 2076 1393 2133 animalia
1437 2076 1717 2141 habeant,
1749 2079 1808 2131 et
1854 2076 2017 2142 Quod

370 2167 563 2224 omnis
593 2166 876 2239 insipiens
908 2183 1109 2222 servus
1142 2166 1238 2233 sit,
1290 2178 1343 2222 et
1382 2166 1452 2222 de
1500 2164 1635 2221 Vita
1682 2168 2016 2220 nostrorum

369 2255 519 2312 liber
548 2273 700 2311 unus
738 2256 800 2324 '3,
830 2255 900 2310 de
930 2272 1046 2326 quo
1077 2271 1258 2327 supra
1285 2254 1563 2322 diximus,
1588 2254 1647 2309 id
1678 2255 1864 2321 est,de
1886 2270 2020 2326 apo-

368 2343 592 2400 stolicis
621 2341 782 2406 viﬁs,
810 2360 985 2416 quem
1045 2348 1102 2399 et
1130 2343 1430 2415 inscripsit
1456 2342 1579 2417 περὶ
1624 2342 1749 2396 Βίου
1807 2342 2015 2411 θεωοη-

366 2437 520 2487 τικοῦ
568 2434 758 2487 ἱκετῶν
819 2434 884 2501 ιι,
936 2433 1095 2505 quod
1141 2432 1409 2489 videlicet
1457 2432 1713 2489 cmlestia
1761 2436 2018 2489 contem-

368 2520 624 2596 plentur,
657 2527 715 2578 et
743 2538 976 2594 semper
1003 2522 1187 2577 Deum
1219 2526 1405 2578 orent.
1442 2524 1512 2577 Et
1542 2522 1653 2577 sub
1686 2521 1817 2578 aliis
1866 2520 2017 2576 indi-

368 2609 556 2676 cibus,
589 2611 660 2666 de
701 2610 1075 2682 Agricultura
1130 2611 1269 2677 duo,
1326 2612 1397 2666 de
1454 2610 1744 2666 Ebrietate
1793 2609 1910 2665 duo
1944 2610 2008 2664 ⁸⁸.

369 2697 523 2755 Sunt
552 2703 609 2753 et
638 2698 752 2754 alia
782 2700 824 2770 j“
854 2700 983 2769 ejus
1015 2703 1393 2754 monumenta
1423 2697 1794 2770 ingenii,quaa
1825 2698 1885 2752 in
1916 2714 2017 2753 no-

373 2792 526 2843 stras
558 2803 770 2843 manus
801 2804 915 2842 non
949 2791 1360 2859 pervenerunt.
1397 2792 1474 2841 De
1505 2786 1612 2843 hoc
1651 2785 1820 2858 vulgo
1866 2787 2018 2858 apud

378 2875 608 2932 Graecos
638 2875 872 2943 dicitur,
904 2879 967 2927 Ἡ
1002 2871 1229 2927 Ηλάτων
1283 2872 1588 2951 ιριλωνίζει,
1619 2871 1849 2942 ἢΦίλων
1882 2871 2020 2927 πλα-

373 2962 591 3031 τωνίζει
625 2982 637 3020 :
675 2965 733 3020 id
777 2968 884 3031 est,
917 2973 1014 3020 aut
1060 2965 1220 3020 Plato
1269 2965 1559 3021 Philonem
1603 2966 1875 3036 sequitur,
1925 2973 2022 3020 aut

373 3054 662 3110 Platonem
692 3055 854 3110 Philo
880 3072 899 3110 :
920 3056 1081 3110 tanta
1122 3056 1210 3109 est
1258 3052 1584 3110 similitudo
1633 3069 1916 3109 sensuum
1964 3058 2023 3110 et

378 3140 616 3213 eloquii.

1606 340 1672 409 S.
1712 340 2021 410 EUSEBII
2062 341 2355 411 HIERON
2366 336 2531 410 YMI.

366 477 546 537 etiam
578 477 593 515 ί
626 477 824 549 Marci,
859 475 1134 553 discipuli
1163 477 1338 547 Petri,
1382 478 1536 551 apud
1593 478 2004 535 Alexandriam

2178 498 2265 531 ναι
2330 475 2515 556 φιλίαν
2550 521 2564 547 ,

3648 320 3775 405 θω

2632 475 2723 532 καὶ
2790 472 2881 533 διὰ
2968 478 3130 530 τοῦτο
3216 468 3345 537 τοὺς
3432 465 3772 535 σπουδαστὰς

2118 568 2340 642 Μάρκου
2405 571 2501 621 τοῦ
2597 567 2841 640 μαθητοῦ
2935 565 3142 641 Πέτρου
3176 609 3190 635 ,
3266 562 3317 620 έν
3394 559 3773 640 ’Δλεξανδρείᾳ

2120 649 2268 709 ἔπεσι
2336 656 2735 729 κεκοσμηκέναι
2783 700 2795 712 .
2876 656 2995 710 Εἰσὶ
3068 652 3263 709 τούτου
3337 659 3603 731 περιφανῆ
3680 651 3772 705 καὶ

2122 744 2463 821 ἀναρίθμητα
2508 746 2855 819 συντάγματα
2895 744 2972 806 εἷς
3026 746 3193 798 πάντε
3232 740 3436 817 λόγους
3475 742 3773 810 Μωϋσέως,

2120 832 2316 895 οὕτως·
2374 834 2497 909 περὶ
2570 832 2901 909 Συγχύσεως
2969 831 3233 909 γλωσσῶν
3294 830 3463 907 λόγος
3503 832 3610 900 εἷς,
3648 830 3773 885 περὶ

2121 921 2343 984 Φύσεως
2401 923 2490 977 καὶ
2550 922 2878 998 εὑρήματος,
2937 922 3061 999 περὶ
3106 927 3199 975 Ὧν
3239 922 3376 976 κατὰ
3429 925 3551 975 νοῦν
3612 918 3772 996 εὐχό-

2125 1013 2258 1084 μεθα
2323 1012 2411 1065 καὶ
2472 1010 3022 1088 ἀπομαρτυροόμεθα,
3083 1008 3255 1085 λόγος
3322 1011 3422 1079 εἷς,
3463 1010 3587 1085 περὶ
3644 1014 3775 1063 Παι-

2121 1097 2353 1162 δεύσεως
2422 1099 2589 1173 λόγος
2662 1101 2760 1168 εἷς,
2827 1101 2951 1176 περὶ
3020 1096 3385 1175 Κληρονόμου
3452 1103 3559 1151 τῶν
3614 1097 3774 1152 θείων

2119 1189 2455 1265 πραγμάτων
2541 1186 2709 1263 λόγος
2779 1189 2877 1257 εἷς,
2944 1187 3069 1263 περὶ
3147 1192 3428 1263 Μερισμοῦ
3486 1184 3614 1241 ἴσων
3684 1186 3777 1240 καὶ

2119 1276 2374 1332 ἐναντίων
2424 1274 2592 1351 λόγος
2646 1277 2744 1347 εἷς,
2777 1276 2902 1331 πεοὶ
2931 1280 3107 1353 Τριῶν
3150 1272 3428 1349 δυνάμεων
3472 1273 3643 1349 λόγος
3675 1275 3777 1345 εἷς,

2120 1367 2244 1441 περὶ
2310 1369 2416 1419 τῶν
2478 1363 2879 1440 ἐναλλαγεισῶν
2940 1368 3164 1443 Γραφῶν
3222 1365 3369 1440 παρά
3403 1385 3563 1419 τινων
3620 1364 3783 1422 850

2122 1452 2290 1529 λόγος
2358 1455 2453 1523 εἷς,
2520 1455 2645 1531 περὶ
2709 1456 2996 1524 Συνθηκῶν
3065 1451 3225 1528 λόγοι
3292 1450 3417 1521 δύο,
3484 1453 3608 1528 περὶ
3648 1452 3783 1507 Βίου

2121 1542 2483 1623 φιλοσοφικοῦ
2552 1541 2720 1617 λόγος
2789 1544 2887 1613 εἷς,
2930 1543 3053 1618 περὶ
3118 1544 3387 1617 γιγάντων
3442 1539 3610 1616 λόγος
3677 1542 3780 1611 εἷς,

2121 1634 2245 1687 πεοὶ
2274 1637 2371 1687 τοῦ
2408 1632 2544 1694 Τοὺς
2605 1632 2849 1709 ὀνείρους
2905 1632 3052 1708 παρά
3108 1636 3242 1687 Θεοῦ
3281 1632 3584 1704 πέμπεσθαι
3616 1627 3783 1703 λόγοι

2121 1722 2298 1790 πέντε,
2368 1722 2705 1795 Ζητημάτων
2777 1722 2866 1776 καὶ
2936 1721 3362 1797 ἑρμηνευμάτων
3420 1727 3521 1789 τῆς
3559 1716 3781 1790 Ἐξόδου

2124 1809 2286 1887 λόγοι
2318 1812 2496 1881 πέντε,
2528 1812 2652 1886 περὶ
2691 1818 2793 1879 τῆς
2846 1817 3064 1880 Σκηνῆς
3115 1810 3205 1864 καὶ
3254 1806 3570 1883 Λεκαλόγου
3618 1807 3784 1883 λόγοι

2122 1899 2377 1975 τέσσαρες
2430 1943 2443 1970 ,
2502 1900 2625 1973 περὶ
2703 1903 2909 1953 Θυσιῶν
2974 1943 2987 1968 ,
3047 1899 3171 1974 περὶ
3229 1899 3596 1974 Ὑποσχέσεων
3651 1895 3785 1968 ἤτοι

2125 1995 2379 2064 Καταρων
2444 2033 2456 2059 ,
2516 1989 2639 2065 περὶ
2690 1988 2956 2063 Προνοίας
3014 2032 3028 2057 ,
3068 1989 3193 2063 περὶ
3249 1985 3524 2042 Ἰουδαίων
3582 2031 3595 2057 ,
3652 1989 3781 2063 περὶ

2126 2084 2425 2152 Λιαγωγῆς
2488 2077 2632 2152 βίου,
2688 2076 2812 2153 περὶ
2879 2073 3260 2152 Ἀλεξάνδρου,
3320 2077 3409 2131 καὶ
3475 2079 3594 2130 Ὅτι
3642 2074 3780 2131 ἴδιον

2127 2164 2394 2241 λογισμὸν
2455 2162 2570 2242 ἔχει
2620 2166 2687 2219 τὰ
2737 2163 2934 2240 ἄλογα,
2990 2168 3109 2219 ’Ότι
3166 2170 3272 2227 πᾶς
3324 2163 3506 2243 ἄφρων
3578 2162 3781 2229 δοῦλδς

2128 2255 2238 2311 ἐστι
2264 2300 2278 2325 ,
2310 2276 2434 2332 περι
2465 2262 2756 2330 Διαγωγῆς
2811 2259 2918 2308 τῶν
2968 2255 3249 2330 ἡμετέρων
3276 2299 3291 2324 ,
3322 2255 3446 2331 περὶ
3478 2254 3540 2309 οὗ
3570 2250 3780 2332 ἔμπρο-

2128 2347 2245 2399 σθεν
2306 2342 2551 2417 εἷίπομεν,
2610 2344 2855 2398 τουτέστι
2911 2347 3017 2397 τῶν
3078 2341 3420 2413 ἀποστόλων,
3479 2341 3648 2419 λόγος
3679 2346 3781 2414 εἷς,

2127 2434 2184 2488 ’ὸν
2220 2432 2511 2510 ἐπέγραψε,
2563 2432 2694 2508 Περὶ
2752 2432 2873 2506 βίου
2929 2434 3265 2508 θεωρητικοῦ
3323 2434 3536 2503 ἱκετῶν,
3593 2436 3780 2490 τουτέ-

2129 2544 2264 2591 στιν,
2296 2522 2476 2577 ὅτιτὰ
2522 2520 2815 2596 ἐπουράνια
2871 2521 3191 2591 ἀτενίζουσι,
3250 2523 3339 2576 καὶ
3390 2523 3471 2577 ἇεὶ
3529 2520 3785 2601 εὔχονται

2126 2615 2205 2682 τῷ
2229 2615 2366 2683 Θεῷ,
2399 2610 2523 2683 περὶ
2564 2609 2841 2684 Γεωργίας
2895 2607 3055 2685 λόγοι
3101 2607 3218 2679 δύο,
3249 2612 3373 2666 πεοὶ
3430 2612 3612 2682 Μέθης
3660 2609 3777 2671 δύο.

2129 2699 2249 2753 Εἰσὶ
2307 2700 2396 2753 καὶ
2451 2695 2609 2775 ἕτερα
2666 2697 2827 2752 αὐτοῦ
2886 2700 3307 2774 συγγράμματα,
3358 2697 3510 2754 δῧπω
3560 2700 3637 2762 εἷς
3683 2703 3782 2765 τὰς

2130 2786 2266 2860 ἐμὰς
2309 2792 2500 2863 χεῖρας
2555 2784 2797 2843 ἐλθόντα.
2851 2788 2982 2864 Περὶ
3028 2787 3223 2842 τούτου
3275 2788 3413 2843 ἐστὶν
3444 2792 3479 2858 ἡ
3512 2790 3786 2866 παροιμία

2127 2879 2235 2929 τῶν
2298 2873 2665 2945 Ἑλληνικῶν,
2722 2881 2788 2929 Ἠ
2846 2873 3073 2931 Πλάτων
3134 2874 3440 2955 φιλωνίζει,
3494 2878 3529 2948 ἢ
3590 2875 3782 2934 Φίλων

2128 2961 2479 3033 πλατωνίζει.
2538 2962 2781 3034 Τοσαύτη
2839 2963 2978 3019 ἐστὶν
3029 2964 3295 3040 ὁμοιότης
3323 2973 3424 3036 τῆς
3453 2987 3512 3022 τε
3541 2966 3784 3031 διανοίας

2130 3054 2221 3108 καὶ
2251 3054 2518 3132 φράσεως.

453 3285 470 3319 ¹
501 3283 982 3367 Conjunetionem
1021 3287 1195 3367 etiam
1232 3285 1479 3367 supplet
1500 3300 1636 3367 “ms.
1686 3284 2013 3367 .Veronens.
2047 3289 2090 3357 ί]
2129 3285 2396 3367 quaedam
2428 3286 2756 3367 fgagmenta
2782 3303 2850 3342 ex
2882 3285 2974 3367 his
2998 3285 3332 3367 se_rv_avit__S.
3360 3287 3530 3367 Joan.
3565 3293 3778 3347 Dama-

382 3371 493 3427 pro
516 3371 631 3426 qua
662 3355 881 3427 legerat
909 3357 1199 3413 Victorius
1229 3358 1287 3412 in
1319 3355 1443 3413 suis
1493 3358 1789 3427 Ecclesium
1817 3373 1829 3411 :
1863 3357 2017 3412 unde

383 3426 535 3501 male
565 3426 936 3501 depravatum
952 3445 992 3501 a
1012 3427 1268 3501 librariis
1290 3445 1487 3483 vocem
1512 3426 1722 3483 maluit
1741 3429 2016 3501 expungi.

453 3498 473 3531 ²
504 3501 629 3552 Non
660 3498 923 3569 agnoscit
951 3498 1107 3554 hunc
1138 3499 1351 3554 librum
1382 3501 1699 3554 Veronens.
1734 3498 1870 3565 ms.;
1905 3498 2020 3554 nie-

380 3572 804 3641 moratitamen
836 3570 1142 3633 Eusebius,
1166 3575 1293 3625 tum
1326 3570 1558 3625 Graecus
1601 3569 1910 3641 interpres,
1965 3574 2023 3625 et

379 3650 447 3694 ex
477 3656 543 3694 eo
576 3640 806 3695 Suidas.
836 3645 911 3695 At
939 3658 1052 3697 non
1100 3641 1164 3696 de
1206 3645 1410 3696 natura
1458 3649 1509 3697 et
1546 3640 1882 3709 inventione,
1916 3642 2017 3696 sed

377 3710 441 3766 de
468 3713 602 3785 fuga
631 3712 1392 3785 elin'venlionocomposuit
1422 3711 1582 3767 Philo
1630 3712 1867 3775 librum.
1919 3712 2019 3783 qui

382 3779 816 3866 [ιερίξφογάδων
870 3779 1224 3866 inscribitur.
1261 3784 1698 3866 Hincnarguas,
1748 3779 2019 3865 corrupto

375 3853 973 3943 Eu‘sebii‘exemplari
1002 3872 1202 3943 ‘usum
1252 3871 1388 3943 esse
1428 3853 1866 3943 Hieronymum,
1917 3853 2018 3943 qui

378 3924 643 4002 pro_llspi
676 3924 1206 4002 eu-{iamv,_legerit
1263 3925 1393 4002 Περὶ
1440 3924 1671 4002 φύσεως.
1733 3924 2020 3998 quemad-

379 3996 621 4051 modum
652 3996 827 4052 e'tiam
859 3996 1106 4054 Ruﬁnus
1136 3999 1328 4053 vertit.

448 4067 469 4099 ³
500 4067 666 4121 Hunc
714 4069 787 4123 De
828 4069 1096 4125 divisione
1146 4070 1447 4140 aequalium
1490 4072 1540 4123 et
1583 4069 2017 4137 contrariorum,

378 4134 598 4212 librum
630 4154 743 4192 non
790 4145 1049 4196 recenset
1081 4134 1309 4212 Regina:
1357 4146 1674 4196 Suecorum
1705 4140 1832 4207 cod,
1892 4134 2015 4212 342;

380 4207 721 4282 perteunus
751 4213 980 4282 tantum
1010 4207 1365 4282 atquéidem
1393 4216 1483 4266 est
1528 4227 1663 4266 cum
1710 4210 2017 4282 superiori,

378 4277 498 4354 _imo
525 4278 706 4354 altera
737 4281 863 4354 ejus
890 4283 1044 4354 tituli
1088 4277 1247 4352 pars,
1300 4277 1802 4354 quemadmodum
1842 4277 2021 4354 Euse-

378 4348 511 4433 bius
540 4350 733 4433 refert.
766 4348 962 4433 lfleque
984 4348 1125 4408 adeo
1158 4348 1457 4433 perperam
1496 4370 1534 4433 ‘a
1582 4353 1929 4433 Hieronymo
1960 4353 2017 4433 in

376 4420 527 4490 duos
560 4421 741 4476 fuisse
762 4420 1199 4495 divisum,quod
1222 4420 1579 4479 confidenter
1599 4424 1698 4495 alii
1725 4420 2017 4489 asserunt,

377 4508 482 4564 ego
541 4498 680 4564 puto
716 4495 851 4563 ;sed
883 4494 1165 4551 excidisse
1196 4512 1263 4550 ex
1294 4496 1350 4550 S.
1389 4494 1645 4549 Doctoris
1710 4498 1870 4549 textu
1918 4513 2016 4549 vo-

373 4563 566 4618 culam
592 4566 724 4633 sive,
767 4565 854 4621 vel
901 4567 1076 4622 aliam
1128 4566 1265 4622 huic
1314 4564 1895 4626 similem,taeillimo
1948 4566 2015 4621 li-

2130 3357 2342 3415 scenus
2374 3357 2433 3411 in
2466 3357 2788 3425 Parallelis,
2819 3362 3024 3413 cetera
3053 3358 3497 3415 interciderunt.

2202 3430 2515 3500 aQuatuor
2543 3429 2710 3485 libris
2769 3446 2923 3486 unus
2950 3430 3237 3486 duntaxat
3291 3436 3381 3486 est
3431 3430 3661 3500 titulus,
3719 3432 3786 3489 de

2129 3499 2575 3573 Tabernaculoct
2624 3501 2908 3573 Decalogo,
2959 3501 3034 3573 Et
3076 3500 3302 3571 primus
3350 3502 3588 3573 quidem
3633 3499 3785 3561 liber

2128 3586 2263 3625 cum
2295 3572 2548 3645 secundi
2580 3570 3091 3645 partein’tercidit,’
3115 3570 3386 3645 superest
3409 3575 3617 3631 tertius
3645 3592 3782 3632 cum

2174 3642 2325 3697 uarti
2379 3647 2545 3718 parte
2575 3638 2705 3715 Περὶ
2736 3638 3215 3718 ψευᾷομαρτυριῶν
3257 3644 3594 3718 inscriptus.
3641 3647 3784 3712 Qui-

2180 3729 2275 3768 am
2306 3714 2536 3769 codices
2566 3714 2797 3770 tantum
2849 3714 3187 3770 habent'de
3244 3714 3608 3774 Tabern'aculo
3647 3718 3784 3774 libri

2145 3788 2397 3854 quatuor.

2209 3855 2251 3889 ¹⁰
2295 3855 2481 3911 Codex
2546 3855 2833 3924 Veronen,
2890 3858 3320 3924 remissionibus,
3370 3859 3472 3915 sed
3546 3859 3785 3917 Graecus

2126 3924 2415 4013 interpres
2475 3926 2842 4001 ὑποσχέσεων,
2876 3932 2933 3984 et
2992 3928 3156 3985 Philo
3212 3929 3335 4003 περὶ
3398 3934 3505 3983 τῶν
3562 3950 3782 4006 προκει-

2179 4017 2330 4051 Ξνων.

2135 4017 2464 4140 μυῖίωέυλυε
2518 4068 2844 4140 fragmenta
2899 4071 3166 4197 quaedam
3224 4076 3544 4145 supersunt
3597 4089 3781 4145 penes

2135 4139 2345 4196 Euseb.
2377 4145 2680 4197 Praeparat.
2718 4158 2818 4197 vn.
2865 4143 2901 4194 2
2971 4182 2988 4197 .
3016 4159 3140 4197 vru.
3190 4143 3257 4197 M
3292 4161 3306 4197 :
3338 4160 3466 4197 uua;
3513 4145 3781 4197 seuuitur

2134 4139 2680 4217 Eus_eb._Prazpara_l.
2705 4158 2818 4217 _vu,
2865 4139 2934 4217 2i
2966 4182 2988 4209 ,
3016 4143 3257 4217 vni,“
3292 4139 3318 4212 ξ
3338 4160 3466 4215 qua;
3513 4139 3783 4217 sequitur

2135 4212 2391 4284 Apologia
2420 4228 2523 4284 pro
2542 4213 2757 4284 Iudaeis
2788 4213 3018 4284 penitus
3048 4212 3435 4271 desideratur.

2207 4283 2250 4317 ¹²
2281 4283 2527 4347 Quidam
2553 4283 2712 4349 editi,
2744 4283 2802 4339 et
2827 4300 2970 4340 mss.
3018 4284 3172 4347 libri.
3220 4285 3287 4341 de
3330 4286 3646 4344 Alexandro
3692 4286 3778 4343 di-

2126 4354 2469 4431 centequod,
2504 4359 2610 4431 etc.
2639 4354 2906 4431 _Philonis
2935 4360 3131 4412 autem
3150 4355 3311 4431 liber
3331 4359 3476 4431 _ipse
3498 4359 3625 4431 jam
3657 4375 3774 4414 non

2128 4423 2395 4498 habetur.
2416 4425 2946 4498 _Quiiqsubsequitur
2968 4444 3083 4483 non
3115 4427 3266 4485 alius
3291 4423 3521 4486 videtur
3578 4429 3651 4486 ab
3683 4446 3775 4497 eo,

2128 4495 2227 4566 qui
2275 4496 2429 4575 apud
2488 4495 2810 4575 .Philon‘en')‘
2854 4503 3209 4575 praenotatur
3240 4499 3386 4575 ⁸περὶ
3443 4503 3540 4575 τοῦ
3597 4495 3776 4555 πάντα

2130 4562 2418 4646 σπουδαῖον
2462 4566 2595 4646 εἶναι
2663 4562 2965 4641 ἐλεύθερον,
3028 4571 3177 4639 Quod
3234 4562 3373 4627 libér
3424 4574 3497 4628 sit
3542 4575 3777 4646 quisque

371 4634 755 4725 brariidaps‘u
774 4655 813 4725 vi
841 4637 1413 4725 legendumque-sive
1436 4638 1503 4692 de
1544 4637 1854 4725 divisione“
1881 4642 2016 4725 etc.‘.
2048 4659 2095 4723 D
2127 4640 2321 4725 virgulti
2345 4639 2590 4725 studens.

372 4705 451 4784 _i'ta
482 4705 1060 4784 enim‘_e_t_Euse'bius
1101 4705 1321 4784 jungit,
1369 4708 1432 4784 ﬂ
1472 4706 1596 4779 περὶ
1652 4713 1754 4784 τῇς
1815 4707 1891 4768 εἷς
1948 4709 2015 4761 τὰ

369 4773 476 4859 ἴσα,
510 4784 619 4834 etc.
654 4779 717 4861 Id
743 4780 943 4861 ipsum
971 4773 1341 4861 .ar‘guasvex.
1368 4773 2013 4861 Hieronym_i;_contextu

368 4850 466 4920 qui
502 4867 617 4925 non
650 4850 831 4925 addit,
862 4850 1103 4923 perinde
1121 4858 1296 4925 atque
1330 4851 1386 4925 in
1421 4850 2015 4925 czeleris_libris,unus

369 4925 470 4976 aut
497 4921 604 4977 duo
637 4946 651 4990 ;
687 4923 787 4978 sed
816 4921 1045 4979 tantum
1081 4921 1220 4993 liber
1247 4923 1407 4991 dicit,
1441 4921 1678 4978 tametsi
1711 4938 2013 4993 perperam

369 4993 609 5069 omnino
641 4993 1078 5069 Griecaversio,
1112 4992 1280 5069 λόγος
1316 4994 1410 5069 εἷς..

436 5064 457 5097 ⁴
488 5062 554 5118 Ηὶ
601 5068 797 5120 autem
846 5067 906 5122 in
957 5061 1217 5123 Philonis
1265 5064 1622 5121 editionibus
1672 5061 1825 5119 male
1867 5063 2011 5118 divi-

368 5133 530 5189 dilur
559 5136 614 5190 in
650 5137 819 5193 duos.
943 5181 951 5189 .

437 5205 590 5283 filio
607 5207 725 5283 _deo
752 5209 977 5278 jamdiu
1011 5208 1455 5283 interciderunt,
1488 5209 1543 5261 et
1574 5222 1680 5260 nec
1728 5203 1851 5276 ipse
1897 5207 2011 5262 Eu-

367 5276 570 5330 sebius
602 5276 847 5334 fortasse
874 5297 972 5335 eos
1001 5281 1229 5336 viderit.

371 5416 381 5426 '
435 5345 551 5470 “dln
583 5348 754 5404 editis
786 5350 1048 5407 Philonis
1107 5352 1203 5408 hic
1260 5364 1492 5422 quoque
1545 5347 1875 5420 discerptus
1923 5353 2012 5405 est

371 5434 426 5470 In
504 5434 627 5470 uos.

366 5434 426 5471 1n
460 5434 627 5472 01105.

433 5488 458 5566 7_
501 5488 727 5566 Mirmus
766 5492 935 5566 _Quod
989 5495 1306 5566 quandoque
1354 5492 1602 5566 somnia,
1653 5494 1763 5547 etc.
1808 5492 1886 5566 Ex
1916 5491 2009 5548 his

359 5558 621 5640 quinque
650 5558 818 5617 libris
845 5558 1093 5633 primus,
1127 5558 1374 5638 quartus
1425 5568 1482 5619 et
1505 5562 1750 5635 quintus
1801 5564 2005 5635 deper-

349 5646 496 5699 jere.

424 5703 444 5735 ⁸
503 5707 650 5775 Lege
697 5705 766 5758 in
811 5706 1059 5763 Exodum
1129 5724 1262 5764 cum
1331 5722 1473 5763 mss.
1554 5703 1770 5762 nostris
1818 5705 2009 5763 Pauca

2201 4710 2244 4745 ιδ
2281 4710 2440 4786 God._
2477 4709 2850 4786 Veronens,,_
2876 4713 2952 4767 De
2998 4715 3122 4786 vita~
3164 4718 3523 4784 nostrorum}
3547 4713 3614 4771 de
3668 4729 3775 4786 quo

2122 4795 2290 4857 supra
2314 4780 2585 4857 diximus,
2617 4787 2752 4846 etc.,
2802 4783 3044 4857 absque,
3106 4784 3263 4857 ιίζὶθν⁸
3302 4780 3493 4855 ιιηιιδ,⁷
3526 4802 3596 4841 ex
3626 4780 3773 4857 quo

2127 4851 2256 4907 falsi
2292 4852 2482 4978 magis
2512 4869 2713 4908 eorum
2763 4851 2961 4925 opinio
3004 4855 3388 4925 convincitur,
3437 4851 3540 4929 qui
3586 4851 3771 4914 alium

2127 4922 2385 4978 Philonis
2438 4924 2629 4978 ibrum
2689 4925 2957 4978 περὶτῆς
3011 4922 3295 4978 διαγωγῆς
3349 4931 3457 4978 τῶν
3518 4931 3771 4978 Χριστια-

2126 4922 2820 5007 Ρῂίίοηὶξῖξὺζυωηπερῖ
2855 4931 2957 5007 τῆς
3011 4922 3295 5007 διαγωγῆς
3349 4922 3473 4981 τῶν
3518 4931 3773 5007 Χριστιας

2124 4996 2251 5061 νῶν,
2284 4994 2819 5072 quiﬂinterciderit,
2875 4996 2971 5053 hic
3028 4994 3134 5055 abs
3190 4994 3772 5072 Hieronymo'innui

2123 5067 2440 5121 commenti
2469 5072 2629 5123 sunt.

2195 5138 2241 5173 ¹⁴
2266 5136 2754 5215 Interserendunl
2767 5139 3007 5215 omnino
3037 5144 3128 5215 est
3148 5139 3214 5215 ἢ,
3245 5145 3341 5197 aut
3384 5142 3769 5215 quemadmo-

2122 5208 2580 5283 dumﬁusebius
2613 5213 2669 5283 et
2701 5209 2858 5265 Philo
2887 5210 3040 5283 ipset
3069 5211 3264 5269 habet.

2197 5280 2238 5313 I5
2266 5280 2383 5353 Hos
2413 5280 2482 5353 de
2510 5281 2782 5353 Ebrietale
2809 5280 2929 5337 non
2958 5288 3221 5340 recenset
3268 5285 3398 5342 cod.
3444 5288 3662 5353 noster,
3712 5287 3772 5341 et

2119 5351 2383 5428 ineditis
2416 5351 2677 5428 Philonis
2697 5351 2768 5428 _i_n
2800 5370 2986 5428 unum
3018 5355 3301 5428 conjungi
3331 5356 3618 5428 invenias.

2195 5423 2236 5457 ¹⁶
2263 5424 2405 5499 _Hazc
2445 5422 2638 5499 videre
2696 5421 2828 5479 licet
2858 5423 2916 5479 in
2967 5421 3220 5499 editione
3244 5421 3433 5499 “Oper.
3487 5426 3763 5485 Philonis.

2119 5494 2281 5558 Quod
2314 5497 2508 5569 autem
2558 5494 2775 5550 librum
2835 5512 2904 5569 oe
2958 5494 3409 5569 Interpretatione
3465 5500 3765 5556 Hebraico-

2119 5581 2243 5619 rum
2271 5568 2586 5640 nominum,
2623 5582 2796 5640 quem
2824 5567 2950 5636 jam
3010 5585 3041 5624 e
3097 5567 3291 5626 Graeco
3348 5573 3622 5640 verterat,
3668 5570 3767 5626 hic

2118 5640 2439 5715 praetereat,
2473 5638 2606 5693 inde
2637 5638 2853 5715 laetum
2887 5643 3046 5710 puto,
3081 5642 3237 5713 quod
3262 5642 3389 5714 jam
3422 5642 3532 5700 sub
3557 5638 3762 5715 Orige-

2118 5708 2212 5764 nis
2244 5709 2479 5766 nomine
2512 5708 2700 5782 magis
2729 5708 2904 5767 notus
2934 5708 3108 5769 esset;
