3966 6404
185 323 297 399 κ,

1291 336 1527 408 LIBER
1568 337 1672 409 DE
1713 338 1929 412 VIRIS
1965 338 2508 413 ILLUSTRIBUS.

3481 330 3608 412 ea!

1657 496 1889 557 CAPUT
1923 499 2040 559 XII.

263 608 497 671 Λοὺκιος
549 610 773 672 ’Ἃννεος
818 608 1045 675 Σενέκας
1103 606 1561 687 Κορδουϐἠνσιος,
1623 613 1846 670 Σωτίω-

2032 615 2240 673 Lucius
2286 618 2543 673 Annaus
2586 616 2808 673 Seneca
2854 609 3601 685 Cordubensis,Sotionis‘

190 717 283 761 νος
336 703 586 754 Στωϊκοῦ
639 702 909 773 μαθητής,
939 700 1029 757 καὶ
1077 703 1221 765 θεῖος
1269 703 1406 776 πρὸς
1453 703 1656 776 πατρὸς
1704 710 1844 758 Λου-

188 792 357 844 κανοῦ
385 793 483 845 τοῦ
535 793 790 859 ποιητοῦ,
848 790 986 845 πάνυ
1045 791 1336 867 ἐγκρατής,
1394 792 1451 847 ’ὸν
1512 792 1572 847 οὐ
1630 794 1846 855 πάντως

189 876 561 952 κατηρίθμουν
596 876 648 933 ἐν
697 883 776 950 τῷ
821 877 1115 955 καταλόγῳ
1160 884 1268 935 τῶν
1322 880 1513 956 ἁγίων,
1566 882 1609 935 εἰ
1664 884 1736 955 μή
1793 883 1847 936 αἱ

192 964 480 1021 ἐπιστολαὶ
554 966 749 1022 τοὺτου
826 966 1163 1046 προῦτρεπον
1204 1015 1217 1040 ,
1277 972 1331 1025 αἱ
1408 972 1553 1046 παρὰ
1618 969 1844 1027 πολλῶν

192 1055 696 1130 ἀναγινωσκόμεναι
774 1055 993 1112 Παύλου
1052 1060 1199 1116 851
1263 1060 1398 1131 πρὸς
1475 1060 1700 1115 Σενέκαν
1756 1062 1845 1115 καὶ

193 1145 398 1199 Σενέκα
451 1145 587 1221 πρὸς
637 1144 874 1203 Παῦλον.
933 1148 1183 1221 Νέρωνος
1235 1145 1309 1201 ὣν
1361 1145 1706 1219 διδάσκαλος,
1757 1152 1845 1205 καὶ

190 1236 310 1289 κατ’
360 1233 534 1290 έκεῖνο
588 1240 782 1310 καιροῦ
837 1233 1083 1306 δυνατὸς,
1143 1235 1349 1313 ηὔχετο
1406 1243 1649 1293 τοιοῦτον
1702 1234 1844 1316 ἔχειν

190 1325 337 1398 παρά
394 1328 512 1387 τοῖς
571 1320 732 1386 ἰδίοις
787 1324 952 1380 τόπον
993 1370 1006 1396 ,
1067 1327 1179 1380 οἷον
1238 1326 1457 1388 Παῦλος
1528 1329 1674 1402 παρά
1729 1335 1846 1391 τοῖς

189 1412 581 1488 Χριπιανοίς.
642 1413 811 1477 Οὗτος
873 1415 979 1488 πρὸ
1030 1414 1285 1470 ἐνιαυτῶν
1347 1412 1444 1471 δὺο
1500 1421 1599 1471 τοῦ
1656 1418 1844 1472 παθεῖν

188 1500 318 1565 τούς
378 1500 719 1565 ἀποστόλους
749 1503 951 1581 Πέτρον
999 1505 1090 1560 καὶ
1141 1501 1356 1562 Πσῦλον
1405 1507 1552 1582 παρά
1598 1506 1845 1585 Νέρωνος

190 1590 423 1671 ἐσφάγη.

1957 705 2136 763 Stoici
2166 704 2516 779 discipulus,
2549 710 2607 762 et
2637 710 2880 779 patruus
2912 704 3123 762 Lucani
3169 710 3374 778 poeta,
3425 705 3608 763 conti-

1956 795 2315 852 nentissime:
2346 795 2481 851 vitae
2518 796 2649 862 fuit,
2683 811 2860 868 quem
2892 812 3007 851 non
3038 809 3315 867 ponerem
3344 793 3406 850 in
3436 794 3606 851 Cata-

1956 884 2087 957 logo
2118 885 2468 941 Sanctorum
2498 885 2540 954 ²,
2574 884 2688 940 nisi
2715 900 2811 941 me
2841 883 2954 939 illa:
3006 882 3278 956 Epistolas
3327 899 3603 957 provoca-

1956 976 2106 1042 rent,
2141 989 2265 1046 quze
2298 973 2574 1046 leguntur
2600 990 2633 1029 a
2661 972 2937 1046 plurimis
2968 973 3122 1030 852
3176 972 3339 1030 Pauli
3390 972 3463 1029 ad
3503 974 3604 1030 Se-

1957 1078 2183 1131 necam,
2216 1065 2274 1118 et
2303 1063 2535 1119 Senecae
2564 1063 2587 1097 ³
2607 1062 2679 1118 ad
2708 1061 2978 1118 Paulum.
3014 1064 3077 1119 In
3110 1062 3489 1134 quibus,cum
3518 1078 3609 1119 es-

1957 1155 2045 1208 set
2071 1152 2318 1209 Neronis
2346 1152 2648 1225 magister,
2681 1155 2739 1207 et
2767 1151 2928 1207 illius
2978 1151 3268 1225 temporis
3320 1150 3603 1223 potentis-

1957 1241 2167 1307 simus,
2200 1245 2399 1314 optare
2428 1257 2491 1296 se
2521 1240 2663 1296 dicit
2708 1240 2730 1274 ⁸
2760 1241 2890 1312 ejus
2929 1257 3059 1297 esse
3088 1239 3197 1297 loci
3231 1241 3385 1313 apud
3435 1256 3597 1306 suos,

1956 1331 2128 1401 cujus
2150 1329 2227 1385 sit
2257 1328 2473 1386 Paulus
2504 1330 2659 1401 apud
2690 1328 3072 1386 Christianos.
3108 1328 3213 1385 Hic
3253 1332 3390 1385 ante
3438 1329 3604 1386 bien-

1957 1418 2123 1474 nium
2155 1435 2334 1490 quam
2368 1418 2572 1474 Petrus
2601 1422 2658 1473 et
2689 1418 2903 1474 Paulus
2934 1421 3354 1479 coronarentur
3386 1421 3607 1492 marty-

1958 1507 2044 1564 rio
2076 1508 2117 1575 δ,
2148 1523 2182 1564 a
2211 1506 2450 1566 Nenone
2479 1506 2825 1565 interfectus
2852 1511 2959 1567 est.

1653 1724 1885 1783 CAPUT
1920 1724 2063 1783 XIII.

258 1844 528 1916 Ἰώσηπος
604 1845 844 1903 Ματθίου
919 1847 1036 1911 υἱὸς
1071 1892 1084 1917 ,
1144 1845 1536 1923 Ἱεροσολύμων
1615 1848 1793 1925 ἱερεύς
1829 1894 1842 1920 ,

2025 1851 2320 1925 Josephus
2350 1850 2605 1908 Matthiae
2636 1849 2793 1907 filius
2843 1850 2886 1916 ⁸,
2919 1866 2989 1906 ex
3032 1849 3455 1924 Hierosolmyis
3504 1867 3603 1908 sa-

187 1936 336 2010 παρά
391 1933 793 1991 Οὐεσπασιανοῦ
870 1934 1037 2000 ἁλούς
1072 1982 1087 2008 ,
1151 1940 1285 2011 μετά
1339 1938 1499 1993 Τίτου
1572 1943 1668 1993 τοῦ
1727 1940 1848 1993 υἱοῦ

187 2022 356 2080 αὐτοῦ
423 2023 748 2105 κατελείφθη
788 2069 800 2081 .
862 2032 955 2088 Ὃς
1019 2026 1094 2089 εἷς
1152 2027 1367 2101 Ῥώμην
1430 2025 1601 2083 ἐλθὼν
1638 2072 1652 2097 ,
1716 2026 1849 2082 ἑπτὰ

188 2110 395 2189 λόγους
424 2120 527 2184 τῆς
573 2111 879 2185 Ἰουδαϊκῆς
927 2112 1187 2178 ἁλώσεως
1245 2121 1362 2177 τοῖς
1422 2113 1518 2170 δὺο
1568 2114 1848 2191 βασιλευσι

189 2206 272 2275 τῷ
326 2221 387 2256 τε
436 2203 601 2277 πατρὶ
652 2204 743 2259 καὶ
799 2208 879 2275 τῷ
936 2205 1038 2276 υἱῴ
1067 2206 1458 2279 προσήνεγκεν,
1510 2203 1707 2267 οἵτινες
1757 2205 1847 2260 καὶ

187 2295 259 2365 τῇ
320 2288 565 2365 δημοσίᾳ
622 2287 952 2368 βιϐλιοθήκῃ
1009 2291 1407 2368 παρεδόθησαν,
1465 2295 1555 2349 καὶ
1611 2292 1699 2350 διὰ
1744 2298 1843 2365 τήν

190 2375 347 2452 δόξαν
393 2388 498 2451 τῆς
548 2380 768 2458 εὐφυΐας
829 2380 1145 2458 ἀνδριάντος
1203 2384 1432 2454 ἠξιώθη.
1494 2386 1735 2459 Ἔγραψε
1790 2381 1847 2439 δὲ

187 2471 420 2540 καὶτῆς
461 2469 891 2547 ’Δρχαιολογίας
941 2469 1145 2547 λόγους
1191 2470 1382 2542 εἷ’κοσι,
1441 2474 1546 2528 ἀπὸ
1596 2480 1699 2542 τῆς
1749 2477 1845 2527 τοῦ

186 2558 399 2633 κόσμου
445 2560 624 2637 ἀρχῆς
680 2557 786 2624 ἕως
837 2558 1415 2634 τεσσαρεσκαιδεκάτου
1475 2557 1628 2624 ἔτους
1681 2570 1846 2635 Δομι-

183 2652 374 2703 τιανοῦ
402 2648 691 2723 Καίσαρος,
721 2650 812 2704 καὶ
839 2646 935 2705 δὺο
964 2650 1362 2727 Ἀρχαιότητος
1406 2652 1543 2705 κατὰ
1572 2652 1844 2714 ’Δπίωνος

185 2742 577 2812 γραμματικοῦ
661 2736 1077 2814 Ἀλεξανδρέως
1148 2784 1162 2810 ,
1241 2741 1302 2802 ’ὸς
1385 2739 1473 2795 ἐπὶ

185 2821 527 2901 πρεσϐευτής
586 2825 912 2891 ἀποσταλεὶς
964 2829 1110 2903 παρὰ
1154 2832 1261 2883 ¹τοῦ
1324 2829 1523 2904 μέρους
1566 2834 1675 2883 τῶν
1709 2828 1843 2884 ἐθνι-

183 2920 296 2971 κῶν
335 2960 350 2986 ,
405 2916 542 2971 κατᾶ
617 2915 872 2980 Φίλωνος
928 2915 1094 2993 λόγον
1165 2919 1491 2994 περιέχοντα
1564 2920 1844 2993 κατάγνω-

188 3027 273 3061 σιν
330 3010 441 3061 τῶν
498 3003 774 3063 Ἰουδαίων
830 3005 1080 3082 ἔγραψεν.
1131 3007 1284 3062 ’Ἐστι
1334 3007 1425 3062 καὶ
1476 3005 1648 3070 ἄλλος
1678 3008 1841 3062 αὐτοῦ

188 3093 362 3170 λόγος
390 3096 516 3170 περὶ
575 3095 984 3171 Αὐτοκράτορος
1044 3094 1338 3172 λογισμοῦ,
1373 3095 1641 3171 ἐξαίρετος
1679 3099 1840 3166 πάνυ,

189 3183 296 3257 ένῷ
352 3184 442 3240 καὶ
497 3189 594 3239 τοῦ
664 3186 868 3248 πάθους
943 3186 1051 3241 τῶν
1126 3182 1488 3241 Μακκαϐαίων
1570 3186 1834 3259 ἐμνήσθη.

188 3273 360 3336 Οὗτος
445 3272 496 3329 έν
582 3278 661 3347 τῷ
746 3271 1194 3346 ὀκτωκαιδεκάτῷ
1236 3281 1336 3344 τῆς
1412 3273 1841 3352 Ἀρχαιολογίας

189 3360 348 3438 λόγῳ
378 3367 624 3441 φανερῶς
655 3361 945 3440 ὁμολογεῖ,
980 3361 1069 3419 διὰ
1096 3365 1185 3418 τὸν
1237 3360 1399 3439 ὄγκον
1448 3368 1556 3418 τῶν
1598 3364 1841 3437 σημείων

187 3453 281 3507 τὸν
314 3453 542 3527 Χριστὸν
599 3451 864 3531 έσφάχθαι
916 3454 1063 3527 παρά
1120 3453 1453 3528 Φαρισαίων,
1512 3454 1601 3507 καὶ
1660 3454 1843 3508 Ἰωάν-

193 3563 297 3612 νην
351 3542 442 3597 τὸν
500 3544 805 3613 Βαπτιστήν
866 3541 1090 3614 ἀληθῶς
1157 3544 1451 3619 γεγνῆσθαι
1506 3544 1793 3621 προφήτην
1831 3587 1845 3611 ,

193 3631 289 3685 καὶ
346 3627 435 3686 διὰ
488 3633 590 3703 τήν
663 3634 875 3710 σφαγήν
936 3625 1198 3688 Ἰακώϐου
1262 3636 1360 3686 τοῦ
1420 3629 1727 3686 ἀποστόλου
1783 3632 1851 3685 τὰ

194 3718 555 3795 Ἰεροσόλυμα
625 3722 996 3797 πεπορθῆσθαι
1045 3764 1057 3777 .
1115 3723 1359 3795 Ἔγραψε
1428 3717 1488 3775 δὲ
1561 3722 1651 3776 καὶ
1726 3721 1850 3794 περὶ

268 3917 869 3992 [Perperamlegunt
896 3920 1081 3974 Fotim‘
1109 3919 1224 3974 duo
1274 3919 1506 3975 codices
1554 3918 1760 3992 nostri,
1795 3922 1852 3974 et

195 3989 749 4065 quibus‘Honorius'
768 4006 913 4065 usus
930 3995 1033 4065 est
1065 3994 1357 4065 {Graecus
1387 4007 1622 4063 quoque
1665 3991 1851 4065 inter-

238 4079 334 4119 res
360 4060 499 4118 olim
526 4061 780 4135 gditjovm
792 4063 1047 4135 legebat.
1080 4063 1153 4117 At
1195 4060 1476 4135 Sotionem
1506 4060 1679 4135 vocat
1710 4062 1852 4135 ipse

238 4080 334 4119 res
360 4080 499 4118 cum
532 4080 772 4130 ςωςοντα
800 4080 1047 4135 legebat.
1080 4080 1153 4117 AI.
1195 4080 1476 4119 sationem
1510 4080 1679 4118 vocat.
1726 4080 1850 4134 ipse

194 4080 415 4194 Seneca
446 4133 740 4217 epistula,
768 4132 938 4217 ill-um
970 4149 1184 4217 nempe
1209 4133 1667 4217 Alexandrinum
1698 4134 1850 4217 Stoi-

195 4221 357 4289 cum,
405 4203 581 4289 cuius
631 4205 769 4289 ipse.
824 4205 1061 4289 H‘ier‘on,
1110 4203 1188 4260 ad
1233 4221 1327 4289 an.
1378 4206 1451 4260 55
1492 4203 1742 4276 Augusti
1790 4203 1849 4258 in

199 4275 800 4349 Chronico‘meminit,
831 4281 890 4333 et
920 4275 1184 4349 plerique
1214 4275 1333 4331 alii.

269 4349 293 4384 ²
348 4347 475 4419 Non
533 4348 864 4405 Sanctorum
920 4345 1020 4404 sed
1058 4345 1475 4419 “'Tractatorum
1517 4345 1659 4419 legit
1702 4362 1851 4419 prae-

198 4418 608 4492 stantissimus
635 4419 823 4476 Vatic.
857 4420 983 4492 342,
1020 4417 1161 4475 olim
1202 4418 1479 4492 Reginae,
1519 4417 1852 4492 quam—ego

197 4491 515 4548 lectionem
545 4490 718 4563 longe
747 4491 1013 4563 praefero,
1042 4495 1100 4546 et
1136 4489 1674 4563 AHieronymianam
1705 4490 1852 4545 duco

198 4578 354 4644 esse,
384 4562 618 4644 tametsi
639 4561 1714 4644 Pseudosophrpnius,quiinsubinde
1735 4577 1855 4644 cor-

199 4639 454 4717 ruptum
479 4633 816 4717 Hiergnymi
845 4632 1145 4717 exemplar
1174 4632 1399 4705 incidit,
1437 4633 1856 4717 interpretatur

197 4703 309 4778 τῶν
362 4703 556 4778 ἁγίων.
623 4703 891 4762 Fortasse
955 4703 1346 4777 Hieronymus
1382 4703 1727 4778 scripserat
1794 4706 1854 4759 in

199 4776 528 4835 Sanctorum
556 4778 812 4846 Gatalogo
842 4776 1235 4843 Tractatorum,
1291 4792 1406 4847 quo
1455 4776 1692 4833 nomine
1723 4792 1856 4831 cen-

199 4848 318 4906 seri
348 4853 600 4921 possunt
629 4866 746 4905 non
771 4849 991 4905 Seneca
1019 4852 1253 4903 tantum
1304 4852 1362 4903 et
1408 4847 1594 4921 Philo,
1627 4847 1753 4921 sed
1802 4850 1859 4901 et

198 4918 765 4993 heresiarchzeipsi,
800 4935 915 4993 quo
957 4923 1248 4984 numerat,
1301 4923 1369 4993 et
1406 4918 1677 4993 quisquis
1725 4923 1854 4974 tan-

197 4992 337 5049 dem
370 4992 442 5049 de
474 4989 859 5048 sacris'rebus
895 4990 1125 5047 locutus
1177 4994 1285 5046 est.
1338 4990 1448 5045 Sed
1491 4989 1673 5046 altera
1720 5005 1856 5045 voce

198 5063 462 5131 exclusa,
495 5067 686 5120 totum
718 5062 976 5120 liberarii
1007 5078 1335 5133 corrupere.

272 5135 296 5170 ³
323 5133 646 5192 Veronens.
679 5136 773 5191 aut
813 5135 1033 5191 Seneca.
1087 5131 1331 5189 Exstant
1377 5131 1698 5187 hodiedum
1746 5131 1855 5186 illae

194 5206 498 5280 Epistolas,
532 5207 797 5280 quinque
826 5206 952 5280 sub,
969 5203 1133 5280 Pauli
1165 5203 1424 5280 nomine,
1458 5209 1586 5259 octo
1618 5203 1728 5260 sub
1760 5203 1858 5259 Se-

198 5276 383 5361 necae,
415 5276 671 5351 illasque
700 5276 1121 5361 'supposilitnias
1170 5277 1429 5361 fatentur
1471 5292 1675 5361 omnes
1704 5292 1717 5341 ;
1752 5291 1856 5361 nec

199 5345 599 5432 βίοι-σηπιμέ
628 5345 919 5432 genuinas
949 5349 1235 5432 afﬁrmat,
1274 5347 1373 5432 sed
1408 5352 1636 5432 tantum
1684 5345 1855 5432 vulgo

197 5418 501 5506 habqrijet
530 5418 664 5506 legi:
697 5420 937 5506 Illarum
971 5418 1244 5476 meminit
1275 5419 1451 5474 etiam
1503 5419 1562 5475 S.
1605 5418 1853 5491 August.

198 5491 467 5567 Epistola
499 5494 570 5549 ad
591 5491 1037 5549 Macedoniam.

210 5641 218 5643 Α
272 5566 297 5601 ⁴
325 5563 590 5643 Epistola
622 5568 787 5643 sexta
815 5568 1042 5643 Senecas
1072 5561 1145 5618 ad
1192 5559 1452 5643 Paulum
1487 5578 1500 5616 :
1537 5561 1643 5629 Qui
1682 5576 1854 5626 meus,

199 5634 592 5710 tuusgdpudgte
621 5637 789 5710 locus,
810 5637 923 5710 qui
948 5638 1098 5710 tuas,
1121 5634 1380 5710 velimiu
1406 5648 1579 5710 meus,

270 5710 296 5746 ⁸
314 5703 475 5766 Puta
500 5706 726 5766 Christi
755 5703 847 5779 66;
879 5723 949 5766 ex
974 5703 1311 5778 Aieronymi
1342 5709 1640 5777 computo.

1559 2738 1846 2816 Καλιγόλα
1908 2748 1915 2765 ‘

1959 1941 2185 2010 cerdos,
2217 1957 2252 1996 a
2279 1941 2639 2013 Vespasiano
2671 1944 2899 2013 captus,
2932 1956 3066 1997 cum
3111 1940 3242 1996 Tito
3291 1938 3412 1996 filio
3466 1941 3600 2012 ejus

1959 2030 2199 2087 relictus
2230 2034 2337 2087 est.
2385 2029 2489 2087 Hic
2538 2034 2783 2086 Romam
2832 2029 3094 2100 veniens,
3142 2033 3367 2102 septem
3414 2028 3600 2086 libros

1956 2119 2215 2176 Judaicae
2261 2119 2613 2191 captivitatis
2662 2118 3118 2191 imperatoribus
3170 2118 3322 2192 patri
3370 2118 3610 2192 filioque

1957 2207 2189 2276 obtulit,
2224 2208 2325 2281 qui
2358 2212 2414 2264 et
2443 2207 2808 2265 bibliotheca
2850 2206 3097 2280 publicae
3143 2207 3344 2265 traditi
3392 2212 3534 2265 sunt
3561 2209 3603 2277 ⁷,

1957 2303 2016 2354 et
2045 2299 2117 2354 ob
2150 2297 2371 2370 ingenii
2398 2295 2644 2370 gloriam
2676 2300 2935 2353 statuam
2966 2312 3201 2369 quoque
3241 2297 3459 2353 meruit
3488 2298 3600 2353 Ro-

1956 2402 2086 2442 mae.
2120 2385 2368 2459 Scripsit
2397 2389 2594 2442 autem
2626 2389 2684 2441 et
2728 2383 2876 2441 alios
2933 2386 2955 2419 ⁵
3010 2382 3217 2458 viginti
3272 2384 3608 2458 Antiquita-

1955 2479 2083 2532 tum
2114 2474 2319 2543 libros,
2355 2475 2426 2531 ab
2453 2473 2687 2531 exordio
2718 2474 2924 2530 mundi
2956 2490 3144 2545 usque
3188 2474 3260 2529 ad
3310 2473 3608 2531 decimum

1955 2569 2232 2637 quartum
2283 2580 2506 2620 annum
2564 2562 2883 2619 Domitiani
2949 2562 3193 2619 Caesaris
3244 2564 3286 2635 ο,
3344 2566 3401 2619 et
3459 2564 3610 2620 duos

1955 2651 2373 2729 Ἀρχαιότητος,
2421 2653 2734 2709 adversum
2777 2652 3101 2725 Appionem
3150 2651 3606 2725 grammaticum

1953 2741 2440 2812 Alexandrinum,
2472 2740 2573 2813 qui
2625 2741 2736 2797 sub
2787 2738 3066 2813 Caligula
3112 2739 3341 2813 legatus
3386 2740 3608 2799 missus

1952 2848 2023 2888 ex
2050 2835 2217 2904 parte
2243 2829 2584 2900 Gentilium,
2617 2835 2821 2886 contra
2853 2829 3110 2886 Pilonem
3141 2829 3320 2888 etiam
3349 2829 3591 2900 librum,

1950 2919 2440 2992 vituperationem
2470 2918 2663 2992 gentis
2690 2917 2945 2975 Judaica:
2977 2918 3400 2987 continentem,
3449 2919 3600 2975 scri-

1950 3014 2165 3080 pserat.
2197 3007 2359 3065 Alius
2389 3023 2623 3080 quoque
2653 3006 2802 3083 liber
2829 3007 3088 3079 ejus,qui
3113 3006 3455 3064 inscribitur
3472 3007 3598 3083 περὶ

1951 3096 2363 3172 Αὐτοκράτορος
2422 3092 2716 3170 λογισμοῦ,
2792 3095 2958 3151 valde
3030 3094 3268 3168 elegans
3325 3095 3594 3163 habetur,

1954 3187 2013 3242 in
2045 3203 2162 3258 quo
2193 3191 2250 3241 et
2287 3184 2757 3241 Macbabceorum
2803 3187 2944 3239 sunt
3016 3183 3245 3257 digesta
3291 3183 3590 3257 martyris.

1952 3274 2057 3330 Hic
2088 3274 2147 3329 in
2179 3273 2404 3329 decimo
2435 3276 2634 3329 octavo
2665 3272 3100 3345 Antiquitatum
3156 3270 3306 3328 libro
3356 3271 3598 3328 manife-

1953 3363 2215 3420 stissime
2245 3363 2573 3430 confitetur,
2597 3366 2834 3435 propter
2878 3360 3349 3434 magnitudinem
3397 3361 3595 3435 signo-

1956 3469 2087 3508 rum
2118 3451 2417 3508 Christum
2449 3467 2484 3505 a
2520 3449 2824 3507 Pharisaeis
2874 3449 3271 3520 interfectum,
3320 3455 3381 3508 et
3422 3450 3599 3508 Joan-

1958 3559 2091 3598 nem
2121 3540 2445 3613 Baptistam
2472 3557 2602 3597 vere
2633 3539 2980 3612 prophetam
3010 3539 3244 3607 fuissse,
3286 3541 3344 3595 et
3368 3542 3606 3613 propter

1958 3628 2422 3687 interfectionem
2451 3628 2653 3685 Jacobi
2683 3626 2932 3700 apostoli
2963 3627 3006 3663 ¹⁰
3034 3627 3294 3683 dirutam
3333 3627 3605 3684 Hieroso-

1962 3719 2204 3792 lymam.
2238 3717 2490 3790 Scripsit
2519 3720 2714 3774 autem
2747 3716 2819 3772 de
2847 3715 3097 3773 Domino
3128 3715 3170 3750 ¹¹
3199 3714 3260 3771 in
3303 3714 3461 3772 hunc
3487 3729 3609 3771 mo-

2027 3916 2048 3950 ⁶
2074 3915 2373 3971 Hactenus
2403 3914 2543 3971 editi
2573 3930 2640 3970 ac
2673 3927 2973 3983 mss.quos
3003 3911 3376 3983 Martianasus
3405 3910 3603 3983 sequi-

1960 3990 2078 4053 tur,
2108 3985 2446 4057 Matthathizf
2476 4003 2490 4051 ;
2525 3989 2583 4041 at
2610 3982 2923 4057 legendum
2954 3982 3293 4057 cum_aliis,
3323 3982 3600 4057 Mattﬂiae,

1961 4057 2228 4131 probavit
2254 4056 2544 4131 Valesius,
2575 4058 2633 4131 in
2665 4054 2821 4131 notis
2852 4055 2924 4110 ad
2958 4054 3166 4131 Euseb.
3199 4054 3239 4110 l.
3274 4072 3359 4131 ιιι.
3391 4071 3442 4122 c,
3474 4055 3528 4110 9.

2032 4130 2052 4163 ⁷
2087 4127 2379 4201 Josephus
2410 4121 2635 4201 libﬁde
2692 4126 2818 4201 Vita
2870 4142 2997 4193 sua,
3058 4121 3434 4201 δημοσιεῦσαι
3470 4144 3602 4201 προ-

1962 4200 2197 4272 σέταζεν,
2226 4198 2354 4272 quaa
2412 4199 2589 4272 haud
2630 4198 2774 4254 satis
2822 4198 3606 4272 commodehredduntur}

1962 4268 2331 4344 Hieronymo,
2365 4269 2718 4344 Bibliotheca?
2752 4270 2990 4341 publicae
3033 4269 3230 4344 tr_a_dili
3277 4273 3408 4344 sunt
3449 4286 3472 4332 ,·
3519 4268 3603 4324 di-

1960 4341 2482 4413 xisset,'Pr&2cepit,
2510 4346 2573 4398 ut
2601 4342 3020 4413 vulgarentur;
3058 4342 3228 4413 Titus
3270 4341 3428 4397 enim
3474 4356 3604 4413 pro-

1962 4415 2090 4486 pria
2120 4431 2310 4469 manu.
2331 4411 2555 4486 aliquot
2582 4411 2757 4469 verba
2783 4411 3026 4485 Josephi
3056 4412 3222 4486 libris
3238 4411 3606 4486 ascripserit,

1962 4480 2180 4558 quibus
2207 4480 2519 4552 constaret,
2548 4501 2686 4541 vera
2713 4500 2843 4541 esse
2872 4480 2999 4556 quae
3036 4484 3108 4540 de
3164 4483 3315 4540 bello
3372 4480 3432 4538 in
3484 4480 3603 4537 illis

1964 4557 2195 4629 prodita
2222 4561 2408 4612 erant.
2661 4566 2664 4570 λ

2035 4629 2056 4662 ³
2089 4628 2238 4684 Illud
2270 4629 2482 4684 etalios
2515 4644 2631 4682 non
2664 4625 2838 4682 habet
2866 4624 3247 4697 praetentiss.
3287 4624 3467 4680 codex
3495 4638 3605 4679 no-

1883 4672 1931 4736 D
1963 4705 2103 4764 stcr,
2133 4716 2242 4755 nec
2274 4700 2509 4757 Graecus
2539 4698 2827 4770 interpres
2858 4672 3112 4770 agnovit.

2039 4774 2060 4806 ο
2088 4771 2307 4827 Asolvit
2336 4771 2597 4840 quidem,
2646 4766 2940 4840 ediditque
2973 4767 3214 4840 decimo
3265 4766 3439 4840 tertio
3482 4779 3612 4840 rver-

1966 4847 2128 4898 tente
2167 4860 2320 4898 anno
2352 4837 2668 4898 Domitiani
2698 4839 2941 4896 Caesaris
2972 4837 3153 4909 libros
3174 4838 3607 4909 Antiquitatum,

1967 4914 2070 4986 sed
2102 4931 2227 4986 quae
2256 4915 2326 4969 ad
2359 4913 2780 4986 duodecimum
2792 4982 2801 4986 _
2820 4914 3051 4966 tantum
3108 4907 3353 4965 Neronis
3375 4980 3390 4986 _
3410 4922 3608 4986 perve-

1966 4979 2157 5041 niunt.
2194 4985 2415 5041 Fefellit
2446 4986 2694 5041 fortasse
2736 4981 3179 5052 Hieronymum,
3238 4980 3394 5052 quod
3414 4979 3610 5052 “Jose-

1965 5057 2121 5130 phus
2153 5058 2211 5130 in
2232 5057 2360 5130 ﬁne
2392 5056 2697 5129 pollicetur
2726 5050 3085 5130 scripturum
3128 5068 3210 5118 se,
3241 5050 3357 5107 Deo
3390 5050 3606 5130 dante,

1965 5120 2094 5200 quae
2122 5129 2194 5183 ab
2229 5127 2329 5183 illo
2362 5120 2633 5200 tempore
2663 5120 3053 5200 contigerunt,
3099 5138 3287 5196 usque
3338 5122 3411 5178 ad
3432 5120 3611 5200 deci-

1967 5146 2094 5200 quae
2122 5146 2194 5183 an
2229 5146 2329 5183 mo
2362 5146 2474 5183 tem
2524 5146 2622 5183 ore
2663 5146 3053 5195 contigerunt,
3100 5146 3287 5196 usque
3338 5146 3411 5178 au
3460 5146 3611 5177 αυυι-

1967 5216 2131 5255 mum
2180 5200 2419 5256 tertium
2472 5146 2788 5255 ἰςοωὶίὶαοὶ
2836 5193 3079 5266 Gesseris
3107 5211 3349 5266 pannum
3384 5210 3409 5266 εΔ
3431 5192 3611 5266 Μέχρι

1964 5277 2066 5339 τῆς
2096 5274 2187 5342 νῦν
2239 5271 2538 5339 ἐνεστώσης
2584 5269 2796 5342 ἡμέρας
2838 5264 2963 5342 ἥτις
3013 5263 3124 5342 ἐστὶ
3169 5260 3611 5338 τρισκαιδεκάτου

1970 5335 2064 5415 μὲν
2099 5335 2249 5404 ἔτους
2280 5348 2381 5410 τῆς
2414 5335 2744 5413 Λομιτιανόῦ
2776 5335 3039 5410 Καίσαρος
3074 5335 3274 5412 ἀρχῆς.

2040 5416 2083 5450 ¹⁰
2114 5414 2193 5469 De
2222 5413 2331 5469 hoc
2363 5430 2562 5469 supra.
2593 5428 2722 5469 can.
2743 5413 2798 5463 2.

2163 5431 2193 5470 ϐ
2224 5429 2331 5470 [100
2363 5430 2562 5476 supra.
2593 5429 2722 5476 08D.
2744 5429 2798 5463 Ζ.

2062 5428 2083 5449 υ
2114 5428 2193 5470 ue
2224 5428 2331 5470 noc
2363 5430 2562 5485 supra.
2593 5428 2722 5483 cap.
2743 5428 2798 5463 z.

2058 5486 2096 5521 ¹¹
2130 5487 2359 5558 Scripsit
2390 5489 2572 5558 autem
2599 5484 2664 5558 de
2695 5481 2943 5558 Domino.
2976 5478 3169 5558 tiabes
3200 5479 3314 5558 hic
3365 5478 3611 5558 famosis

1966 5557 2183 5613 simum
2216 5550 2456 5627 Iosephi
2486 5556 2556 5611 de
2586 5554 2814 5627 Christo
2838 5552 3085 5607 Domino
3103 5551 3507 5627 testimonium
3531 5550 3615 5627 in-

1967 5628 2239 5707 l_inguam.
2263 5622 2632 5707 Latinamab
2658 5625 3009 5707 Hieronymo
3040 5622 3397 5707 translatum
3449 5626 3618 5678 tanta

1966 5694 2282 5756 Prudentia
2311 5716 2377 5756 ac
2407 5697 2757 5765 eruditione,
2789 5699 2856 5751 ut
2880 5694 3003 5753 illis
3034 5694 3397 5756 antevenerit
3410 5708 3616 5753 omnes
