3966 6392
354 319 479 403 8θῖ

1488 346 1493 355 -
1606 318 1672 388 s.
1716 319 2031 390 esseea
2072 315 2519 413 nicaonrui

3643 303 3773 383 668

356 460 526 517 ﬁunt.
559 456 846 532 Iniquitas
889 461 1087 517 autem
1134 471 1339 515 eorum
1389 472 1520 514 mea
1572 457 1839 514 doctrina
1888 460 1999 525 est,

2117 452 2309 518 οἵτινες
2354 453 2444 509 καὶ
2502 452 2636 527 μετὰ
2688 447 2991 529 εὐεργεσίαν
3051 446 3298 529 χείρονες
3355 444 3635 526 γίνονται.
3690 445 3759 505 Δὶ

362 548 464 605 sed
506 564 622 604 non
678 548 895 606 idcirco
944 548 1307 621 justificatus
1364 562 1519 603 sum.
1564 546 1801 603 Utinam
1849 547 2009 603 fruar

359 636 585 703 bestiis,
637 653 767 710 qua
818 637 964 693 mihi
1013 641 1153 693 sunt
1199 640 1552 708 praeparata,
1605 653 1755 707 quas
1802 640 1857 691 et
1907 652 2007 691 oro

358 724 502 781 mihi
537 725 682 783 857
721 726 946 783 veloces
976 741 1105 782 esse
1133 725 1204 780 ad
1237 725 1563 793 interitum,
1610 729 1667 780 et
1707 724 1957 781 alliciam
1990 725 2005 758 ¹

359 830 460 871 cas
490 814 562 870 ad
590 815 1014 871 comedendum
1048 830 1159 878 me,
1185 830 1257 869 ne
1298 813 1451 868 sicut
1490 812 1740 869 aliorum
1790 819 2006 886 marty-

359 920 513 973 rum,
549 921 663 960 non
694 903 947 959 audeant
991 918 1202 975 corpus
1241 918 1436 957 meum
1486 902 1789 975 attingere.
1842 902 2005 967 Quod

358 994 410 1049 si
434 992 633 1049 venire
662 990 975 1059 noluerint,
1007 1007 1112 1061 ego
1159 990 1277 1045 vim
1311 990 1542 1057 faciam,
1584 1008 1688 1062 ego
1722 1007 1815 1047 me
1844 990 2003 1063 inge-

358 1097 509 1149 ram,
571 1084 632 1135 ut
690 1080 951 1135 devorer.
1013 1079 1299 1151 Ignoscite
1358 1078 1523 1145 mihi,
1587 1078 1750 1134 filioli
1802 1096 1814 1133 :
1867 1079 2006 1151 quid

364 1168 510 1225 mihi
542 1168 747 1241 prosit,
797 1184 902 1239 ego
951 1167 1091 1223 scio.
1143 1171 1309 1223 Nunc
1359 1167 1572 1240 incipio
1616 1166 1830 1224 Christi
1878 1183 2007 1223 esse

357 1255 688 1330 discipulus
716 1254 912 1324 ’,nihil
943 1257 1014 1312 de
1043 1254 1134 1311 his
1166 1272 1293 1327 qua
1322 1256 1594 1311 videntur
1620 1256 1960 1313 desiderans
1984 1255 2007 1289 ³

356 1351 423 1401 ut
447 1345 653 1402 Jesum
684 1344 984 1400 Christum
1016 1344 1329 1400 inveniam.
1380 1344 1558 1416 Ignis,
1593 1361 1753 1413 crux,
1785 1345 2004 1409 bestia,

356 1434 676 1491 confractio
706 1434 953 1501 ossium,
1005 1435 1405 1490 membrorum
1451 1433 1681 1504 divisio,
1722 1439 1779 1490 et
1827 1434 2006 1489 totius

354 1522 618 1597 corporis
648 1522 1003 1589 contritio,et
1033 1525 1157 1579 tota
1185 1523 1207 1556 ‘
1237 1527 1532 1579 tormenta
1561 1521 1796 1591 diaboli,
1830 1522 1890 1578 in
1915 1539 2007 1577 me

351 1613 609 1680 veniant,
643 1616 874 1668 tantum
906 1614 971 1667 ut
997 1610 1225 1667 Christo
1274 1611 1454 1667 fruar.
1496 1633 1524 1661 ››
1575 1611 1838 1684 Cumque
1874 1611 2003 1683 jam

366 1703 682 1758 damnatus
712 1705 869 1757 esset
896 1700 967 1756 ad
1001 1699 1243 1767 bestias,
1275 1700 1480 1756 ardore
1527 1699 1809 1773 patiendi,
1868 1715 2002 1755 cum

360 1789 659 1864 rugientes
674 1787 903 1845 audiret
933 1787 1241 1857 leones,ait
1271 1805 1283 1843 :
1317 1788 1750 1844 «Frumentum
1781 1786 1996 1844 Christi

353 1895 512 1947 sum,
542 1878 818 1935 dentibus
847 1877 1170 1934 bestiarum
1204 1876 1411 1946 molar,
1446 1881 1511 1933 ut
1538 1875 1706 1949 panis
1739 1877 1997 1932 mundus

354 1967 637 2025 inveniar.
672 1989 700 2017 »
734 1967 949 2023 Passus
978 1970 1068 2023 est
1098 1982 1251 2022 anno
1310 1965 1619 2022 undecimo
1675 1967 1696 2000 ⁵
1739 1964 1997 2037 Traiani.

2033 1833 2081 1899 B

2115 546 2219 621 γὰρ
2279 543 2501 617 ἀνομίαι
2578 541 2751 597 αὐτῶν
2810 537 3092 604 παίδευσίς
3151 539 3244 615 μοί
3302 538 3412 596 ἐστι
3446 584 3461 610 ,
3519 536 3643 596 ἀλλ’
3694 535 3759 593 ού

2117 630 2206 689 διὰ
2268 638 2430 688 τοῦτο
2501 629 2823 700 ἐδικαιώθην
2877 674 2890 688 .
2940 630 3037 685 Καὶ
3099 627 3205 684 εἷ’θε
3282 626 3575 685 ἀπολαύσω
3651 633 3759 683 τῶν

2115 722 2320 798 θηρίων
2369 727 2475 776 τῶν
2527 720 2975 796 έντρεπισθέντων
3028 720 3156 793 (sic)
3221 740 3344 793 μοι,
3397 719 3549 774 ἅτινα
3606 715 3765 793 εὔχο-

2120 833 2216 884 μαι
2248 810 2475 881 ὀξύτατα
2524 809 2659 864 εἶναί
2709 830 2802 882 μοι
2862 809 2938 871 εἰς
2992 807 3290 878 ἀπώλειαν,
3346 808 3437 864 καὶ
3493 804 3765 883 ὲνδελεχί-

2119 905 2223 969 ζειν
2276 900 2353 961 εἰς
2407 901 2504 968 τήν
2567 898 2704 971 ἐμήν
2764 893 3129 975 κατάϐρωσιν,
3187 900 3387 970 μήπως
3445 898 3505 953 ’ὀν
3561 896 3763 971 τρόπον

2117 988 2204 1045 ἐπὶ
2246 993 2352 1043 τῶν
2406 986 2592 1043 ἄλλων
2647 986 2956 1063 μαρτύρων,
3020 988 3093 1060 μή
3149 984 3477 1059 τολμήσωσι
3518 991 3615 1041 τοῦ
3659 986 3766 1039 σώ-

2119 1076 2287 1149 ματός
2347 1097 2450 1149 μου
2509 1076 2759 1148 ἅψασθαι.
2810 1074 2874 1129 El
2927 1075 3031 1150 γὰρ
3092 1071 3335 1128 ἐπελθεῖν
3391 1075 3466 1146 μὴ
3498 1071 3766 1143 θελήσου-

2115 1187 2219 1235 σιν,
2273 1164 2381 1239 ἐγὼ
2444 1165 2723 1239 βιάσομαι,
2777 1164 2959 1217 ποθῶν
3016 1158 3453 1237 καταϐρωθῆναι.
3504 1162 3766 1237 Συγγνώ-

2116 1256 2230 1310 σετέ
2265 1276 2380 1329 μοι,
2436 1252 2638 1323 τεκνία,
2694 1253 2756 1307 τὸ
2812 1253 3085 1330 συμφέρον
3149 1273 3242 1325 μοι
3300 1251 3410 1327 ἐγὼ
3459 1248 3599 1309 οῖδα.
3654 1257 3766 1306 Νῦν

2115 1342 2359 1421 ἄρχομαι
2391 1342 2525 1397 εἶναι
2577 1343 2846 1415 μαθητής,
2896 1338 3048 1397 οὐδέν
3090 1340 3294 1396 τούτων
3324 1346 3430 1396 τῶν
3465 1342 3768 1417 ὁρωμένων

2115 1431 2384 1505 ἐπιθυμῶ,
2446 1428 2539 1485 ’ἱνα
2601 1431 2689 1485 τὸν
2758 1434 2966 1499 Ἰησοῦν
3036 1430 3263 1506 Χριστὸν
3332 1428 3515 1505 εὕρω.
3587 1434 3703 1505 Πῦρ
3751 1474 3767 1499 ,

2114 1521 2361 1598 σταυρὸς,
2394 1519 2578 1597 θηρία,
2629 1516 2926 1595 σύγκλασις
2978 1518 3202 1589 ὀστέων,
3262 1520 3353 1574 καὶ
3408 1522 3514 1572 τῶν
3579 1516 3766 1592 μελῶν

2114 1607 2473 1683 διασπασμὸς,
2502 1609 2594 1663 καὶ
2640 1608 2839 1670 παντὸς
2890 1611 2987 1662 τοῦ
3036 1608 3291 1681 σώματος
3337 1602 3621 1684 συντριϐἠ,
3672 1608 3768 1663 καὶ

2118 1699 2339 1773 βάσανοι
2394 1701 2492 1753 τοῦ
2542 1692 2825 1767 διαϐόλου,
2875 1695 2952 1759 εἰς
3007 1695 3105 1769 ἐμὲ
3153 1689 3406 1766 ἔλθωσιν,
3444 1693 3539 1751 ’ίνα
3584 1697 3769 1766 Ἰησοῦ

2116 1791 2348 1863 Χριστοῦ
2406 1784 2701 1842 ἀπολαύσω
2742 1830 2755 1843 .
2813 1810 2841 1838 ››
2909 1785 3258 1862 Κατακριθεὶς
3314 1784 3493 1840 τοίνυν
3554 1787 3769 1862 θηριο-

2114 1883 2362 1952 μαχῆσαι
2416 1920 2430 1945 ,
2495 1875 2585 1930 καὶ
2658 1873 2813 1947 πόθῳ
2876 1878 2973 1928 τοῦ
3056 1876 3241 1929 παθεῖν
3288 1917 3303 1944 ,
3372 1872 3604 1937 ἀκούσας
3666 1880 3768 1930 τοῦ

2114 1966 2364 2040 βρυγμοῦ
2410 1969 2517 2018 τῶν
2568 1961 2804 2018 λεόντων
2855 1960 2954 2041 ἔφη
2997 1981 3010 1994 ⁸
3044 1986 3071 2014 ‹‹
3107 1966 3270 2025 Σῖτος
3314 1967 3495 2032 Ἰησοῦ
3528 1967 3767 2039 Χριστοῦ

354 2055 634 2129 Reliquia
691 2054 951 2128 corporis
1008 2056 1138 2127 ejus
1212 2054 1529 2111 Antiochia
1574 2042 1777 2125 jaceat
1840 2058 2000 2110 extra

2117 2052 2245 2126 εἶμι,
2277 2053 2367 2107 καὶ
2424 2049 2661 2128 εὔχομαι
2707 2058 2823 2114 τοῖς
2872 2048 3058 2106 ὀδοῦσι
3115 2056 3222 2106 τῶν
3277 2051 3485 2126 θηρίων
3536 2049 3768 2123 ἀλεσθῆ-

352 2149 585 2217 portam
615 2144 1027 2217 Daphniticam
1051 2146 1074 2179 θ
1104 2147 1162 2199 in
1183 2143 1532 2200 cameterio.

2117 2162 2232 2210 ναι,
2285 2140 2379 2197 ’ἕνα
2436 2143 2590 2199 858
2644 2138 2805 2216 ἄρτος
2861 2140 3093 2214 καθαρὸς
3152 2140 3398 2214 εὑρεθῶ.
3465 2163 3493 2192 ››
3556 2142 3763 2197 ’Ἐπαθε

354 2228 560 2305 δεκάτῳ
590 2226 693 2287 ἔτει
722 2236 1004 2307 Τραϊανοῦ.
1038 2231 1107 2285 Τὸ
1138 2227 1196 2286 δὲ
1227 2228 1481 2304 λείψανον
1507 2229 1611 2303 ἕξω
1643 2238 1743 2301 τῆς
1777 2238 2121 2309 Δαιρνητικῆς
2177 2228 2362 2300 πύλης
2392 2237 2405 2257 ’
2435 2229 2756 2307 Δντιοχείας
2812 2230 3122 2284 κατάκειται
3173 2228 3225 2283 ἐν
3277 2232 3356 2300 τῷ
3386 2230 3761 2307 κοιμητηρίῳ.

1817 2392 2049 2449 CAPUT
2088 2392 2254 2449 XVII.

423 2527 795 2601 Polycarpus.
826 2524 1071 2581 Joannis
1101 2524 1348 2597 apostoli
1378 2524 1731 2597 discipulus,
1754 2529 1812 2581 et
1839 2525 1914 2580 ah
1935 2539 2000 2580 eo

2184 2521 2543 2595 Πολύκαρπος
2597 2524 2847 2578 Ἰωάννου
2925 2519 3234 2577 ἀποστόλου
3313 2520 3564 2596 μαθητῂς
3598 2566 3613 2591 ,
3672 2522 3766 2578 καὶ

348 2619 609 2687 Smyrna
640 2615 950 2685 episcopus
979 2612 1284 2670 ordinatus
1314 2613 1495 2669 totius
1534 2614 1681 2669 Asia
1732 2615 2000 2685 princeps

2117 2618 2235 2683 παρ’
2295 2611 2457 2666 αὐτοῦ
2502 2618 2605 2681 τῆς
2657 2611 2979 2685 Σμυρναίων
3042 2610 3339 2672 ἐπίσκοπος
3393 2611 3764 2681 κατασναθεὶς,

352 2703 484 2770 fuit,
518 2701 734 2774 quippe
759 2702 860 2773 qui
893 2700 1211 2758 nonnullos
1243 2700 1667 2774 apostolorum,
1697 2706 1755 2757 et
1801 2717 2000 2757 eorum

2117 2702 2289 2770 πάσης
2340 2708 2443 2770 τῆς
2489 2700 2676 2763 Ἀσίας
2725 2701 2974 2777 ἀρχηγὸς
3025 2701 3239 2776 γέγονε,
3288 2697 3378 2755 διὰ
3420 2700 3483 2754 τὸ
3528 2697 3766 2762 πολλοῖς

353 2791 456 2864 qui
510 2791 776 2847 viderant
847 2790 1182 2857 Dominum,
1250 2789 1564 2863 magistros
1612 2788 1884 2847 habuerit
1948 2792 2000 2845 et

2117 2794 2218 2843 τῶν
2273 2787 2590 2845 ἀποστόλων
2669 2791 2760 2845 καὶ
2832 2794 2941 2844 τῶν
2998 2790 3088 2844 τὸν
3146 2789 3374 2864 Χριστὸν
3444 2788 3762 2865 ἑωρακότων

351 2879 590 2936 viderit.
622 2878 727 2935 Hic
758 2883 994 2952 propter
1040 2880 1327 2951 quasdam
1383 2896 1561 2951 super
1615 2879 1709 2935 die
1770 2877 2000 2935 Pascha

2117 2880 2595 2954 συντετυχηκέναι,
2653 2879 2751 2933 παὶ
2808 2875 3169 2941 διδασκάλους
3227 2877 3537 2954 ἐσχηκέναι.
3594 2876 3765 2941 Οὗτος

354 2968 709 3041 quastiones
739 2968 849 3024 sub
892 2967 1243 3041 imperatore
1289 2968 1580 3024 Antonino
1636 2967 1754 3040 Pio,
1805 2966 2000 3024 Eccle-

2117 2962 2201 3021 διά
2253 2987 2403 3029 τινας
2459 2967 2636 3030 αἰτίας
2691 2972 2788 3023 τοῦ
2848 2969 3043 3043 Πάσχα
3120 2964 3505 3041 βασιλεύοντος
3559 2971 3762 3022 ’Δντω-

352 3057 503 3114 siam
533 3057 593 3113 in
626 3057 780 3114 Urbe
809 3061 1046 3129 regente
1070 3056 1330 3123 Aniceto,
1379 3057 1625 3113 Romam
1670 3057 1847 3125 venit,
1900 3056 2000 3112 ubi

2117 3054 2260 3109 νίνου
2306 3060 2402 3111 τοῦ
2434 3055 2589 3125 Πίου,
2647 3057 2738 3112 καὶ
2797 3056 3222 3117 έπισκοποῦντος
3274 3060 3377 3125 τῆς
3434 3052 3764 3126 Ἐκκλησίας

353 3146 643 3221 plurimos
673 3145 1059 3212 credentium,
1094 3145 1406 3203 Marcionis
1443 3150 1502 3203 et
1545 3144 1837 3203 Valentini
1868 3162 1999 3219 per-

2117 3143 2330 3217 Ῥώμης
2403 3150 2691 3215 ’Δνικητου
2724 3187 2740 3216 ,
2799 3143 2993 3215 ἐπέστη
3069 3147 3137 3218 τῇ
3189 3144 3414 3219 Ῥώμῃ,
3454 3143 3527 3220 ⁴έν
3670 3164 3765 3200 και

355 3235 631 3293 suasione
662 3235 956 3308 deceptos,
988 3235 1220 3291 reduxit
1268 3236 1340 3291 ad
1386 3235 1585 3291 fidem.
1634 3236 1897 3307 Cumque
1947 3235 2000 3291 ei

2117 3229 2357 3295 πολλοὺς
2426 3237 2506 3305 τῷ
2563 3230 2799 3308 δόγματι
2874 3231 3195 3309 Μαρκίωνος
3269 3232 3360 3288 καὶ
3434 3229 3761 3288 Βαλεντίνου

354 3323 591 3381 fortuito
621 3322 851 3379 obviam
883 3323 1094 3380 fuisset
1123 3324 1399 3388 Marcion,
1433 3328 1491 3380 et
1519 3323 1738 3381 diceret
1770 3340 1783 3379 :
1818 3347 1847 3374 «
1890 3324 2000 3381 Co-

2117 3320 2496 3384 πιστεύσαντας
2549 3319 2943 3379 ἀνεκαλέσατο.
3004 3324 3441 3393 Ἀπαντήσαντος
3500 3318 3559 3376 δὲ
3615 3320 3762 3394 αὖτῷ

352 3428 570 3486 gnosce
600 3414 620 3446 "
642 3428 749 3468 nos
777 3437 793 3480 ;
819 3434 848 3462 »
881 3412 1184 3485 respondit
1213 3428 1227 3469 :
1263 3434 1291 3462 «
1325 3412 1621 3485 Cognosco
1650 3412 2000 3487 primogeni-

2117 3408 2163 3479 ἐξ
2241 3406 2546 3481 αὐτομάτου
2633 3409 2953 3483 Μαρκίωνος
3037 3409 3127 3464 καὶ
3204 3408 3487 3482 εἰρηκότος
3564 3407 3712 3481 αὐτῷ
3743 3452 3761 3481 ,

351 3505 481 3557 tum
510 3500 751 3556 diaboli.
788 3522 816 3549 »
848 3500 1054 3557 Postea
1081 3517 1215 3557 vero
1246 3507 1527 3573 regnante
1579 3501 1657 3558 M.
1710 3502 2000 3559 Antonino

2117 3523 2144 3551 ‹‹
2177 3500 2412 3574 Γνώριζε
2461 3501 2633 3572 ἡμᾶς,
2693 3524 2720 3550 ››
2774 3499 3059 3573 ἀπεκρίθη,
3095 3522 3125 3551 ‹‹
3156 3499 3414 3572 Γνωρίζω
3464 3500 3554 3553 τὸν
3614 3518 3764 3573 πρω-

351 3592 410 3646 et
440 3589 504 3645 L.
549 3587 783 3644 Aurelio
832 3589 1154 3646 Commodo
1198 3591 1240 3658 ⁸,
1286 3593 1495 3661 quarta
1541 3594 1672 3663 post
1717 3591 2000 3647 Neronem

2117 3588 2334 3643 τότοκον
2390 3592 2488 3643 τοῦ
2545 3583 2825 3645 διαϐόλου.
2881 3613 2909 3639 ››
2953 3589 3101 3644 Μετὰ
3149 3592 3319 3643 ταῦτα
3380 3584 3765 3662 βασιλεύοντος

364 3676 796 3752 persecutione,
828 3681 1109 3751 Smyrna,
1159 3679 1401 3735 sedente
1454 3678 1799 3751 proconsule
1853 3681 1896 3747 °,
1952 3683 2000 3736 et

2117 3678 2335 3753 Μάρκου
2392 3677 2714 3733 ’Δντωνίνου
2770 3677 2861 3732 καὶ
2912 3677 3147 3732 Λουκίου
3220 3674 3504 3753 Δύρηλίου
3558 3675 3712 3750 Κομό
3742 3708 3766 3720 -

351 3768 623 3824 universo
682 3765 897 3840 populo
954 3767 1013 3823 in
1076 3767 1490 3839 amphiheatro
1520 3769 1800 3825 adversus
1871 3785 2000 3825 eum

2117 3763 2233 3836 δου,
2289 3767 2546 3841 τετάρτου
2620 3767 2754 3839 μετά
2810 3766 3032 3841 Νέρωνα
3090 3763 3342 3842 διωγμοῦ
3399 3766 3715 3838 κινηθέντος
3751 3810 3766 3838 ,

365 3860 737 3930 personante,
769 3855 891 3929 igni
921 3856 1175 3912 traditus
1205 3860 1313 3912 est.
1362 3857 1610 3929 Scripsit
1664 3856 1737 3913 ad
1789 3857 2000 3931 Philip-

2118 3854 2171 3910 έν
2231 3854 2454 3930 Σμύρνῃ
2504 3857 2836 3931 θεωροῦντος
2889 3860 2986 3910 τοῦ
3038 3856 3363 3926 ἀνθυπάτου,
3419 3856 3510 3911 καὶ
3563 3856 3766 3918 παντὸς

351 3960 565 4017 penses
593 3943 763 4001 valde
794 3944 1008 4002 utilem
1033 3944 1376 4017 Epistolam,
1420 3962 1548 4018 qua
1604 3962 1792 4019 usque
1838 3945 2000 4003 hodie

2117 3948 2213 3999 τοῦ
2263 3941 2457 4017 δήμου·
2487 3943 2539 3999 ἐν
2585 3947 2665 4015 τῷ
2714 3944 3065 4021 ἀμφιθεάτρῳ
3120 3950 3235 3999 κατ’
3281 3942 3447 3999 αὐτοῦ
3501 3944 3765 4019 βοῶντος,

349 4034 413 4090 in
441 4032 587 4089 Asia
619 4038 920 4090 conventu
961 4035 1004 4069 ¹⁰
1031 4033 1263 4107 legitur.

2118 4033 2248 4107 πυρὶ
2306 4030 2599 4107 παρεδόθη.
2660 4034 2901 4108 Ἔγραψε
2955 4034 3093 4107 πρὸς
3149 4030 3568 4103 Φιλιππησίους
3624 4033 3766 4088 πάνυ

349 4120 661 4193 θαυμαστὴν
692 4119 1040 4190 Ἐπιστολὴν,
1072 4121 1194 4189 ἥτις
1227 4120 1357 4197 ἄχρι
1387 4126 1482 4177 τοῦ
1513 4122 1779 4197 παρόντος
1811 4121 1861 4178 ἐν
1888 4127 1956 4198 τῇ
1989 4125 2211 4195 Ἀσιανῇ
2244 4118 2454 4194 συνόδῳ
2486 4122 2925 4197 ἀναγινώσκεται.

427 4315 709 4397 f_lterum
760 4316 999 4397 codices
1041 4317 1255 4397 __nostri
1312 4334 1549 4397 omnes,
1612 4324 1668 4376 et
1734 4321 2005 4397 quadam
2039 4326 2086 4391 D
2121 4390 2157 4397 _
2187 4319 2208 4353 ⁸
2241 4318 2390 4397 Male
2444 4319 2631 4397 _Vatic_.
2691 4323 2749 4397 et
2818 4318 3211 4397 quidam_alii
3258 4316 3404 4397 libri

355 4388 666 4464 editiones,
735 4388 820 4464 Ad
881 4389 1199 4464 interitum,
1268 4395 1322 4446 et
1392 4390 1642 4446 alliciam
1696 4388 1797 4464 ad,
1829 4409 2008 4449 come-
2040 4388 2071 4391 “
2121 4388 2854 4464 PorroTrajanidecimus
2884 4390 3095 4446 Christi
3125 4406 3280 4464 anno
3302 4390 3404 4464 197
3427 4390 3761 4464 respondet,

354 4458 599 4542 deficiam
626 4473 734 4542 nia,
768 4459 945 4542 idque
976 4460 1301 4542 rectissime
1334 4478 1346 4528 ;
1381 4467 1594 4542 non__ut
1635 4463 2009 4542 Martianaus
2120 4462 2222 4542 sed
2253 4462 2329 4518 ad
2363 4458 2464 4519 146
2502 4462 2763 4519 referunt
2817 4462 3074 4519 Joannes
3129 4458 3546 4518 Antiochenus‘
3580 4464 3761 4533 atque

357 4530 579 4605 aliique
607 4530 854 4597 addunt,
885 4539 941 4605 et
964 4531 1034 4586 ad
1061 4533 1333 4605 supplicia
1361 4532 1619 4605 .'_quibus
1669 4535 2011 4591 adversatur
2118 4532 2241 4605 alii.

357 4601 592 4675 Graecus
619 4605 812 4675 textus
842 4606 898 4657 et
929 4601 1439 4675 interpres.l‘acile
1459 4620 1528 4659 ex
1546 4606 1721 4660 verbo
1747 4606 2011 4661 adiiciam
2188 4604 2210 4640 θ
2248 4605 2343 4661 Sic
2398 4603 2554 4660 dicta
2599 4620 2633 4660 a
2688 4604 2917 4675 Daphne
2970 4603 3295 4675 Antiochia
3347 4601 3632 4660 suburbio
3688 4601 3764 4660 ad

353 4673 507 4748 male
536 4672 791 4748 librariis
809 4672 1132 4748 perspecto,
1163 4673 1409 4748 haidua
1432 4676 1777 4747 prodierunt
1822 4694 2007 4747 prava
2117 4675 2421 4735 orienlem.
2448 4675 2574 4748 \Tid.
2605 4672 2936 4748 Evagrium,
2967 4674 3009 4731 l.
3041 4693 3080 4745 ι,
3113 4691 3163 4731 c.
3200 4676 3285 4731 46.

356 4745 660 4820 scriptura
685 4744 755 4800 ad
781 4743 1075 4818 supplicia.
1132 4755 1182 4801 et
1213 4747 1371 4803 allici
1419 4743 1533 4814 ias,
1586 4743 1890 4820 perperam
1948 4749 2007 4804 in
2152 4749 2211 4820 μ’(
2258 4750 2345 4806 Ita
2385 4747 2614 4803 codices
2665 4743 2859 4820 no'stri
2912 4743 3618 4820 omnestmultique‘alii
3658 4744 3763 4802 sed

353 4815 582 4891 teritum
612 4815 915 4891 intrusa.'_
980 4889 987 4891 A
1078 4888 1091 4891 _
1587 4815 1606 4819 “
1645 4888 1653 4891 _
1691 4815 1739 4891 '_
1904 4889 1949 4891 μ
2116 4817 2217 4891 alii
2250 4820 2453 4876 itidem
2482 4820 2780 4891 cognoscis.
2804 4817 3086 4875 Similiter
3133 4818 3361 4877 Satanae
3380 4815 3507 4874 'alii
3537 4815 3762 4891 legunt.

424 4889 446 4923 ³
501 4888 989 4959 Nomen‘Christi
1043 4888 1208 4945 abest
1265 4904 1299 4943 a
1356 4888 1845 4959 prastantissimo
1903 4889 2006 4945 Ve-
2116 4889 2218 4946 alii
2251 4891 2484 4948 Diaboli.

354 4975 482 5015 ron.
544 4976 655 5016 ms.
709 4956 979 5032 aliisque,
1037 4964 1095 5015 et
1165 4956 1370 5015 Graco'
1436 4964 1620 5029 textu,
1697 4966 1753 5017 et
1834 4961 2008 5018 inter—
2186 4963 2207 4997 ⁸
2238 4962 2339 5020 Hie
2369 4966 2458 5019 est
2488 4960 2697 5018 Lucius
2725 4960 2996 5018 Aurelius
3022 4960 3231 5027 Verus,
3257 4960 3358 5033 qui
3391 4963 3451 5016 et
3494 4964 3763 5033 Commo-

2115 5034 2227 5106 dus
2260 5036 2453 5091 dictus
2482 5037 2592 5089 est.
2624 5032 2839 5106 Exinde
2871 5033 3186 5106 matyrium
3214 5030 3518 5106 Polycarpi
3538 5030 3638 5106 Jad
3661 5047 3759 5106 an.

2119 5105 2221 5177 166
2242 5107 2500 5163 referunt
2540 5120 2674 5177 cum
2712 5100 3072 5177 AHieronymo
3125 5100 3370 5176 quidam
3418 5100 3573 5177 docti
3618 5100 3760 5177 _viri,

2115 5176 2213 5258 alii
2245 5179 2357 5258 sub
2385 5175 2679 5258 Antonino
2708 5175 2801 5258 Pio
2832 5172 2981 5232 anfl
2996 5172 3761 5258 47_passum.vo.lunt-.Qu‘in

2114 5248 2292 5305 etiam
2324 5250 2395 5305 de
2426 5250 2555 5321 ejus
2587 5248 2791 5304 mortis
2816 5262 3032 5373 lgenere
3062 5243 3293 5302 diversa
3322 5246 3396 5302 ab
3447 5243 3542 5302 bis
3578 5244 3763 5300 tradit

2114 5320 2362 5373 epistola
2389 5319 2762 5373 varnensis
2859 5317 3079 5373 cclesia
3114 5335 3128 5373 :
3162 5334 3298 5373 cum
3344 5332 3556 5373 nempe
3602 5315 3761 5373 ignis

2113 5320 2362 5403 epistola
2389 5317 2762 5393 Smyrnensis
2802 5317 3079 5402 .Ecclesia
3114 5335 3128 5373 :
3162 5334 3298 5374 cum
3344 5332 3556 5401 nempe
3602 5317 3761 5388 ignis

2114 5391 2261 5448 nihil
2320 5396 2521 5449 sancto
2575 5395 2816 5461 martyri
2875 5393 3170 5447 nocuisset
3214 5392 3563 5461 arcessitum
3617 5406 3757 5461 κομ-

2114 5462 2369 5546 φέκτορα,
2401 5464 2521 5520 sive
2551 5449 2886 5533 carniﬁcem,
2920 5462 3021 5534 qui
3071 5477 3205 5518 eum
3255 5460 3511 5535 pugione
3562 5449 3757 5515 confe-

2114 5540 2276 5592 cerit.

2184 5605 2413 5690 fAS'tatio
2444 5605 2738 5690 Quadrato

2184 5678 2228 5713 ¹⁰
2256 5678 2339 5736 De
2362 5677 2746 5737 conventibus

399 5034 536 5087 rete.

399 5048 536 5087 rete.

358 5048 791 5177 ijlgnatius
829 5117 964 5157 vero
1020 5104 1078 5177 et
1134 5100 1422 5177 Eusebius
1476 5106 1584 5177 τῷν
1647 5103 1856 5177 ὁρατῶν
1911 5104 2003 5157 καὶ

356 5171 621 5248 ἆοράτῷν,
681 5173 909 5228 addunt
957 5190 970 5228 :
1019 5173 1092 5228 De
1128 5171 1225 5248 ‘his
1279 5189 1399 5244 qua
1456 5171 1726 5248 yidentur,
1782 5184 1840 5248 et
1889 5192 2006 5248 qua

355 5243 470 5299 non
500 5243 771 5309 videntur,
805 5260 1057 5316 quorum
1090 5243 1341 5300 alterum
1386 5262 1416 5301 e
1458 5246 1791 5320 Hieronymi
1843 5243 2004 5304 te'xtu

355 5312 522 5367 facile
550 5314 783 5367 excidit.

354 5313 522 5369 facile
550 5314 783 5370 excidit.
824 5313 841 5316 ’
1677 5313 1696 5320 ⁷

426 5384 706 5466 ‘HVoceIm
765 5390 875 5466 tota
934 5403 1036 5466 nec
1092 5386 1330 5466 Graecus
1379 5391 1592 5466 textus,
1655 5407 1760 5466 nec
1819 5391 2005 5447 nostri

354 5455 581 5538 codices
630 5455 823 5538 haent,
878 5458 1164 5538 qui_mox
1208 5460 1501 5538 ραιίεηάί,⁵
1544 5455 1840 5538 rugientes,
1902 5480 2003 5538 _re-

354 5528 635 5603 ctissime,
672 5528 1113 5603 sesquealtera
1153 5528 1296 5603 eam,
1350 5528 1505 5603 quod
1546 5528 1857 5590 redundat.
1901 5534 2006 5590 De-

352 5598 535 5728 gique
565 5614 677 5653 ms.
712 5598 1151 5657 Gemblacensis
1181 5598 1385 5659 ardore
1422 5606 1752 5677 impatienti,
1806 5606 2003 5663 minus

396 5686 525 5728 ene.
1690 5698 1695 5701 ·

396 5686 525 5728 ene.
1690 5698 1695 5701 ·

2811 5603 3115 5661 roconsule
3143 5602 3315 5661 Asia.

2855 5675 3236 5736 ristianorum
3256 5671 3618 5750 quotidianis
3637 5688 3756 5731 non
