3966 6394
312 574 470 635 8⁵0
529 574 741 639 Παπίας
809 576 1063 632 Ἰωάννου
1140 578 1410 654 ἀκροατής
1453 625 1467 650 ,

235 672 341 735 τῆς
395 665 584 728 Ἀσίας
644 665 961 738 ἐπίσκοπος,
1020 668 1177 722 πέντε
1239 669 1437 743 μόνους
1502 670 1753 741 συνέταξε
1806 668 1901 725 λό-

236 770 392 831 γους,
449 754 544 817 οὓς
597 756 686 810 καὶ
754 756 1076 832 ἐπέγραψεν,
1132 760 1376 821 ’Έκθεσις
1434 757 1616 835 λόγων
1678 760 1895 835 Κυρίου.

234 851 321 901 Ἐν
361 846 447 907 οἷς
504 842 681 920 λέγων
715 845 766 900 ἐν
827 847 1145 922 προοιμίοις
1211 850 1286 921 μὴ
1347 846 1662 904 ἀκολουθεῖν
1722 849 1899 904 ποικί-

236 932 364 996 λαις
423 936 657 1012 φήμαις,
705 931 853 990 ἀλλὰ
888 934 1021 997 τοὺς
1072 935 1410 1000 ἀποστόλους
1462 932 1605 1015 ἔχειν
1656 939 1898 1014 ἡγουμέ-

233 1043 384 1092 νους,
440 1019 541 1100 ἔφη
610 1042 623 1055 ⁸
685 1047 712 1075 ‹‹
772 1024 1067 1080 Κατενόουν
1143 1026 1195 1079 τί
1247 1024 1526 1102 Ἀνδρέας,
1582 1027 1635 1081 τί
1693 1027 1896 1101 Πέτρος

237 1112 510 1188 εἰρήκασι,
554 1112 609 1167 τί
652 1111 956 1185 Φίλιππος,
1008 1115 1060 1169 τί
1117 1122 1339 1189 Θωμᾶς,
1393 1116 1445 1171 τί
1504 1111 1785 1185 Ἰάκωϐος,
1842 1115 1894 1170 τί

234 1202 518 1273 Ἰωάννης,
575 1201 627 1256 τί
684 1205 978 1273 Ματθαῖος,
1034 1206 1124 1259 καὶ
1183 1206 1237 1259 οἱ
1304 1202 1491 1260 λοιποὶ
1542 1210 1638 1260 τοῦ
1694 1205 1893 1280 Κυρίου

240 1292 480 1363 μαθηταὶ
531 1335 545 1361 ,
601 1290 655 1345 τί
727 1288 786 1347 δὲ
862 1293 1152 1368 Ἀριστίων
1190 1338 1204 1364 ,
1259 1295 1349 1349 καὶ
1428 1296 1456 1349 ὁ
1530 1289 1894 1370 πρεσϐύτερος

228 1380 489 1451 Ἰωάννης
522 1425 536 1450 ,
600 1382 837 1453 μαθηταὶ
911 1387 1008 1437 τοῦ
1088 1384 1288 1458 Κυρίου
1370 1381 1646 1454 ἐλάλησαν
1681 1428 1693 1439 .
1758 1380 1893 1437 Οὐδὲ

231 1470 337 1544 γάρ
401 1490 469 1543 με
517 1474 774 1525 τοσοῦτον
840 1465 1026 1546 βίϐλοι
1088 1471 1165 1534 εἷς
1225 1473 1527 1548 ἀνάγνωσιν
1586 1470 1891 1551 ὠφελοῦσιν

231 1557 357 1613 ὅσον
392 1561 539 1628 ζῶσα
568 1559 745 1637 φωνή,
796 1560 920 1628 ἣτις
980 1556 1111 1636 ἄχρι
1170 1566 1267 1615 τοῦ
1319 1561 1587 1635 παρόντος
1644 1558 1732 1616 διὰ
1782 1565 1889 1615 τῶν

232 1648 701 1723 συγγραψαμένων
764 1649 1013 1723 ἀκμάζει.
1077 1673 1105 1700 ››
1167 1648 1443 1721 Δηλοῦται
1501 1648 1558 1705 δὲ
1617 1650 1668 1722 ἐξ
1728 1649 1891 1705 αὐτοῦ

229 1740 327 1791 τοῦ
357 1734 668 1813 καταλόγου
717 1742 825 1793 τῶν
890 1736 1197 1811 ὀνομάτων,
1247 1738 1418 1795 ἄλλον
1468 1741 1603 1795 εἶναι
1633 1741 1888 1811 Ἰωάννην

233 1823 562 1896 ἀπόστολον,
606 1827 697 1882 καὶ
756 1824 927 1882 ἄλλον
987 1828 1122 1883 εἶναι
1178 1824 1540 1907 πρεσϐύτερον
1594 1831 1889 1899 Ἰωάννην,

233 1914 420 1971 ὅντινα
487 1916 706 1992 ὕστερον
788 1918 922 1990 μετὰ
995 1918 1085 1972 τὸν
1154 1919 1481 1993 Ἀριστίωνα
1537 1921 1886 1993 καταριθμεῖ-

230 2024 341 2063 ται.
402 2009 578 2059 Ταῦτα
636 2001 693 2061 δὲ
747 2005 1040 2079 εἰρήκαμεν
1100 2004 1189 2062 διὰ
1242 2009 1310 2063 τὰ
1365 2009 1886 2087 προαναφερόμενα,

234 2092 377 2157 ἐνοῖς
409 2092 655 2169 εἶίπομεν,
703 2096 800 2158 τὰς
849 2092 945 2151 δύο
993 2097 1216 2174 ὑστέρας
1268 2098 1594 2159 Ἐπιστολάς
1641 2100 1717 2172 μὴ
1754 2098 1888 2153 εἶναι

234 2184 491 2239 Ἰωάννου
545 2188 641 2238 τοῦ
699 2183 1007 2240 ἀποστόλου
1043 2230 1057 2256 ,
1118 2183 1263 2241 ἀλλὰ
1317 2191 1413 2240 τοῦ
1471 2182 1837 2263 πρεσϐυτέρου
1870 2232 1884 2244 .

232 2273 405 2336 Οὗτος
455 2270 672 2349 λέγεται
718 2271 923 2349 χιλίων
994 2275 1250 2331 ἐνιαυτῶν
1302 2272 1604 2346 Ἰουδαϊκήν
1662 2273 1888 2332 ἐκδεδω-

229 2364 405 2438 κέναι,
434 2359 751 2438 δευτέρωσιν
789 2408 802 2434 ,
861 2366 907 2438 ᾧ
962 2363 1343 2437 ἠκολούθησαν
1400 2366 1691 2439 Εἰρηναῖος
1725 2410 1738 2435 ,
1798 2366 1888 2421 καὶ

230 2449 659 2528 Ἀπολλινάριος
692 2497 706 2523 ,
762 2453 853 2508 καὶ
911 2455 963 2508 οἱ
1021 2452 1259 2525 λοιποὶ,
1314 2452 1512 2517 οἵτινες
1579 2456 1715 2528 μετὰ
1786 2457 1885 2525 τήν

233 2542 519 2597 ἀνάστασιν
606 2543 897 2620 φάσκουσιν
968 2542 1018 2598 έν
1104 2549 1184 2615 τῷ
1267 2546 1481 2618 σώματι
1560 2546 1695 2618 μετά
1780 2549 1886 2599 τῶν

234 2632 406 2707 ἁγίων
464 2632 554 2686 τὸν
615 2631 809 2707 Κύριον
875 2632 1211 2708 βασιλεύσειν
1246 2679 1259 2691 .
1321 2637 1419 2689 Καὶ
1493 2632 1889 2711 Τερτυλλιανὸς

235 2718 295 2776 δὲ
325 2719 378 2775 έν
426 2724 495 2794 τῇ
545 2714 725 2795 βίϐλῳ
754 2725 823 2795 τῇ
873 2722 997 2796 περὶ
1044 2730 1147 2791 τῆς
1205 2720 1462 2785 Ἐλπίδος
1508 2727 1615 2777 τῶν
1660 2727 1887 2791 πιστῶν,

233 2811 327 2865 καὶ
382 2814 709 2885 Βικτωρῖνος
787 2806 1083 2874 Πεταϐῖνος
1118 2856 1131 2882 ,
1188 2812 1278 2867 καὶ
1339 2813 1669 2875 Λακτάντιος
1723 2811 1891 2887 ταύτῃ

231 2904 305 2974 τῇ
339 2896 561 2970 δοκήσει
588 2897 879 2958 εῖλκυνται.

1346 332 1579 403 LIBER
1620 334 1727 404 DE
1766 333 1976 405 VIRIS
2018 333 2566 409 ILLUSTRIBUS.

1716 493 1950 551 CAPUT
1986 493 2183 552 XVIII.

1524 578 1879 655 Ἱεραπολίτης

2082 584 2238 641 800
2286 586 2493 660 Papias
2540 586 2816 645 Joannis‘
2882 588 3134 659 auditor,
3182 591 3658 666 Hierapolitanus

3543 330 3669 414 0‘10

2012 672 2073 729 in
2101 674 2239 731 Asia
2268 675 2598 749 episcopus,
2642 678 2903 750 quinque
2950 683 3181 736 tantum
3230 680 3467 754 scripsit
3494 683 3656 741 volu-

2012 761 2193 829 mina,
2243 781 2371 837 qum
2420 767 2779 837 praanotavit,
2828 769 3161 840 Explanatio
3207 786 3524 828 sermonum
3551 774 3658 830 Do-

2008 851 2154 906 mini
2163 853 2203 908 ².
2240 855 2302 908 In
2334 854 2551 926 quibus
2579 871 2714 911 cum
2739 872 2801 912 se
2832 856 2889 912 in
2914 858 3248 929 prmfatione
3268 864 3514 930 asserat,
3540 878 3657 919 non

2006 940 2198 997 varias
2223 941 2526 1014 opiniones
2570 944 2758 1017 sequi,
2810 947 2911 1001 sed
2959 947 3256 1018 apostolos
3304 948 3520 1006 habere
3551 967 3654 1006 au-

2007 1032 2218 1100 ctores,
2250 1031 2362 1087 aita
2392 1049 2405 1087 :
2434 1054 2461 1082 «
2496 1033 3146 1108 Considerabam,‘quid
3192 1037 3474 1109 Andreas,
3512 1038 3653 1112 quid

2006 1117 2210 1175 Petrus
2259 1120 2562 1190 dixissent,
2617 1122 2758 1195 quid
2810 1122 3136 1198 Philippus,
3185 1125 3325 1197 quid
3375 1126 3651 1198 Thomas,

2004 1208 2145 1280 quid
2174 1209 2451 1277 Jacobus,
2499 1211 2639 1284 quid
2686 1212 2960 1281 Joannes,
3015 1214 3155 1286 quid
3200 1215 3533 1286 Matthzeus,
3566 1218 3654 1274 vel

2003 1296 2154 1353 alius
2200 1298 2445 1370 quilibet
2492 1300 2917 1374 discipulorum
2965 1302 3235 1359 Domini:
3286 1305 3428 1377 quid
3477 1306 3652 1363 etiam

2000 1385 2313 1455 Aristion‘,
2370 1394 2428 1444 et
2484 1388 2677 1445 senior
2732 1390 3012 1459 Joannes,
3080 1392 3358 1464 discipuli
3415 1394 3650 1453 Domini

2001 1473 2411 1547 loquebantur.
2446 1478 2570 1533 Non
2619 1479 2777 1534 enim
2823 1484 3054 1536 tantum
3105 1480 3249 1537 mihi
3298 1481 3433 1539 libri
3465 1485 3537 1540 ad
3570 1484 3651 1541 le-

2001 1565 2259 1637 gendum
2292 1571 2559 1638 prosunt,
2592 1578 2880 1641 quantum
2923 1568 3053 1626 viva
3091 1586 3221 1638 vox,
3263 1588 3451 1645 usque
3480 1571 3653 1631 hodie

2001 1653 2063 1709 in
2094 1654 2221 1710 suis
2250 1655 2590 1712 auctoribus
2621 1672 2967 1729 personans.
2998 1679 3026 1707 »
3060 1660 3141 1714 Ex
3165 1677 3281 1732 quo
3313 1666 3559 1735 apparet
3587 1664 3646 1720 in

2000 1742 2108 1814 [AL
2142 1744 2231 1815 ex]
2264 1743 2392 1817 ipso
2423 1744 2695 1817 Catalogo
2727 1746 3059 1818 nominum,
3100 1748 3284 1805 alium
3318 1765 3446 1807 esse
3474 1750 3651 1808 Joan-

2000 1848 2158 1899 nem,
2181 1834 2279 1905 qui
2299 1833 2450 1889 inter
2465 1834 2761 1906 apostolos
2788 1836 3043 1908 ponitur,
3069 1840 3125 1893 et
3147 1837 3331 1894 alium
3361 1839 3650 1897 seniorem

1998 1919 2306 1987 Joannem,
2379 1938 2553 1994 quem
2629 1926 2763 1995 post
2839 1922 3185 1980 Aristionem
3259 1932 3569 1983 enumerat
3607 1928 3648 1982 ⁸.

1999 2013 2118 2066 Hoc
2148 2015 2345 2067 autem
2394 2010 2672 2078 diximus,
2724 2016 2964 2086 propter
3008 2013 3371 2087 superiorem
3420 2015 3647 2089 opinio-

1998 2114 2156 2166 nem,
2189 2115 2364 2171 quam
2393 2117 2428 2156 a
2459 2098 2751 2173 plerisque
2787 2100 3097 2159 retulimus
3126 2103 3464 2174 traditam”,
3500 2106 3651 2163 duas

1998 2188 2348 2261 posteriores
2391 2188 2682 2262 Epistolas
2730 2190 2979 2246 Joannis
3028 2208 3145 2247 non
3195 2192 3446 2264 apostoli
3490 2209 3642 2264 esse,

1998 2278 2100 2333 sed
2129 2277 2474 2351 presbyteri.
2508 2277 2613 2333 Hic
2653 2278 2871 2334 dicitur
2912 2278 3075 2335 mille
3115 2296 3406 2336 annorum
3438 2281 3651 2338 Judai-

1997 2382 2127 2422 cum
2175 2366 2428 2423 edidisse
2486 2361 2804 2442 δευτέρωσιν
2856 2384 3032 2440 quem
3100 2368 3283 2425 seculi
3323 2371 3497 2426 sunt"
3529 2372 3650 2428 Ire-

1998 2472 2182 2524 naeus,
2214 2460 2271 2511 et
2299 2454 2718 2529 Apollinarius,
2751 2460 2809 2513 et
2837 2457 3029 2513 caeteri
3069 2457 3169 2528 qui
3222 2462 3355 2531 post
3386 2475 3647 2517 resurre-

1999 2545 2250 2601 ctionem
2289 2544 2457 2601 aiunt
2506 2545 2565 2600 in
2625 2562 2801 2602 carne
2851 2562 2987 2602 cum
3044 2547 3267 2604 sanctis
3324 2547 3642 2605 Dominum

1998 2636 2402 2706 regnaturum.
2432 2633 2831 2691 Tertullianus
2863 2652 3100 2708 quoque
3130 2636 3191 2691 in
3238 2635 3387 2693 libro
3432 2637 3505 2693 de
3535 2638 3649 2711 Spe

2000 2722 2284 2792 ﬁdelium,
2318 2727 2377 2779 ct
2406 2722 2741 2781 Victorinus
2791 2723 3283 2793 Petabionensis',
3316 2730 3375 2782 et
3402 2726 3645 2784 Lactan-

1998 2812 2120 2869 tius
2146 2812 2256 2868 hao
2288 2811 2560 2884 opinione
2580 2812 2896 2870 ducuntur.

1709 2992 1941 3050 CAPUT
1979 2992 2126 3049 XIX.

314 3074 657 3153 Κουαδρᾶτος
708 3082 816 3135 τῶν
889 3078 1208 3135 ἀποστόλων
1275 3082 1524 3154 μαθητὴς
1559 3126 1572 3151 ,
1625 3080 1891 3143 παθόντος

241 3162 525 3224 Πουϐλίου
583 3169 887 3239 Ἀθηναίων
951 3169 1248 3226 ἐπισκόπου
1289 3170 1420 3245 ὑπὲρ
1475 3174 1572 3224 τοῦ
1632 3174 1887 3245 Χριστοῦ,

237 3256 316 3319 εἰς
344 3257 435 3313 τὸν
470 3256 626 3313 αὐτὸν
674 3257 838 3314 τόπον
902 3259 1301 3337 ὑπεισέρχεται,
1357 3259 1445 3314 κσὶ
1498 3260 1598 3328 τὴν
1656 3256 1885 3330 Ἐκκλη-

235 3344 352 3402 σίαν
433 3346 484 3401 έν
576 3345 789 3423 μεγάλῃ
870 3353 1087 3425 ταραχῇ
1174 3345 1558 3424 διασκορπισαν
1644 3350 1880 3423 συνάγει.

233 3434 337 3489 Καὶ
390 3434 555 3505 ἡνίκα
623 3433 904 3511 Ἀδριανὸς
981 3437 1033 3492 έν
1105 3438 1360 3507 ’Δθήναις
1436 3435 1722 3513 ἐχείμασεν
1759 3482 1773 3507 ,
1834 3436 1884 3491 ἐν

233 3522 502 3580 Ἐλευσῖνι
561 3525 854 3600 γενόμενος
906 3571 920 3597 ,
1000 3528 1091 3582 καὶ
1142 3529 1289 3585 861
1352 3528 1527 3582 πάντα
1582 3526 1740 3602 σ’χεὸν
1823 3528 1889 3581 τά

228 3648 463 3725 videtur
487 3650 905 3725 intelligendus
936 3651 1032 3725 hic
1061 3652 1247 3721 locus,
1291 3653 1391 3708 sed
1431 3653 1502 3725 de
1532 3651 1729 3725 aliquo
1762 3652 1878 3709 alio

233 3721 337 3803 qui
368 3721 1093 3803 quotannis’ﬂeri‘soleret
1118 3725 1208 3803 _in_
1248 3725 1408 3803 Asia,
1458 3721 1659 3803 inque'_
1693 3741 1776 3803 eo_
1810 3725 1882 3781 de

230 3792 940 3921 religionetconsulentes
996 3795 1335 3868 Christiani,
1388 3792 1879 3868 hanc'epistolam

230 3880 348 3921 reci
418 3880 519 3921 ren
556 3907 569 3921 .

230 3880 569 3922 recitarem.

301 3937 318 3970 ¹
350 3935 700 4011 Euseb_._li_b.
729 3953 812 4006 III,
845 3955 895 3993 c.
925 3938 1018 4011 39,
1050 3939 1121 3995 de
1150 3938 1332 4011 altero
1382 3938 1607 3995 Joanne
1638 3938 1877 4011 presby-

228 4010 354 4063 tero
400 4007 696 4080 intelligit,
764 4025 880 4065 non
926 4010 998 4066 de
1065 4028 1098 4067 a
1141 4010 1329 4067 ostolo
1395 4015 1454 4065 et
1499 4007 1878 4083 evangelista,

229 4094 407 4137 auem
438 4078 725 4135 Baronius
754 4079 815 4136 in
845 4027 1139 4137 Martvroi).
1173 4081 1462 4137 sequitur.
1496 4081 1714 4137 Contra
1753 4081 1878 4137 inse

270 4094 407 4155 uem
438 4078 815 4155 Baroniusin
845 4078 1462 4155 MartyroI.Asequ_itur.
1496 4078 1714 4137 Contra
1735 4081 1879 4155 ipse

225 4095 407 4207 auem
438 4095 725 4135 naronius
754 4097 815 4136 1n
845 4095 1139 4155 martyrm.
1173 4095 1462 4154 sequitur.
1496 4095 1714 4137 uontra
1753 4097 1879 4153 ipse

278 4150 618 4225 ieronymus
665 4151 835 4224 epist.
885 4155 978 4224 75,
1020 4153 1093 4210 ad
1138 4153 1524 4225 Theodoram,
1574 4157 1632 4225 et
1670 4152 1881 4225 reliqui

2072 3080 2404 3145 Quadratus
2424 3079 2821 3152 apostolorum
2843 3079 3195 3153 discipulus,
3219 3079 3457 3138 Publice
3475 3082 3647 3139 Athe-

2000 3185 2210 3225 narum
2243 3168 2514 3241 episcopo
2561 3167 2635 3224 ob
2682 3167 2896 3225 Christi
2945 3168 3121 3225 {idem
3168 3169 3448 3242 martyrio
3479 3187 3644 3227 coro-

1998 3260 2168 3316 nato“
2215 3258 2274 3313 in
2323 3257 2517 3313 locum
2575 3257 2704 3328 ejus
2744 3257 3147 3326 substituitur,
3209 3262 3267 3314 et
3323 3258 3642 3317 Ecclesiam

1996 3346 2205 3422 grandi
2257 3350 2475 3403 terrore
2531 3346 2859 3418 dispersam
2921 3347 3033 3404 ﬁde
3089 3350 3147 3404 et
3204 3348 3497 3405 industria
3536 3364 3647 3406 sua

1997 3440 2332 3510 congregat.
2364 3436 2627 3507 Cumque
2658 3435 2991 3492 Hadrianus
3040 3437 3196 3494 802
3239 3436 3489 3494 Athenis
3513 3453 3644 3494 exe-

1997 3527 2180 3601 gisset
2210 3525 2487 3593 hiemem,
2519 3524 2776 3581 invisens
2823 3523 3100 3582 Eleusina
3146 3526 3208 3592 ⁸ο,
3258 3530 3316 3582 et
3365 3527 3644 3585 omnibus

1991 3650 2224 3707 tulliani
2254 3649 2404 3705 liber
2430 3648 2499 3705 de
2537 3648 2639 3723 Spe
2666 3649 2936 3723 ﬁdelium.
2980 3650 3389 3723 Hieronymus,
3423 3651 3482 3706 in
3513 3667 3644 3723 cap.

1990 3723 2458 3805 E_zech.mxxxv‘1:
2507 3744 2535 3770 «
2583 3722 2808 3805 Dogma
2858 3721 3074 3805 inquit,
3110 3721 3454 3805 Judai‘cum.
3486 3721 3642 3805 quod

1992 3800 2052 3851 et
2083 3793 2253 3850 multi
2286 3796 2647 3865 nostrorum,
2674 3791 2740 3848 et
2779 3791 3066 3865 praecipue
3110 3791 3458 3865 Tertulliani
3488 3791 3644 3847 liber

1993 3867 2066 3922 de
2095 3866 2209 3938 Spe
2250 3863 2535 3938 fidelium,
2586 3862 3642 3938 Lactantiiulnstitut‘iouumvolumen

1992 3933 2308 4019 septimum
2354 3934 2684 4019 pollicetur,
2750 3940 2809 4019 et
2854 3934 3137 4019 Victorini
3195 3933 3643 4019 Petabipnensis

1990 4005 2251 4089 episcopi
2303 4005 2517 4089 crebrae
2566 4005 2983 4089 expositiones,
3039 4011 3097 4062 et
3151 4022 3340 4089 nuper
3381 4006 3642 4089 Superus

1991 4076 2279 4159 noster—in
2322 4076 2583 4159 Dialogo,
2635 4076 2737 4159 cui
2776 4076 2938 4159 Gallo
2966 4076 3202 4159 nomen
3238 4076 3553 4151 imposuit,
3586 4082 3643 4133 et

1992 4156 2057 4209 ut
2085 4151 2312 4207 Graecos
2343 4148 2747 4223 nominem,et
2766 4148 3022 4223 primum
3044 4148 3491 4223 extremumque
3506 4165 3644 4206 con-

226 4220 771 4297 llartyrologioru'm
803 4220 1094 4293 auctores,
1126 4224 1493 4296 aliorumque
1524 4220 1877 4296 scriptorum
1984 4225 2255 4297 jungam,
2289 4220 3027 4297 IrenasusetApollinaris.
3062 4244 3091 4272 »

198 4309 710 4440 lig'mésntipersunt
768 4365 950 4437 hujus
1015 4366 1238 4440 operis,
1320 4364 1535 4440 Λογίων
1606 4368 1876 4440 κυριακῶν

210 4434 557 4562 nisi;
575 4434 1159 4562 ιιιιειιξειιεάιξο
1186 4434 1500 4562 suae.

392 4508 557 4583 spias
587 4508 746 4583 apud
786 4504 997 4583 Euseb.
1055 4527 1136 4583 II},
1186 4504 1308 4583 39';
1338 4509 1623 4583 Avéupwov
1681 4504 1883 4583 λόγους
1912 4515 1958 4581 Ι)
1990 4510 2088 4583 sis.

219 4576 274 4631 τί
304 4574 560 4653 Ἀνδρέας
692 4577 772 4653 τίΔ
795 4580 1000 4653 Πέτρος
1053 4574 1226 4653 εἶπεν,
1278 4580 1313 4648 ἢ
1374 4574 1677 4653 Φίλίππος,
1828 4579 1881 4653 τί

222 4644 447 4724 Θωιξᾶς,
494 4648 529 4718 ἢ
579 4644 858 4719 Ἰάκωϐος,
1000 4652 1060 4724 ,τί
1116 4644 1393 4722 Ἰωάννης,
1449 4651 1483 4720 ἢ
1518 4644 1880 4724 Ματθγαῖο’ς,ᾕ

219 4717 525 4798 tte-grape:
543 4725 681 4798 Δτῶν
727 4717 1074 4798 τοῖᾷΚυρίου
1131 4717 1410 4798 μαθητῶν,
1443 4717 1561 4798 ἅτε
1586 4717 1875 4798 Ἀριστίων

218 4791 312 4869 καὶ
342 4793 372 4847 ὁ
400 4784 765 4869 πρεσϐότερος
812 4784 1091 4869 Ἰωάννης,
1131 4784 1195 4848 ὀἱ
1241 4784 1343 4869 rei
1377 4784 1585 4869 Κυρίου
1641 4784 1876 4869 ῥαθηταὶ

219 4860 510 4940 λέγουσιν.-
560 4860 787 4940 Ορςγᾲρ
834 4865 903 4919 τὰ
1070 4860 1193 4940 ϊῶνΔ
1233 4860 1475 4940 βιϐλίων
1514 4860 1781 4940 τοσόῦτόν
1811 4885 1877 4937 με

218 4930 455 5059 ὠξελεῖν
492 4930 899 5024 ῥπελάιίϐανον,
959 4936 1081 4992 ὅσον
1140 4930 1408 5012 τᾶ’παρὰ
1458 4937 1639 5007 ζώσης
1688 4930 1876 5014 φωνῆς

218 5027 291 5059 κα
350 5025 636 5059 ιιενουστιε.

216 5025 315 5062 και
349 5025 582 5067 μενουση
593 5025 636 5067 ς.

694 5077 900 5152 _habe_t
964 5082 1092 5137 cod.
1143 5082 1202 5139 S.
1277 5080 1480 5137 Crucis
1547 5080 1640 5152 hic
1702 5085 1878 5152 atque

218 5149 469 5221 infraiet
496 5147 651 5205 alius
681 5148 1141 5221 Gemblacensis,
1204 5157 1353 5209 teste
1395 5151 1650 5209 Sutl‘rido
1698 5147 1873 5207 Petri.

215 5221 360 5298 M_ox_
379 5220 738 5298 veronensis
770 5222 1055 5298 loquantur
1095 5220 1199 5298 pro
1250 5224 1647 5297 loquebantur:
1682 5224 1876 5280 verius

215 5294 305 5369 ad_
323 5292 516 5369 Ifapim
543 5296 766 5369 textum
799 5290 1075 5369 λέγουσιν.

284 5367 308 5401 ⁸
338 5364 660 5422 veronens.
673 5406 687 5434 ,
723 5364 1140 5425 Commemorat.

283 5437 519 5512 ‘Supra
534 5451 674 5512 cap.
703 5436 741 5490 9
769 5436 1088 5497 Veronens.
1116 5440 1243 5509 'Qua
1288 5455 1323 5494 a
1369 5439 1647 5512 plerisque
1684 5440 1877 5495 retuli-

210 5524 337 5566 mus
366 5508 662 5565 traditum.

283 5583 304 5617 τ
336 5582 425 5636 Ita
444 5578 728 5656 Judaicas
752 5579 1102 5639 traditiones
1125 5581 1431 5656 appellari,
1475 5584 1705 5656 notum.
1736 5580 1871 5656 Yid.

208 5653 498 5728 Irenaeum
548 5648 653 5706 lib.
720 5666 798 5719 Iv,
840 5656 898 5728 et
943 5669 1007 5728 v,_
1058 5648 1380 5728 Apollinari
1416 5648 1602 5728 enim,
1654 5652 1873 5728 scr_ipta

209 5723 584 5796 intercidere,
614 5723 1127 5796 quemadmodum
1149 5731 1226 5799 et,
1261 5741 1438 5799 quem
1469 5724 1691 5794 laudat,
1725 5723 1873 5783 Ter-

2060 4294 2082 4327 ⁸
2104 4291 2425 4349 Victorinus
2458 4291 2890 4349 Petobionensis.
2918 4291 3083 4349 Falso
3110 4292 3340 4350 legebat
3360 4293 3641 4350 Erasmus

1994 4367 2303 4422 Victorinus
2377 4364 2736 4421 Pictaviensis
2782 4382 2801 4419 :
2872 4381 3009 4421 cum
3062 4364 3262 4422 nullus
3328 4365 3404 4421 sit
3460 4365 3642 4422 codex

1989 4454 2101 4493 ms.
2136 4436 2237 4508 qui
2269 4452 2383 4491 non
2423 4434 2581 4508 legat
2636 4436 3070 4507 Petabionensis,
3126 4437 3214 4494 vel
3271 4438 3643 4493 Pietationen-

2182 4524 2408 4563 ARTIAN.

2063 4582 2084 4614 θ
2111 4579 2321 4635 Veron.
2386 4577 2589 4649 Christi
2636 4581 2910 4649 martyrio
2956 4586 3233 4645 coronato,
3281 4578 3374 4633 cui
3428 4576 3639 4633 suffra-

1991 4655 2165 4725 gatur
2219 4653 2453 4725 Cracus
2507 4648 2799 4725 interpres
2852 4649 2983 4725 ᾧπερ
3017 4651 3448 4725 ποῦᾼᾋριστόῠ.
3495 4650 3642 4703 Con-

1988 4720 2212 4779 stanter
2244 4722 2627 4793 Hieronymus
2652 4720 2748 4793 hic
2778 4722 2908 4793 etin
2939 4720 3109 4793 epist.
3130 4722 3220 4777 78.
3245 4720 3315 4775 ad
3337 4720 3635 4793 Magnum,

1986 4811 2091 4867 pro
2117 4810 2233 4850 uno
2278 4790 2603 4867 eodemque
2651 4791 2836 4867 habet
2875 4790 3233 4867 Quadratum
3276 4790 3633 4867 Athenarum

1985 4860 2652 4946 ep_i_scopum_cum_i'l.lo,
2680 4862 2780 4946 qui
2810 4863 3163 4946 Αροίρεῇαω,
3178 4879 3281 4935 pro
3306 4860 3638 4946 Christiana

1988 4931 2267 5010 religio-nc
2291 4935 2504 5010 obtulit
2534 4931 2827 5010 Hadriano
2850 4931 3285 5010 {nihilominus
3317 4931 3466 5010 docti
3498 4932 3636 5010 viri,

1988 5004 2281 5077 Valésius,
2345 5005 2776 5080 Tillemontius,
2841 5006 3057 5080 aliique
3116 5007 3266 5063 duos
3307 5004 3634 5072 Quadratos

1990 5082 2253 5137 diversos
2279 5078 2828 5135 comminiscuntur.

2061 5153 2103 5188 ¹⁰
2132 5150 2503 5208 Praetulimus
2528 5148 2746 5206 codicis
2778 5149 2959 5206 nostri
3009 5148 3319 5206 lectionem
3348 5147 3631 5215 Eleusino,

2028 5240 2163 5279 uam
2197 5223 2409 5280 retinet
2432 5226 2491 5278 et
2510 5220 2948 5279 Gemblacensis
2974 5238 3008 5277 a
3028 5220 3283 5277 Sutl'rido
3307 5219 3631 5292 inspectus.

2028 5241 2163 5279 nam
2197 5241 2409 5280 retinet
2432 5241 2491 5278 et
2510 5241 2948 5279 UBlenCeIISlS
2974 5241 3008 5277 a
3029 5241 3283 5277 θωπιαο
3308 5241 3629 5292 inspectus.

1986 5241 2217 5368 geliqui
2284 5309 2488 5368 omnes
2544 5292 2735 5368 etiam
2780 5292 2921 5368 editi
2966 5294 3347 5368 _Eleusinam,
3401 5291 3629 5368 vitipse.

1986 5362 2152 5432 Quid'
2184 5370 2377 5423 autem
2416 5365 2505 5420 ‘sit
2551 5365 2811 5420 Eleusina
2860 5364 3135 5434 invisere,
3164 5364 3250 5421 vel
3293 5367 3359 5419 ut
3407 5362 3466 5418 in
3498 5363 3634 5436 Epi-

1985 5439 2137 5495 stola
2187 5438 2256 5493 ad
2319 5437 2622 5508 Magnum,
2676 5436 2950 5508 Eleusinae
3007 5453 3168 5493 sacra
3216 5438 3472 5508 iuvisere,
3506 5435 3635 5508 ipse

1984 5509 2235 5582 explicat
2287 5508 2367 5582 in,
2405 5506 2814 5582 Chronicuad
2872 5524 2965 5563 an.
3014 5511 3061 5582 77
3128 5506 3408 5582 Hadriani
3462 5506 3635 5582 sacris

1984 5575 2256 5639 Eleusinae
2346 5580 2589 5644 initiari,
2685 5577 2878 5635 Graece
2968 5581 3034 5633 τὰ
3124 5576 3426 5634 Ἐλευσίνια
3506 5575 3631 5631 ἐπο-

1983 5652 2217 5732 πτεύειν.
2253 5651 2505 5732 Facund.
2541 5650 2943 5732 Hermianens.
2976 5651 3273 5726 integrum
3304 5651 3416 5709 hoc
3433 5647 3633 5708 Hiero-

1984 5726 2145 5800 nymi
2177 5722 2504 5799 capitulum
2535 5722 2757 5780 recitat.
