3966 6386
402 420 521 485 675

1656 420 1722 482 S.
1770 412 2081 482 EUSEBII
2129 416 2573 483 HIERONYMI

3699 408 3825 480 6’16

332 580 333 583 η
403 554 597 611 crucis
646 570 762 611 non
820 552 1226 621 erubesceret;
1264 556 1321 609 et
1368 550 1549 609 alium
1600 552 1817 609 librum
1847 552 2030 624 (Alteri

2170 555 2273 606 τῶν
2331 550 2493 607 ἐθνῶν
2573 555 2918 627 συνταγεῖσαν
2993 545 3292 619 ἐπιδοῦναι,
3349 548 3441 603 τὸν
3504 545 3814 623 ὀνειδισμὸν

403 644 645 716 brevior)
674 644 1117 701 successoribus
1148 644 1412 716 ejusdem
1446 641 1741 712 Antonini,
1773 645 1844 697 M.
1876 645 2054 698 Anto-

400 734 537 790 nino
567 733 718 790 Vero
748 737 813 790 et
868 734 931 789 L.
986 732 1223 790 Aurelio
1281 732 1620 789 Commode.
1675 732 1878 787 Exstat
1923 731 2030 802 eju:

2170 733 2275 790 τοῖς
2349 734 2446 784 τοῦ
2526 728 2690 783 αὐτοῦ
2754 728 3077 783 Ἀντωνίνου
3159 724 3440 804 διαδόχοις
3495 770 3511 795 ,

398 821 561 878 aliud
592 821 872 879 volumen
903 822 1117 894 (Oratio
1147 821 1221 878 ad
1279 820 1509 893 Graecos)
1567 824 1769 876 contra
1822 822 2046 892 gentes,

2158 644 2255 696 τοῦ
2314 645 2546 717 σταυροῦ
2604 643 2678 715 μὴ
2741 640 3134 717 αἰσχυνόμενος
3166 685 3179 707 ,
3227 638 3318 694 καὶ
3376 634 3554 708 ἄλλην
3618 632 3813 713 βίϐλον

3566 726 3815 781 τουτέστι

2158 818 2364 892 Μάρκῳ
2448 818 2756 891 Ἀντωνίνῳ
2811 820 2995 893 Βήρῳ,
3077 817 3168 872 καὶ
3256 816 3477 889 Λουκίῳ
3538 813 3814 891 Δύρηλίῳ

396 910 498 967 ubi
554 912 627 968 de
680 911 1018 967 daemonum
1077 925 1312 983 quoque
1368 913 1580 966 natura
1637 907 1941 981 disputat:
1990 923 2030 963 ei

2170 902 2412 978 Κομόδῳ.
2463 911 2617 960 ’Ἐστι
2674 906 2763 960 καὶ
2822 903 2967 975 ἄλλη
3029 904 3192 960 αὐτοῦ
3256 898 3450 979 βίϐλος
3507 905 3645 959 κατὰ
3698 906 3812 958 τῶν

393 1002 673 1071 quartum
706 1001 987 1056 adversus
1017 1004 1240 1073 gentes,
1271 998 1365 1055 cui
1413 997 1655 1053 titulum
1705 996 2030 1070 praenotavit

2170 992 2344 1063 ἐθνῶν,
2377 993 2428 1048 ἐν
2479 995 2667 1071 ᾖπερὶ
2713 1002 2815 1065 τῆς
2876 993 3087 1072 φύσεως
3143 997 3250 1049 τῶν
3312 991 3583 1067 δαιμόνων
3620 989 3807 1047 διαλέ-

391 1086 736 1164 ’Έλεγχοςίε
801 1089 904 1145 sed
963 1093 1020 1144 et
1071 1087 1223 1143 alius
1273 1088 1344 1142 de
1391 1085 1731 1143 Monarehia
1806 1086 1932 1152 Dei,
1990 1092 2030 1140 ei

2170 1104 2327 1157 (εται,
2357 1083 2447 1138 καὶ
2506 1085 2759 1159 τέταρτον
2819 1082 2982 1160 λόγον
3033 1084 3243 1158 ὁμοίως
3295 1085 3431 1139 κατᾶ
3475 1089 3583 1139 τῶν
3618 1082 3810 1150 ἐθνῶν,

388 1176 543 1234 alius
572 1176 739 1245 liber,
772 1193 949 1249 quem
978 1176 1322 1249 praenotavit
1363 1175 1583 1231 Psalten
1601 1176 1641 1243 ²,
1678 1179 1735 1230 et
1764 1173 1918 1230 alius
1974 1173 2045 1230 de

382 1266 616 1323 Anima.
650 1265 926 1338 Dialogus
957 1270 1158 1322 contra
1186 1265 1444 1332 Judaaos,
1499 1281 1673 1337 quem
1706 1263 1916 1319 habuit
1944 1263 2044 1319 ad-

380 1370 588 1410 versus
619 1353 992 1426 Tryphonem
1023 1352 1348 1427 principem
1388 1352 1767 1409 Judzeerum:
1818 1352 1921 1408 sed
1979 1356 2038 1408 et

380 1450 581 1499 contra
625 1442 981 1499 Marcienem
1038 1442 1298 1515 insignia
1383 1441 1709 1508 volumina,
1786 1457 2039 1514 quorum

377 1530 615 1586 Ireneus
667 1546 902 1604 quoque
945 1533 1198 1603 quarto3
1244 1531 1527 1588 adversus
1576 1531 1835 1586 Haereses
1889 1529 2040 1586 libre

374 1618 682 1676 meminit:
717 1624 775 1675 et
812 1618 967 1676 alius
1016 1619 1166 1675 liber
1214 1626 1421 1676 contra
1467 1636 1676 1677 omnes
1724 1619 2035 1687 haereses‘,

374 1709 548 1780 cujus
576 1707 713 1765 facit
743 1707 1102 1766 mentionem
1133 1708 1195 1763 in
1236 1709 1596 1780 Apologetico,
1654 1723 1836 1780 quem
1882 1707 2041 1764 dedit

371 1796 665 1853 Antonino
694 1796 817 1853 Pio.
843 1796 945 1852 Hic
976 1813 1110 1854 eum
1142 1796 1201 1852 in
1227 1797 1371 1853 urbe
1404 1797 1591 1853 Roma
1620 1795 1869 1853 haberet
1914 1792 2034 1850 δια-

370 1878 563 1959 τριϐὰς
586 1885 629 1955 ⁸,
681 1889 739 1941 et
783 1886 1150 1943 Crescentem
1206 1886 1512 1958 Cynicum,
1563 1884 1665 1958 qui
1716 1884 1905 1941 multa
1933 1886 2035 1941 ad-

374 1990 613 2031 versum
641 1973 1007 2031 Christianos
1034 1973 1497 2049 blasphemabat
1528 1975 1905 2048 redargueret
1933 1991 2040 2047 gu-

378 2062 592 2131 losum,
623 2066 681 2119 et
701 2062 908 2120 mortis
929 2062 1229 2132 timidum,
1254 2062 1628 2135 luxuriaeque
1654 2068 1707 2120 et
1728 2062 2042 2119 libidinum

379 2156 750 2221 sectatorem,
804 2152 875 2208 ad
925 2156 1252 2209 extremum
1296 2153 1493 2209 studio
1553 2153 1682 2224 ejus
1720 2156 1779 2209 et
1806 2152 2038 2209 insidiis

378 2246 710 2311 accusatus,
780 2242 935 2313 quod
995 2242 1367 2299 Christianus
1427 2245 1606 2310 esset,
1656 2257 1759 2313 pro
1805 2241 2036 2298 Christo

378 2331 732 2405 sanguinem
760 2330 932 2386 fudit.

2152 1171 2209 1225 ’ὸν
2272 1170 2567 1249 ἐπέγραψεν
2627 1174 2922 1250 Ἔλεγχος,
2980 1174 3070 1228 καὶ
3134 1171 3301 1227 ἄλλον
3362 1175 3486 1248 περί
3544 1179 3649 1243 τῆς
3705 1175 3809 1227 τοῦ

2152 1264 2286 1315 Θεοῦ
2348 1263 2673 1338 μοναρχίας,
2731 1264 2821 1317 καὶ
2874 1260 3043 1317 ἄλλον
3094 1260 3343 1335 ὠνόμασε
3402 1260 3656 1333 Ψάλτην,
3713 1262 3809 1315 καὶ

2148 1346 2328 1425 ἕτερον
2379 1351 2504 1427 περὶ
2560 1357 2662 1420 τῆς
2715 1354 2920 1428 ψυχῆς.
2984 1351 3250 1427 Διάλογον
3306 1351 3442 1406 κατᾶ
3496 1355 3605 1405 τῶν
3667 1356 3805 1405 Ἰου-

2150 1435 2314 1492 δαίων
2377 1482 2391 1508 ,
2458 1440 2516 1493 ὃν
2591 1436 2706 1516 ἔχει
2785 1442 2921 1495 κατά
2997 1440 3287 1519 Τρύφωνος
3374 1440 3627 1517 ἀρχηγοῦ
3693 1444 3807 1495 τῶν

2146 1524 2440 1585 Ἰουδαίων.
2477 1529 2550 1583 Οὔ
2613 1532 2718 1602 μὴν
2779 1527 2923 1584 ἀλλά
2974 1530 3064 1585 καὶ
3120 1530 3256 1585 κατὰ
3312 1529 3633 1605 Μαρκίωνος
3686 1527 3808 1583 ἐπί-

2148 1637 2299 1689 σημα
2320 1616 2517 1694 τεὺχη,
2548 1619 2785 1673 ὧντινων
2822 1618 3111 1693 Εἰρηναῖος
3162 1617 3213 1673 ἐν
3244 1623 3325 1691 τῷ
3374 1619 3611 1691 πέμπτῳ
3642 1616 3804 1694 λόγῳ

2143 1709 2222 1777 τῷ
2249 1707 2386 1761 κατᾶ
2430 1712 2539 1761 τῶν
2600 1708 2881 1785 αἱρετικῶν
2938 1710 3229 1782 μέμνηται.
3284 1708 3383 1762 Καὶ
3415 1706 3559 1778 ἄλλη
3601 1702 3803 1782 βίϐλος

2143 1793 2279 1848 κατὰ
2333 1800 2520 1850 πασῶν
2591 1801 2701 1852 τῶν
2762 1797 3015 1873 αἰρέσεων
3053 1842 3066 1867 ,
3126 1800 3193 1866 ἧς
3276 1797 3549 1870 μέμνηται
3608 1796 3657 1851 ἐν
3716 1802 3802 1870 τῷ

2145 1881 2571 1959 Ἀπολογητικῷ
2604 1930 2618 1956 ,
2694 1887 2753 1940 ὃν
2831 1882 3026 1941 ἔδωκεν
3110 1887 3416 1957 Ἀντωνίνῳ
3490 1889 3570 1959 τῷ
3655 1885 3801 1959 Πίῳ.

2150 1972 2319 2036 Οὗτος
2367 1972 2419 2029 ἐν
2467 1979 2537 2049 τῇ
2597 1976 2779 2050 Ῥώμῃ
2836 1973 2977 2053 ἔχων
3036 1976 3133 2038 τὰς
3194 1970 3496 2052 διατριϐάς,
3566 1972 3799 2030 εὐθύνων

2152 2064 2407 2138 Κρήσκην
2476 2066 2521 2139 (Ῑ
2552 2109 2564 2121 .
2627 2068 2712 2136 leg
2744 2109 2757 2122 .
2811 2066 3143 2140 Κρήσκεντα)
3222 2066 3313 2120 τὸν
3373 2065 3597 2120 Κυνικὸν
3633 2109 3647 2136 ,
3704 2065 3799 2120 τὸν

2146 2153 2284 2207 κατά
2354 2157 2464 2208 τῶν
2525 2159 2858 2230 Χριστιανῶν
2925 2152 3356 2233 βλασφημοῦντα
3387 2198 3401 2224 ,
3468 2155 3558 2209 καὶ
3610 2151 3797 2210 καλῶν

2144 2240 2300 2295 αὐτὸν
2375 2240 2685 2321 λαίμαργον
2722 2288 2739 2316 ,
2794 2244 2883 2298 καὶ
2954 2244 3047 2299 τὸν
3104 2245 3327 2299 θάνατον
3403 2238 3743 2321 φοϐούμενον
3781 2287 3798 2316 ,

2140 2326 2347 2385 ἄσωτόν
2388 2352 2449 2386 τε
2494 2334 2584 2387 καὶ
2638 2331 2959 2404 ἀκόλαστον,
3002 2332 3162 2396 τὲλος
3202 2338 3272 2408 τῇ
3310 2331 3505 2388 τούτου
3554 2333 3799 2409 ἐνεργείᾳ

2133 2419 2223 2474 καὶ
2256 2414 2529 2496 ἐπιϐουλῇ
2562 2422 2637 2485 ὡς
2672 2424 2993 2499 Χριστιανὸς
3027 2423 3157 2499 ὑπὲρ
3187 2427 3284 2477 τοῦ
3316 2427 3551 2498 Χριστοῦ
3580 2418 3794 2481 ἔπαθεν.

1853 2535 2087 2593 CAPUT
2125 2537 2316 2594 XXIV.

447 2651 642 2709 Melite
672 2652 950 2719 Asianus,
982 2650 1298 2708 Sardensis
1328 2650 1888 2723 episcopus,librum
1918 2652 2029 2707 im-

377 2740 631 2813 peratori
660 2741 736 2795 M.
767 2739 1059 2796 Antonino
1087 2738 1365 2811 Vero,qui
1390 2739 1709 2796 Frontonis
1727 2741 1749 2775 ⁶
1778 2740 2025 2797 oratoris

383 2828 715 2902 discipulus
772 2829 906 2900 fuit,
962 2845 1066 2901 pro
1121 2827 1448 2885 Christiane
1518 2829 1791 2901 dogmate
1846 2829 2026 2885 dedit.

376 2918 621 2991 Scripsit
651 2934 886 2991 quoque
945 2922 1003 2974 et
1049 2916 1183 2987 alia,
1214 2917 1285 2973 de
1317 2917 1535 2989 quibus
1565 2917 1678 2974 ista
1707 2922 1865 2986 sunt,
1902 2934 2030 2991 quae

382 3007 793 3080 subjecimus:
847 3007 920 3063 de
962 3006 1185 3077 Rascha
1232 3005 1417 3063 libros
1449 3006 1617 3075 duos,
1648 3007 1721 3073 de
1749 3006 1876 3064 Vita
1907 3024 2033 3079 pro-

380 3095 692 3170 phetarum
722 3096 940 3154 librum
972 3112 1178 3163 unum,
1212 3096 1285 3152 de
1312 3094 1568 3153 Ecclesia
1597 3095 1814 3153 librum
1842 3113 2030 3152 unum

373 3186 444 3244 de
498 3185 602 3242 Die
680 3185 983 3243 Dominica
1041 3185 1258 3242 librum
1316 3186 1570 3256 unum",
1626 3187 1697 3242 de
1754 3186 2033 3242 Sensibus

370 3273 590 3331 librum
623 3291 834 3342 unum,
864 3274 937 3331 de
969 3274 1108 3330 Fide
1149 3273 1364 3330 librum
1399 3290 1604 3343 unum,
1637 3275 1708 3331 de
1738 3275 2029 3331 Plasmate
2059 3274 2101 3342 α

372 3362 596 3419 librum
654 3363 898 3434 unum“,
949 3363 1019 3419 de
1084 3363 1295 3418 Anima
1364 3367 1421 3418 et
1486 3363 1735 3435 Corpore
1802 3362 2021 3420 librum

374 3468 580 3520 unum,
612 3451 682 3507 de
715 3451 1069 3524 Baptismate
1095 3450 1321 3507 librum
1370 3468 1579 3521 unum,
1639 3453 1710 3509 de
1764 3453 2024 3509 Veritate

372 3540 590 3597 librum
626 3540 912 3611 unum,de
946 3539 1331 3597 Generatione
1361 3540 1571 3596 Christi
1595 3540 1808 3597 librum
1836 3558 2022 3597 unum

373 3630 445 3687 de
474 3629 843 3703 PrOphetia’
890 3646 999 3685 sua
1045 3628 1263 3685 librum
1317 3646 1524 3695 unum,
1575 3631 1646 3685 de
1694 3629 2033 3687 Philoxenia

372 3718 595 3775 librum
624 3735 829 3787 unum,
861 3723 918 3774 et
947 3717 1130 3774 alium
1191 3718 1341 3774 867
1395 3717 1612 3773 librum
1672 3719 1773 3790 qui
1834 3720 2014 3776 Clavi:

374 3807 761 3877 inscribitur;
793 3808 863 3864 de
900 3806 1144 3864 Diabole
1174 3805 1394 3863 librum
1439 3823 1646 3876 unum,
1697 3808 1768 3863 de
1812 3810 2031 3880 Apoca-

372 3897 522 3969 lypsi
588 3898 843 3954 Joannis
918 3896 1139 3953 librum
1218 3912 1406 3953 unum
1482 3894 1607 3968 περὶ
1683 3896 2038 3969 Ἐνσωμάτου

373 3989 509 4040 Θεοῦ
596 3985 815 4044 librum
866 4002 1053 4043 unum
1078 3987 1141 4053 ¹⁰,
1214 3991 1274 4042 et
1346 3981 1624 4059 Ἐκλογῶν
1683 3984 1864 4043 libros
1921 4003 2041 4043 sex.

446 4156 462 4189 ¹
500 4154 671 4230 Nunc
750 4154 1093 4211 inscribitur
1139 4154 1348 4230 ΔΛόγος
1424 4155 1874 4230 παραινετικρςμ
1920 4173 2037 4230 quo

380 4226 628 4354 {uimine
674 4241 809 4281 eum
856 4231 1022 4283 vocat
1073 4226 1694 4284 etiam'DamaSGenus
1744 4228 1803 4282 in
1848 4226 2042 4285 Paral-

408 4314 437 4354 θ
466 4314 536 4354 ιε.

408 4314 536 4354 6118.

453 4370 475 4403 ²
508 4372 720 4424 Veron.
750 4364 1007 4438 Ψάλτης,
1055 4368 1269 4424 Graecis
1320 4368 1554 4438 litteris.
1599 4369 1898 4425 lntercidit
1928 4387 2037 4426 au-

381 4445 503 4497 tem
533 4439 629 4495 hic
658 4436 1010 4515 liber,_ut'et
1043 4457 1298 4512 sequens
1346 4436 1616 4515 Εχολικὸν
1648 4440 1773 4515 περὶ
1805 4442 2032 4515 ψμχῆς,

383 4520 467 4585 et,
525 4528 654 4585 quae
756 4511 911 4568 infra
1009 4511 1316 4579 memorat,
1393 4511 1607 4569 "conm:
1706 4511 2037 4569 Marbidizem

380 4584 689 4640 volumina.

449 4655 471 4689 ³
503 4655 798 4738 Hactenus
826 4654 967 4710 editi
1000 4671 1133 4711 cum
1163 4654 1360 4738 Graeco
1391 4654 1727 4738 interprete,
1752 4657 2033 4738 ίηλιιίηιο

380 4743 496 4783 non
527 4726 841 4799 antiquiss.
893 4743 1004 4799 ms.
1056 4733 1255 4799 noster
1299 4726 1569 4799 castigat.
1622 4727 1773 4782 Sane
1819 4726 2031 4799 lib.iv,

379 4815 494 4871 non
520 4815 579 4869 v,
612 4798 721 4871 hoc
748 4798 966 4871 Justini
989 4815 1137 4871 opus
1166 4798 1369 4871 laudat
1425 4798 1676 4871 Irenaeus
1736 4814 1864 4871 capp.
1923 4798 1987 4853 44
2016 4816 2029 4871 ς

378 4867 573 4931 Καλῶς
619 4868 908 4931 Ἰουστῖνος
948 4868 998 4923 ἐν
1028 4867 1110 4941 τῷ
1139 4869 1275 4943 πρὸς
1317 4867 1611 4944 Μαρκίωνα
1698 4867 2030 4943 συνὶάγματί

424 4961 546 4994 τσιν
578 4944 691 4997 etc.

385 4962 420 5020 φ
499 5013 667 5070 Hunc
686 5011 922 5093 librum
945 5018 1142 5093 _contra
1172 5028 1358 5069 omnes
1395 5012 1629 5093 haereses
1669 5027 2031 5093 nonurecen:

381 5089 471 5140 set
519 5101 631 5140 ms.
685 5084 743 5139 S.
794 5085 1013 5141 Crucis.
1066 5090 1230 5140 Certe
1278 5100 1394 5139 non
1448 5087 1639 5137 exstat
1680 5081 1875 5149 hodie,
1929 5084 2030 5139 sed

382 5171 686 5227 nunquam
720 5156 968 5212 fortasse
999 5157 1058 5211 in
1093 5171 1309 5227 manus
1338 5152 1645 5227 hominum
1673 5153 2031 5227 v_enit.lllum

382 5226 509 5301 ipse
530 5225 1117 5301 JustinusiApologia
1156 5225 1419 5301 longiore
1470 5225 1627 5301 intra
1678 5225 2033 5301 domesticos

382 5296 634 5424 pgrtietes
668 5300 821 5369 apud
871 5296 933 5355 se
981 5296 1193 5355 habere
1242 5296 1408 5365 dixit,
1458 5301 1515 5351 et
1565 5296 1615 5352 si
1653 5298 2031 5368 epertuisset,

387 5385 418 5424 e
462 5386 479 5422 ι
510 5384 703 5424 urum.

387 5384 703 5424 editurum.

454 5439 667 5506 “Quod
728 5439 1011 5497 Tatianus
1070 5441 1225 5513 apud
1287 5437 1607 5496 Eusebium
1654 5456 1711 5494 1v
1756 5439 1904 5497 dixit
1960 5442 2030 5513 τῇ

454 5509 609 5562 εγάλτι
638 5506 822 5562 πόλει.
855 5512 925 5562 de
956 5512 1141 5562 ana
1168 5512 1379 5562 nrcinit
1411 5510 1562 5562 Hier.
1592 5529 1604 5562 :
1650 5510 1745 5562 alii
1789 5513 1859 5562 de
1928 5515 2030 5562 Me-

396 5509 609 5584 μεγάλῃ
638 5508 822 5576 πόλει,
855 5512 925 5567 de
956 5508 1141 5567 Roma
1168 5512 1379 5584 accipit
1411 5510 1562 5565 Hier.
1592 5529 1604 5576 ;
1650 5510 1745 5565 alii
1789 5513 1859 5567 de
1928 5508 2035 5567 Me-

396 5583 634 5655 galopeli
664 5583 921 5655 ereadite
953 5584 1114 5651 urbe,
1148 5586 1218 5639 de
1250 5600 1365 5655 qua
1405 5582 1541 5637 alibi
1601 5583 1885 5639 Tatianus
1917 5601 2035 5639 ma-

423 5601 634 5655 aiopeu
671 5601 921 5637 areaque
953 5601 1114 5651 urbe,
1148 5601 1218 5639 ee
1250 5601 1365 5655 qua
1405 5601 1541 5637 anei
1602 5601 1845 5638 'l'auanu

383 5601 521 5711 lunt
541 5653 884 5725 intelligere.
1049 5723 1059 5725 _
1154 5724 1157 5725 ν
1459 5722 1470 5725 _
1636 5724 1639 5725 ν
1842 5672 1845 5675 λ

362 5770 377 5801 ς
412 5726 475 5785 ..³
505 5725 649 5801 Puto
681 5722 759 5783 ut
788 5723 1096 5801 Frontonis
1146 5724 1335 5801 ipsius
1386 5722 1726 5801 calumnias
1764 5725 2033 5801 confuta-

380 5801 509 5893 ret;
557 5796 655 5859 ille
713 5796 871 5860 enim
917 5796 1143 5859 famosa
1170 5795 1622 5858 Declamatione
1669 5795 2035 5859 Christianos

2212 2651 2461 2709 Μελίτων
2519 2656 2765 2718 Ἀσιανὸς
2802 2700 2815 2725 ,
2876 2653 3126 2729 Σάρδεων
3187 2655 3479 2719 ἐπίσκοπος
3513 2700 3528 2727 ,
3595 2651 3793 2730 βίϐλον

2146 2740 2360 2817 βασιλεῖ
2412 2745 2615 2819 Μάρκῳ
2669 2745 2977 2818 Ἀντωνίνῳ
3034 2748 3219 2822 Βήρῳ,
3252 2746 3314 2807 ὃς
3344 2745 3664 2820 Φρόντωνπ
3695 2749 3795 2801 τοῦ

2142 2840 2374 2917 ῥήτορος
2438 2844 2684 2915 μαθητὴς
2737 2843 2997 2919 ἐγεγόνει,
3047 2843 3180 2917 ὐπὶρ
3230 2847 3327 2898 τοῦ
3373 2848 3485 2898 τῶν
3534 2849 3793 2919 Χριστια-

2139 2934 2245 2985 νῶν
2323 2928 2598 3006 δόγματος
2657 2929 2921 2987 ἐπέδωκεν
2955 2977 2967 2990 .
3015 2935 3261 3009 Ἔγραψε
3318 2930 3377 2987 δὲ
3430 2933 3522 2988 καὶ
3576 2930 3790 3010 ἕτερα,

2141 3027 2227 3105 ἀφ’
2286 3029 2358 3082 ὧν
2414 3027 2543 3085 τάδε
2598 3029 2953 3104 ὑπετάξαμεν·
3013 3032 3138 3107 περὶ
3191 3034 3289 3085 τοῦ
3339 3032 3532 3109 Πάσχα
3584 3028 3793 3107 λόγους

2140 3114 2256 3186 δύο,
2288 3119 2410 3195 περὶ
2468 3118 2595 3173 Βίου
2625 3124 2967 3197 προφητικοῦ
3007 3119 3171 3196 λόγον
3212 3117 3326 3190 ἕνα,
3370 3121 3496 3197 περί
3549 3118 3785 3193 Ἐκκλη-

2140 3206 2258 3269 σίας
2294 3204 2458 3282 λόγον
2490 3205 2601 3278 ἕνα,
2650 3209 2774 3284 περὶ
2827 3210 3061 3286 Ἡμέρας
3115 3216 3387 3285 Κυριακῆς
3446 3207 3612 3285 λόγον
3670 3206 3786 3280 ἕνα,

2138 3307 2261 3381 περὶ
2321 3304 2568 3368 Διανοίας
2628 3304 2792 3382 λόγον
2848 3304 2961 3377 ἕνα,
3017 3308 3141 3384 περὶ
3185 3312 3293 3363 τῶν
3345 3312 3556 3363 Πιστῶν
3618 3306 3784 3383 λόγον

2129 3392 2242 3464 ἓνα,
2301 3396 2425 3472 περί
2484 3395 2743 3458 Πλάσεως
2801 3391 2891 3451 ἕνα
2947 3397 3071 3473 περὶ
3128 3403 3330 3473 Ψυχῆς
3386 3396 3477 3452 καὶ
3532 3398 3787 3471 σώματος

2137 3492 2245 3564 ἕνα,
2313 3495 2437 3569 περὶ
2490 3494 2868 3568 Βαπτίσματος
2910 3493 3001 3549 ἕνα
3034 3539 3048 3565 ,
3106 3496 3229 3573 περὶ
3286 3493 3575 3566 ’Δληθείας
3645 3492 3736 3551 ἕνα
3768 3541 3782 3567 ,

2139 3585 2262 3659 περὶ
2340 3585 2645 3652 Γεννὴσεως
2732 3588 2965 3659 Χριστοῦ
3046 3582 3137 3639 ἕνα
3189 3628 3203 3654 ,
3264 3585 3388 3661 περὶ
3443 3585 3790 3664 Προφητείας

2144 3671 2282 3735 ἰδίας
2351 3666 2460 3741 ἕνα,
2529 3672 2652 3749 περὶ
2721 3672 3039 3743 Φιλοξενίας
3099 3668 3208 3744 ἕνα,
3239 3674 3329 3729 καὶ
3383 3669 3563 3750 ἕτερον
3624 3672 3789 3751 λόγον

2144 3773 2205 3833 ’ὀς
2266 3770 2617 3849 ἐπιγράφεται
2689 3769 2849 3833 Κλεὶς
2883 3815 2898 3841 ,
2945 3771 3070 3848 περὶ
3128 3766 3397 3827 Διαϐόλου
3466 3768 3556 3826 ἕνα
3593 3816 3607 3843 ,
3666 3774 3795 3851 περὶ

2147 3858 2574 3934 Ἀποκαλύψεως
2602 3861 2852 3915 Ἰωάννου
2883 3855 2993 3931 ἕνα,
3034 3861 3123 3916 καὶ
3161 3861 3285 3939 περὶ
3314 3860 3410 3917 τού
3448 3864 3799 3937 Ἐνσωμάτου

2153 3964 2286 4016 Θεοῦ
2361 3956 2526 4034 λόγον
2585 3954 2695 4029 ἕνα,
2752 3956 3031 4035 Ἐκλογῶν
3074 3958 3275 4037 λόγους
3328 3955 3399 4031 ἕξ.
3441 3959 3645 4016 Τούτου
3698 3961 3799 4032 τὴν

2189 4149 2388 4234 rebris.
2410 4153 2783 4234 oneraverat._
2802 4148 2964 4234 Ejus.
2976 4149 3252 4232 meminit
3308 4147 3551 4217 Gellius,
3601 4147 3797 4207 Julius

2194 4220 2530 4295 apitolinus,
2562 4219 2862 4276 Ausonius
2892 4219 3128 4292 aliique.

2218 4297 2237 4329 ⁷
2270 4294 2511 4373 Librum
2541 4292 2611 4347 de
2637 4291 2727 4347 die
2760 4292 3065 4373 Dominica
3123 4307 3240 4373 non
3299 4294 3607 4373 enumerat
3662 4293 3792 4373 cod:

2144 4363 2519 4431 Veronensis,
2548 4378 2719 4439 quem
2753 4364 3268 4439 tamenAEusebius
3318 4363 3497 4430 novit,
3554 4367 3612 4420 et
3667 4364 3793 4439 περὶ

2148 4441 2422 4544 Κυριακῆς
2452 4432 2620 4490 vocat
2649 4432 2689 4488 1.
2722 4452 2798 4504 IV,
2831 4451 2882 4491 c.
2913 4436 3005 4491 26.

2267 4508 2430 4544 "uno
2489 4507 2561 4544 ΑΩ
2621 4506 2900 4544 Dlncmnh)
2957 4506 3005 4544 lil

2267 4508 2432 4563 Hune
2489 4507 2561 4561 de
2615 4506 2900 4563 Plasmate
2955 4506 3171 4562 librum
3240 4506 3426 4563 Vatic.
3500 4507 3606 4562 342
3673 4523 3789 4563 non

2145 4578 2441 4654 agnoscit:
2474 4577 2796 4654 Veronens,
2827 4582 3026 4654 ne_s_ter
3048 4579 3124 4654 de
3154 4579 3314 4635 Plasi
3350 4576 3511 4651 legit,
3543 4576 3791 4654 veriora,

2143 4645 2214 4707 ιιῖ
2257 4651 2526 4722 arbitrer,
2576 4649 2843 4722 lectione.
2896 4650 3182 4722 Eusebius
3246 4645 3437 4722 vocati
3470 4648 3596 4722 περὶ
3623 4645 3788 4722 ,πλά-

2143 4742 2300 4783 σεως.
2383 4721 2541 4776 Idem
2617 4720 2799 4776 voluit
2850 4721 3174 4783 exprimere
3230 4719 3670 4778 Gemblacensis
3727 4720 3795 4779 de

2141 4795 2340 4859 Phase,
2373 4792 2473 4865 ubi
2506 4792 2738 4865 legend.
2767 4792 2834 4848 de
2860 4792 3032 4865 Pfasi.

2212 4866 2390 4938 ?Non
2435 4864 2521 4938 ita
2569 4862 2809 4938 'videtur
2856 4864 3270 4938 intelligendus
3316 4862 3639 4938 Eusebius;
3672 4877 3791 4938 non

2140 4937 2297 4994 enim
2326 4934 2450 5010 περῖ
2479 4934 2817 5010 προφητείας
2848 4934 3010 5010 αὐτοῦ
3040 4931 3213 5010 dicit,
3272 4935 3373 4991 sed
3431 4932 3604 5010 mirae
3661 4931 3791 5005 περὶ

2140 4953 2297 4994 enim
2326 4953 2450 5061 πεῖὶῑ
2479 4953 2817 5010 προφητειας
2848 4954 3010 4989 αυτου
3051 4953 3213 5003 (non,
3272 4953 3373 4991 ΒΘΗ
3431 4954 3596 4987 αυτου
3661 4953 3790 5005 περι

2140 5023 2513 5136 ηροφῃτεριςε
2547 5008 2814 5079 quamvis
2847 5013 2903 5062 et
2933 5008 3180 5064 Ruﬁnus
3207 5009 3413 5073 vertat,
3459 5015 3512 5061 et
3569 5004 3635 5061 de
3653 5020 3792 5077 pro-

2140 5098 2173 5136 n
2196 5097 2246 5136 te
2274 5097 2329 5135 ια
2358 5095 2498 5136 eius.

2136 5095 2329 5153 pneua
2358 5097 2406 5152 ε]
2417 5095 2498 5134 us.

2213 5154 2254 5188 ιο
2282 5151 2523 5207 Variant
2552 5150 2622 5205 de
2653 5149 2761 5206 hoc
2791 5149 2916 5207 loco
2947 5151 3063 5207 duo
3092 5149 3342 5215 codices,
3392 5146 3578 5204 Vatic.
3610 5151 3668 5203 et
3725 5146 3787 5201 S.

2141 5223 2365 5287 Crucis,
2421 5238 2703 5294 quorum
2772 5221 2921 5294 alter
2957 5293 2962 5294 ί
2999 5218 3793 5294 ΚΑΙΤΑΟΙΤΕΡΙΕῌΟΩΜΑΤρ-ιῖ

2141 5299 2274 5368 etc..
2331 5293 2429 5368 ubi
2473 5288 2714 5365 legend.
2772 5293 2862 5368 καὶ
2916 5292 3378 5368 τὸν-περίποτον
3412 5290 3559 5368 alter
3596 5288 3790 5368 verbis

2143 5364 2457 5438 ἐνσωμάτου
2502 5363 2635 5438 Θεοῦ
2699 5364 2894 5420 statim
2946 5363 3276 5438 subiungit,
3337 5363 3403 5419 de
3455 5363 3792 5438 Αῑιρίνγζξςαεᾳ

2145 5439 2241 5494 Dei
2269 5433 2358 5490 τὸν
2388 5433 2503 5503 ἕνα,
2537 5436 2744 5508 librum
2770 5453 2942 5492 unum
2961 5440 3011 5492 et
3037 5433 3381 5508 Ecloéarum,
3418 5440 3527 5508 etc.
3556 5433 3795 5490 Scilicet

2144 5510 2216 5565 ad
2263 5526 2423 5565 eram
2485 5506 2639 5576 libri,
2688 5512 2755 5563 ut
2801 5508 3074 5575 arbitrer,
3121 5506 3244 5564 haec
3290 5510 3414 5562 erat
3458 5506 3786 5562 Graecorum

2143 5582 2450 5637 verborum
2500 5581 2922 5651 interpretatio,
2966 5580 3031 5635 de
3068 5581 3451 5651 lncarnatione
3480 5579 3587 5651 Dei
3608 5593 3788 5649 quam

2143 5669 2259 5708 non
2321 5652 2465 5707 satis
2497 5649 2827 5723 assecutus
2883 5651 3181 5716 librarius,
3239 5649 3341 5723 qui
3402 5666 3541 5723 eam
3574 5649 3634 5704 in
3663 5653 3787 5723 text

2141 5732 2269 5780 tum
2299 5720 2559 5796 intrusit,
2591 5720 2750 5796 legit,
2782 5723 2862 5796 de,
2896 5724 3235 5796 (Etemitate,
3255 5718 3402 5789 'etc.,
3449 5718 3788 5793 cujusmodi

2143 5796 2360 5858 librum
2416 5794 2603 5857 fuisse
2650 5794 2686 5855 ἁ
2737 5794 3006 5861 Melitone
3090 5794 3396 5875 scriptum,
3483 5807 3786 5873 nusquam
