3966 6428
432 392 559 463 679

1694 388 1758 456 S.
1803 392 2111 459 EUSEBlI
2157 386 2595 457 HIERONYMI

3710 378 3840 451 .cso

440 529 514 585 ad
546 530 864 596 Romanos,
896 545 1073 602 quam
1104 528 1345 603 scripsit
1365 530 1436 587 ad
1469 529 1726 586 Soterem
1745 527 2061 600 episcopun

2214 526 2422 579 [Ῐινυτὸν
2472 531 2573 594 τῆς
2614 523 2780 593 αὐτῆς
2832 516 3049 584 πόλεως
3098 520 3411 590 ἐπίσκοπον,
3445 515 3655 592 ἑϐδόμη
3707 518 3840 595 πρὸς

439 634 662 685 eorum,
695 622 896 675 octava
924 619 998 674 ad
1056 618 1543 692 Chrysopboram,
1595 620 1862 673 sanctam
1918 615 2083 670 femi-

435 723 597 763 nam.
621 706 845 763 Claruit
872 708 983 763 sub
1005 706 1189 781 impp.
1221 712 1295 763 M.
1317 707 1607 764 Antonino
1637 705 1783 762 Vero
1813 709 1871 760 et
1900 709 2083 759 L.Au-

440 794 580 853 relic
608 795 945 853 Commodo.

2192 614 2517 687 Ῥωμαίους,
2578 614 2639 682 ἢν
2721 607 2922 688 ἔγραψε
2978 612 3114 688 πρὸς
3173 616 3409 684 Σωτῆρα
3476 608 3569 663 τὸν
3635 606 3836 662 τούτων

2197 702 2511 772 ἐπίσκοπον,
2546 698 2716 777 ὀγδόη
2758 702 2894 778 πρὸς
2943 700 3294 779 Χουσοφόραν
3337 692 3541 767 εὐλαϐῆ
3593 702 3834 773 γυναῖκα.

2195 792 2484 868 Διέπρεψεν
2537 788 2623 845 ἐπὶ
2684 792 2903 866 Μάρκου
2950 787 3275 845 Ἀντωνίνου
3322 788 3501 863 Βήρου
3556 786 3648 841 καὶ
3702 790 3838 841 Λου-

2192 879 2313 933 κίου
2346 876 2629 955 Αὐρηλίου
2660 875 2932 952 Κομόδου.

1894 1004 2124 1062 CAPUT
2163 1003 2406 1061 XXVIII.

506 1123 748 1194 Pinytus
775 1124 1087 1191 Cretensis,
1121 1124 1375 1180 Cnossiae
1407 1123 1570 1180 urbis
1600 1120 2079 1195 episcopus,scri-

430 1213 551 1285 psit
580 1213 653 1269 ad
680 1214 1018 1287 Dionysium
1052 1216 1066 1248 ¹
1094 1212 1527 1269 Corinthiorum
1552 1212 1892 1285 episcopum
1913 1210 2080 1265 valde

2265 1119 2491 1180 Πινυτὸς
2558 1120 2798 1195 Κρήτης,
2875 1122 3129 1172 Κνωσσοῦ
3186 1124 3288 1186 τῆς
3349 1114 3566 1177 πόλεως
3627 1113 3838 1170 ἐπίσκο-

2189 1228 2291 1269 πος
2326 1251 2340 1276 ,
2403 1205 2605 1283 ἔγραψε
2661 1210 2798 1283 πρὸς
2866 1206 3149 1261 Διονύσιον,
3210 1205 3470 1282 Κορίνθου
3546 1203 3835 1260 ἐπίσκοπον

429 1302 753 1375 elegantem
785 1302 1092 1375 epistolam
1121 1319 1133 1357 :
1167 1302 1226 1357 in
1259 1319 1376 1374 qua
1424 1302 1614 1371 docet,
1673 1318 1791 1357 non
1847 1316 2061 1371 sempei

2214 1297 2327 1351 τάνυ
2382 1298 2603 1371 κομψὴν
2664 1295 2981 1366 ἐπιστολήν,
3035 1295 3084 1350 ἐν
3258 1292 3536 1363 διδάσκει,
3592 1292 3693 1348 ούκ
3757 1293 3835 1349 ἀεὶ

426 1389 576 1447 lacte
608 1391 854 1463 populos
899 1392 1345 1457 nutriendcsme
1366 1391 1536 1464 quasi
1569 1389 1793 1463 parvuli
1821 1388 1892 1445 ab
1940 1387 2078 1442 ulti-

427 1494 523 1535 mo
553 1484 910 1553 occupentur
929 1481 1021 1537 die
1047 1472 1196 1548 {sed
1228 1485 1285 1536 et
1305 1480 1491 1536 solido
1518 1478 1666 1535 vesci
1693 1478 1902 1534 debere
1924 1476 2074 1543 cibo,

427 1567 564 1624 utin
598 1568 921 1642 spiritalem
955 1569 1265 1641 proficiant
1296 1572 1677 1625 senectutem.
1712 1568 1779 1622 Et
1830 1565 1923 1621 hic
1965 1565 2076 1620 sub

424 1654 500 1714 M.
528 1658 823 1714 Antonino
842 1658 991 1715 Vero
1036 1661 1093 1714 et
1119 1658 1178 1714 L.
1225 1657 1456 1715 Aurelio
1508 1657 1823 1713 Commodo
1858 1654 2072 1710 ﬂoruit.

2188 1382 2296 1439 δεῖν
2327 1385 2457 1447 τούς
2488 1383 2655 1449 λαοὺς
2686 1384 2921 1461 γάλακτι
2949 1386 3254 1463 τρέφεσθαι,
3292 1385 3491 1458 μήπως
3523 1384 3598 1445 ὡς
3646 1385 3836 1453 νήπιοι

2185 1478 2253 1548 τῇ
2315 1474 2517 1550 ἐσχάτῃ
2567 1472 2987 1553 καταληφθῶσιν
3038 1474 3242 1549 ἡμέρᾳ,
3303 1469 3449 1528 ἀλλὰ
3490 1471 3581 1526 καὶ
3639 1476 3836 1546 στερεῷ

2191 1564 2463 1640 βρώματι,
2518 1560 2611 1618 ’ίνα
2669 1562 2744 1625 εἰς
2798 1564 3158 1635 πνευματικὸν
3227 1560 3546 1639 προκόψωσι
3602 1566 3778 1636 γῆρας
3817 1604 3829 1617 .

2184 1651 2282 1706 Καὶ
2315 1651 2472 1716 οὗτος
2515 1649 2602 1707 ἐπὶ
2639 1657 2746 1706 τῶν
2780 1651 2953 1707 αὐτῶν
2994 1649 3245 1725 ἤνθησεν.

1886 1779 2117 1837 CAPUT
2159 1778 2358 1835 XXIX.

497 1896 781 1953 Tatianus
808 1898 850 1964 ²,
884 1898 984 1970 qui
1016 1899 1271 1970 primum
1306 1897 1618 1953 oratoriam
1675 1897 1913 1962 docens,
1957 1911 2061 1950 non

2251 1895 2507 1957 Τατιανὸς
2556 1896 2618 1957 ὃς
2665 1896 2856 1971 πρώην
2896 1896 2995 1963 τήν
3051 1892 3346 1970 ῥητορικὴν
3398 1889 3688 1958 διδάσκων,
3736 1890 3834 1947 οὐκ

425 2001 665 2057 parvam
689 1985 802 2041 sibi
822 2002 892 2041 ex
921 1990 1043 2041 arte
1067 1985 1357 2042 rhetorica
1411 1984 1654 2058 gloriam
1704 2001 2071 2057 comparave-

425 2077 532 2142 rat,
564 2074 785 2130 Justini
820 2075 1091 2147 Martyris
1116 2078 1368 2130 sectator
1397 2074 1527 2142 fuit,
1549 2074 1760 2129 ﬂorens
1782 2075 1840 2129 in
1885 2072 2074 2128 Eccle-

410 2162 533 2229 sia,
565 2163 832 2235 quandiu
864 2164 936 2219 ab
958 2164 1087 2234 ejus
1117 2162 1295 2219 latere
1345 2179 1460 2219 non
1520 2163 1807 2220 discessit.
1868 2163 2074 2218 Postea

423 2268 578 2319 vero,
613 2251 851 2309 inﬂatus
881 2251 1229 2325 eloquentia:
1262 2257 1490 2308 tumore
1518 2252 1774 2320 3,novam
1808 2251 2073 2307 condidit

422 2339 689 2397 haeresim
713 2358 838 2414 quae
861 2340 1227 2416 Ἐγκρατιτῶν
1261 2341 1494 2408 dicitur,
1519 2358 1695 2413 quam
1729 2346 1929 2413 postea
1970 2341 2066 2396 Se-

419 2444 592 2487 verus
615 2431 836 2495 auxit,a
858 2447 973 2503 quo
995 2430 1262 2501 ejusdem
1286 2430 1469 2503 partis
1496 2430 1749 2486 haeretici
1775 2430 2069 2486 Severiani

420 2536 609 2592 usque
639 2518 813 2576 hodie
844 2519 1234 2591 appellantur.
1287 2520 1465 2575 Porro
1509 2518 1790 2575 Tatianus
1840 2519 2069 2575 inﬁnita

421 2607 659 2679 scripsit
686 2606 1042 2673 volumina,e
1072 2606 1288 2680 quibus
1322 2625 1476 2663 unus
1497 2611 1699 2663 contra
1729 2607 1940 2664 Gentes
1965 2608 2069 2663 flo-

420 2694 794 2751 rentissimus
814 2700 1002 2751 exstat
1029 2694 1307 2768 liber,qui
1338 2696 1492 2751 inter
1520 2697 1720 2753 omnia
1748 2713 1922 2769 opera
1939 2698 2067 2769 ejus

420 2783 605 2839 fertur
631 2783 905 2856 insignis.
933 2788 1003 2839 Et
1025 2784 1120 2839 hic
1144 2785 1253 2840 sub
1283 2785 1629 2856 imperatore
1652 2784 1728 2840 M.
1778 2785 2066 2841 Antonino

419 2870 568 2928 Vero
600 2875 658 2928 et
684 2872 751 2928 L.
791 2871 1027 2928 Aurelio
1056 2873 1373 2929 Commodo
1404 2873 1619 2929 ﬂoruit.

2185 1980 2481 2059 ἐλαχίστην
2532 1982 2590 2038 ἐκ
2636 1991 2738 2053 τῆς
2796 1983 3095 2060 ῥητορικῆς
3129 1981 3439 2055 ἐπιστήμης
3487 1977 3639 2051 δόξαν
3690 1978 3833 2051 ὠνή-

2184 2092 2332 2141 σατο,
2383 2073 2675 2128 Ἰουστίνου
2731 2078 2826 2127 τοῦ
2881 2074 3166 2149 Μάρτυρος
3220 2068 3564 2139 σπουδαστὴς
3616 2069 3829 2144 γέγονε,

2182 2158 2492 2237 διαπρέπων
2554 2161 2605 2217 ἐν
2671 2166 2738 2235 τῇ
2793 2160 3110 2232 Ἐκκλησία,
3176 2160 3226 2215 ἐν
3296 2160 3407 2233 ὅσῳ
3470 2165 3571 2229 τῆς
3634 2156 3831 2213 τούτου

2178 2247 2420 2325 πλευρᾶς
2487 2250 2586 2306 οὐκ
2651 2252 2853 2321 ἀπέστη
2890 2295 2902 2307 .
2962 2253 3215 2326 Ὕστερον
3275 2246 3332 2304 δὲ
3385 2252 3464 2322 τῷ
3522 2243 3672 2324 ὄγκῳ
3730 2255 3833 2318 τῆς

2177 2337 2510 2402 παιδεύσεως
2570 2338 2840 2416 ἐπαρθεὶς,
2899 2340 3089 2408 καινήν
3149 2340 3510 2409 συνεστήσατο
3578 2335 3781 2412 α’ίρεσιν
3817 2382 3831 2405 ,

2178 2426 2325 2503 λέγω
2385 2426 2451 2498 δὴ
2511 2433 2619 2483 τῶν
2686 2433 3075 2506 Ἐγκρατιτῶν,
3134 2429 3194 2498 ἦν
3241 2428 3529 2501 μετέπειτα
3582 2419 3830 2502 Σεϐῆρος

2177 2516 2500 2589 ἐπηύξησεν,
2560 2518 2646 2596 ἀφ’
2711 2517 2772 2572 οὗ
2836 2516 2967 2594 ἄχρι
3023 2521 3120 2572 τοῦ
3187 2516 3455 2593 παρόντος
3518 2516 3571 2571 οἱ
3626 2514 3827 2570 τούτου

2173 2610 2270 2661 τοῦ
2332 2607 2531 2683 μέρους
2597 2607 2858 2683 αἱρετικοὶ
2939 2601 3355 2683 Σεϐηριανισταὶ
3414 2605 3826 2679 ὀνομάζονται.

2173 2700 2228 2749 Ὁ
2278 2692 2333 2750 δὲ
2399 2697 2801 2771 προειρημένος
2861 2696 3117 2758 Τατιανὸς
3182 2691 3491 2769 πάμπολλα
3567 2695 3829 2770 συνεγρά-

2174 2787 2311 2858 ψατο
2348 2784 2545 2861 τεύχη,
2605 2786 2693 2863 ἀφ’
2760 2787 2833 2839 ὧν
2894 2772 3005 2841 ἐστί
3042 2786 3178 2840 κατᾶ
3213 2789 3321 2839 τῶν
3355 2783 3520 2839 ἐθνῶν
3548 2780 3716 2859 λόγος
3749 2783 3827 2845 εἷς

2172 2875 2310 2928 πάνυ
2376 2875 2682 2948 θαυμαστὸς
2718 2919 2731 2944 ,
2784 2876 2844 2936 ὃς
2916 2873 3110 2948 μεταξύ
3176 2874 3391 2929 πάντων
3460 2870 3625 2927 αὐτοῦ
3715 2875 3825 2926 τῶν

420 2960 861 3036 συγγραμμάτων
917 2958 1187 3033 ἐπίσημός
1238 2958 1367 3016 ἐστι.
1437 2959 1537 3016 Καὶ
1587 2959 1744 3023 οὗτος
1808 2959 2188 3037 βασιλεύοντος
2247 2964 2467 3039 Μάρκου
2542 2963 2866 3019 ’Δντωνίνου
2953 2966 3131 3040 Βήρου
3197 2962 3287 3018 καὶ
3362 2959 3646 3039 Αύρηλίου
3722 2967 3825 3016 Κο-

406 3045 599 3122 -μόδου
625 3042 876 3118 ἤνθησεν.

1879 3150 2109 3207 CAPUT
2150 3150 2312 3207 XXX.

489 3245 813 3320 Philippus,
845 3246 1157 3320 episcopus
1206 3248 1519 3314 Cretensis,
1572 3248 1681 3304 hoc
1732 3253 1840 3309 est.
1902 3249 2061 3305 urbis

2249 3245 2549 3317 Φίλιππος,
2611 3246 2903 3310 ἐπίσκοπος
2980 3249 3201 3323 Κρήτης
3263 3243 3480 3308 πόλεως
3548 3244 3823 3322 Γορτύνης

399 3335 681 3408 'Gortynae
704 3338 745 3405 ι,
778 3338 949 3409 cujus
979 3337 1293 3410 Dionysius
1346 3338 1491 3395 871
1540 3338 1600 3393 in
1658 3338 1904 3411 epistola
1961 3355 2069 3393 sua

402 3425 709 3495 meminit,
742 3442 920 3497 quam
951 3426 1186 3498 scripsit
1216 3427 1285 3481 ad
1302 3428 1565 3498 ejusdem
1593 3427 1846 3483 civitatis
1872 3427 2065 3483 Eccle-

398 3511 588 3583 zsiam,
613 3513 956 3586 praeclarum
1015 3514 1293 3571 adversus
1353 3516 1702 3573 Marcionem
1762 3516 1943 3572 edidit
2001 3516 2065 3570 li-

400 3590 588 3656 brum
613 3602 634 3636 ⁵
657 3603 1142 3675 temporibusque
1172 3603 1530 3659 M.Antonini
1551 3605 1683 3661 Veri
1707 3610 1764 3661 et
1785 3605 1826 3659 L
1844 3604 2060 3661 Aurelii

417 3690 719 3747 Commodi
752 3690 986 3749 claruit.

2177 3336 2388 3399 οὗτινος
2447 3335 2726 3399 Διονύσιος
2766 3335 2816 3391 ἐν
2865 3340 2933 3410 τῇ
2995 3333 3256 3409 ἐπιστολῇ
3316 3337 3470 3393 872
3523 3333 3687 3390 αὐτοῦ
3732 3336 3823 3408 μὲ-

2180 3447 2399 3498 μνηται,
2440 3428 2500 3496 ἦν
2562 3424 2763 3502 ἔγραψε
2826 3426 2963 3503 πρὸς
3018 3428 3117 3496 τὴν
3184 3422 3511 3494 Ἐκκλησίαν
3559 3444 3821 3501 προειρη-

2179 3516 2346 3587 μένης
2394 3513 2633 3583 πόλεως,
2676 3511 2888 3585 ἔνδοξον
2947 3516 3084 3569 πάνυ
3141 3515 3276 3569 κατὰ
3329 3512 3650 3589 Μαρκίωνος
3711 3512 3822 3584 ἐξέ-

2174 3601 2315 3658 δωκε
2350 3598 2542 3679 βίϐλον
2588 3606 2750 3676 (forte
2775 3605 3138 3678 supplendum
3166 3602 3279 3678 καὶ)
3321 3601 3373 3657 ἐν
3430 3602 3547 3665 τοὶς
3606 3607 3822 3677 καιροῖς

2169 3698 2276 3747 τῶν
2316 3693 2731 3769 προειρημένων
2766 3690 3069 3768 διέπρεψεν.

1875 3819 2103 3876 CAPUT
2142 3818 2332 3875 XXXI.

486 3935 769 3990 Musanus
798 3935 819 3969 ⁶
850 3949 965 3989 non
997 3933 1273 4006 ignobilis
1304 3934 1456 3989 inter
1495 3951 1614 4001 eos,
1649 3935 1750 4007 qui
1781 3935 1851 3990 de
1881 3935 2061 3992 cccle-

402 4020 654 4078 siastico
722 4024 995 4095 dogmate
1021 4024 1403 4095 scripserunt,
1426 4024 1537 4079 sub
1585 4023 1933 4097 imperatore
1982 4026 2058 4082 M.

404 4110 702 4167 Antonino
722 4110 874 4167 Vero
897 4112 1142 4168 confecit
1164 4111 1382 4168 librum
1405 4113 1475 4168 ad
1500 4114 1787 4186 quosdam
1810 4114 2060 4186 fratres‘,

416 4197 520 4270 qui
549 4198 620 4255 de
650 4198 906 4256 Ecclesia
935 4201 1005 4256 ad
1038 4202 1465 4258 Encratitarum
1496 4201 1763 4261 haeresim
1806 4204 2060 4260 declina-

414 4292 639 4343 verant.

2243 3936 2542 4001 Μουσανὸς,
2599 3933 2697 3989 οὐκ
2762 3932 2950 4006 ἄδοξος
3012 3934 3205 4008 μεταξυ
3263 3937 3371 3988 τῶν
3428 3932 3552 4009 περὶ
3618 3931 3826 4005 ἐκκλη-

2172 4028 2446 4079 σιαστικοῦ
2521 4021 2795 4098 δόγματος
2864 4025 3350 4100 συγγραψαμένων,
3419 4021 3505 4078 ἐπὶ
3593 4024 3864 4097 Μάρκου.

2170 4113 2495 4170 Ἀντωνίνου
2566 4114 2744 4183 Βήοου
2798 4112 3151 4168 κατεσκεύασε
3215 4108 3407 4189 βίϐλον
3473 4111 3611 4185 πρός
3665 4132 3825 4176 τινας

2171 4201 2459 4281 ἀδελφούς,
2499 4207 2606 4258 τῶν
2650 4203 2754 4257 ἀπὸ
2812 4209 2913 4272 τῆς
2971 4201 3301 4273 Ἐκκλησίας
3359 4202 3495 4280 πρὸς
3551 4202 3653 4271 τήν
3708 4202 3825 4256 τῶν

2168 4296 2530 4370 Ἐγκρατιτῶν
2563 4289 2765 4367 α’ίρεσιν
2798 4292 3254 4349 κατανευσάντων.

1871 4418 2099 4475 CAPUT
2138 4418 2353 4476 XXXII.

484 4509 789 4568 Modestus
813 4515 870 4568 et
901 4511 1029 4584 ipse
1060 4513 1170 4569 sub
1193 4513 1545 4586 imperatore
1575 4515 1649 4570 M.
1678 4516 1972 4573 Antonino
2003 4523 2061 4574 et

413 4601 475 4657 L.
507 4600 738 4658 Aurelio
755 4601 1411 4668 Commodo,adversum
1440 4604 1795 4661 Marcionem
1827 4607 2063 4678 scripsit

411 4689 631 4747 librum
661 4691 811 4765 °,qui
842 4708 1029 4764 usque
1060 4691 1229 4749 hodie
1251 4697 1598 4765 perseverat.
1619 4694 1920 4759 Feruntur
1950 4695 2059 4751 sub

2241 4512 2513 4577 Μοδεστὸς
2562 4515 2653 4569 καὶ
2710 4514 2870 4577 αὐτὸς
2922 4514 3008 4571 ἐπὶ
3064 4513 3387 4573 Ἀντωνίνου
3442 4513 3533 4569 καὶ
3563 4509 3827 4586 Κομόδου

2168 4605 2304 4660 κατᾶ
2343 4603 2663 4680 Μαρκίωνος
2732 4604 2976 4675 συνέταξε
3029 4599 3244 4679 βίϐλον,
3284 4601 3408 4673 ἤτις
3475 4600 3607 4679 ἄχρι
3647 4605 3829 4677 σήμε-

2171 4714 2262 4770 ρον
2332 4693 2583 4769 ὑπάρχει.
2646 4694 2875 4771 Φέρεται
2930 4695 3020 4749 καὶ
3078 4691 3223 4749 ἄλλα
3261 4693 3423 4750 αὐτοῦ
3483 4694 3826 4768 συγγάμμα-

483 4841 502 4877 ¹
529 4840 762 4923 interiit
789 4842 1069 4923 temporis
1093 4842 1316 4923 injuria
1350 4842 1465 4923 haec
1495 4842 1762 4923 epistola,
1792 4862 1910 4917 qua
1937 4845 2058 4901 Dio-
2088 4859 2134 4923 D
2286 4844 2532 4923 {Etatem
2565 4844 2870 4923 nontulit.

389 4911 707 4995 .nysianaa,‘
727 4911 1200 4985 cujus—meminit
1228 4911 1755 4987 superiore'capite.
1808 4911 2055 4989 respon-

412 4984 609 5041 debat.
642 4984 778 5041 Vid.
818 4986 1028 5041 Euseb.
1061 5003 1135 5041 1v.
1166 4986 1258 5040 23.

454 5001 609 5041 enat.
653 5001 778 5041 για.
818 5001 1028 5041 EUSCD.
1061 5003 1135 5041 IV.
1166 5001 1258 5040 κύ.

484 5029 778 5113 {Mil-$5
802 5029 1135 5129 e‘EHJidaB
1159 5029 1325 5111 EJdd.
1361 5055 1579 5112 habent
1609 5060 1884 5115 Tatianus
1942 5058 2056 5117 hae-

411 5128 712 5198 resiarcha,
744 5127 833 5185 vel
865 5127 1492 5186 haeresiarchesﬁonfer
1522 5129 1820 5185 Hieron.in
1851 5130 1995 5187 Joel.
2017 5149 2056 5198 ι,

415 5198 593 5254 Amos
625 5214 684 5268 ιι,
714 5217 800 5263 ιιι,
830 5200 972 5257 Osee
1002 5218 1101 5267 vn,
1135 5205 1191 5254 et
1219 5199 1407 5255 Galat.
1431 5216 1508 5254 v1.

484 5269 506 5302 ³
533 5270 668 5325 Cod.
701 5270 1045 5338 Veronens.,
1066 5273 1241 5327 elatus
1271 5270 1583 5342 eloquentia
1608 5273 1660 5324 et
1679 5272 2053 5329 tumore.Vid.

417 5339 722 5414 frenatum,
755 5341 801 5414 I.
834 5361 871 5412 I,
903 5361 951 5399 c.
977 5346 1065 5412 32,
1099 5360 1167 5399 ex
1196 5339 1381 5414 eoque
1415 5342 1728 5414 Eusebium
1762 5360 1835 5399 ιν.
1870 5345 1956 5399 29.
1983 5350 2061 5400 Ex

420 5410 749 5488 innumeris
770 5410 995 5488 Tatiani
1014 5410 1250 5488 scriptis
1266 5410 1483 5487 primas
1512 5413 1763 5488 obtinuit
1791 5416 2058 5488 Diatessa:

415 5499 546 5560 _ron_,.
573 5484 729 5560 quod
760 5487 813 5560 ξ.
840 5487 1104 5560 Ephrmm
1135 5484 1565 5560 Conimentario
1595 5484 1926 5560 illustravit,
1960 5487 2058 5560 qui

412 5552 728 5632 hodiedum
762 5552 992 5632 Syrisce
1035 5558 1251 5614 dicitur
1307 5564 1551 5613 exstare.
1616 5557 1743 5613 Vid.
1798 5552 2054 5632 Catalog.

415 5625 725 5693 Ebediesu,
746 5625 873 5696 ca'p.
903 5630 956 5683 3.

481 5697 665 5775 ‘_E_rat
695 5714 905 5775 nempe
936 5699 1191 5775 Gortyna
1213 5704 1388 5775 Cretae
1418 5700 1787 5775 metropolis.
1816 5696 1835 5713 '
1854 5700 2061 5759 Recole

397 5768 487 5859 ’ρο
514 5768 778 5850 Dionysii
803 5768 1050 5851 epistola
1076 5768 1203 5849 cap.
1230 5772 1322 5831 27.

2236 4917 2573 4988 ‘Mosyanus
2629 4916 2687 4973 in
2741 4916 2963 4988 Vatic._
3001 4917 3250 4986 dicitur;
3317 4915 3636 4988 Veronens,
3710 4914 3830 4972 Hu-

2166 4986 2407 5061 syanus.
2426 4988 2673 5044 Eusebio
2707 4986 3019 5061 ΑΜουσανός.
3070 4989 3198 5045 Mox
3254 4988 3412 5045 idem
3466 4987 3821 5057 Veronens.,

2166 5058 2267 5133 q'uz'
2289 5058 2937 5133 ecclesiastz'caidogmagta
2966 5063 3325 5133 scripserunt.

2240 5133 2259 5166 ⁷
2290 5131 2565 5205 Plerique
2592 5131 2731 5186 editi
2753 5131 2888 5205 libri
2944 5130 3201 5205 adversus
3258 5130 3518 5205 quosdam
3573 5131 3819 5203 fratres:

2168 5202 2665 5276 dessentientibus
2682 5202 3417 5276 nostris,aliisquemagno
3431 5217 3823 5276 numeromss

2168 5274 2414 5348 ipsoque
2456 5274 2726 5348 Eusebio,
2757 5273 2887 5348 _qui
2952 5271 3359 5348 preposition}:
3407 5271 3545 5348 apo:
3603 5272 3816 5328 utitur.

2168 5292 2183 5328 1
2234 5292 2414 5347 soque
2456 5292 2726 5339 Eusebio,
2786 5292 2887 5346 qui
2952 5292 3359 5347 praposmone
3407 5292 3545 5348 προς
3603 5292 3816 5328 untur.

2168 5292 2504 5433 Cipusistud
2542 5345 2807 5433 Musani.
2844 5346 3014 5433 quod.
3047 5352 3212 5433 vocat
3254 5347 3461 5404 Euseb.
3500 5344 3819 5419 ἐπι-τρεπτι-

2167 5417 2434 5484 κώτατον,
2461 5417 2718 5484 amplius
2750 5432 2865 5471 non
2897 5421 3107 5474 exstat.

2239 5489 2259 5522 ⁸
2290 5488 2443 5543 Nihil
2469 5505 2537 5543 ex
2562 5484 2744 5557 hujus
2777 5488 3019 5560 Modesti
3074 5489 3305 5560 scriptis
3339 5490 3605 5559 superest
3639 5484 3820 5560 hodie

2172 5560 2436 5635 Plerique
2469 5553 2665 5615 autem
2691 5576 2832 5614 mss.
2857 5559 3053 5635 legunt
3086 5553 3486 5635 συγγράμματα
3526 5566 3590 5635 et
3635 5553 3819 5635 glaud-

2172 5630 2463 5707 επίγραφα,
2497 5647 2645 5707 quas
2702 5630 2968 5707 voceset
3023 5630 3383 5707 Sephronius
3434 5631 3698 5707 retinuit,
3759 5635 3823 5707 et

2170 5702 2484 5779 immutare
2518 5704 2690 5779 juxta
2746 5702 3207 5779 Martianaaum,_
3226 5704 3289 5779 in
3344 5702 3695 5779 συντάγματα
3755 5705 3819 5759 et

2169 5769 2540 5859 ψευδογραφαῖ
2553 5771 2717 5836 nulla
2746 5774 3064 5837 necessitas
3084 5769 3259 5863 cogit.
