3966 6388
353 339 472 405 688

1589 338 1651 398 S.
1693 333 2011 400 EUSEBII
2045 333 2522 399 HIERONYMI.

3636 325 3758 394 68.4

351 477 512 530 stum
533 471 810 547 martyrio
835 471 1195 543 coronato,in
1215 469 1408 527 locum
1438 470 1567 542 ejus
1588 469 1990 528 substituitur.

2152 468 2474 542 πηνέγκατο.
2524 465 2673 522 Μειά
2720 461 2778 519 δὲ
2821 466 2989 518 ταῦτα
3032 461 3290 518 Ποθεινοῦ
3347 455 3544 517 σχεδόν
3575 455 3758 531 ἐνενη-

348 562 590 620 Constat
605 567 801 619 autem
824 560 1144 636 Polycarpi,
1167 562 1339 633 cujus
1369 576 1547 633 supra
1576 559 1822 614 fecimus
1839 575 1998 614 men-

346 649 568 707 tionem
601 651 642 717 ¹,
675 650 994 707 sacerdotis
1025 654 1082 706 et
1110 649 1404 722 martyris,
1463 648 1619 704 hunc
1672 648 1852 704 fuisse
1909 647 1996 704 di-

348 738 666 812 scipulum.
698 738 942 812 Scripsit
999 739 1260 812 quinque
1300 739 1579 794 adversus
1625 737 1875 793 haereses
1928 737 1999 792 li-

349 828 486 884 bros
517 829 558 893 ³,
617 830 674 882 et
713 830 917 883 contra
977 832 1181 900 gentes
1235 826 1507 882 volumen
1562 827 1752 891 breve,
1819 831 1875 882 et
1931 827 2002 882 de

351 914 665 988 disciplina
701 915 862 972 aliud
901 917 944 982 ³,
1013 921 1071 973 et
1125 917 1196 972 ad
1237 915 1595 975 Martianum
1650 915 1890 971 fratrem
1929 915 2000 970 de

355 1003 675 1076 apostolica
729 1005 1162 1077 praadicatione,
1204 1008 1261 1060 et
1290 1003 1504 1059 librum
1543 1003 1837 1059 variorum
1877 1008 2001 1059 tra-

355 1093 644 1160 ctatuum,
702 1097 760 1149 et
815 1094 886 1150 ad
947 1093 1210 1150 Blastum
1271 1093 1340 1148 de
1381 1093 1705 1148 Schismate
1736 1095 1776 1160 ‘,
1825 1097 1881 1148 et
1929 1093 2002 1148 ad

356 1182 659 1239 Florinum
701 1183 771 1239 de
812 1183 1170 1252 Monarchia,
1234 1182 1352 1238 sive
1384 1183 1538 1253 quod
1572 1181 1726 1238 Deus
1781 1199 1897 1237 non
1929 1181 2005 1238 sit

352 1273 620 1330 conditor
657 1273 965 1341 malorum,
1001 1277 1058 1328 et
1086 1273 1158 1328 de
1187 1272 1460 1344 Ogdoade
1481 1273 1501 1305 ⁵
1529 1271 1829 1343 egregium
1852 1288 2005 1326 com-

353 1361 796 1430 mentarium,in
809 1362 980 1433 cujus
995 1361 1109 1418 line
1121 1361 1463 1434 significans
1477 1378 1538 1416 se
1551 1360 2004 1433 apostolicorum

349 1456 682 1524 temporum
701 1450 958 1506 vicinum
991 1451 1193 1519 fuisse,
1228 1449 1311 1506 sic
1350 1450 1702 1522 subscripsit
1730 1451 1751 1484 ⁶
1785 1467 1797 1503 :
1842 1473 1870 1500 ‹‹
1892 1450 2004 1504 Ad-

345 1541 483 1612 juro
512 1543 590 1608 te,
630 1540 733 1612 qui
792 1539 944 1596 875
994 1539 1344 1596 transcribis
1402 1539 1620 1593 librum
1659 1537 1864 1607 istum,
1907 1555 2009 1610 per

355 1628 672 1685 Dominum
700 1629 906 1684 Jesum
938 1627 1261 1694 Christum,
1303 1631 1360 1682 et
1391 1644 1494 1698 per
1530 1626 1851 1699 gloriosum
1881 1628 2008 1698 ejus

357 1717 692 1786 adventum,
726 1733 842 1789 quo
901 1716 1282 1788 judicaturus
1321 1721 1412 1772 est
1448 1716 1610 1772 vivos
1643 1721 1699 1771 et
1724 1722 2006 1781 mortuos,

2105 561 2422 618 κονταετοῦς
2493 556 2932 630 μαρτυρήσαντος
2967 597 2982 623 ,
3043 552 3120 614 εἰς
3170 551 3260 605 τὸν
3330 548 3526 606 τούτου
3589 549 3756 604 τόπον

2110 646 2502 722 ὑπεισέρχεται.
2558 641 2936 718 Ὠμολόγηται
2987 639 3044 696 δέ
3102 637 3497 714 Πολυκάρπου,
3547 639 3759 701 οὗτινος

2107 736 2566 810 προεμννςσθημεν
2621 778 2635 804 ,
2725 733 3046 808 γεγενῆσθαι
3137 731 3384 803 μαθητής
3436 773 3448 785 .
3519 731 3764 804 Ἔγραψε

2109 825 2266 878 πὲντε
2323 823 2458 876 κατὰ
2513 827 2618 876 τῶν
2681 822 2962 895 αἱρετικῶν
3028 813 3256 894 βίϐλους
3319 818 3408 872 καὶ
3464 817 3602 872 κατᾶ
3651 821 3760 872 τῶν

2112 911 2276 966 ἐθνῶν
2332 915 2529 986 τεῦχος
2603 909 2800 986 βραχύ,
2867 910 2957 964 καὶ
3007 909 3128 982 περὶ
3187 907 3496 979 ἐπιστήμης
3557 902 3763 980 ἕτερον,

2110 1002 2199 1056 καὶ
2240 1001 2376 1075 πρὸς
2437 1000 2742 1075 Μαρκιανὸν
2795 996 3026 1075 ἀδελφὸν
3086 997 3209 1070 περὶ
3259 999 3356 1050 τοῦ
3397 993 3765 1051 ἀποστολικοῦ

2112 1089 2492 1165 κηρύγματος,
2523 1089 2614 1141 καὶ
2661 1082 2852 1162 βίϐλον
2886 1084 3154 1140 ποικίλων
3198 1082 3458 1158 ὁμιλιῶν,
3489 1084 3578 1139 καὶ
3625 1083 3765 1160 πρὸς

2115 1177 2352 1233 Βλάστον
2393 1178 2518 1250 περὶ
2568 1177 2906 1252 Σχίσματος,
2958 1175 3048 1230 καὶ
3114 1175 3250 1250 πρὸς
3309 1171 3598 1250 Φλωρῖνον
3637 1173 3765 1249 περὶ

2119 1267 2458 1342 Μοναρχίας,
2487 1265 2579 1320 καὶ
2620 1269 2745 1319 ’Ἡτι
2785 1267 2814 1320 ὁ
2853 1266 2983 1326 Θεὸς
3022 1264 3246 1333 κτίστης
3285 1267 3465 1318 κακῶν
3508 1261 3608 1318 οὐκ
3629 1259 3764 1331 ἔστι,

2114 1357 2204 1410 καὶ
2257 1357 2379 1429 περὶ
2455 1351 2793 1428 Ὀγδοαστῶν
2860 1353 3124 1426 ἐξαίρετον
3198 1351 3498 1426 σύνταγμα’
3567 1351 3618 1406 ἐν
3685 1355 3767 1422 τῷ

2115 1446 2260 1499 τέλέι
2311 1441 2367 1498 δέ
2403 1448 2500 1498 τοῦ
2554 1442 2716 1497 αὐτοῦ
2763 1443 3133 1516 συντάγματος
3190 1441 3492 1516 ὑπέγραψεν
3541 1439 3716 1502 οὕτως
3749 1484 3762 1496 .

2120 1537 2346 1609 «Ὁρκῶ
2412 1553 2468 1586 σε
2534 1532 2622 1586 τὸν
2688 1532 3100 1609 μεταγράφοντα
3135 1529 3336 1600 ταύτην
3400 1530 3498 1599 τήν
3573 1523 3765 1604 βίϐλον

2117 1625 2251 1677 κατά
2288 1626 2385 1676 τοῦ
2443 1621 2641 1695 Κυρίου
2699 1623 2858 1694 ἡμῶν
2917 1621 3099 1690 Ἰησοῦ
3161 1624 3413 1694 Χριστοῦ,
3481 1619 3571 1674 καὶ
3632 1619 3770 1674 κατά

2116 1720 2217 1781 τῆς
2279 1709 2492 1780 ἐνδόξου
2553 1708 2815 1772 ἐλεύσεως
2876 1709 3060 1778 αὐτοῦ,
3122 1709 3172 1763 ἐν
3321 1713 3496 1785 κρινεῖ
3562 1712 3768 1777 ζῶντας

357 1809 425 1861 ut
454 1805 743 1874 conferas,
804 1810 1117 1878 postquam
1185 1805 1647 1877 transcripseris,
1707 1811 1764 1861 et
1819 1822 2011 1861 emen-

2156 1802 2206 1855 αὶ
2255 1799 2497 1875 νεκροὺς,
2552 1798 2646 1854 ’ίνα
2712 1793 3006 1873 ἀντιϐάλῃς
3077 1799 3210 1871 μετά
3266 1798 3326 1852 τὸ
3393 1800 3620 1873 γράψαι,
3677 1797 3769 1852 καὶ

2185 1887 2206 1906 ’ἱ
2303 1891 2368 1906 nl
2600 1889 2613 1906 ς
2749 1889 2761 1906 \
2839 1889 2850 1906 τ
2932 1887 2942 1906 Ι
3220 1887 3235 1906 9
3283 1893 3296 1906 1
3363 1888 3390 1905 ’⁷
3491 1883 3514 1906 ,θ
3636 1889 3647 1906 Ι

358 1893 463 1950 des
517 1893 687 1950 illum
745 1894 818 1949 ad
857 1893 1172 1966 exemplar,
1239 1894 1395 1949 unde
1453 1893 1819 1965 scripsisti",
1881 1893 2006 1949 dili-

358 1982 743 2057 gentissime:
786 1982 938 2038 hanc
963 1999 1198 2055 quoque
1245 1983 1697 2038 obtestationem
1739 1983 2009 2038 similiter

356 2073 700 2140 transferas,
733 2076 798 2127 ut
827 2071 1097 2128 invenisti
1137 2073 1195 2126 in
1230 2072 1569 2143 exemplari.
1630 2095 1658 2122 (ι
1721 2073 2011 2127 Feruntur

359 2163 488 2234 ejus
517 2165 574 2216 et
611 2159 736 2217 alim
795 2161 866 2215 ad
926 2160 1219 2216 Victorem
1275 2160 1614 2232 episcopum
1677 2161 2008 2216 Romanum

296 2267 303 2274 ·
358 2251 430 2306 de
461 2251 784 2323 quastione
815 2249 1046 2305 Pascha:
1077 2250 1332 2321 epistolae
1373 2267 1386 2305 :
1421 2249 1478 2304 in
1511 2249 1726 2321 quibus
1759 2265 2012 2305 commo-

363 2343 462 2396 net
481 2355 638 2406 eum,
672 2354 789 2394 non
822 2337 987 2394 facile
1018 2338 1230 2394 debere
1258 2338 1547 2394 unitatem
1579 2337 1809 2410 collegii
1857 2337 2010 2392 scin-

361 2429 518 2485 dere.
562 2427 864 2500 Siquidem
917 2427 1113 2482 Victor
1142 2428 1162 2461 θ
1189 2425 1406 2483 multos
1445 2427 1593 2483 Asize
1653 2431 1709 2482 et
1765 2427 2012 2482 Orientis

361 2517 694 2591 episcopos,
746 2515 845 2588 qui
877 2517 1102 2572 decima
1155 2521 1365 2588 quarta
1427 2515 1567 2572 luna
1621 2532 1754 2572 cum
1793 2515 2013 2571 Judmis

361 2606 590 2663 Pascha
615 2605 1008 2675 celebrabant,
1032 2605 1398 2661 damnandos
1424 2606 1767 2660 crediderat.
1805 2605 1865 2660 In
1900 2621 2018 2676 qua

360 2694 651 2752 sententia
677 2693 760 2762 bi,
792 2695 893 2765 qui
925 2693 1340 2766 discrepabant
1371 2695 1444 2750 ab
1475 2693 1616 2761 illis,
1648 2693 1867 2750 Victori
1899 2711 2016 2749 non

364 2783 652 2840 dederunt
679 2797 893 2838 manus
925 2783 965 2836 θ.
999 2781 1224 2837 Floruit
1271 2781 1524 2838 maxime
1556 2783 1666 2837 sub
1697 2782 2016 2839 Commodo

365 2871 647 2946 principe,
680 2871 781 2944 qui
839 2870 914 2927 M.
948 2864 1242 2926 Antonino
1273 2871 1420 2926 Vero
1451 2871 1511 2928 in
1542 2871 1852 2943 imperium
1887 2889 2016 2928 suc-

371 2965 648 3020 σθεεει-οῐ.

2118 1887 2478 1964 ἐκδιορθώσῃς
2518 1889 2654 1959 πρὸς
2705 1889 2771 1942 τά
2828 1887 3149 1964 ἀντίγραφα,
3211 1887 3296 1964 ἀφ’
3355 1888 3426 1941 ῶν
3490 1883 3769 1962 ἔγραψας,

2116 1981 2270 2037 878
2317 1976 2615 2050 ἐπιμελῶς,
2655 1979 2743 2031 καὶ
2799 1976 2998 2045 ταύτην
3048 1978 3146 2045 τήν
3180 1978 3489 2048 κατάκρισιν
3559 1976 3772 2050 ὁμοίως

2122 2070 2488 2142 μεταγράψης,
2547 2068 2726 2128 καθὼς
2794 2067 2943 2141 εὗρες
3011 2065 3060 2120 ἐν
3128 2071 3245 2127 τοῖς
3310 2065 3694 2143 ἀντιγράφοις.
3741 2089 3769 2115 ››

2119 2159 2382 2229 Φέρονται
2423 2155 2584 2210 αὐτοῦ
2640 2152 2936 2210 καὶ-ἄλλαι
2984 2155 3120 2227 πρὸς
3168 2155 3416 2227 Βίκτωρα
3473 2153 3770 2209 ἐπίσκοπον

2117 2247 2338 2319 Ῥώμης
2399 2246 2521 2320 περὶ
2583 2246 2862 2315 ζητήσεως
2917 2248 3014 2297 τοῦ
3067 2245 3260 2320 Πάσχα
3321 2240 3653 2314 ἐπιστολαὶ,
3713 2242 3767 2298 ἐν

2123 2338 2204 2397 αἷς
2245 2339 2494 2410 παραινεῖ
2550 2333 2714 2405 αὐτῷ,
2778 2335 2852 2405 μή
2910 2330 3110 2408 ῥᾳδίως
3152 2332 3390 2411 ὀφείλειν
3441 2334 3539 2403 τὴν
3577 2329 3772 2387 ἕνωσιν

2121 2433 2220 2494 τῆς
2253 2425 2598 2500 ἐταιρὸτητος
2649 2421 2944 2498 διασχίσαι.
3001 2423 3097 2476 Καὶ
3151 2419 3207 2476 δὲ
3263 2423 3472 2496 Βίκτωρ
3527 2419 3775 2484 πολλοὺς

2122 2521 2222 2583 τῆς
2262 2511 2446 2573 Ἀσίας
2484 2513 2572 2565 καὶ
2629 2518 2729 2580 τῆς
2778 2509 3080 2580 ’Δνατολῆς
3133 2507 3460 2574 ἐπισκόπους
3502 2509 3774 2582 καθεῖλεν,

2125 2599 2322 2662 οἵτινες
2459 2596 3007 2676 τεσσαρεσκαιδεκάτῃ
3051 2606 3153 2669 τῆς
3202 2601 3441 2672 σελήνης
3486 2602 3621 2674 μετά
3665 2604 3774 2654 τῶν

2122 2688 2396 2745 Ἰουδαίων
2436 2691 2497 2744 τὸ
2531 2691 2724 2766 Πάσχα
2764 2687 3100 2745 ἐπετέλεσαν.
3155 2688 3329 2763 Ταύτῃ
3391 2687 3447 2744 δὲ
3510 2693 3578 2764 τῇ
3634 2689 3778 2766 γνώ-

2131 2801 2203 2854 μῃ
2267 2779 2396 2841 τοὺς
2457 2777 2899 2856 διαφωνησαντας
2977 2780 3052 2851 μὴ
3114 2779 3414 2834 συναινέσαι
3489 2779 3772 2855 Βίκτωρι.

2126 2870 2361 2939 Ἥνθησε
2417 2866 2652 2941 μάλιστα
2709 2867 2795 2922 ἐπὶ
2849 2864 3099 2940 Κομόδου
3152 2865 3444 2942 βασιλέως,
3493 2867 3640 2930 ὅστις
3700 2868 3776 2932 είς

2126 2959 2290 3013 τόπον
2333 2957 2658 3012 Ἀντωνίνου
2690 2959 2868 3030 Βηρου
2902 2954 3244 3026 ὑπεισῆλθεν.

1825 3076 2057 3134 CAPUT
2097 3075 2343 3133 XXXVI.

435 3181 749 3236 Pantanus
825 3177 885 3245 ¹⁰,
949 3174 1154 3233 Stoicae
1208 3179 1374 3231 sectae
1408 3173 1814 3248 philosophus,
1849 3177 2019 3247 juxta
2048 3173 2090 3240 C

368 3267 687 3340 quamdam
716 3270 967 3322 veterem
1009 3265 1068 3320 in
1099 3262 1448 3320 Alexandria
1503 3265 2018 3334 consuetudinem,

371 3355 473 3412 ubi
497 3372 534 3411 a
563 3355 756 3411 Marco
786 3352 1142 3424 evangelista
1171 3369 1404 3425 semper
1432 3353 1812 3409 ecclesiastici
1861 3355 2025 3410 fuere

369 3445 660 3509 doctores,
719 3446 892 3498 tanta:
946 3441 1270 3514 prudentia:
1312 3445 1368 3496 et
1397 3441 1744 3498 eruditionis
1801 3446 1922 3498 tam
1967 3444 2026 3497 in

385 3531 702 3604 Scripturis
757 3529 990 3598 divinis,
1033 3545 1209 3602 quam
1259 3529 1317 3584 in
1374 3530 1637 3586 saeculari
1703 3530 2030 3588 litteratura

385 3621 516 3688 fuit,
548 3625 615 3676 ut
652 3620 711 3676 in
745 3619 971 3675 Indiam
1002 3623 1514 3690 quoque,rogatus
1545 3620 1616 3674 ab
1647 3618 1808 3675 illius
1837 3621 2026 3691 gentis

378 3708 610 3783 legatis,
645 3725 679 3765 a
711 3707 997 3764 Demetrio
1027 3706 1385 3763 Alexandriae
1441 3709 1710 3780 episcopo
1769 3709 2023 3766 mittere-

376 3803 492 3855 tur.
527 3798 637 3854 Ubi
667 3796 904 3870 reperit,
934 3795 1426 3852 Bartbolomzeum
1459 3797 1530 3853 de
1557 3797 1864 3853 duodecim
1897 3816 2029 3871 apo-

375 3887 544 3946 stolis
573 3887 888 3945 adventum
947 3885 1181 3942 Domini
1209 3886 1393 3942 nostri
1417 3885 1555 3942 Jesu
1597 3885 1810 3942 Christi
1860 3889 2031 3958 juxta

375 3977 628 4035 Mattbaai
650 3975 1028 4049 Evangelium
1052 3975 1420 4047 praedicasse,
1445 3975 1599 4047 quod
1623 3975 1921 4033 Hebraicis
1939 3977 2030 4033 lit-

450 4130 466 4204 ξ
497 4129 688 4204 _S_upra
715 4147 842 4204 cap.
882 4133 963 4190 l7.

446 4200 469 4234 ³
498 4169 1110 4276 Eligtgtvhiijiishlibri
1147 4169 1348 4261 Latina
1385 4209 1551 4260 vetus
1597 4205 2024 4276 interpretatio,

378 4275 440 4327 et
469 4287 656 4354 pauca
677 4275 944 4354 quaedam
967 4276 1328 4354 fragmenta:
1358 4283 1565 4332 ca‘tcra
1595 4275 1794 4332 omnia
1829 4279 2025 4332 lrenaai

377 4343 596 4415 scripta
625 4343 1063 4402 interciderunt.

441 4415 464 4448 ³
496 4418 661 4492 Unus
686 4419 914 4473 tantum
938 4418 1196 4492 _Eusebio
1229 4423 1317 4474 est
1376 4419 1542 4488 liber,
1584 4419 1856 4492 idemque
1889 4435 2021 4474 cum

373 4486 676 4592 δυΡῗπῗΞῗΞΞ
686 4497 891 4592 ξὲἶῖῗΐα
896 4490 1133 4592 ηίὲῗέἷῖῗὶῖ

2202 3177 2537 3239 Πανταῖνος,
2599 3176 2845 3227 Στωϊκοῦ
2904 3168 3180 3246 δόγματος
3235 3170 3534 3251 φιλόσοφος
3569 3217 3583 3244 ,
3641 3178 3779 3230 κατά

2129 3285 2248 3318 τινα
2312 3261 2544 3318 παλαιάν
2611 3268 2717 3316 τῶν
2787 3258 3183 3336 Ἀλεξανδρέων
3242 3264 3520 3332 συνήθειαν
3556 3307 3571 3332 ,
3631 3262 3684 3319 ἐν

2136 3355 2236 3407 ἀπὸ
2297 3354 2515 3427 Μάρκου
2581 3356 2676 3405 τοῦ
2745 3348 3131 3425 εὐαγγελιστοῦ
3198 3348 3635 3420 ἐκκλησιαστικοὲ
3692 3374 3783 3428 γε-

2135 3443 2322 3517 γόνασι
2399 3439 2738 3510 διδάσκαλοι,
2814 3438 3084 3511 τοσαύτης
3151 3440 3340 3518 σοφίας
3407 3441 3496 3496 καὶ
3561 3440 3786 3498 παιδεύ-

2140 3553 2295 3602 σεως,
2345 3536 2506 3608 τοῦτο
2565 3531 2616 3586 ἐν
2670 3535 2790 3592 ταῖς
2847 3528 3014 3591 θείαις
3065 3535 3322 3608 Ι²ραφαῖς,
3380 3535 3540 3585 τοῦτο
3579 3527 3638 3586 δὲ
3691 3534 3784 3587 καὶ

2137 3626 2252 3682 τοῖς
2301 3626 2587 3693 κοσμικοῖς
2640 3620 2954 3694 γράμμασιν
2998 3617 3145 3680 ἐντὸς
3196 3619 3439 3694 γέγονεν,
3489 3619 3629 3675 ὥστε
3678 3642 3785 3677 πα-

2141 3707 2477 3784 ρακληθέντα
2541 3709 2630 3780 (Al
2666 3751 2678 3765 .
2735 3705 3158 3781 περικληθέντα)
3232 3707 3388 3762 αὐτὸν
3464 3711 3610 3784 παρά
3673 3715 3784 3766 τῶν

2139 3796 2333 3861 Ἰνδίας
2389 3793 2786 3874 πρεσϐυτέρων,
2838 3797 2938 3852 ὑπὸ
2997 3797 3316 3871 Δημητρίου
3374 3795 3786 3876 Ἀλεξανδρείας

2144 3886 2437 3941 ἐπισκόπου
2497 3886 2573 3948 εἰς
2630 3887 2727 3954 τὴν
2785 3881 2972 3940 Ἰνδίαν
3035 3882 3426 3956 ἀποσταλῆναι,
3478 3884 3529 3941 ἐν
3578 3889 3616 3955 ἦ
3665 3887 3787 3962 εὗρε

2141 3975 2548 4052 Βαρθολομαῖον
2600 3975 2658 4030 ἐκ
2707 3979 2816 4028 τῶν
2849 3970 3059 4028 δώδεκα
3098 3971 3437 4044 ἀποστόλων,
3487 3976 3586 4044 τὴν
3629 3972 3786 4032 ἔλευ-

2133 4131 2194 4222 ῖὸ
2255 4123 2473 4214 Βιϐνλιον
2539 4134 2700 4216 τοῦτο
2737 4131 2894 4218 ’κατά
2949 4131 3315 4222 τοῦῃξὶυρίου
3371 4133 3531 4222 ἡμῶν
3597 4132 3782 4222 Ἰησοῦ

2139 4205 2368 4277 ξὶριστοῦ
2401 4245 2414 4268 ,
2472 4201 2560 4254 καὶ
2625 4203 2759 4255 κατά
2813 4209 2914 4270 τῆς
2986 4200 3206 4277 ἐνδόξού
3250 4200 3564 4277 Δπαρουσίας
3616 4200 3784 4277 guto?)

2134 4269 2200 4351 ᾗς
2232 4269 2665 4351 ἔρχεται-κρῖναι.
2699 4269 2900 4340 ζῶντας
2944 4275 3038 4351 καὶ
3085 4269 3785 4351 νεκροῦςβίναλάντιᾷάλῃς

2135 4344 2162 4396 ὃ
2199 4343 2540 4432 με’τεγράψιιὶἱ,
2581 4344 2670 4396 καὶ
2718 4346 3034 4432 κατορθώσῃ
3065 4343 3201 4432 «ora;
3239 4343 3375 4420 πρὸς
3417 4345 3480 4432 τρ
3528 4343 3782 4432 ἀντέγρά-

2134 4413 2229 4491 ςρον
2271 4413 2430 4508 τοῦτο
2463 4413 2576 4506 ὅθεν
2631 4413 2975 4506 μετεγράιξνω,
3010 4413 3314 4508 ἐπιμελῶς.
3367 4417 3466 4508 Κάὶ
3495 4417 3584 4471 τὸν
3619 4413 3781 4504 ’ὁρκον

2134 4490 2279 4508 *μη
2414 4506 2580 4508 ί
2686 4507 2721 4508 η
2895 4492 2904 4508 .
3184 4491 3247 4508 η,
3540 4493 3566 4503 ..

2131 4486 2320 4564 τοῦτον
2373 4486 2583 4558 ὁμοίως
2635 4486 3003 4564 μεταγράψεις
3041 4486 3131 4544 καὶ
3183 4491 3369 4560 θήσεις
3401 4488 3453 4543 ἐν
3500 4493 3580 4560 τῷ
3637 4486 3782 4544 ἀντι-

496 4558 864 4634 Corruptius.
895 4579 1074 4634 quam
1105 4565 1169 4616 ut
1198 4560 1470 4617 lectorem
1497 4560 2025 4634 monerioporteat,
2056 4564 2103 4629 D
2135 4558 2346 4634 γρᾴφςρ.

364 4628 853 4687 Cod.Veronens.
913 4628 981 4689 de
1039 4633 1358 4688 Chrismate.
1407 4638 1634 4696 Contra,
1694 4628 1905 4686 Euseb.
1966 4649 2022 4699 ν,

1235 4703 1574 4778 Σχίσματος.
1630 4704 1778 4778 Nec__
1822 4702 2022 4778 minus

361 4703 456 4779 29,
513 4701 650 4776 πρὸς
709 4699 948 4779 βλάστον
1027 4704 1152 4779 περὶ

359 4771 566 4848 vitiose
597 4773 774 4846 paulo
805 4793 985 4848 supra
1023 4771 1670 4848 Guelpbe'rbjjtanusiad
1727 4775 2020 4848 Marcionis

353 4843 615 4919 [_raudeui
637 4863 740 4919 pro
763 4843 1104 4904 Martianum
1122 4843 1380 4919 mitram:
1398 4847 1644 4903 Eusech.
1667 4863 1722 4906 v.
1739 4849 1810 4900 26
1834 4863 1846 4901 ε
1872 4843 2012 4919 ᾍλ-

364 4912 462 4976 λος
535 4912 654 4995 αὸν”
717 4917 1046 4972 ἀνατέθεικεν
1122 4912 1365 4995 ’ἀδελφῷ
1454 4921 1746 4994 Μαρκιανῴ
1823 4915 2010 4972 τοῦνο-

367 4993 732 5142 ῗῇῐξδῗιίηυιὶ
766 5077 908 5142 mss.
933 5062 1233 5142 deIQctava
1264 5060 1466 5133 legunt
1483 5078 1615 5116 cum
1649 5061 2006 5142 Marti'anazo.

355 5131 644 5207 Eusebius
681 5131 804 5206 περὶ
829 5129 1146 5207 Ὀγδοάδος,
1179 5129 1358 5207 quam
1391 5149 1586 5188 vocem
1616 5137 1783 5207 vetus
1811 5133 2008 5207 Irenaai

356 5199 642 5273 interpres
672 5199 1088 5272 octonationem,
1133 5199 1361 5260 reddit.
1415 5207 1558 5260 ltem
1591 5203 1690 5258 alii
1723 5220 1844 5258 mss
1885 5202 2008 5256 σύν-

351 5289 537 5344 ταγμα
588 5273 824 5341 habent,
883 5277 980 5332 alii
1041 5279 1404 5332 contrarium.
1465 5308 1532 5316 —
1589 5277 1652 5331 Et
1706 5275 1771 5330 de
1821 5279 2009 5331 octava

352 5345 649 5414 egregium.
706 5346 846 5402 Mss.
909 5348 1041 5404 libri
1074 5348 1168 5404 hic
1227 5347 1447 5403 nullam
1505 5347 1757 5402 retinent
1811 5364 2006 5402 vocem

349 5419 604 5492 graecam
627 5433 738 5492 _pro
769 5423 954 5474 octava
989 5437 1002 5485 ;
1045 5422 1146 5476 sed
1181 5419 1378 5492 plures
1411 5436 1512 5490 pro
1538 5421 2008 5492 Commentarium

349 5484 551 5562 legunt
580 5484 882 5562 σύνταγμα,
911 5484 999 5546 vel
1037 5484 1342 5562 syntdgma,
1385 5484 1486 5548 aut
1519 5491 1998 5558 Commentarium,

355 5557 553 5630 σύνταγ
563 5578 654 5629 μα.
688 5557 972 5616 ΜᾸΡιτιΑκ.

421 5631 443 5668 ⁸
475 5631 663 5688 Euseb.
705 5648 759 5704 v,
799 5635 916 5689 20:
956 5631 1182 5719 Ὁρκίζω
1242 5653 1296 5700 ςε
1358 5632 1449 5688 τόν
1514 5632 1996 5713 μεταγραψὸμενον

2207 4630 2622 4706 7_:Vero_n_ens.,
2681 4631 2824 4687 unde
2879 4634 3254 4706 [Μηδία-ἱρείη
3295 4633 3590 4690 :Iremeus
3625 4651 3782 4704 μετε-

2135 4701 2350 4776 γράψω.
2415 4703 2568 4776 Idem
2629 4720 2808 4774 supra
2858 4721 2957 4775 per
3022 4701 3314 4760 Dm'ninum
3375 4701 3635 4760 nostrum'
3689 4706 3781 4761 Je-

2130 4773 2272 4900 ῗρὲη,
2341 4778 2448 4829 etc.
2509 4773 2719 4830 Graeco
2743 4773 2902 4830 textu
2970 4782 3026 4831 et
3079 4778 3394 4848 interprete
3451 4777 3780 4848 suifragan-

2150 4864 2165 4900 ι
2216 4862 2304 4899 US.

2124 4845 2304 4900 tibus.

2191 4918 2211 4950 ⁸
2245 4915 2450 4989 Recole
2481 4932 2608 4989 cap.
2643 4919 2730 4974 34.

2192 4990 2214 5023 9
2243 4987 2526 5044 Veronen.
2540 4987 2568 5055 ,'
2584 5005 2694 5044 non
2721 4989 3002 5045 dederant.

2196 5059 2249 5134 '°_
2270 5059 2571 5134 Philippus
2601 5061 2847 5126 Sidetes,
2879 5061 2939 5117 in
2971 5079 3148 5134 quam
3206 5063 3412 5120 urbem
3456 5060 3777 5134 Academia

2119 5129 2479 5198 Christiana,
2503 5138 2716 5205 spreta,
2747 5129 3170 5205 propemodum
3231 5132 3605 5205 Alexandria,
3659 5132 3774 5205 mi-

2119 5209 2404 5278 graverat,
2463 5203 2664 5278 paulo_
2692 5203 2919 5260 diversa
2984 5205 3202 5278 abibis
3261 5203 3592 5278 Hieronymi
3649 5203 3774 5260 sive

2118 5274 2350 5350 Eusebii
2376 5275 2557 5350 tradit
2591 5293 2604 5331 :
2638 5276 2974 5350 Pantaenum
3009 5277 3234 5334 scilicet
3263 5276 3453 5350 prij
3479 5274 3686 5332 'civem
3717 5280 3778 5332 et

2117 5345 2533 5421 philoSOpbum
2575 5348 3010 5421 Atheniensem
3038 5390 3052 5414 ,
3119 5345 3281 5405 secta
3317 5348 3775 5421 Pythagoreum.

2116 5418 2304 5472 dende
2336 5418 2734 5474 Alexandrina:
2759 5420 2969 5475 schola:
2999 5418 3378 5488 catechisten,
3407 5424 3466 5477 et
3506 5418 3777 5477 Clemen-

2114 5488 2190 5545 tis
2222 5489 2594 5617 Al3eSxandrini
2627 5491 2986 5565 discipulum
3045 5491 3361 5550 exstitisse.
3420 5491 3553 5549 Vid.
3586 5490 3775 5560 infra,

2115 5577 2239 5617 can.
2349 5605 2361 5617 .
3549 5597 3556 5602 .

2115 5577 2239 5634 cap.
2271 5577 2361 5618 .55.
3549 5597 3556 5602 .
