3966 6392
310 326 429 419 σοι

1554 339 1621 403 S.
1662 337 1969 405 EUSEBII
2010 335 2481 403 HIERONYMI.
2550 374 2558 395 ς

319 468 522 529 sciatis
552 470 685 530 falsi
715 472 894 545 hujus
923 471 1309 547 dogmatis,id
1332 480 1437 544 est,
1466 490 1623 529 nova:
1643 473 1956 545 prophetiae

2119 471 2201 533 Liq'
2264 496 2290 521 ‹‹
2318 472 2431 524 Ἵνα
2462 466 2519 523 δὲ
2571 468 2722 527 885
2752 471 2926 542 γνῶτε
2971 464 3070 535 τὴν
3109 461 3349 539 βλάστην
3380 465 3475 518 τοῦ
3506 456 3721 539 δόγμα-

317 562 393 617 ab
424 563 585 618 omni
629 564 848 619 mundo
894 562 1187 619 insaniam
1238 562 1557 635 reprobari,
1613 562 1747 618 misi
1794 564 1957 619 vobis

314 650 668 724 Apollinaris
698 652 1043 718 beatissimi,
1078 653 1176 725 qui
1210 654 1320 708 fuit
1358 652 1416 707 in
1466 650 1754 724 Hierapoli
1811 652 1960 707 Asiaa

320 738 651 812 episcopus,
709 738 995 796 litteras‘.
1031 763 1059 791 ››
1118 741 1201 796 Ad
1233 741 1589 797 Domninum
1654 742 1923 811 quoque’
1948 780 1962 807 ,

318 828 420 900 qui
450 828 873 899 persecutionis
892 833 1154 902 tempore
1185 830 1256 885 ad
1286 829 1520 885 Judaeos
1550 828 1962 895 declinaverat,

315 914 589 973 volumen
619 918 988 990 composuit;
1030 924 1087 974 et
1117 918 1297 976 alium
1327 920 1398 973 de
1429 917 1756 991 Evangelio,
1806 918 1962 990 quod

317 1018 429 1063 suo
452 1008 687 1063 nomine
717 1007 870 1063 Petri
904 1007 1103 1076 fertur,
1135 1007 1349 1063 librum
1381 1009 1452 1063 ad
1486 1008 1846 1063 Rhosensem
1873 1008 1963 1062 Ci-

316 1094 462 1151 liciae
500 1095 842 1163 Ecclesiam,
869 1114 996 1169 qum
1028 1097 1088 1152 in
1126 1098 1395 1153 bmresim
1427 1097 1554 1167 ejus
1585 1097 1829 1152 lectione
1878 1096 1964 1151 di-

318 1188 586 1240 verterat.
603 1185 905 1258 Leguntur
924 1190 979 1241 et
996 1186 1247 1257 sparsim
1270 1187 1399 1257 ejus
1421 1187 1623 1241 breves
1649 1184 1903 1258 epistolae
1922 1185 1963 1251 ³,

326 1272 583 1329 auctoris
614 1274 705 1329 sui
736 1274 960 1343 ἀσκήσει
991 1278 1047 1329 et
1075 1274 1203 1329 vitae
1235 1279 1645 1348 congruentes.

2069 580 2162 621 τος
2214 559 2428 627 τούτου,
2486 564 2586 626 τῆς
2638 564 2829 626 καινῆς
2875 554 3023 629 λέγω
3075 552 3434 631 προφητείας,
3484 553 3573 606 καὶ
3622 554 3721 622 την

2071 646 2119 702 ἐν
2155 645 2271 719 ὅλῳ
2300 652 2376 718 τῷ
2423 647 2614 718 κόσμῳ
2668 645 2858 718 μανίαν
2910 641 3374 716 ἀποδοκιμαοτὲαν
3431 643 3723 719 ὑπάρχειν,

2072 731 2289 809 ἔπεμψα
2348 736 2470 808 ὑμῖν
2530 732 2954 808 ’Δπολλιναρίου
3013 738 3109 787 τοῦ
3173 732 3609 805 μακαριωτάτου,
3664 732 3724 794 ὃς

2071 826 2290 900 γέγονεν
2364 821 2738 900 Ἱεραπολίτης
2812 822 2998 883 Ἀσίας
3058 821 3399 889 ἐπίσκοπος,
3468 820 3725 895 γράμμα-

2071 934 2153 969 τα.
2190 938 2217 964 ››
2252 914 2348 966 Καὶ
2389 914 2523 988 πρὸς
2565 912 2771 985 Δὸμνον
2826 909 2883 965 δὲ
2938 912 3025 966 τὸν
3082 915 3161 982 τῷ
3216 914 3389 983 καιρῷ
3441 913 3537 962 τοῦ
3593 906 3725 963 διω-

2072 1008 2218 1077 γμοῦ
2276 1003 2410 1078 πρὸς
2484 1000 2610 1063 τοὺς
2672 998 2966 1061 Ἰουδαίους
3023 998 3420 1055 κατανεύσαντα
3478 998 3727 1067 συνέταξε

2072 1098 2309 1168 τεῦχος,
2368 1092 2457 1145 καὶ
2514 1089 2653 1145 ἄλλο
2710 1091 2833 1165 περὶ
2889 1095 2985 1143 τοῦ
3035 1086 3399 1164 Εύαγγελίου,
3453 1086 3585 1162 ὅπερ
3646 1086 3727 1141 ἐπ’

2078 1181 2304 1254 ὀνόματι
2363 1181 2569 1256 Πέτρου
2620 1181 2878 1257 φέρεται,
2934 1179 3023 1233 καὶ
3089 1178 3226 1254 πρὸς
3285 1179 3385 1246 τήν
3443 1176 3493 1231 ἐν
3554 1175 3728 1249 Ῥόσῳ

2076 1276 2182 1324 τῶν
2216 1268 2451 1324 Κιλίκων
2503 1268 2827 1338 Ἐκκλησίαν
2876 1263 3098 1344 Βίϐλρν,
3157 1268 3279 1336 ἥτις
3334 1267 3409 1328 εἰς
3447 1268 3544 1336 τήν
3580 1264 3725 1341 α’ίρε-

321 1381 403 1413 σιν
446 1360 606 1414 αὐτοῦ
638 1358 953 1439 ἐξεστράφη,
985 1360 1074 1414 καὶ
1100 1382 1249 1422 τινας
1282 1361 1357 1422 εἷς
1387 1362 1686 1435 ἀνάγνωσιν
1717 1369 1817 1430 τῆς
1842 1360 2036 1414 τούτου
2060 1360 2315 1433 αἱρέσεως
2343 1360 2686 1433 μετήνεγκεν.
2721 1358 3208 1432 ’Δναγινώσκονται
3241 1352 3298 1411 δὲ
3327 1356 3417 1411 καὶ
3450 1352 3729 1429 σποράδην

325 1447 660 1525 βραχύταται
692 1448 854 1503 αὐτοῦ
886 1447 1188 1519 ἐπιστολαὶ,
1218 1454 1287 1524 τῇ
1322 1451 1546 1520 ἀσκήσει
1586 1452 1673 1505 καὶ
1711 1450 1815 1524 βίῳ
1848 1450 2011 1503 αύτοῦ
2052 1446 2389 1519 συνᾴδουσαι.

1832 1583 2068 1641 CAPUT
2110 1584 2278 1640 XLII.

387 1679 752 1754 Apollonius,
784 1683 1060 1740 Romanis
1077 1682 1244 1739 urbis
1279 1684 1569 1751 senator‘,
1630 1684 1739 1739 sub
1795 1683 1965 1739 Com-
1996 1687 2043 1751 Β

319 1771 493 1827 modo
526 1762 787 1844 principe
816 1788 850 1827 a
879 1788 1043 1828 servo
1073 1773 1280 1827 Severo
1311 1772 1596 1844 proditus,
1623 1773 1777 1844 quod
1800 1773 1960 1828 Chri-

321 1859 552 1915 stianus
581 1864 757 1926 esset,
793 1860 1098 1932 impetrato
1119 1862 1160 1926 δ,
1219 1864 1284 1915 ut
1319 1860 1603 1917 rationem
1664 1861 1795 1917 fidei
1847 1878 1963 1917 suae

321 1947 613 2014 redderet,
648 1948 879 2021 insigne
917 1948 1188 2004 volumen
1235 1950 1636 2022 composuit“,
1696 1950 1850 2021 quod
1904 1950 1962 2005 in

321 2040 531 2093 senatu
569 2036 739 2111 legit;
771 2041 829 2094 et
849 2037 1235 2094 nihilominus
1264 2038 1553 2094 sententia
1575 2042 1812 2095 senatus
1861 2055 1964 2111 pro

319 2125 547 2183 Christo
580 2127 768 2200 capite
791 2130 1097 2184 truncatus
1129 2132 1236 2196 est,
1270 2129 1445 2184 veteri
1486 2130 1642 2201 apud
1675 2146 1774 2184 eos
1817 2130 1964 2184 obti-

269 2292 274 2296 .
321 2220 496 2272 nente
515 2214 662 2289 lege,
693 2217 916 2288 absque
949 2217 1252 2289 negatione
1284 2234 1399 2273 non
1432 2218 1649 2273 dimitti
1681 2218 1964 2273 Christia-

323 2321 452 2375 nos,
477 2306 576 2377 qui
599 2305 780 2363 semel
804 2307 877 2362 ad
905 2322 1107 2362 eorum
1121 2306 1418 2378 judicium
1440 2308 1719 2379 pertracti
1739 2311 1963 2364 essent.

2144 1678 2564 1749 ’Δπολλώνιος,
2617 1680 2836 1751 Ῥώμης
2892 1676 3279 1753 συγκλητικὸς,
3332 1676 3419 1732 ἐπὶ
3474 1674 3733 1750 Κομόδυο

2070 1775 2166 1824 τοῦ
2203 1767 2471 1844 βασιλέως
2512 1769 2657 1844 παρὰ
2702 1772 2798 1822 τοῦ
2850 1764 3049 1821 δούλου
3111 1768 3258 1843 παρὰ
3318 1761 3550 1842 Σεϐήρῳ
3596 1787 3732 1842 προ-

2073 1857 2248 1920 δοθεὶς
2312 1859 2631 1933 Χριστιανὸς
2688 1857 2851 1927 εἶναι,
2914 1855 3188 1930 ἐπιταγείς
3248 1876 3307 1909 τε
3362 1862 3465 1924 τῆς
3520 1855 3731 1918 οἰκείας

2072 1947 2307 2007 πίστεως
2339 1944 2523 2000 δοῦναι
2568 1944 2756 2020 λόγον,
2813 1946 2951 2019 μέγα
2999 1949 3197 2021 τεῦχος
3247 1945 3545 2015 συνέταξεν,
3594 1942 3732 2020 ὅπερ

2074 2037 2124 2090 ἐν
2187 2040 2255 2109 τῇ
2315 2034 2613 2111 συγκλήτῳ
2672 2036 2898 2110 ἀνέγνω,
2958 2034 3047 2089 καὶ
3107 2032 3279 2095 οὕτως
3353 2031 3504 2088 οὐδὲν
3565 2036 3729 2102 ἧττον

2075 2127 2337 2203 ἀποφάσει
2396 2133 2499 2194 τῆς
2561 2122 2904 2199 συγκλήτου,
2966 2124 3097 2199 ὑπὲρ
3150 2128 3247 2177 τοῦ
3308 2127 3541 2199 Χριστοῦ
3598 2124 3730 2178 ἀπε-

2072 2217 2281 2288 τμήθη,
2336 2213 2574 2276 παλαιᾶς
2623 2220 2746 2289 παρ’
2796 2213 2980 2275 αὐτοῖς
3033 2212 3375 2287 κατεχούσης
3423 2212 3732 2283 συνηθείας,

2076 2302 2207 2381 δίχα
2238 2306 2517 2379 ἀρνήσεως
2565 2306 2640 2376 μὴ
2694 2304 2953 2381 ἀφεθῆναι
3002 2302 3132 2365 τοὺς
3184 2302 3562 2377 Χριστιανοὺς,
3601 2300 3732 2364 τοὺς

2076 2391 2213 2465 ἅπαξ
2245 2393 2321 2455 εἷς
2350 2396 2450 2464 τήν
2476 2392 2649 2447 αὐτῶν
2684 2393 2936 2477 ἀκρύαδσιν
2971 2390 3340 2454 ἐλκυσθέντας.

1838 2527 2071 2585 CAPUT
2111 2528 2303 2584 XLIII.

393 2625 778 2698 Theophilus,
805 2625 1057 2683 Cesareas
1089 2626 1407 2682 Palaestinae.
1435 2627 1589 2699 (quae
1631 2626 1771 2683 olim
1828 2629 1973 2683 Tur-

319 2713 404 2770 ris
459 2713 749 2770 Stratonis
803 2714 1141 2786 vocabatur)
1198 2714 1529 2787 episcopus,
1589 2716 1699 2771 sub
1758 2717 1964 2772 Severo

318 2801 601 2875 principe,
628 2802 937 2858 adversum
985 2819 1105 2869 eos,
1157 2802 1259 2874 qui
1300 2803 1526 2858 decima
1569 2808 1778 2875 quarta
1825 2804 1966 2860 luna

320 2906 458 2947 cum
485 2888 704 2947 Judaais
735 2890 961 2947 Pascha
989 2890 1296 2959 faciebant,
1331 2908 1463 2947 cum
1496 2893 1717 2948 czeteris
1748 2893 1965 2965 episco-

323 2978 419 3051 pis
459 2978 797 3050 synodicam
820 2980 839 3015 ⁷
868 2977 1036 3035 valde
1064 2978 1267 3035 utilem
1286 2981 1615 3052 composuit
1634 2980 1962 3052 epistolam.

2153 2624 2442 2703 Θεόφιλος,
2502 2624 2820 2699 Καισαρείας
2894 2621 3284 2692 Παλαιστίνης,
3358 2621 3479 2691 ἥτις
3538 2622 3734 2697 πρώην

2074 2714 2283 2790 πύργος
2336 2714 2653 2787 Στράτωνος
2696 2710 2963 2781 ἐκαλεῖτο,
3035 2710 3349 2782 ἐπίσκοπος,
3411 2711 3498 2766 ἐπὶ
3559 2705 3737 2783 Σεϐή-

2078 2824 2173 2879 ρου
2202 2808 2297 2857 τοῦ
2334 2800 2624 2878 βασιλέως,
2674 2803 2809 2856 κατὰ
2854 2806 2961 2855 τῶν
3014 2798 3406 2855 ἐπιτελούντων
3447 2800 3510 2854 τὸ
3543 2801 3738 2876 Πάσχα

2080 2893 2213 2964 μετὰ
2266 2895 2371 2944 τῶν
2431 2888 2704 2945 Ἰουδαίων
2760 2894 2829 2963 τῇ
2886 2887 3432 2964 τεσσαρεσκαιδεκάτῃ
3487 2896 3588 2958 τῆς
3646 2909 3734 2943 σε·-

2077 2978 2275 3051 λήνης,
2336 2978 2622 3049 συνοδικήν
2674 2976 2967 3048 ἐπιστολὴν
3027 2982 3166 3034 πάνυ
3223 2980 3535 3053 θαυμαστὴν
3598 2979 3737 3051 μετὰ

2080 3068 2274 3145 ἐτέρων
2318 3070 2611 3140 συνέταξεν.

1837 3186 2068 3243 CAPUT
2109 3188 2299 3244 XLIV.

399 3282 564 3340 884
592 3283 935 3357 Bacchylus,
968 3283 1230 3340 Corinthi
1252 3284 1580 3357 episcopus,
1623 3286 1731 3341 sub
1764 3287 1969 3341 eodem

2151 3287 2303 3343 886
2363 3283 2647 3362 Βακχύλος
2694 3330 2707 3353 ,
2758 3284 3025 3340 Κοόίνθου
3092 3282 3385 3347 ἐπίσκοπος
3438 3327 3451 3353 ,
3520 3283 3732 3357 ὁμοίως

327 3372 533 3429 Severo
567 3372 826 3444 principe
856 3372 1049 3429 clarus
1074 3373 1334 3443 habitus,
1368 3374 1438 3429 de
1466 3374 1709 3443 Pascha,
1745 3391 1813 3430 ex
1843 3392 1963 3430 om-

2119 3371 2332 3451 ἰεϐηρου
2385 3373 2765 3449 βασιλεύοντος
2825 3371 3079 3447 λαμπρὸς
3131 3374 3416 3449 ὑπάρχων,
3465 3374 3589 3449 περὶ
3634 3376 3732 3427 τοῦ

331 3460 499 3517 nium
530 3460 640 3533 qui
670 3461 730 3516 in
787 3461 1005 3517 Achaia
1035 3467 1200 3518 erant
1246 3463 1652 3535 episcoporum
1701 3480 1969 3535 persona,

333 3546 662 3623 elegantem
687 3548 905 3605 librum
926 3550 946 3583 ⁸
978 3549 1202 3622 sripsit.

2086 3466 2279 3540 Πάσχα
2311 3463 2369 3518 ἐκ
2396 3464 2692 3539 προσώπου
2748 3464 2961 3517 πάντων
3020 3466 3128 3515 τῶν
3167 3460 3218 3517 ἐν
3276 3465 3474 3537 Ἀχαΐᾳ
3518 3460 3732 3517 ἐπισκό-

2084 3574 2199 3607 πων
2231 3554 2542 3627 θαυμαστὴν
2568 3552 2813 3622 συνέταξε
2849 3546 3059 3626 βίϐλον.

1842 3686 2074 3743 CAPUT
2114 3687 2277 3744 XLV.

399 3780 749 3855 Polycrates,
782 3780 1167 3855 Ephesiorum
1199 3782 1532 3854 episcopus,
1555 3798 1689 3837 cum
1746 3784 1970 3840 cazteris

326 3870 616 3945 episcopis
646 3872 817 3941 Asiae,
852 3871 1135 3943 quijuxta
1165 3871 1484 3943 quamdam
1524 3876 1775 3927 veterem
1832 3889 1968 3929 con-

323 3960 696 4017 suetudinem
729 3976 865 4016 cum
885 3960 1105 4017 Judaeis
1163 3960 1390 4016 decima
1433 3964 1642 4032 quarta
1668 3960 1809 4017 luna
1863 3962 1970 4018 Pa-

327 4047 470 4105 scha
498 4048 894 4118 celebrabant,
935 4049 1173 4122 scripsit
1202 4051 1482 4106 adversus
1512 4049 1823 4117 Victorem,
1844 4051 1968 4123 epi-

397 4201 416 4234 ¹
449 4198 824 4272 Martianaeus
855 4216 990 4256 cum
1022 4200 1317 4272 plerisque
1338 4200 1510 4256 editis
1532 4202 1801 4257 Damnum
1827 4220 1839 4257 :
1870 4201 1969 4258 alii

368 4270 636 4326 resertim
669 4287 813 4327 mss.
849 4270 1173 4343 sepissime
1194 4270 1486 4327 Dominum
1514 4290 1532 4326 :
1575 4278 1714 4327 sunt
1770 4274 1871 4345 qui
1916 4280 1973 4329 et

325 4287 681 4399 Bomm‘onem
724 4340 938 4399 legant.
980 4343 1265 4398 Eusebius
1308 4348 1504 4398 tamen
1557 4349 1819 4399 Δομνῖνον
1872 4363 1970 4399 vo-

373 4343 681 4398 omm‘onem
724 4340 949 4469 legant:
980 4343 1265 4398 Eusebius
1308 4348 1504 4398 tamen
1557 4340 1819 4416 Δομνῖνοῖδ
1872 4363 1970 4402 vo-

373 4416 441 4469 it.
469 4415 645 4469 atoue
671 4412 753 4469 ita
824 4430 896 4469 uo
927 4430 1071 4469 mss.
1106 4414 1312 4469 nostri.
1345 4431 1493 4469 auos
1525 4416 1850 4469 sequimur.

327 4416 441 4488 cat,
469 4415 645 4485 atque
671 4412 753 4469 ita
782 4412 896 4470 duo
927 4430 1082 4488 mss.
1106 4414 1312 4488 nostri,
1336 4431 1493 4488 quos
1525 4412 1850 4488 sequimur.

396 4486 420 4520 ²
440 4484 575 4559 ﬂeo
605 4489 671 4541 ut
699 4489 906 4543 caetera
925 4484 1125 4541 omnia
1149 4484 1484 4559 Serapionis
1532 4484 1751 4559 scripta
1800 4488 1971 4544 hodie

314 4556 758 4614 desiderantur.

396 4629 419 4663 ³
449 4629 785 4685 Senatorem
817 4628 975 4684 hunc
996 4627 1364 4697 Apollonium
1396 4630 1598 4697 fuisse,
1634 4645 1699 4684 ex
1720 4630 1970 4685 Eusebio

329 4700 569 4773 quidem
593 4700 755 4757 nullo
785 4706 952 4773 pacto
978 4700 1109 4756 licet
1133 4701 1529 4773 argumentari
1566 4718 1578 4768 ;
1612 4706 1669 4755 at
1690 4718 1800 4757 non
1839 4701 1970 4757 ideo

327 4772 416 4828 est
441 4773 675 4845 proprio
708 4772 941 4845 ingenio
968 4772 1293 4845 credendus
1341 4788 1723 4845 exaggerasse
1754 4773 1969 4845 iHiero-

329 4843 680 4916 nymus,qui
702 4844 758 4899 id
779 4843 971 4916 potuit
993 4860 1060 4899 ex
1081 4844 1212 4899 aliis
1237 4843 1636 4916 monumentis
1672 4844 1968 4910 didicisse,

327 4914 390 4988 et
415 4916 561 4972 forte
596 4914 677 4972 ex
721 4914 880 4972 Actis
929 4917 1189 4988 martyrii
1231 4916 1420 4988 ipsius
1468 4914 1758 4988 Apollonii
1815 4917 1968 4987 apud

326 4987 660 5060 Eusebium,
691 4989 863 5059 cujus
884 5003 1031 5060 opus
1054 4986 1124 5060 de
1150 4986 1971 5060 martyribusjamdudumim

323 5058 574 5130 tercidit.
609 5058 782 5115 Recte
815 5058 1063 5115 Rufinus
1093 5059 1237 5130 ipse,
1274 5058 1388 5130 que
1418 5058 1610 5129 inepte
1665 5058 1807 5113 satis
1854 5059 1968 5113 Va-

324 5128 515 5203 lesius
533 5130 869 5203 suspicatur
894 5128 1253 5203 descriptum
1284 5128 1317 5185 εἰ
1365 5128 1584 5203 nostro,
1640 5136 1967 5203 senatorem

323 5216 458 5256 eum
493 5200 657 5257 facit:
689 5203 844 5257 Idem
875 5200 1185 5257 dicendum
1219 5203 1289 5257 de
1320 5200 1467 5255 servi
1494 5200 1676 5256 Severi
1710 5202 1967 5267 nomine,

323 5271 373 5327 si
403 5271 579 5346 modo
602 5271 743 5327 illud
770 5275 846 5346 ab
864 5274 1214 5346 Hieronymo
1234 5273 1617 5346 scriptumest
1645 5290 1656 5327 :
1703 5275 1971 5341 suspicor

322 5341 480 5429 enim
521 5359 588 5398 ex
634 5341 1324 5429 prava_1ectione'ortum,
1351 5341 1493 5427 cum
1544 5345 1785 5429 pluresn
1813 5346 1969 5429 iique

324 5414 518 5486 probae
549 5414 855 5486 vetustatis
884 5420 943 5472 et
972 5422 1119 5472 notae
1151 5434 1293 5472 mss.
1349 5417 1523 5473 etiam
1546 5414 1605 5471 _a
1657 5416 1822 5472 nobis
1879 5414 1967 5472 in-

324 5485 772 5561 specti,_legant,
805 5489 902 5542 sub
935 5489 1224 5561 commodo
1251 5490 1504 5561 principe
1519 5489 1816 5561 acsevaao
1838 5506 1965 5561 pro-

322 5557 492 5612 ditus.
526 5557 845 5631 Noninemo
879 5560 1177 5631 studiosus
1210 5557 1311 5631 pro
1333 5557 1633 5616 achvsno
1656 5557 1966 5631 legendum

324 5645 359 5684 α
384 5643 556 5698 servo,
590 5630 663 5687 ad
689 5630 1015 5703 marginem
1048 5630 1179 5687 libri
1203 5630 1590 5703 admonuerit,
1618 5630 1795 5703 quam
1819 5632 1967 5689 alius

2154 3782 2541 3859 Πολυκράτης,
2604 3785 2828 3840 Ἐφέσου
2889 3784 3201 3859 ἐρίσκοπος,
3261 3785 3394 3858 μετὰ
3446 3788 3553 3839 τῶν
3614 3782 3731 3855 λοιγ-

2080 3878 2196 3927 πῶν
2259 3873 2444 3934 Ἀσίας
2499 3872 2827 3941 ἐπισκόπων,
2886 3877 2993 3927 τῶν
3047 3870 3435 3927 ἐπιτελούντων
3479 3874 3579 3941 τὴν
3614 3873 3731 3950 ἐορ-

2079 3963 2177 4031 τὴν
2234 3966 2330 4015 τοῦ
2390 3963 2581 4038 Πάσχα
2637 3963 2769 4035 μετὰ
2823 3966 2929 4016 τῶν
2989 3959 3262 4017 Ἰουδαίων
3320 3966 3389 4035 τῇ
3447 3982 3731 4040 τεσσαρεσ-

2079 4048 2366 4124 καιδεκάτῃ
2421 4055 2521 4125 τῇς
2579 4050 2837 4122 σελήνης,
2898 4052 3033 4106 κατὰ
3098 4051 3370 4125 Βίκτωρος
3432 4049 3728 4107 ἐπισκόπου

2081 4208 2281 4259 notam
2314 4203 2496 4260 textui
2528 4220 2663 4276 cum
2694 4221 2870 4276 prava
2907 4204 3039 4276 ipsa
3083 4202 3331 4261 lectione
3370 4204 3639 4273 inseruit,
3696 4223 3732 4261 α

2080 4291 2230 4330 servo
2248 4276 2485 4349 Seiferos.
2522 4275 2730 4349 Malim
2753 4275 2950 4348 itaque
2986 4280 3316 4349 veronensn
3351 4276 3548 4349 etVat.
3582 4293 3727 4349 pra:-

2080 4347 2585 4420 stantissimorum
2605 4346 3057 4420 codicunisequi
3077 4346 3622 4420 ﬁdem,quiomisso
3641 4350 3733 4405 Se-

2080 4420 2197 4473 veri
2228 4418 2466 4490 nomine
2497 4436 2531 4474 a
2557 4435 2707 4474 servo
2728 4418 3229 4490 proditus‘tantum
3269 4418 3506 4476 habent.
3556 4420 3729 4477 Eras-

2081 4506 2214 4563 mus
2232 4488 2558 4563 legendum
2591 4488 2817 4562 putavit
2842 4492 2942 4563 sub
2956 4490 3238 4563 Commodo
3248 4492 3498 4563 principe
3513 4508 3549 4547 α
3573 4508 3731 4550 servo

2076 4560 2347 4633 proditus,
2379 4564 2477 4616 sub
2508 4560 2726 4629 Seaero,
2759 4562 2900 4634 quod
2940 4560 3286 4619 Christianas
3331 4560 3488 4631 esset,
3549 4565 3730 4636 impe-

2081 4641 2240 4699 trato,
2274 4637 2382 4688 etc.

2150 4704 2287 4779 ‘A‘Al.
2322 4706 2607 4779 imperato,
2638 4705 3134 4779 quemadmodum
3167 4709 3225 4760 et
3267 4706 3478 4779 Vatic.,
3512 4706 3729 4779 quibus

2002 4748 2049 4813 D
2082 4748 3072 4847 sull'ragatuivGrzscujsuintenprete;

2151 4847 2172 4881 ⁵
2204 4846 2350 4900 Illud
2383 4847 2540 4902 Actis
2573 4846 2898 4921 martyrum
2924 4849 3251 4904 inseruerat
3282 4846 3725 4921 Eusebius,qui-

2080 4919 2326 4993 buscum
2361 4922 2547 4993 totum
2583 4919 2847 4993 deperiit.
2876 4920 2948 4974 De
2978 4923 3148 4975 veteri
3178 4921 3318 4993 iege,
3362 4937 3480 4993 quae
3504 4992 3507 4993 ν
3528 4919 3731 4993 abs—que

2078 4992 2366 5074 negatione
2389 4990 2599 5073 dimitti
2623 4991 2961 5074 ιςὴνχξιιάτιοέ
2991 5008 3101 5072 non
3138 4990 3384 5074 sinebat;
3419 4992 3550 5074 vide
3601 4990 3723 5047 Pli-

2080 5061 2265 5128 nium,
2300 5061 2398 5145 lib.
2434 5081 2487 5128 x,
2513 5063 2682 5145 epist.
2713 5062 3251 5145 970adrl‘rajanum;
3303 5064 3548 5136 Pagium
3586 5080 3727 5137 quo-

2080 5148 2214 5204 que,
2249 5134 2321 5187 ad
2352 5133 2575 5188 annum
2607 5133 2819 5188 Christi
2854 5134 2975 5188 187.
3021 5133 3026 5134 “
3388 5133 3414 5136 “
3603 5133 3622 5137 ἡ

2148 5205 2169 5238 ⁶
2200 5205 2260 5259 In
2286 5205 2504 5276 synodo
2525 5206 2873 5278 iCmsariensi
2903 5222 3056 5261 auno
3097 5205 3327 5278 circiter
3376 5208 3499 5275 198,
3551 5207 3725 5278 cujus

2079 5278 2393 5348 actaiapud
2428 5277 2663 5343 Bedam,
2694 5276 2759 5332 de
2788 5278 3132 5348 {Equinoctq
3166 5276 3477 5334 habentur.

2149 5348 2167 5423 ἶ
2213 5347 2335 5423 Non
2386 5348 2538 5403 alius
2577 5349 2806 5423 videtur
2846 5347 2974 5404 sese
3020 5347 3114 5403 hic
3158 5348 3306 5423 liber
3355 5367 3390 5406 a
3437 5350 3724 5423 Synodica

2076 5418 2346 5493 epistola,
2379 5436 2558 5493 quam
2583 5420 2832 5475 aliorum
2876 5436 3111 5492 quoque
3159 5418 3568 5493 episcoporum
3617 5438 3720 5477 no-

2080 5490 2238 5545 mine
2269 5490 2525 5546 dictavit.

2148 5561 2257 5616 8In
2292 5562 2485 5618 Graeco
2511 5561 2655 5617 illud
2713 5560 2802 5614 καὶ
2858 5562 3211 5635 non_solum
3268 5569 3449 5635 vacat,
3505 5565 3607 5622 sed
3666 5569 3725 5623 et

2078 5633 2526 5707 Hieronymiano
2556 5636 2719 5690 textu
2747 5633 3104 5693 contrarium
3135 5639 3245 5693 est.
