3966 6406
114 356 232 439 ⁸⁷01

1204 316 1452 432 ὶιθεη
1491 364 1597 431 os
1638 366 1851 441 VIRIS
1891 366 2432 436 ILLUSTBIBUS.

3414 363 3532 437 ’101

118 494 535 575 ἐναντιουμένην
592 501 660 575 τῇ
715 519 774 556 τε
837 496 1030 572 ἡλικίᾳ
1084 500 1174 556 καὶ
1239 505 1307 575 τῇ
1375 502 1549 572 οἰκείᾳ
1614 501 1768 580 φύσει

1937 505 2167 563 litiones
2184 505 2452 562 inunum
2474 507 2854 578 congregaret
2872 500 3147 563 volumen
3186 504 3201 540 ¹
3244 519 3258 574 ;
3307 504 3530 578 Aquila;

117 590 371 665 ἐκμαθεῖν
404 611 417 622 ·
484 590 574 646 καὶ
624 588 756 667 δίχα
819 596 928 646 τῶν
988 586 1367 664 ἑϐδομήκοντα
1425 593 1771 667 ἒρμηνευτῶν

118 678 298 743 ἄλλας
356 678 594 743 ἐκδόσεις
672 681 747 743 εἰς
806 678 860 735 ἓν
940 686 1256 755 συναγαγεῖν
1294 726 1307 749 ,
1362 679 1569 736 Ἀκύλα
1627 678 1774 756 λέγω

118 773 387 825 Ποντικοῦ
444 767 817 846 προσηλότου,
875 770 964 824 καὶ
1019 767 1383 832 Θεοδοτίωνος
1427 764 1774 838 Ἡϐιωναίου,

117 860 211 913 καὶ
274 859 584 934 Συμμάγου
639 863 735 913 τοῦ
794 857 956 913 αὐτοῦ
1024 856 1299 933 δόγματος
1336 903 1349 928 ,
1409 861 1469 921 ὃς
1520 860 1583 913 τὸ
1641 860 1778 913 κατὰ

120 949 393 1003 Μπθαῖον
459 946 791 1023 Εὖαγγέλιον
854 948 1287 1021 ὑπεμνημάτισε,
1349 946 1417 1003 δι’
1467 949 1527 1003 οὗ
1578 950 1668 1003 καὶ
1715 949 1776 1002 τὸ

119 1035 261 1092 ἴδιον
322 1034 503 1111 δόγμα
558 1032 872 1112 βεϐαιῶσαι
930 1034 1162 1093 σπεύδει.
1224 1038 1458 1111 Ὁμοίως
1512 1036 1569 1093 δὲ
1621 1040 1779 1094 πέντε

117 1127 212 1182 καὶ
246 1125 301 1197 ἓξ
332 1126 421 1181 καὶ
481 1126 615 1180 ἑπτὰ
670 1127 765 1188 τὰς
825 1124 1085 1193 ἐκδόσεις,
1140 1124 1355 1190 ἅστινας
1384 1129 1474 1183 καὶ
1521 1132 1686 1201 ἡμεῖς
1722 1127 1781 1182 ἐκ

119 1223 226 1285 τῆς
262 1214 424 1270 αὐτοῦ
458 1209 823 1289 βιϐλιοθήκης
858 1210 1116 1293 ἔσχομεν,
1163 1214 1362 1289 πολλῷ
1400 1218 1552 1290 πόνῳ
1586 1218 1777 1294 εὑρὼν,

123 1299 361 1383 ἔλεγχον
410 1308 516 1359 τῶν
580 1304 742 1359 αὐτοῦ
794 1307 1180 1381 συνταγμάτων
1243 1305 1293 1360 ἐν
1352 1311 1430 1378 τῷ
1458 1306 1641 1382 τεύχει
1671 1311 1777 1360 τῶν

128 1396 266 1468 μετά
296 1396 493 1469 ἑτέρων
528 1391 788 1449 ἐκδόσεων
822 1394 1091 1465 ὠνήσατο.

198 1484 299 1539 Καὶ
358 1480 543 1553 ἐπειδὴ
619 1484 709 1538 τὸν
786 1482 1089 1540 ἐπιστολῶν
1165 1487 1271 1540 τῶν
1351 1487 1485 1561 πρὸς
1562 1482 1780 1540 Παύλαν

121 1574 253 1649 παρ’
312 1576 473 1647 ἡμῶν
530 1577 836 1651 γραφεισῶν
872 1618 885 1644 ,
945 1574 994 1628 ἐν
1059 1574 1157 1648 μιᾴ
1208 1572 1473 1649 ἐπιστολῇ
1547 1574 1783 1651 συγκρί-

120 1685 231 1718 νων
304 1668 419 1725 τοῖς
498 1662 784 1739 Βάρρωνος
865 1658 1047 1737 ἔργοις
1116 1665 1328 1719 τέθεικα
1370 1710 1383 1734 ,
1442 1669 1532 1718 νῦν
1615 1685 1785 1739 παρα-

124 1750 390 1826 λιμπάνω
434 1796 447 1820 ,
507 1750 678 1805 ἐκεῖνο
756 1752 880 1825 περὶ
951 1760 1051 1821 τῆς
1126 1752 1288 1806 αὐτοῦ
1358 1753 1618 1807 ἀθανάτου
1678 1754 1786 1808 εὖ-

123 1840 291 1919 ιρυὶας
374 1842 450 1914 μή
522 1845 741 1896 σιωπῶν
797 1886 811 1910 ,
874 1840 957 1896 ὅτι
1037 1862 1136 1916 περ
1216 1839 1561 1912 διαλεκτικὴν
1626 1888 1639 1912 ,
1697 1843 1787 1897 καὶ

123 1931 507 2006 γεωμετρικὴν
544 1974 558 1999 ,
632 1930 994 2006 ἀριθμητικὴν
1033 1975 1046 2000 ,
1126 1934 1389 2004 μουσικὴν
1428 1978 1441 2001 ,
1504 1953 1737 2007 γραμμα
1767 1965 1789 1974 -

124 2022 310 2091 τικήν,
367 2019 517 2078 895
575 2019 665 2073 καὶ
724 2018 1046 2095 ῥητορικήν,
1097 2022 1186 2073 καὶ
1225 2022 1437 2075 πάντων
1486 2026 1594 2075 τῶν
1628 2019 1787 2099 φιλο-

130 2108 312 2187 σόφων
343 2108 412 2163 τὰ
468 2105 717 2183 δόγματα
778 2107 953 2170 οὕτως
1011 2108 1285 2181 ἐξέμαθεν,
1355 2109 1494 2164 ὥστε
1552 2108 1787 2165 σπουδα-

128 2200 263 2260 στὰς
316 2202 424 2253 τῶν
477 2201 756 2270 κοσμικῶν
817 2199 1157 2273 γραμμάτων
1220 2200 1487 2274 ἀκροατὰς
1561 2199 1789 2277 ἐσχηκέ-

128 2310 243 2357 ναι,
287 2287 378 2342 καὶ
411 2285 715 2361 ἐξηγεῖσθαι
768 2285 952 2349 αὐτοῖς
1013 2285 1264 2341 ἐκάστοτε
1297 2332 1311 2357 ,
1371 2286 1678 2363 συνδρομάς
1733 2310 1792 2344 τε

128 2377 272 2451 πρὸς
331 2374 490 2431 αὐτὸν
521 2372 735 2437 πολλὰς
794 2376 1054 2450 γίνεσθαι,
1116 2375 1175 2438 ἃς
1231 2374 1318 2431 διὰ
1354 2382 1514 2432 τοῦτο
1548 2375 1788 2453 ἐδέχετο,

134 2467 217 2545 ἐφ’
276 2466 410 2539 ᾧγε,
466 2465 729 2542 προφάσει
791 2471 892 2534 τῆς
964 2461 1336 2535 διδασκαλίας,
1405 2466 1481 2529 εἷς
1538 2469 1635 2536 τὴν
1694 2472 1791 2522 τοῦ

137 2559 375 2630 Χριστοῦ
404 2553 583 2609 πίστιν
617 2554 829 2629 ἀνάγειν
886 2555 1108 2617 πάντας.
1168 2557 1299 2630 Περί
1348 2556 1451 2633 γὰρ
1490 2563 1593 2625 τῆς
1638 2556 1791 2631 ὠμό-

134 2664 304 2714 τητος
354 2648 450 2697 τοῦ
508 2640 777 2717 διωγμοῦ,
831 2648 926 2697 τοῦ
982 2645 1118 2698 κατᾶ
1171 2649 1275 2699 τῶν
1337 2650 1668 2717 Χριστιανῶν
1705 2646 1791 2701 ἐπὶ

137 2732 330 2788 Δεκίου
361 2733 694 2802 κινηθέντος,
754 2729 953 2787 ἐλύσσα
1009 2736 1111 2808 γὰρ
1166 2733 1242 2796 εἰς
1303 2732 1585 2789 Φιλίππου
1636 2734 1793 2791 εὒλά-

136 2817 312 2892 ϐειαν,
361 2823 421 2876 ὃν
476 2823 566 2877 καὶ
625 2822 953 2876 ἀπέκτεινεν
1010 2822 1175 2877 εἰπεῖν
1235 2825 1483 2898 ἡγοῦμαι
1517 2824 1789 2897 περισσόν.

136 2919 222 2968 Ἐν
270 2910 419 2983 αὐτῷ
467 2912 569 2987 γὰρ
615 2916 694 2983 τῷ
746 2908 980 2986 διωγμῷ
1035 2913 1124 2966 καὶ
1185 2908 1458 2976 Φαϐιανὸς
1499 2915 1527 2968 ὁ
1575 2915 1794 2989 Ῥώμης

143 3001 440 3063 ἐπίσκοπος
501 2999 852 3072 ἐτελεύτησε,
912 3001 1001 3055 καὶ
1059 3000 1415 3077 Ἀλέξανδρος
1474 3005 1563 3059 καὶ
1620 3000 1795 3059 Βαϐύ-

145 3089 272 3163 λας,
302 3088 697 3165 Ἱεροσολύμων
752 3091 842 3145 καὶ
893 3091 1234 3167 Ἀντιοχείας
1282 3092 1591 3163 ἐπίσκοποι,
1636 3092 1687 3148 ἐν
1726 3097 1794 3167 τῇ

137 3178 357 3260 φυλακῇ
414 3178 760 3254 όμολογηταὶ
820 3179 1208 3254 ἐκοιμήθησαν.
1270 3179 1338 3235 Ei'
1390 3203 1474 3245 τις
1522 3184 1625 3258 γὰρ
1671 3184 1797 3258 περὶ

1883 595 2108 651 scilicet
2139 594 2357 650 Pontici
2388 593 2684 665 proselyti,
2709 598 2766 650 et
2786 594 3204 651 Theodotionis
3224 594 3530 663 Hebionei,

1886 690 1943 741 et
1970 683 2308 757 Symmachi
2338 684 2602 756 ejusdem
2652 683 2966 757 dogmatis,
3015 683 3116 756 qui
3165 685 3225 739 in
3270 684 3534 756 Evange-

1885 773 2031 829 lium
2091 790 2323 845 quoque
2372 773 2508 826 κατὰ
2560 773 2830 829 Ματθαὶον
2889 773 3124 845 scripsit
3171 778 3535 830 commenta-

1888 863 2027 932 rios,
2059 863 2130 919 de
2159 879 2275 934 quo
2306 865 2362 917 et
2391 879 2565 917 suum
2619 864 2834 934 dogma
2876 862 3222 919 confirmare
3268 867 3533 919 conatur.

1889 953 2168 1009 Praeterea
2197 951 2462 1022 quintam
2506 954 2564 1006 et
2592 955 2814 1007 sextam
2847 955 2905 1007 et
2957 951 3272 1023 septimam
3315 950 3533 1007 editio-

1887 1058 2044 1109 nem,
2069 1057 2216 1113 quas
2235 1040 2411 1096 etiam
2438 1057 2544 1122 nos
2565 1041 2635 1097 de
2657 1040 2785 1111 ejus
2808 1038 3162 1096 bibliotheca
3178 1041 3199 1075 ²
3222 1040 3534 1109 habemus,

1890 1131 2038 1187 miro
2076 1130 2273 1185 labore
2327 1130 2560 1203 reperit,
2620 1135 2677 1185 et
2723 1146 2859 1185 cum
2900 1131 3126 1185 caeteris
3174 1128 3539 1187 cditionibus

1890 1218 2219 1292 comparavi
2229 1219 2313 1289 ι;³.

1966 1489 2119 1546 896
2150 1490 2219 1544 Et
2248 1488 2388 1561 quia
2416 1487 2667 1543 indicem
2702 1503 2945 1560 operum
2976 1489 3025 1559 ej
3039 1503 3105 1543 us
3139 1487 3197 1541 in
3229 1485 3543 1542 volumini-

1893 1579 2006 1635 bus
2053 1577 2458 1650 epistolarum,
2493 1594 2641 1649 quas
2670 1577 2742 1633 ad
2794 1575 3033 1633 Paulam
3083 1575 3454 1649 scripsimus,
3483 1575 3544 1631 in

1896 1670 2151 1741 quadam
2181 1667 2427 1740 epistola
2454 1668 2476 1701 ‘
2504 1670 2707 1723 contra
2749 1666 3022 1722 Varronis
3043 1683 3218 1738 opera
3239 1666 3544 1722 conferens

1896 1758 2088 1830 posui,
2122 1774 2277 1813 nunc
2308 1756 2550 1812 omitto:
2584 1754 2729 1810 illud
2760 1755 2831 1810 de
2871 1754 3191 1811 immortali
3223 1756 3353 1826 ejus
3382 1754 3547 1825 inge-

1898 1847 1995 1903 nio
2027 1864 2141 1901 non
2174 1851 2395 1913 tacens,
2420 1846 2575 1917 quod
2598 1844 2959 1900 dialecticam
2987 1860 3220 1916 quoque
3241 1848 3300 1899 et
3320 1860 3551 1916 geome-

1897 1935 2092 2003 triam,
2124 1940 2180 1990 et
2200 1935 2650 2005 arithmeticam,
2679 1934 2992 2001 musicam,
3021 1933 3469 2006 grammaticam
3494 1936 3551 1988 et

1899 2025 2271 2095 rhetoricam,
2351 2024 2736 2096 omniumque
2812 2022 3297 2096 philosophorum
3361 2026 3551 2077 sectas

1899 2116 1981 2170 ita
2007 2114 2229 2179 didicit,
2265 2118 2330 2170 ut
2359 2113 2656 2170 studiosos
2686 2128 2920 2184 quoque
2950 2112 2972 2147 ⁸
3002 2111 3372 2168 saecularium
3406 2110 3553 2166 litte-

1901 2221 2097 2260 rarum
2149 2207 2466 2260 sectatores
2522 2202 2783 2269 haberet,
2844 2206 2901 2257 et
2952 2201 3439 2273 interpretaretur
3467 2199 3551 2255 eis

1900 2292 2179 2365 quotidie,
2212 2307 2655 2363 concursusque
2684 2290 2757 2346 ad
2785 2306 2920 2345 eum
2953 2289 3090 2344 miri
3122 2288 3368 2345 fierent:
3403 2304 3551 2361 quos

1900 2382 1999 2438 ille
2028 2385 2334 2454 propterea
2364 2379 2702 2453 recipiebat,
2733 2382 2800 2433 ut
2829 2378 2940 2433 sub
2970 2377 3277 2433 occasione
3306 2374 3550 2431 saecula-

1901 2472 1983 2528 ris
2014 2470 2349 2526 litteratura:
2396 2469 2455 2524 in
2511 2469 2625 2524 ﬁde
2670 2467 2887 2523 Christi
2932 2483 3031 2523 eos
3079 2465 3436 2521 institueret.
3469 2463 3551 2521 De

1902 2559 2246 2616 crudelitate
2288 2562 2485 2614 autem
2545 2556 2992 2630 persecutionis,
3050 2572 3176 2628 quae
3234 2554 3551 2610 adversum

1901 2648 2269 2705 Christianos
2300 2648 2411 2703 sub
2440 2648 2612 2704 Decio
2642 2644 3026 2713 consurrexit,
3061 2661 3128 2700 eo
3158 2643 3315 2715 quod
3336 2643 3397 2698 in
3417 2641 3551 2698 reli-

1905 2740 2136 2812 gionem
2168 2736 2420 2811 Philippi
2452 2736 2771 2801 desaeviret,
2805 2750 2981 2808 quem
3024 2737 3082 2789 et
3110 2731 3420 2799 interfecit,
3454 2746 3553 2787 su-

1906 2828 2195 2901 perfluum
2221 2827 2550 2884 estdicere:
2572 2842 2705 2882 cum
2731 2826 2908 2882 etiam
2940 2823 3253 2891 Fabianus,
3280 2822 3554 2877 Romanae

1904 2917 2173 2973 Ecclesiae
2187 2916 2519 2990 episcopus,
2544 2916 2602 2971 in
2626 2916 2757 2987 ipsa
2777 2911 3137 2979 occubuerit,
3156 2916 3214 2967 et
3229 2910 3558 2967 Alexander

1907 3007 2292 3079 Babylasque,
2324 3003 2858 3077 Hierosolymorum
2888 3007 2945 3059 et
2974 3000 3345 3057 Antiochense
3371 2998 3557 3055 Eccle-

1908 3096 2005 3152 siae
2038 3096 2361 3168 pontifices,
2395 3095 2455 3149 in
2488 3110 2717 3151 carcere
2771 3109 2875 3164 pro
2934 3090 3299 3147 confessione
3340 3087 3552 3143 Christi

1910 3184 2273 3241 dormierint.
2306 3184 2377 3239 Et
2406 3200 2582 3255 super
2609 3180 2877 3254 Origenis
2919 3183 3077 3237 statu
3134 3179 3183 3234 si
3242 3176 3374 3249 quis
3404 3175 3557 3232 scire

139 3271 452 3346 Ὠριγένους
513 3272 698 3343 μαθεῖν
757 3268 987 3344 ἐθελήσῃ
1022 3314 1035 3340 ,
1103 3275 1318 3325 πρῶτον
1392 3272 1485 3345 μὲν
1562 3271 1621 3327 ἐκ
1683 3276 1790 3326 τῶν

1937 3273 2062 3343 θΙὶι,
2096 3272 2236 3346 quid
2267 3277 2463 3329 actum
2482 3271 2578 3339 sit,
2603 3271 2861 3344 primum
2888 3268 3127 3341 quidem
3153 3267 3225 3322 de
3250 3263 3515 3338 epistolis
3534 3265 3557 3299 δ

142 3358 445 3416 ἐπιστολῶν
480 3358 663 3429 αὑτοῦ,
722 3364 829 3413 τῶν
889 3362 1023 3432 μετὰ
1078 3360 1166 3415 τὸν
1222 3358 1466 3435 διωγμὸν
1513 3363 1648 3433 πρὸς
1680 3359 1793 3417 δια-

142 3451 343 3529 φόρους
392 3447 821 3519 ἀποσταλεισῶν,
878 3444 1061 3505 ἔπειτα
1120 3446 1176 3504 δὲ
1233 3451 1321 3504 καὶ
1363 3451 1467 3505 ἀπὸ
1509 3456 1605 3505 τοῦ
1635 3448 1794 3506 ἕκτου

141 3537 315 3615 λόγου
360 3545 461 3609 τῆς
501 3533 764 3593 Εὐσεϐίου
813 3539 1133 3615 Καισαρείας
1184 3538 1479 3594 ἐπισκόπου
1530 3541 1793 3618 ἱστορίας,

138 3629 228 3684 καὶ
262 3628 397 3704 ὑπὲρ
446 3632 543 3683 τοῦ
602 3627 765 3683 αὐτοῦ
822 3629 1131 3704 Ὠριγένους
1180 3624 1411 3704 βιϐλίων
1592 3630 1797 3701 τηλαυ-

209 3829 225 3863 ¹
246 3826 650 3901 Εξρυηεοηᾴο.
664 3826 932 3901 videatur
953 3843 1061 3901 γοα
1086 3826 1586 3901 ἱειὶιειουοιιιηιεη,
1612 3846 1793 3901 quam

148 3915 252 3957 nec
281 3896 832 3974 vero_n'ensis__l_iber,
865 3915 969 3955 nec
1009 3898 1242 3974 Graecus
1294 3900 1582 3974 interpres
1612 3896 1799 3974 agno-

146 3975 340 4044 scunt.
373 3969 1008 4044 Qixerit‘llieronymus
1039 3972 1100 4025 in
1130 3986 1326 4041 unum,
1360 3969 1515 4044 quod
1547 3969 1794 4040 estuna,

146 4042 355 4116 simul,
385 4041 516 4116 illas
546 4040 1187 4116 editiones—Origenem
1226 4040 1615 4116 congregasse
1641 4063 1655 4112 ;
1688 4061 1797 4101 nec

138 4115 298 4172 enim
328 4113 665 4187 verosimile
684 4118 775 4171 est
794 4131 911 4170 uno
934 4113 1793 4187 comprehendi’sse'volumine.

141 4187 276 4259 Qum
307 4185 703 4259 ejus_l_aboris
755 4185 1087 4259 supersunt
1121 4186 1468 4259 fragmenta,
1522 4187 1670 4243 duos
1699 4204 1797 4243 ex-

145 4257 313 4332 plent
338 4256 411 4332 in
443 4256 580 4332 folio
624 4256 838 4332 tomos.

142 4328 173 4459 ᾇ
212 4330 234 4365 ²
264 4328 499 4455 Scilipgt
525 4328 885 4386 Caesariensi.
936 4328 1017 4385 De
1058 4328 1412 4401 Symmacho
1459 4329 1577 4385 vid.
1608 4330 1792 4385 Ebed-

189 4417 295 4458 esu
329 4418 377 4456 c.
477 4443 489 4456 .

189 4417 295 4458 8811
329 4418 377 4456 C.
403 4417 489 4456 1U.

213 4474 235 4507 ³
264 4472 515 4539 Quidam
549 4488 692 4545 mss.
737 4475 886 4545 teste
934 4470 1291 4545 Martianazo,
1341 4472 1633 4545 capulavit.
1672 4472 1803 4529 Pes-

146 4545 299 4602 sime
326 4548 525 4617 autem
555 4543 787 4600 Graecus
824 4543 1113 4617 interpres
1144 4543 1413 4617 ὠνήσατο
1450 4545 1550 4617 qui
1581 4561 1799 4616 compa-

144 4633 293 4684 rare,
326 4616 388 4673 id
416 4620 525 4689 est,
557 4619 825 4688 con/ene,
859 4615 1081 4687 accepit
1111 4615 1351 4689 perinde
1400 4615 1576 4689 atque
1600 4633 1799 4672 emere.

1905 3365 2056 3435 ejus,
2107 3380 2234 3435 quae
2267 3366 2397 3434 post
2428 3360 2892 3434 persecutionem
2938 3358 3009 3414 ad
3048 3358 3309 3413 diversos
3355 3354 3552 3411 missa:

1907 3457 2083 3520 sunt;
2118 3451 2329 3508 deinde
2360 3452 2431 3507 de
2477 3453 2638 3507 sexto
2688 3447 2919 3506 Eusebii
2964 3444 3341 3503 Caesariensis
3371 3442 3559 3500 eccle-

1907 3542 2156 3600 siasticae
2185 3540 2442 3597 historiae
2474 3539 2645 3607 libro,
2677 3543 2735 3595 et
2755 3556 2859 3612 pro
2881 3538 3087 3595 eodem
3109 3536 3359 3609 Origene
3379 3534 3437 3589 in
3460 3550 3562 3591 sex

1905 3632 2329 3701 voluminibus,
2386 3630 2599 3705 poterit
2647 3628 2873 3701 liquido
2932 3626 3342 3700 cognoscere".
3402 3622 3563 3679 Vixit

1906 3829 2025 3885 sint
2080 3826 2422 3901 geometria,
2480 3822 3178 3901 arithmeticatmusiﬁca,
3241 3823 3377 3900 et_c.,
3410 3834 3560 3901 quas

1906 3891 2233 3968 enum‘érat,
2266 3914 2506 3971 quosque
2535 3897 2748 3953 horum
2778 3894 3041 3953 studiose
3070 3891 3340 3965 Origenis
3369 3892 3555 3946 secta-

1905 3977 2061 4029 tores
2095 3969 2287 4027 fuisse
2305 3969 2503 4025 tradit.

1977 4045 1999 4079 ⁶
2029 4044 2124 4098 Ha:
2156 4046 2354 4113 autem
2389 4038 2647 4113 epistola
2679 4036 3119 4113 interciderunt,
3171 4031 3554 4113 quemadmo-

1910 4116 2052 4171 dum
2083 4119 2140 4171 et
2167 4102 2467 4186 Apologia,
2500 4127 2677 4184 quam
2712 4125 2845 4164 mox
2874 4107 3085 4186 laudat
3106 4102 3218 4186 seni
3241 4102 3559 4186 volumini-

1909 4188 2042 4254 bus,
2077 4177 2330 4259 quorum
2353 4177 2541 4259 unum
2571 4186 2802 4259 taptum
2825 4198 2923 4259 _ex_
2960 4177 3561 4259 Rufini-interpreta-

1911 4246 2066 4315 tion'e
2096 4246 2384 4329 ‘superat.
2437 4254 2586 4329 Vid.
2628 4246 3451 4329 Eusebiiluculentissimum
3491 4246 3562 4303 de

1911 4330 2031 4386 illis
2062 4325 2488 4394 testiinonium,
2530 4326 2631 4382 lib.
2664 4343 2742 4381 v1.
2776 4342 2825 4381 c.
2858 4325 2947 4381 39.

1982 4404 2001 4435 ⁷
2036 4400 2279 4473 Liquida,
2294 4415 2626 4473 cognoscere.
2660 4398 2815 4453 Inter
2862 4396 2983 4453 haec
3027 4394 3203 4473 verba
3248 4406 3564 4473 cognqscere

1917 4478 1972 4529 et
2020 4466 2181 4542 vzltr'z't,
2214 4466 2416 4527 addita
2443 4470 2721 4543 leguntur
2744 4466 3171 4543 consequentia
3198 4466 3373 4543 verba
3392 4466 3564 4543 inc-o-

1912 4546 2039 4600 dice
2070 4535 2181 4600 ms;
2217 4535 2613 4599 Ambrosianae
2643 4535 3007 4597 bibliotheca
3056 4553 3200 4593 num
3240 4538 3367 4602 281,
3414 4535 3473 4588 et
3501 4535 3561 4587 in

1915 4616 2207 4673 Vaticanis
2238 4615 2366 4679 348,
2397 4614 2542 4670 349ε
2602 4634 2630 4663 ‹‹
2660 4617 2791 4667 Haec
2839 4611 2969 4667 laus
3012 4607 3278 4681 Origenis
3330 4609 3385 4661 et
3415 4602 3564 4681 falsa

211 4690 235 4723 ‘
265 4675 329 4745 in
356 4675 880 4770 quadarn‘epistolq.
925 4675 1056 4770 Heio
1103 4675 1351 4770 epistola
1405 4675 1621 4770 inj‘uria
1649 4693 1801 4770 te_m-
1834 4694 1880 4759 Π
1911 4694 2019 4756 est,
2053 4694 2109 4744 et
2138 4675 2398 4770 de‘ceptio
2434 4684 2849 4770 plurimorum,
2881 4682 2982 4755 qui
3024 4681 3083 4735 in
3114 4675 3562 4770 'amoremkejus

143 4758 683 4832 porum'intercidit
707 4777 735 4832 ;7
753 4760 923 4832 cujus
953 4758 1153 4814 tamen
1179 4758 1395 4815 bonam
1425 4758 1649 4832 partem
1683 4764 1797 4832 Ru-

144 4830 249 4888 fini
306 4831 591 4903 invectiva
646 4830 835 4903 nobis
873 4835 1277 4886 conservatam
1331 4830 1604 4903 prodidit.
1656 4831 1800 4887 Vide

142 4919 335 4976 supra
364 4901 425 4961 in
457 4904 572 4959 ﬁne
600 4900 1003 4976 Epistolarum
1035 4902 1303 4976 secunda:
1331 4900 1575 4976 classis.
1623 4903 1801 4960 Caete-

146 4973 352 5059 rarum
382 4989 616 5059 quoque
644 4973 944 5059 volumina
964 4973 1592 5059 Epistolarpm‘invidit
1610 4981 1802 5059 poste-.-

146 5046 232 5104 ris
260 5045 572 5103 humilitas
607 5047 984 5128 ac_modestia
1002 5045 1591 5128 sanctgs‘Paulaazque
1610 5045 1803 5128 noluit

144 5133 362 5249 piamen
394 5134 571 5175 suum
610 5116 889 5176 celebrari
921 5134 990 5174 ex
1028 5116 1299 5190 Epistolis
1329 5118 1387 5175 S.
1440 5116 1796 5192 Hieronymi.

245 5206 443 5246 mm.

245 5206 443 5246 R‘I'IAN.

220 5293 289 5303 -—
306 5261 495 5333 Hujus
514 5260 770 5334 epistolae
790 5261 1181 5334 fragmentum
1202 5260 1449 5334 servavit
1467 5261 1715 5318 Ruﬁnus
1737 5263 1798 5318 in

146 5332 678 5391 Invectivdrum'lib.
714 5350 777 5402 ιι,
812 5332 967 5402 quod
1008 5337 1067 5389 et
1114 5350 1222 5389 nos
1271 5333 1405 5389 inde
1457 5334 1705 5390 ascitum
1738 5335 1798 5390 in

146 5405 339 5489 priori
361 5409 542 5489 tones-
574 5404 869 5489 θρίεξεβθν
914 5404 1278 5489 φιδίέςξηυξο
1307 5405 1611 5489 Ρυωᾲεξεῑι
1644 5406 1798 5489 indi-

144 5476 274 5537 cem
297 5476 589 5534 Eusebius
609 5476 1019 5550 institueratin
1043 5477 1196 5535 Vita.
1221 5478 1280 5533 S.
1307 5476 1597 5550 Pamphili
1622 5482 1794 5535 mart.

145 5565 406 5625 quacum
440 5565 557 5605 una
588 5548 776 5625 periit.

214 5623 236 5658 ⁸
265 5621 590 5694 Vaticanus
617 5621 882 5694 studiosos
921 5637 1159 5694 quosque
1213 5637 1319 5693 pro
1375 5622 1795 5694 qguoque,rquod

144 5695 357 5769 utique
387 5692 594 5767 reponi
617 5693 831 5764 velim;
878 5692 1016 5753 nam
1061 5692 1194 5751 cum
1220 5692 1554 5752 saeculares
1594 5692 1798 5751 litterae

1912 4746 2333 4833 provocantur:
2367 4746 2502 4813 cum
2534 4759 2760 4833 constet
2788 4746 3126 4833 eumsuper
3155 4765 3362 4833 omues
3387 4746 3564 4833 haere-

1910 4821 2060 4888 ticos
2090 4834 2371 4887 venenato
2402 4845 2500 4885 ore
2532 4828 2637 4899 (vel
2686 4821 3443 4899 venerariofinauditasnet
3471 4821 3560 4898 in-

1912 4902 2246 4960 tolerabiles
2275 4888 2917 4973 blasphemiasgspiritu
2951 4888 3236 4973 diaboli‘co
3268 4888 3558 4973 innDomi-

1912 4994 2055 5031 num
2105 4980 2373 5030 nostrum
2412 4961 2625 5028 'Jesum
2671 4961 2970 5027 Christum
3027 4966 3287 5041 locutum
3338 4961 3560 5041 fuisse:

1912 5047 2169 5121 quinque
2203 5062 2237 5101 a
2259 5046 2486 5121 sanctis
2518 5042 2809 5121 Patribus,
2842 5038 3146 5121 episcopis,
3178 5032 3563 5121 et_monachis

1910 5103 2461 5185 anathematizatus,
2508 5116 2683 5172 etiam
2732 5103 2895 5169 bona.
2936 5103 3142 5184 ipsius
3174 5106 3417 5163 minime
3449 5103 3562 5177 legi

1910 5193 2139 5248 debere.
2172 5189 2351 5255 Vixit,
2384 5194 2495 5245 etc.
2534 5210 2559 5235 ››
2590 5187 2865 5242 Maurum.
3003 5253 3017 5257 Α
3106 5251 3119 5257 _
3267 5248 3314 5257 η
3360 5246 3393 5257 Α,
3518 5247 3527 5257 _

1982 5295 2047 5304 ——
2076 5265 2139 5318 In
2173 5278 2285 5317 ms.
2317 5248 2705 5316 Ambrosiano
2736 5260 2837 5312 281
2884 5259 2941 5311 et
2987 5251 3218 5308 duobus
3267 5248 3566 5304 Vaticanis

1907 5335 2180 5391 Scholion
2211 5331 2561 5404 hujusmodi
2584 5328 3019 5404 inepiissimum
3068 5321 3287 5404 invenit
3315 5319 3561 5404 Martia-

1909 5424 2109 5463 nazus:
2145 5429 2173 5453 ‹‹
2209 5392 2339 5461 Haec
2372 5404 2502 5459 laus
2532 5392 2797 5474 Origénis
2828 5405 2885 5455 et
2913 5397 3062 5474 falsa
3088 5399 3196 5462 est,
3220 5398 3278 5449 et
3298 5392 3565 5474 dece‘ptio

1909 5479 2321 5550 plurimorum,
2350 5475 2448 5548 qui
2517 5474 2578 5529 in
2634 5468 2894 5528 amorem
2940 5468 3564 5550 _cjus”provocantur;

1907 5540 2041 5607 cum
2076 5540 2463 5605 constet'eum
2495 5562 2673 5618 super
2702 5540 3247 5618 omnes_h:sre_ticos
3279 5540 3565 5618 venepato

1908 5638 2005 5680 ore
2038 5620 2345 5693 inauditas
2365 5623 2423 5675 et
2472 5607 2869 5693 intolerabiles
2918 5609 3322 5693 blasphemiae
3353 5607 3564 5693 spiritu

1908 5693 2196 5753 diabolico
2227 5692 2289 5751 in
2319 5690 2639 5750 Dominum
2687 5691 2960 5746 nostrum
3009 5681 3214 5743 Jesum
3262 5681 3562 5739 Christum
