3966 6390
372 353 508 427 ,711

1649 346 1715 410 S.
1760 344 2072 412 EUSEBII
2115 340 2585 411 HIERONYMI.

3681 330 3812 396 τις

396 507 463 546 eo
495 489 652 562 quod
682 488 837 544 dicat
855 486 914 541 in
946 485 1184 541 Hebraao
1233 484 1383 540 hanc
1430 482 1729 539 fabulam1
1764 499 1881 537 non
1935 482 2035 536 ha-

2210 490 2253 553 ιρ
2316 476 2365 531 ἐν
2421 481 2499 549 τῷ
2558 471 2828 551 Ἐϐραϊκῷ
2865 476 3052 528 τοῦτον
3115 471 3189 545 μὴ
3252 470 3385 525 εἶναι
3439 468 3529 523 τὸν
3596 466 3805 539 μῦθον,

395 579 540 647 beri,
574 595 676 635 nec
706 577 1012 633 convenire
1043 591 1176 630 cum
1203 574 1485 630 Hebraica
1514 570 1865 644 etymologia
1906 570 2040 623 ἀπὸ.

392 672 488 721 τοῦ
546 666 737 742 σχίνου
796 666 1026 740 σχισαι²
1080 669 1173 718 καῖ
1253 662 1357 716 ἀπὸ
1441 665 1537 715 τοῦ
1623 659 1817 736 πρίνου
1906 658 2040 734 πρί-

396 777 503 824 σαι,
536 761 738 813 contra
768 770 943 827 quem
976 756 1207 809 doctam
1238 751 1547 825 epistolam
1578 752 1600 785 ³
1658 750 1859 806 scribit
1916 749 2040 805 Ori-

393 863 589 919 genes.
637 846 837 900 Exstat
894 845 1023 914 ejus
1071 844 1144 899 ad
1194 842 1509 898 Aristidem
1557 838 1740 895 altera
1796 837 2044 911 epistola

392 934 451 989 in
483 950 602 1006 qua
630 950 808 1006 super
838 929 1126 1009 διαφωνία,
1187 948 1313 1003 quae
1351 930 1580 984 videtur
1645 945 1772 984 esse
1826 927 1887 982 in
1946 943 2041 999 ge-

392 1021 658 1095 nealogia
676 1021 990 1078 Salvatoris
1049 1019 1202 1092 apud
1261 1018 1597 1075 Matthaaum
1665 1020 1722 1072 et
1801 1017 2039 1080 Lucam,

390 1111 732 1185 plenissime
762 1111 1044 1182 disputat.

2155 566 2294 641 μηδὲ
2354 566 2594 639 συνᾴδειν
2673 570 2741 639 τῇ
2810 559 3068 640 Ἑϐραϊκῇ
3149 558 3485 635 ἐτυμολογίᾳ
3548 558 3653 612 ἀπὸ
3706 558 3808 610 τοῦ

2148 658 2342 733 πρίνου
2388 656 2599 730 πρίσαι,
2632 654 2723 709 καὶ
2808 653 2910 707 ἀπὸ
2948 656 3045 706 τοῦ
3094 650 3275 727 σχίσυ,
3330 648 3537 724 σχίσαι,
3575 646 3713 720 πρὸς
3742 646 3806 699 ’ὸν

2151 744 2620 820 δεδοκιμασμένην
2680 740 2973 811 ἐπιστολὴν
3014 742 3210 819 γράφει
3264 738 3567 815 Ὠριγένης,
3618 737 3801 789 "Eo-cna

2151 836 2313 890 αὖτοῦ
2369 834 2459 890 καὶ
2517 835 2653 907 πρὸς
2708 828 3047 909 Ἀριστείδην
3110 827 3253 899 ἄλλη
3317 824 3602 895 ἓπιστολὴ,
3664 824 3714 879 έν

2150 926 2273 998 περὶ
2309 931 2410 994 τῆς
2452 921 2747 1000 διαφωνίας
2793 928 2893 990 τῆς
2942 918 3207 989 δοκούσης
3258 917 3391 972 εἶναι
3424 916 3474 971 ἐν
3505 918 3575 988 τῇ
3614 933 3800 989 γενεα-

2153 1011 2317 1088 λογίᾳ
2361 1016 2457 1067 τοῦ
2517 1018 2775 1087 Σωτῆρος
2838 1004 2982 1085 παρᾶ
3038 1007 3312 1065 Ματϐαίου
3368 1006 3457 1061 καὶ
3490 1008 3674 1060 Λουκᾶ
3706 1002 3802 1078 ἀρ-

2155 1102 2394 1181 αούντως
2439 1098 2767 1177 διαλέγεται.

2517 835 2653 907 πρὸς

1879 1201 2114 1259 CAPUT
2155 1201 2341 1257 LXIV.

461 1298 812 1362 Geminus‘,
890 1295 1268 1352 Antiochenae
1351 1294 1619 1351 Ecclesiae
1718 1292 2041 1366 presbyter,

388 1403 575 1459 pauca
602 1386 820 1457 ingenii
854 1386 944 1441 sui
1015 1389 1398 1440 monumenta
1452 1382 1604 1439 905
1665 1380 2036 1452 composuit:

388 1476 602 1531 florens
632 1475 742 1531 sub
759 1472 1086 1530 Alexandro
1128 1473 1410 1545 principe,
1459 1476 1518 1526 et
1547 1470 1822 1544 episcopo
1873 1468 2038 1523 urbis

386 1582 503 1620 sum
536 1564 802 1620 Zebenno
832 1564 873 1629 ⁵,
915 1580 981 1619 eo
1019 1562 1108 1618 vel
1140 1562 1393 1618 maxime
1424 1565 1704 1632 tempore,
1754 1576 1867 1629 quo
1928 1557 2037 1613 He-

388 1653 578 1710 racias
634 1652 1031 1709 Alexandrinae
1086 1650 1351 1706 Ecclesiae
1410 1648 1670 1721 pontifex
1724 1646 2033 1702 ordinatus

387 1746 495 1799 est.

2227 1293 2455 1361 Γεμῖνος
2512 1295 2612 1356 τῆς
2679 1289 2816 1341 κατὰ
2878 1284 3214 1361 Ἀντιόχειαν
3274 1279 3600 1353 Ἐκκλησίας
3669 1299 3802 1352 πρε-

2153 1372 2433 1449 σϐύτερος,
2485 1375 2651 1450 ὀλίγα
2695 1383 2798 1444 τῆς
2856 1374 3058 1436 οἰκείας
3121 1370 3339 1451 εὐφυίας
3396 1374 3552 1429 906
3613 1364 3809 1444 βιϐλία

2152 1466 2448 1536 συνέταξεν,
2512 1466 2753 1535 ἀνηήσας
2812 1463 2899 1518 ἐπὶ
2957 1460 3314 1536 Ἀλεξάνδρου
3365 1464 3461 1515 τοῦ
3512 1456 3807 1534 βασιλέως,

2147 1557 2237 1610 καὶ
2302 1555 2389 1609 ἐπὶ
2427 1549 2682 1609 Ζεϐέννου
2744 1553 3037 1609 ἐπισκόπου
3094 1559 3194 1622 τῆς
3258 1548 3397 1613 ἰδίας
3450 1547 3694 1617 πόλεως,
3752 1546 3804 1604 ἐν

2148 1642 2339 1716 ἐκείνῳ
2394 1641 2630 1716 μάλιστα
2673 1647 2753 1715 τῷ
2790 1647 2986 1719 καιρῷ,
3038 1640 3088 1696 ἐν
3122 1641 3168 1712 ᾧ
3218 1635 3487 1715 Ἦρα-Λᾶς
3515 1644 3618 1713 τῇς
3648 1633 3806 1690 Ἀλε-

2146 1732 2234 1802 ξαν
2250 1730 2419 1807 δρέων
2458 1730 2783 1803 Ἐκκλησίας
2814 1726 3177 1808 πρεσϐύτερος
3207 1730 3458 1797 κατέστη.

1883 1842 2118 1898 CAPUT
2157 1842 2321 1897 LXV.

456 1936 820 2004 Theodorus,
853 1935 954 2007 qui
978 1939 1181 2008 postea
1208 1934 1522 2008 Gregorius
1552 1931 1883 2006 appellatus
1924 1936 2034 1999 est,

2219 1926 2522 2003 Θεόδωρος,
2574 1929 2633 1990 ὃς
2682 1925 2899 1999 ὕστερον
2952 1924 3157 1996 ἐκλήθη
3202 1922 3527 2001 Γρηγόριος,
3577 1926 3805 2008 Neont-

386 2027 766 2082 Neocaesareas
830 2026 994 2081 Ponti
1064 2025 1393 2097 episcopus,
1481 2023 1800 2079 admodum
1845 2022 2037 2078 adole-

386 2130 576 2183 scens,
608 2116 681 2172 ob
713 2114 910 2170 studia
928 2114 1261 2170 Graecarum
1301 2116 1358 2169 et
1414 2112 1750 2169 Latinarum
1814 2113 2036 2167 littera-

388 2218 540 2270 rum,
565 2204 636 2259 de
655 2203 1019 2276 Cappadocia
1048 2203 1344 2275 Berytum,
1407 2206 1466 2257 et
1513 2200 1649 2257 inde
1714 2200 2035 2256 Caesaream

388 2292 688 2349 Palestina
721 2292 974 2360 transiit,
998 2292 1208 2363 juncto
1258 2291 1369 2346 sibi
1425 2290 1602 2346 fratre
1646 2291 2033 2346 Athenodoro.

387 2383 643 2447 Quorum
676 2397 810 2436 cum
831 2381 1126 2453 egregiam
1158 2379 1416 2436 indolem
1446 2380 1687 2436 vidisset
1734 2378 2035 2451 Origenes,

386 2469 655 2526 hortatus
676 2476 767 2526 est
794 2486 895 2525 eos
916 2470 987 2524 ad
1020 2468 1473 2541 philosophiam,
1501 2468 1562 2525 in
1594 2485 1711 2540 qua
1750 2467 2035 2540 paulatim

388 2558 601 2614 Christi
632 2558 807 2614 fidem
837 2559 858 2592 ⁶
889 2556 1404 2627 subintroducens,
1438 2557 1527 2613 sui
1561 2573 1793 2629 quoque
1850 2561 2033 2612 secta-

387 2650 542 2703 tores
571 2646 844 2702 reddidit.
879 2645 1289 2716 Quinquennio
1321 2647 1339 2680 ⁷
1368 2646 1565 2717 itaque
1598 2645 1809 2700 eruditi
1845 2646 1919 2701 ab
1967 2663 2035 2702 eo

388 2734 772 2790 remittuntur
815 2734 889 2789 ad
950 2738 1197 2788 matrem
1230 2736 1271 2803 ⁸,
1333 2752 1363 2789 e
1422 2734 1640 2805 quibus
1696 2733 2039 2791 Theodorus

387 2822 781 2895 proﬁciscens,
840 2820 1207 2896 πανηγυρικὸν
1241 2820 1592 2896 εὐχαριστίας
1637 2822 1874 2894 scripsit
1911 2823 2035 2878 Ori-

393 2911 561 2984 geni:
596 2915 653 2967 et
681 2915 994 2966 convocata
1022 2911 1229 2984 grandi
1260 2910 1606 2982 frequentia,
1646 2910 1774 2983 ipso
1806 2928 2038 2983 quoque

387 3000 632 3074 Origene
661 3002 682 3035 θ
748 3004 1030 3073 praesente
1061 2999 1342 3067 recitavit,
1375 3000 1476 3072 qui
1508 3017 1693 3072 usque
1725 3000 1896 3056 hodie
1943 3018 2037 3056 ex-

388 3094 524 3146 stat.
559 3089 805 3162 Scripsit
845 3093 901 3145 et
962 3089 1290 3165 μετάφρασιν
1332 3089 1391 3143 in
1446 3088 1853 3157 Ecclesiasten,
1909 3090 2039 3146 bre-

390 3195 519 3235 vem
555 3178 923 3252 quidem,sed
951 3178 1116 3234 valde
1149 3178 1372 3235 utilem.
1402 3179 1472 3233 Et
1499 3178 1624 3233 alia:
1657 3178 1836 3250 hujus
1865 3179 2037 3253 vulgo
2070 3198 2112 3265 ρ

388 3267 656 3325 feruntur
685 3266 940 3340 epistolae
974 3268 1036 3334 ίο,
1062 3267 1162 3323 sed
1197 3267 1490 3339 praecipue
1516 3266 1684 3339 signa
1712 3272 1887 3339 atque
1928 3268 2036 3322 mi-

461 3393 475 3426 ¹
510 3396 673 3448 Hanc
709 3392 979 3463 fabulam.
1035 3390 1315 3463 Fabulam
1346 3391 1439 3446 hic
1498 3396 1663 3446 vocat
1703 3390 2029 3463 historiam

387 3462 877 3535 Susannm,;sicut
898 3479 1077 3535 supra
1103 3462 1411 3518 historiam
1444 3462 1747 3535 Samsonis
1806 3470 1863 3518 et
1920 3465 2029 3520 Da-

388 3535 522 3589 lilae.
545 3534 688 3589 Vide
710 3534 962 3590 Indicem
998 3534 1207 3605 prioris
1242 3536 1424 3605 partis
1448 3534 1626 3604 hujus
1656 3535 1819 3589 torni.
1870 3536 2032 3591 MAR-

386 3624 539 3661 TIAN.
572 3638 640 3646 —
671 3606 935 3661 Fabulam
956 3621 1088 3660 cum
1122 3605 1263 3660 dicit
1295 3606 1695 3677 Hieronymus,
1740 3623 1856 3660 non
1916 3612 2032 3662 sta-

389 3678 494 3733 tim
528 3694 630 3750 pro
652 3678 931 3750 figmento
962 3677 1196 3750 accipe;
1232 3677 1525 3750 interdum
1557 3678 1711 3732 enim
1744 3684 1799 3750 et
1830 3679 1900 3732 de
1939 3696 2034 3733 ve-

392 3747 645 3804 rissimis
674 3747 850 3804 r'ebus
878 3748 1044 3815 dixit,
1079 3752 1142 3802 ut
1176 3748 1233 3802 in
1266 3747 1512 3803 Philem.
1566 3751 1731 3803 totam
1757 3749 2037 3804 Sam-sonis

391 3822 663 3892 fabulam,
695 3826 774 3892 et,
804 3821 1003 3888 Quaest.
1064 3820 1222 3874 Hebr.
1282 3837 1381 3892 Χῖ,
1421 3823 1513 3889 28,
1574 3820 1832 3874 fabulam
1878 3825 2039 3875 vocat

392 3891 735 3967 Quamdam_
763 3891 1135 3947 Hebraeorum
1188 3891 1562 3967 traditionem
1621 3892 1691 3946 de
1729 3892 2039 3967 _Abraham

392 3962 567 4043 quam
603 3962 776 4036 paulo
802 3968 934 4035 post
963 3979 1158 4018 veram
1184 3962 1554 4018 traditionem
1580 3962 1851 4034 appellat.

462 4038 483 4069 ²
510 4034 647 4108 Ἀπὸ
675 4038 771 4087 τοῦ
790 4033 981 4108 σχίνου
1001 4032 1224 4108 σχίσαι.
1307 4034 1676 4108 Omittuntur
1716 4036 1891 4089 verba
1921 4034 2042 4089 haec

394 4108 593 4163 Grmca
624 4107 682 4160 in
713 4105 1114 4177 vetustissimo
1156 4110 1354 4161 nostro
1413 4105 1609 4161 codice
1657 4106 2038 4177 Sangerman.

396 4177 545 4233 Vide
604 4177 1005 4232 Praefationem
1060 4175 1292 4231 Hieron.
1375 4177 1434 4232 in
1491 4177 1706 4233 librum
1764 4175 2039 4246 Danielis,

401 4251 426 4304 1
461 4253 582 4304 tom
615 4249 755 4304 edit.
789 4253 1021 4303 nostrae.
1052 4252 1336 4303 ΜΑιιτιΑΝ.

466 4318 971 4392 θρανίοωηὴυιῇυε
1028 4319 1284 4392 epistola:
1326 4319 1575 4375 servavit
1630 4320 1837 4392 Euseb.
1900 4320 2044 4375 lib.I

396 4394 533 4447 Hist.
567 4408 614 4473 ρ.
646 4393 702 4445 7.
752 4391 1014 4473 Exstanﬁt.
1034 4391 1164 4473 vero
1208 4392 1555 4473 superiores
1582 4391 1684 4473 _de
1765 4396 2044 4447 Susanna:

1465 4481 1499 4506 (τ

398 4462 717 4537 quaestione
748 4468 872 4517 tum
897 4462 1171 4525 Africani,
1203 4462 1329 4517 tum
1362 4462 1648 4534 ()rigenis.

467 4536 489 4571 ³
520 4536 795 4603 Geminus,
829 4538 935 4589 etc.
979 4536 1038 4589 In
1086 4534 1285 4590 eodem
1320 4533 1579 4606 Geminus
1628 4534 1866 4606 ponitur
1914 4536 2047 4605 post

402 4607 751 4676 Theodorum,
793 4606 1060 4677 quamvis
1102 4606 1157 4660 in
1218 4606 1412 4661 Indice
1468 4605 1727 4660 liminari
1790 4606 2047 4659 Geminus

3102 2010 3162 2031 Nq-
3255 2011 3279 2030 ﬂ

2149 2016 2368 2093 σαρείας
2426 2016 2740 2085 ἐπίσκοπος,
2790 2017 2909 2078 νέος
2959 2010 3188 2088 κομιδῆ,
3251 2011 3339 2067 διὰ
3392 2013 3490 2082 τὴν
3522 2007 3802 2066 παίδευσιν

2146 2104 2486 2176 Ἑλληνικῶν
2544 2126 2603 2160 τε
2640 2107 2729 2159 καὶ
2769 2108 3085 2177 Ῥωμαϊκῶν
3143 2102 3508 2177 γραμμάτων,
3569 2100 3673 2155 ἀπὸ
3699 2106 3804 2169 τῆς

2148 2193 2532 2257 Καππαδοκίας
2593 2195 2670 2257 εἷς
2727 2193 2988 2269 Βηρυτὸν,
3048 2195 3289 2247 κάκεῖθεν
3345 2191 3422 2253 εἷς
3483 2192 3801 2262 Καισάρειαν

2144 2292 2245 2353 τῆς
2305 2280 2680 2354 Παλαιστίνης
2732 2278 2911 2353 διέϐη,
2971 2285 3085 2355 ἅμα
3138 2279 3504 2355 Ἀθηνοδώρῳ
3562 2277 3804 2357 ἀδελφῷ,

2146 2374 2390 2427 ὧντινων
2447 2376 2547 2441 τὴν
2610 2372 2874 2448 ἐξαίρετον
2937 2370 3155 2449 ευφῦίαν
3208 2371 3464 2448 ἑωρακὼς
3494 2370 3804 2444 Ὠριγένης,

2143 2462 2370 2524 τούτους
2406 2462 2484 2524 εἰς
2540 2460 2863 2540 φιλοσοφίαν
2923 2463 3317 2537 προετρέψατο,
3374 2460 3465 2515 καὶ
3510 2460 3648 2515 κατὰ
3710 2459 3807 2531 μὲ-

2146 2572 2241 2627 ρος
2290 2552 2367 2613 είς
2423 2553 2523 2620 τὴν
2580 2556 2678 2606 τοῦ
2740 2556 2973 2626 Χριστοῦ
3013 2551 3190 2604 πίστιν
3236 2552 3465 2624 εἰσάγων
3500 2546 3806 2618 ,ζηλωτὰς

2809 2641 2930 2694 Ἐπὶ
2986 2640 3145 2694 πέντε
3211 2640 3389 2693 τοίνυν
3458 2644 3581 2714 παρ’
3638 2636 3807 2691 αὐτοῦ

2146 2727 2489 2784 παιδευθέντε
2549 2725 2682 2799 ἔτη,
2742 2730 2878 2803 πρὸς
2934 2730 3033 2797 τὴν
3098 2729 3311 2804 μητέρα
3362 2728 3803 2800 ἀποπέμπονται,

2149 2819 2235 2896 ἀφ’
2297 2820 2370 2873 ὢν
2432 2816 2713 2893 Θεόδωρος
2772 2815 3097 2891 ἀποδημῶν,
3158 2815 3808 2892 πανηγυραὸνυεύχαρι-

2150 2907 2301 2968 στίας
2379 2912 2459 2979 τῷ
2540 2908 2803 2981 Ὠριγένει
2878 2902 3124 2983 ἔγραψε,
3179 2907 3269 2960 καὶ
3329 2902 3805 2980 συγκαλεσάμενος

2148 2998 2350 3057 πάντας
2406 2996 2533 3059 τοὺς
2595 2995 2942 3072 ἐὸιχωρίους,
3013 2995 3175 3050 αὐτοῦ
3232 3015 3291 3049 τε
3348 2999 3445 3049 τοῦ
3490 2996 3808 3071 Ὠριγένους

2147 3085 2435 3162 παρόντος,
2496 3089 2685 3139 τοῦτον
2746 3086 2951 3159 ἀνέγνω
3009 3085 3099 3139 τὸν
3133 3081 3323 3159 λόγον,
3352 3085 3501 3146 ’ὀστις
3534 3082 3664 3160 ἄχρι
3702 3088 3805 3138 τοῦ

2148 3174 2415 3249 παρόντος
2486 3175 2719 3251 ὑπάρχει
2755 3219 2766 3231 .
2832 3177 3074 3249 Ἔγραψε
3147 3171 3203 3229 δὲ
3259 3179 3353 3228 καῖ
3413 3170 3663 3251 ἕκφρασιν
3723 3173 3807 3235 εἷς

2832 3177 3074 3249 Ἔγραψε
3147 3177 3203 3229 δὲ

2150 3262 2579 3333 Ἐκκλησιαστήν
2617 3308 2630 3333 ,
2692 3262 2980 3340 ἐλάχιστον
3027 3264 3144 3337 μὲν,
3174 3264 3313 3318 πάνυ
3381 3260 3438 3317 δὲ
3494 3263 3802 3335 θαυμαστὸν

2148 2638 2319 2702 ἰδίους
2377 2641 2700 2710 κατέστησεν
2734 2683 2751 2698 .

2143 3409 2177 3446 a
2208 3390 2501 3462 prioribus
2552 3389 2765 3446 studiis
2796 3391 2864 3444 ad
2890 3389 3218 3446 divinarum
3252 3390 3449 3446 rerum
3472 3386 3806 3462 meditatio-

2147 3459 2278 3517 nem
2313 3467 2377 3516 ut
2404 3462 2745 3529 transirent,
2778 3462 3131 3518 adhortatus
3159 3466 3267 3517 est.
3301 3482 3329 3513 »
3364 3462 3618 3517 Profecto
3674 3459 3809 3531 ipse

2145 3534 2623 3605 Thaumaturgus
2656 3534 2715 3588 in
2746 3534 3053 3605 Nuncupat.
3095 3536 3155 3588 in
3215 3534 3433 3605 Origen.
3493 3548 3554 3588 se
3592 3531 3805 3605 Amulto

2146 3612 2279 3660 ante
2329 3602 2807 3677 adiagvnitionem
2878 3602 3136 3660 veritatis
3217 3602 3445 3661 venisse
3473 3602 3802 3677 profitetur,

2148 3676 2430 3749 quamad
2479 3676 2786 3749 Origenem
2834 3676 3194 3749 accessisset.

2218 3750 2236 3782 ⁷
2272 3747 2440 3802 Initio
2462 3744 2655 3802 autem
2689 3748 3063 3803 Eucharistz’cz'
3096 3747 3166 3801 ad
3198 3746 3504 3818 Origenem
3562 3744 3687 3818 ipse
3727 3745 3802 3801 de

2149 3834 2211 3874 se
2242 3823 2492 3874 testatur
2513 3820 2826 3891 Gregorius
2849 3821 2978 3889 jam
3007 3820 3078 3875 ab
3102 3817 3509 3891 octavolann‘o,
3565 3817 3801 3891 nedum

2150 3890 2375 3961 quinto,
2408 3887 2703 3945 neminem
2729 3887 2986 3957 audi—sse,
3019 3890 3133 3946 nisi
3167 3888 3544 3961 admirandos
3562 3888 3696 3943 illos
3713 3887 3802 3945 vi-

2152 3959 2247 4016 ros
2278 3978 2407 4017 vere
2448 3962 2828 4033 philosophiae
2855 3959 3567 4033 asseclas,condiscipulos
3589 3974 3808 4033 nempe

2152 4050 2313 4099 suos,
2347 4030 2613 4104 Origenis
2638 4030 2954 4088 auditores.
2990 4036 3061 4088 At
3100 4050 3216 4088 non
3250 4033 3377 4088 ideo
3400 4030 3541 4104 ihsec
3599 4030 3808 4087 Hiero-

2152 4105 2311 4177 nymi
2335 4103 2460 4160 sive
2501 4105 2734 4160 Eusebii
2765 4105 3099 4161 testimonio
3132 4103 3422 4177 adversari
3445 4106 3651 4177 putes:
3683 4118 3807 4158 non

2152 4174 2310 4232 enim
2338 4194 2399 4231 se
2420 4192 2518 4248 per
2549 4177 3006 4248 octenniumgeos
3054 4176 3347 4248 audivisse
3366 4174 3641 4230 continuo
3686 4178 3810 4230 tra-

2154 4248 2392 4320 dit,sed
2421 4245 2813 4320 praeterquam
2844 4246 2997 4315 illos,
3029 4264 3144 4303 non
3179 4245 3360 4320 alium
3416 4261 3804 4318 quemquam.

2224 4317 2575 4390 8Perperam
2612 4317 2750 4390 legit
2793 4320 3159 4375 Martianaaus
3215 4317 3284 4374 ad
3327 4317 3575 4390 patrem:
3621 4317 3808 4389 quem

2155 4389 2611 4461 decimo’quarto
2642 4389 2827 4445 aetatis
2858 4409 2976 4446 sua)
3010 4407 3162 4446 anno
3183 4390 3311 4460 jam
3328 4389 3618 4455 amiserat
3663 4390 3807 4444 Gre-

2157 4462 2377 4533 gorius,
2400 4467 2465 4515 ut
2495 4464 2619 4533 ipse
2670 4462 2726 4516 in
2759 4463 3134 4518 Euc’mristz'co
3165 4463 3237 4517 ad
3264 4462 3570 4533 Origenem
3628 4463 3810 4516 testa-

2154 4532 2289 4606 tur;
2322 4534 2467 4589 bene
2488 4532 2619 4589 vero
2651 4538 2758 4603 est,
2793 4535 2947 4606 quod
2968 4532 3645 4606 suspicaturle’gendu‘m
3677 4548 3809 4606 esse

2155 4605 2225 4659 ad
2252 4608 2495 4676 patriam
2524 4624 2542 4660 :
2571 4621 2747 4676 quam
2806 4603 3113 4661 lectionem
3176 4603 3414 4677 Lipsius
3450 4609 3509 4659 et
3558 4603 3808 4660 Gravius

397 4679 626 4750 positus
655 4676 953 4733 sitordine
985 4677 1553 4750 vulgato.l\rIAn'rxAN.
1584 4709 1649 4717 —
1671 4747 1682 4750 _
1704 4678 1864 4750 Hunc
1919 4678 2045 4732 cod.
2080 4677 2125 4741 D
2158 4693 2225 4750 ea
2256 4678 2437 4731 Suida
2460 4676 3092 4750 probaverantjamdiu
3132 4676 3398 4732 antea.——
3428 4677 3813 4750 Remittuntwf

398 4747 693 4807 Gcmblac.
739 4751 1016 4817 Eminum,
1061 4748 1290 4805 Eusebii
1346 4749 1615 4804 Chronic.
1655 4747 2051 4802 Geminiunum

398 4822 1323 4895 appellat,Spangermanens,teste
1348 4820 1691 4895 Martianmo
1704 4825 1835 4895 post
1856 4819 2043 4874 Theo-

399 4892 609 4951 dorum
629 4892 835 4948 vitiose
885 4893 1148 4960 collocat,
1211 4897 1273 4946 ut
1306 4897 1361 4946 et
1410 4908 1598 4963 supra
1653 4892 1862 4963 Gaium
1921 4896 2054 4946 ante

400 4964 723 5021 Minucium
754 4963 1025 5021 Felicem.
1060 4962 1507 5035 Scriptaibujus’
1540 4962 1766 5017 Gemini
1825 4963 2053 5017 deside-

402 5042 623 5101 rantur,
658 5041 713 5090 et
757 5052 925 5091 nemo
975 5034 1199 5105 preter
1258 5034 1673 5105 Hieronymum
1724 5035 2050 5089 memoriat.

477 5110 497 5143 ⁵
527 5099 739 5163 Veron.
776 5108 903 5163 cod.
947 5099 1249 5171 Zebbenno,
1284 5099 1494 5160 Euseb:
1550 5099 1771 5158 Σεϐῖνον
1911 5148 1922 5161 .
1956 5106 2054 5161 alii

407 5180 742 5236 Zebcnm'um
772 5184 997 5234 vocant.
1030 5177 1373 5233 Alexander.
1407 5177 1534 5232 Sev.
1569 5178 1640 5233 ab
1693 5194 1785 5232 an.
1836 5177 1940 5231 222
1981 5178 2053 5233 ad

406 5251 879 5332 23§_imperavit.
1005 5306 1037 5332 ε,

476 5323 496 5356 θ
524 5318 758 5377 Minime
788 5337 920 5377 vero
952 5319 1267 5393 adVCbristi
1291 5319 1474 5393 fidem
1516 5337 1618 5391 per
1675 5318 2052 5393 philosophiae

407 5394 673 5450 studium
706 5393 983 5449 convertit
1014 5392 1273 5449 illustres
1291 5390 1396 5447 hos
1416 5392 1622 5448 fratres
1643 5390 2053 5459 Adamantius,

402 5466 528 5537 jam
586 5462 740 5520 enim
795 5470 963 5537 antea
1019 5463 1413 5537 Christianzed
1439 5463 1702 5535 religioni
1776 5464 2057 5537 dederant

410 5534 623 5593 nomen
652 5555 664 5605 ;
725 5536 827 5592 sed
851 5537 1346 5608 quemadmodum
1378 5534 1663 5591 Eusebius
1696 5537 1875 5608 tradit
1890 5534 2053 5608 l_ib.v1

411 5610 653 5681 cap.30,
684 5608 815 5681 illos
846 5605 884 5657 (ἱ
902 5606 963 5661 in
995 5606 1220 5681 Graecas
1251 5608 1663 5680 Romanasque
1685 5605 2054 5681 disciplinas

406 5677 777 5765 vehementer
794 5678 1079 5754 intonsos,
1128 5679 1343 5757 injecto
1389 5677 1588 5739 amore
1639 5677 2052 5756 philosophia,

2159 4748 2226 4803 ad
2256 4746 2487 4819 patrcml
2524 4747 2676 4802 Editi
2718 4746 2879 4803 libri_
2914 4766 3048 4804 cum
3108 4764 3248 4803 mss.
3291 4764 3407 4804 non
3463 4746 3686 4819 paucis,
3736 4746 3811 4802 ad

2167 4818 2420 4885 mairem,
2453 4819 2550 4874 alii
2580 4819 2648 4874 ad
2678 4820 2896 4875 Patrem
2929 4838 2942 4875 :
3004 4822 3148 4876 forte
3201 4820 3271 4875 ad
3315 4820 3559 4892 patriam
3604 4818 3812 4891 legen-

2171 4892 2310 4946 dum
2343 4896 2515 4946 esset.
2550 4896 2825 4947 MARTIAN.

2234 4963 2255 4996 9
2284 4962 2549 5034 Origenis
2580 4980 2814 5027 nomen,
2848 4962 3002 5034 quod
3050 4961 3280 5019 videtur
3321 4962 3641 5030 abundare,
3690 4977 3811 5018 non

2163 5034 2372 5105 repetit
2400 5034 2491 5089 hic
2516 5034 2862 5091 Veronensis
2893 5034 3058 5089 liber.

2237 5103 2277 5139 ὐ
2311 5106 2387 5159 Ex
2416 5105 2509 5161 his
2542 5124 2659 5161 una
2688 5110 2915 5161 tantum
2949 5109 3216 5177 superest
3245 5104 3624 5161 celeberrima
3660 5103 3812 5177 inter

2164 5178 2477 5232 canonicas
2519 5177 2753 5233 Patrum
2782 5175 3079 5249 epistolas.
3110 5177 3247 5233 Post
3278 5193 3491 5249 vocem
3550 5175 3813 5249 Epistolae

2163 5249 2389 5304 addunt
2425 5249 2716 5305 Suifridus
2750 5247 2920 5315 Petri,
2954 5249 3208 5313 Miraeus,
3239 5248 3476 5320 aliique,
3501 5247 3640 5303 etde
3680 5247 3811 5317 ﬁde,

2163 5322 2317 5391 apud
2385 5320 2727 5385 Honorium,
2794 5323 2843 5377 et
2871 5322 3011 5375 alias
3067 5321 3134 5375 de
3172 5320 3290 5392 ﬁde
3345 5320 3634 5392 Epistolas.
3667 5319 3833 5392 Quas~

2162 5389 2338 5447 verba
2367 5393 2594 5449 codices
2616 5393 2799 5449 nostri
2858 5408 3082 5458 omnes,
3134 5390 3345 5463 aliique
3389 5389 3809 5463 vetustissimi,

2163 5468 2288 5517 tum
2326 5464 2700 5536 Freculphus,
2733 5469 2789 5519 et
2820 5464 3047 5519 Graecus
3079 5461 3364 5536 interpres
3394 5461 3806 5536 ignorat,_Vi_d.

2168 5536 2456 5618 epist.70,
2507 5532 2564 5593 et
2603 5538 2698 5618 _ad
2762 5537 3037 5609 Magnum,
3099 5532 3445 5594 Com—ment:
3487 5536 3548 5591 in
3620 5532 3815 5593 Eccle-

2168 5609 2407 5665 siastem
2438 5624 2565 5683 cap.
2591 5609 2644 5667 4.
