3966 6410
160 282 284 348 ’116

1256 288 1492 354 LIBER
1532 290 1636 353 DE
1679 289 1890 355 VIRIS
1933 289 2474 356 ILLUSTRIBUS.

3432 288 3577 357 .746

1654 440 1885 497 CAPUT
1913 440 2024 496 CX.

228 540 514 612 Ὀπτᾶτος,
574 539 870 604 ἐπίσκοπος
925 548 1029 613 τῆς
1068 541 1374 600 Μελιυῗτῶν
1408 589 1421 613 ,
1458 548 1556 600 τοῦ
1617 546 1777 620 μέρου

1997 547 2244 619 Oplatus
2291 545 2444 619 Afer,
2498 545 2810 620 episcopus
2858 547 3247 617 Milovitanus,
3294 563 3365 604 ex
3408 545 3576 620 parte

160 634 258 699 τῆς
298 627 625 702 καθολικῆς,
669 626 901 708 ἔγραψεν
953 631 1041 687 ἐπὶ
1080 630 1491 689 Βαλεντινιανοῦ
1538 634 1628 689 καὶ
1672 634 1809 690 Οὐά-

1922 635 2227 707 catholica,
2262 635 2500 709 scripsit
2523 635 2931 694 Valentiniano
2969 640 3027 693 et
3073 636 3316 693 Valente
3346 634 3575 708 princi-

161 715 346 782 λεντος
410 720 548 774 κατᾶ
609 724 719 775 τῶν
779 726 1131 776 Δωνατιανῶν
1192 721 1777 801 συκοφαντίαςηλόγου

1955 724 2097 780 libus
2130 726 2168 797 ί,
2219 725 2530 782 adversum
2578 725 2916 783 Donatianaa
2980 725 3165 799 partis
3209 724 3573 784 calumniam

156 803 243 879 εξ,
262 805 314 863 ἐν
356 809 440 870 οἷς
492 805 646 884 λέγει
691 810 755 865 τὸ
803 806 1065 886 ἔγκλημα
1117 813 1263 889 παρά
1308 816 1415 868 τῶν
1458 815 1777 868 Δωνατιστῶ

1955 815 2101 871 ibros
2133 830 2234 871 sex
2260 816 2302 886 ³,
2335 815 2396 871 in
2426 814 2645 887 quibus
2693 816 2904 874 asserit
2950 815 3172 873 crimen
3219 813 3574 873 Donatiano-

160 896 234 977 εἷς
271 898 423 972 ἡμᾶς
454 895 669 973 ψευδῶς
701 898 1023 976 ἐπηνέχθαι.

1921 919 2054 960 rum
2083 904 2144 959 in
2177 920 2286 961 nos
2316 902 2466 961 falso
2492 905 2841 978 retorqueri.

1655 1019 1884 1077 CAPUT
1914 1019 2048 1076 CXI.

222 1102 371 1163 941
422 1100 680 1168 ’Δκῦλιος
725 1099 1012 1181 Σεϐῆρος,
1064 1103 1117 1161 ἐν
1164 1110 1284 1168 ταῖς
1334 1107 1625 1169 Ἱσπανίαις
1673 1108 1806 1163 ἀπό-

154 1196 313 1267 γονος
352 1186 625 1269 Σεϐήρου,
668 1194 807 1271 πρὸς
855 1194 913 1250 ’ὀν
971 1191 1066 1249 δύο
1115 1196 1449 1250 Λακταντίου
1500 1194 1802 1252 ἐπιστολῶν

154 1280 403 1360 φέρονται
460 1277 657 1358 λόγοι,
714 1283 962 1354 συνέταξε
1007 1287 1206 1360 τεῦχος
1276 1284 1327 1339 ἐν
1385 1285 1531 1356 τάξει
1586 1284 1806 1341 ὁδοιπο-

154 1375 349 1446 ρικοῦ,
402 1372 605 1435 παντὸς
651 1376 750 1427 τοῦ
806 1373 927 1447 βίου
986 1372 1149 1428 αὐτοῦ
1210 1375 1468 1451 περιέχον
1529 1372 1802 1451 διήγημα,

148 1460 445 1535 τοῦτομὲν
503 1458 915 1537 καταλογάδην,
959 1466 1120 1517 τοῦτο
1172 1459 1229 1517 δὲ
1276 1463 1366 1518 καὶ
1418 1464 1601 1539 μέτρῳ
1631 1466 1805 1540 ἡρωϊ-

148 1552 246 1622 κῷ,
305 1548 438 1627 ὅπερ
493 1548 746 1624 ὠνόμασε
780 1553 1193 1630 Καταστροφήν,
1249 1549 1375 1621 ἤτοι
1432 1558 1654 1629 Πεῖραν,
1711 1553 1802 1609 καὶ

146 1638 233 1693 ἐπὶ
264 1635 676 1695 Βαλεντινιανοῦ
711 1637 984 1715 βασιλέως
1016 1638 1384 1710 ἐτελεύτησεν.

1984 1109 2139 1166 942
2185 1108 2455 1182 Aquilius
2503 1100 2526 1145 ³
2568 1110 2832 1180 Severus,
2893 1110 2953 1166 in
2998 1108 3304 1183 Hispania,
3358 1108 3430 1165 de
3478 1124 3576 1183 ge-

1912 1213 2049 1254 nere
2078 1196 2238 1253 illius
2268 1197 2459 1254 Severi
2504 1198 2577 1255 ad
2626 1215 2801 1272 quem
2846 1198 3135 1255 Lactantii
3168 1199 3190 1233 ⁴
3219 1198 3334 1254 (1οο
3363 1196 3578 1269 episto-

1914 1286 2106 1343 larum
2139 1287 2481 1343 scribuntur
2507 1286 2662 1360 libri,
2695 1288 3030 1361 composuit
3067 1287 3366 1360 volumen,
3400 1285 3573 1359 quasi

1913 1370 2259 1451 ὁδοιπορικὸν
2290 1376 2474 1432 totius
2504 1393 2622 1431 sua:
2651 1376 2784 1432 vitae
2832 1380 3055 1433 statum
3107 1375 3417 1433 continens
3432 1380 3569 1431 ‘tam

1914 1482 2090 1538 prosa
2144 1481 2323 1537 quam
2395 1465 2682 1536 versibus,
2760 1466 2917 1537 quod
2976 1465 3202 1522 vocavit
3258 1467 3570 1541 Καταστρο-

1913 1553 2042 1631 φὴν,
2101 1554 2219 1610 sive
2276 1558 2495 1628 Πεῖραν,
2554 1558 2611 1610 et
2667 1555 2779 1610 sub
2834 1553 3243 1611 Valentiniano
3301 1546 3568 1627 principe

1912 1643 2079 1700 obiit.

1639 1759 1878 1818 CAPUT
1909 1760 2071 1817 CXII.

210 1841 489 1921 Κύριλλος
538 1888 553 1914 ,
610 1843 1007 1921 Ἰεροσολύμων
1093 1845 1388 1910 ἐπίσκοπος
1432 1892 1446 1917 ,

142 1930 388 2004 ἐξωσθεὶς
442 1940 547 2004 τῆς
592 1931 958 2007 Ἐκκλησίας,
1009 1933 1228 2011 ὕστερον
1294 1933 1584 1992 Θεοδοσίου
1646 1938 1795 2012 βασι-

138 2019 416 2093 λεύοντος,
459 2021 548 2078 ἐπὶ
605 2021 881 2086 ἐνιαυτοὺς
951 2022 1095 2079 ὀκτὼ
1154 2022 1447 2081 ἀσάλευτον
1508 2022 1637 2102 ἔσχε
1692 2028 1790 2097 τήν

140 2110 461 2183 ἐπισκοπὴν,
505 2111 717 2175 οὗτινός
763 2112 865 2167 εἶσι
912 2115 1275 2189 κατηχήσεις,
1327 2114 1389 2178 ἃς
1452 2114 1505 2170 ἐν
1561 2120 1629 2190 τῇ
1678 2115 1793 2171 νεό-

135 2198 259 2272 τητι
288 2199 588 2272 συνέταξεν.

1522 1845 1777 1904 πολλάκιι

1976 1848 2245 1923 Cyrillus,
2278 1847 2691 1922 Hierosolysz
2737 1849 3068 1922 episcopus,
3110 1865 3262 1921 sazpe
3292 1847 3502 1922 pulsus
3526 1836 3555 1884 ’⁵

1904 1937 2182 2009 Ecclesia,
2216 1943 2272 1993 et
2303 1941 2591 2010 receptus,
2625 1938 2697 1993 ad
2728 1942 3056 1994 extremum
3086 1938 3197 1994 sub
3223 1935 3552 1995 Theodosio

1902 2026 2167 2100 principe
2196 2030 2323 2084 octo
2353 2026 2525 2084 annis
2573 2027 2992 2084 inconcussum
3034 2026 3438 2100 episcopatum
3466 2031 3552 2084 te-

1904 2115 2052 2172 nuit.
2084 2117 2328 2173 Exstant
2355 2117 2484 2188 ejus
2511 2116 2871 2192 κατηχήσεις,
2927 2132 3075 2189 quas
3112 2115 3174 2172 in
3204 2114 3547 2174 adolescen-

1900 2204 1984 2262 tia
2013 2204 2345 2278 composuit
2371 2206 2412 2262 °.
3532 2194 3537 2197 ’

1631 2330 1865 2389 CAPUT
1894 2330 2083 2387 CXIII.

196 2430 484 2503 Εὖζώϊος,
532 2433 679 2509 παρᾶ
728 2432 1005 2506 Θεσπεσίῳ
1055 2432 1268 2510 ῥήτορι,
1321 2435 1434 2509 ἅμα
1486 2435 1779 2513 Γρηγορίῳ

128 2526 429 2593 Ναζιανζοῦ
484 2521 765 2595 έπισκόπῳ
819 2522 942 2585 νέος
1001 2521 1052 2577 ἐν
1112 2525 1404 2601 Καισαρείᾳ
1462 2528 1728 2604 φοιτήσας
1763 2569 1777 2597 ,

125 2612 213 2667 καὶ
272 2611 495 2689 ὕστερον
542 2618 645 2682 τῆς
704 2611 875 2682 αὐτῆς
931 2610 1151 2674 πόλεως
1209 2612 1525 2685 ἐπίσκοπος,
1580 2611 1779 2687 πολλῷ

124 2701 275 2776 πόνῳ
321 2702 608 2780 φθαρεῖσαν
661 2697 768 2771 ἥδη
816 2702 918 2770 τὴν
975 2702 1284 2778 Ὠριγένους
1331 2702 1422 2758 καὶ
1482 2701 1778 2782 Παμφίλου

124 2785 498 2863 Βιϐλιοθήκην
559 2789 609 2846 ἐν
669 2789 968 2864 σωματίοις
1036 2790 1332 2847 ἀνανεῶσαι
1401 2791 1774 2869 ἐπεχείρησεν.

123 2879 220 2934 Καὶ
280 2879 508 2957 ὕστερον
562 2878 649 2935 ἐπὶ
709 2876 997 2935 Θεοδοσίου
1069 2878 1338 2955 βασιλέως
1392 2889 1494 2952 τῆς
1542 2879 1777 2952 Ἐκκλη-

123 2969 240 3033 σίας
270 2968 539 3041 ἐξεώσθη.
591 2969 856 3045 Φέρονται
903 2968 1100 3024 τούτου
1144 2968 1352 3025 πολλαὶ
1399 2972 1490 3026 καὶ
1522 2969 1777 3028 πλεῖσται

125 3056 370 3133 ὁμιλίαι,
400 3055 487 3123 αἷς
526 3058 637 3115 ἐστι
669 3056 852 3137 ῥᾴδιον
884 3059 1148 3137 ἐντυχεῖν.

1959 2435 2230 2508 Euzoius,
2260 2437 2413 2510 apud
2454 2436 2843 2509 Thespesium
2888 2436 3201 2506 rhetorem,
3235 2449 3371 2492 cum
3398 2434 3544 2492 "Gre-

1888 2527 2051 2600 gorio
2109 2525 2471 2582 Nazianzeno
2537 2527 2811 2600 episcopo
2869 2524 3208 2583 adolescens
3272 2523 3543 2581 Caesareis

1889 2614 2153 2669 eruditus
2202 2617 2309 2684 est,
2354 2618 2414 2669 et
2454 2613 2719 2685 ejusdem
2770 2617 2973 2685 postea
3017 2611 3184 2668 urbis
3233 2610 3545 2684 episcopus

1887 2703 2143 2776 plurimo
2167 2702 2365 2759 labore
2394 2707 2728 2775 corruptam
2750 2703 2879 2774 jam
2909 2703 2930 2737 ’³
2974 2700 3393 2758 Bibliothecam
3423 2699 3546 2755 Ori-

1888 2794 2054 2865 genis
2085 2796 2142 2848 et
2161 2792 2453 2865 Pamphili
2473 2791 2534 2848 in
2560 2791 2924 2849 membranis
2944 2791 3274 2847 instaurare
3297 2794 3545 2846 conatus

1888 2888 1996 2939 est.
2028 2882 2113 2937 Ad
2147 2886 2473 2938 extremum
2504 2882 2615 2938 sub
2638 2881 2965 2938 Theodosio
2985 2879 3252 2953 principe
3282 2878 3544 2935 Ecclesia

1886 2971 2096 3045 pulsus
2125 2976 2232 3028 est.
2268 2973 2555 3028 Feruntur
2581 2972 2711 3042 ejus
2739 2971 2883 3027 varii
2915 2969 3393 3042 multiplicesque
3415 2972 3542 3024 traé

1888 3065 2100 3132 ctatus,
2130 3077 2278 3132 quos
2308 3077 2485 3117 nosse
2515 3059 2789 3133 perfacile
2822 3063 2930 3116 est.
3251 3071 3257 3077 '

1621 3185 1851 3243 CAPUT
1880 3185 2066 3243 CXIV.

188 3293 531 3370 Ἐπιφάνιος,
589 3290 807 3367 Κύπρου
865 3289 1188 3366 Σαλαμίνης
1248 3291 1562 3362 ἐπίσκοπος,
1612 3287 1772 3369 ἔγρα-

1955 3291 2337 3365 Epiphanius,
2370 3292 2541 3365 Cypri
2572 3290 2880 3347 Salaminae
2929 3290 3263 3364 episcopus,
3294 3258 3536 3362 scripsit

117 3384 184 3456 ψε
236 3382 381 3437 κατά
438 3383 622 3436 πασῶν
680 3384 787 3435 τῶν
848 3380 1104 3457 αἱρέσεων
1165 3378 1368 3455 λόγους
1401 3424 1416 3450 ,
1468 3380 1558 3436 καὶ
1614 3376 1773 3455 ἕτερα

1960 3399 2193 3438 versum
2224 3399 2430 3438 omnes
2454 3380 2704 3437 haereses
2733 3380 2934 3451 libros,
2957 3384 3013 3436 et
3034 3379 3222 3436 multa
3241 3378 3378 3450 alia,
3403 3395 3534 3451 qua

117 3469 328 3541 πολλὰ,
364 3471 516 3525 ἅτινα
543 3469 689 3543 παρά
747 3470 840 3543 μὲν
897 3473 1005 3524 τῶν
1065 3467 1507 3543 πεπαιδευμένων
1569 3466 1657 3524 διὰ
1705 3469 1773 3523 τὰ

1987 3471 2233 3527 eruditis
2283 3476 2521 3544 propter
2566 3486 2682 3541 res,
2732 3486 2767 3526 a
2811 3469 3268 3542 simplicioribus
3299 3472 3539 3542 propter

117 3560 591 3638 πράγματα,παρᾶ
634 3555 691 3614 δὲ
724 3562 830 3614 τῶν
883 3556 1117 3614 ἰδιωτῶν
1158 3555 1247 3614 διὰ
1292 3558 1361 3613 τὰ
1390 3558 1611 3635 ῥήματα
1650 3558 1773 3613 ἀνα-

1882 3560 2059 3617 verba
2105 3559 2443 3617 lectitantur
2489 3560 2530 3615 ⁸.
2584 3560 2863 3629 Superest
2907 3573 3096 3631 usque
3143 3558 3338 3629 hodie,
3390 3557 3536 3614 etin

123 3649 473 3725 γινώσκεται.
527 3647 805 3724 Περίεστιν
860 3647 993 3725 ἄχρι
1048 3645 1229 3716 τοῦδε,
1286 3648 1377 3703 καὶ
1435 3646 1487 3703 ἐν
1557 3646 1775 3725 ἐσχάτῳ

1955 3653 2144 3707 trama
2163 3651 2287 3722 jam
2320 3653 2623 3706 senectute
2655 3647 2814 3725 varia
2842 3647 3007 3705 cudit
3035 3664 3230 3721 opera.

119 3740 268 3817 γήρᾳ
290 3737 523 3796 ποικίκα
550 3738 826 3793 συντάττει
859 3738 1280 3814 συγγράμματα.

1627 3864 1861 3923 CAPUT
1891 3865 2054 3923 CXV.

192 3975 361 4033 91³
416 3971 674 4050 Ἐφραὶμ,
735 3976 837 4041 τῆς
897 3970 950 4026 ἐν
1009 3968 1229 4045 Ἐδέσσῃ
1283 3967 1609 4041 Ἐκκλησίας
1670 3968 1782 4025 διά-

119 4082 307 4135 κονος,
343 4057 533 4116 πολλὰ
560 4063 630 4135 τῇ
668 4063 775 4115 τῶν
828 4058 1016 4137 Σύρων
1068 4055 1300 4130 διαλέξει
1340 4060 1657 4131 συντέθεικε,
1691 4059 1782 4115 καὶ

120 4151 197 4215 εἰς
235 4148 516 4222 τοσαύτην
557 4147 693 4223 ᾗλθε
736 4147 1126 4227 λαμπρότητα,
1167 4147 1306 4204 ὥστε
1356 4149 1490 4223 μετά
1527 4151 1626 4220 τήν
1660 4148 1782 4204 ἀνά-

120 4256 332 4316 γνωσιν
362 4242 474 4295 τῶν
513 4238 671 4296 θείων
712 4243 939 4318 Γραφῶν
985 4236 1227 4313 δημοσίᾳ
1281 4236 1331 4293 ἔν
1389 4259 1499 4293 τισι
1553 4242 1661 4293 τῶν
1693 4236 1797 4293 ἐκ-

195 4425 211 4459 ¹
244 4423 344 4480 Ad
379 4437 602 4478 annum
632 4420 846 4479 Christi
878 4421 1004 4477 270.

194 4496 218 4531 ¹
247 4494 402 4552 Cod.
433 4493 493 4550 S.
529 4491 1236 4577 Crucisnsqpten‘z‘legittet
1279 4495 1365 4577 tot
1410 4491 1651 4564 quidem
1682 4490 1788 4577 h9-

127 4567 221 4625 die
250 4570 687 4638 enumerantur
713 4563 906 4638 Optati
937 4563 1094 4634 libri,
1122 4563 1298 4621 etiam
1328 4563 1388 4619 in
1416 4563 1640 4637 nupera
1667 4563 1792 4638 edi-

1960 3973 2119 4028 944
2174 3970 2463 4043 Ephraem,
2541 3969 2845 4025 Edessenas
2886 3964 3172 4049 Ecclesia:
3231 3964 3536 4035 diaconus,

1893 4059 2080 4117 multa
2107 4066 2243 4134 Syro
2274 4073 2543 4115 sermone
2573 4055 2925 4130 composuit,
2954 4059 3015 4111 ‘et
3045 4056 3115 4111 ad
3141 4058 3367 4112 tantam
3386 4052 3547 4110 venit

1894 4148 2329 4216 claritudinem,
2360 4151 2427 4203 ut
2454 4150 2587 4219 post
2616 4143 2923 4203 lectionem
2966 4143 3406 4218 Scripturarum
3436 4159 3545 4217 pu-

1896 4238 2045 4296 blice
2076 4239 2134 4294 in
2165 4237 2523 4310 quibusdam
2564 4234 2823 4292 ecclesiis
2873 4235 3007 4306 ejus
3050 4234 3271 4308 scripta
3296 4233 3545 4291 reciten-

1812 4402 1817 4419 ’
1901 4418 2111 4476 Noster
2134 4418 2200 4498 in
2231 4417 2514 4498 Chronico
2546 4417 2618 4498 ad
2649 4434 2744 4474 an.
2972 4437 3002 4467 «
3034 4413 3303 4498 Cyrillus,
3335 4410 3548 4498 inquit,

1903 4507 2038 4547 cum
2073 4507 2107 4546 a
2132 4490 2382 4546 Maximo
2414 4489 2624 4562 fuisset
2654 4489 2959 4562 presbyter
2978 4488 3308 4562 ordinatus,
3328 4490 3385 4540 et
3403 4489 3551 4562 post

1904 4566 2162 4643 mortem
2187 4562 2264 4643 ei_
2287 4563 2361 4617 ab
2397 4559 2604 4643 Acacio
2652 4557 2924 4643 episcopo
2952 4557 3324 4643 Caesariensi
3361 4560 3419 4611 et
3435 4571 3551 4643 leas-

122 4640 290 4695 tione
320 4655 361 4694 a
392 4635 642 4710 Dupinio
670 4628 973 4710 adornata.
1020 4628 1292 4710 Attamen
1333 4628 1523 4710 totum
1553 4651 1702 4708 opus
1729 4635 1789 4689 in
1823 4641 1869 4707 ι)
1901 4634 2040 4710 teris
2070 4633 2301 4710 Arianis
2342 4632 2634 4710 episcopis
2672 4628 3043 4710 episcopatus
3088 4628 3549 4710 promitteretur,

128 4726 231 4767 sex
252 4700 503 4782 tantum
531 4707 995 4782 librospartitus
1034 4712 1141 4782 est
1165 4709 1293 4780 ipse
1333 4700 1608 4782 Optatus,
1622 4712 1697 4782 Aut
1725 4723 1794 4782 ex
1823 4700 1862 4707 ⁷
1902 4706 1951 4782 si
1986 4700 2417 4782 ordinationem
2460 4700 3123 4782 tissimi—repudiasset,
3148 4700 3551 4782 ‘diaconusjn

126 4784 261 4854 ejus
288 4781 407 4837 lib.
440 4798 482 4854 ι,
518 4796 576 4854 n_.
608 4782 664 4854 7.
697 4778 914 4852 liquet:
938 4778 1634 4854 proinde—septimamqui
1658 4778 1793 4834 sub-

119 4825 430 4927 jungitur,
462 4825 693 4927 laciniis
730 4825 972 4908 διοπεταῖ
1005 4852 1078 4927 ab
1124 4825 1301 4927 ipso,r
1323 4855 1391 4927 ut
1429 4825 1659 4927 videltur
1688 4866 1791 4905 au-

126 4921 316 4993 ctor'e,
355 4921 423 4979 in
451 4922 989 4980 additamentorum
1013 4921 1197 4977 vicem
1231 4921 1564 4978 elaboratis.
1592 4922 1706 4977 Nec
1725 4937 1794 4977 ex

132 4996 486 5069 Hieronymi
514 4994 813 5052 codicibus
843 4993 1023 5050 alium
1056 4994 1176 5051 scio
1215 4993 1317 5067 qui
1360 5002 1561 5067 septem
1590 4993 1797 5066 legerit

306 5084 407 5124 ex.

129 5085 236 5175 pr?
251 5084 612 5221 Vaticanus,
641 5140 1220 5221 οοεξθιιςιιο-νοςριι.ζ
1246 5134 1475 5221 Acilius,
1508 5134 1795 5221 quemad-

133 5209 543 5297 modumalii,
577 5226 721 5282 ques
750 5207 1042 5267 Suifridus
1075 5208 1223 5266 Petri
1262 5207 1579 5265 consuluit.
1608 5208 1798 5264 Hono-

130 5285 283 5349 rius,
316 5282 625 5341 Achilz‘um.

201 5357 228 5391 ‘
256 5354 483 5426 Recole
514 5353 789 5426 superius
820 5369 947 5426 cap.
981 5354 1070 5424 80,
1104 5352 1177 5408 de
1206 5350 1492 5408 Lactantii
1512 5348 1798 5423 epistolis.

134 5426 341 5486 Sacri
376 5425 560 5497 hujus
590 5424 1030 5497 liberjam'non
1065 5427 1240 5497 extat.

204 5502 227 5535 ⁸
262 5498 372 5557 Bis
407 5515 441 5554 a
460 5492 808 5553 Constantio
826 5497 1035 5569 jussus
1065 5494 1351 5563 exsulare,
1382 5498 1559 5569 atque
1590 5492 1803 5569 iterum

140 5587 174 5627 a
198 5570 466 5629 Valente
494 5585 528 5625 a
558 5585 672 5642 quo
703 5562 946 5642 demtum,
976 5571 1295 5637 revocatus,
1319 5562 1805 5642 rexit‘Ecclesiam

135 5642 210 5702 ab
241 5660 401 5703 ann.
433 5641 539 5697 879
567 5636 755 5715 usque
784 5640 859 5696 ad
887 5640 1014 5713 386,
1046 5655 1161 5712 quo
1189 5642 1249 5696 et
1280 5636 1477 5694 ’vivere
1501 5636 1705 5695 desiit.

481 5768 748 5837 Ρλτκοι..
794 5766 1016 5833 XXIII.

1902 4776 2159 4833 Ecclesia
2191 4774 2562 4845 ministravit,
2595 4775 2667 4830 ob
2700 4769 3261 4846 quamimpietatem
3282 4769 3552 4846 sacerdc-

1899 4848 1966 4905 tii
2000 4849 2263 4905 mercede
2317 4841 2617 4919 pensatus,
2668 4841 3017 4919 Heracliam,
3070 4858 3242 4915 quem
3276 4841 3552 4919 moriens

1899 4920 2187 4976 Maximus
2215 4919 2274 4974 in
2306 4911 2481 4974 suum
2516 4911 2710 4972 locum
2741 4911 3144 4983 substituerat,
3171 4912 3330 4969 varia
3348 4911 3552 4968 fraude

1904 4991 2249 5062 sollicitans,
2309 4990 2382 5045 de
2430 4989 2702 5063 episcopo
2768 4988 2828 5043 in
2900 4987 3305 5060 presbyterum
3355 4998 3551 5057 regra-

1904 5064 2081 5120 (lavit.
2120 5084 2147 5112 »

1975 5137 1997 5170 θ
2026 5134 2308 5207 Quodque
2333 5136 2422 5189 est
2448 5131 2666 5188 mirum
2688 5130 2899 5203 magis,
2924 5146 2993 5186 ex
3015 5133 3274 5201 tempore
3298 5142 3558 5201 pronun-

1907 5206 2099 5264 tiavit.

1979 5279 1999 5313 ⁷
2023 5277 2359 5355 Υοτοοοηῇ
2380 5274 2647 5355 Voculam
2667 5274 2791 5355 jam
2838 5271 3019 5355 addit,
3053 5271 3556 5355 quemadmpdum

1910 5353 1968 5406 et
2016 5349 2250 5406 Graecus
2296 5343 2397 5417 ἢδη
2434 5348 2515 5403 Ex
2562 5338 2754 5402 Euioii
2822 5338 3179 5418 scriptis—ne
3226 5341 3383 5399 tituli
3433 5338 3563 5415 qui-

1913 5422 2046 5478 dem
2078 5425 2422 5493 supersunt.

1984 5493 2005 5527 ⁸
2036 5488 2193 5548 Idem
2223 5491 2432 5547 Veron.
2466 5494 2523 5546 et
2543 5488 2827 5559 Vatican.,
2850 5493 3072 5562 propter
3108 5488 3293 5561 verba,
3318 5501 3567 5560 quoque;

1914 5569 2041 5621 tum
2071 5564 2132 5621 in
2165 5564 2280 5619 line
2308 5562 2459 5619 audit
2487 5562 2771 5636 opuscula.

3171 5762 3253 5829 ﬂ
