3966 6414
421 317 434 334 ε
455 288 572 355 74⁸1

456 530 592 570 men
624 514 663 586 ³,
697 513 850 587 quod
874 512 1114 586 quidam
1135 514 1206 570 de
1228 514 1464 588 Syriaca
1481 513 1684 588 lingua
1707 518 2021 584 verterant,
2047 517 2103 569 et

455 619 702 660 acumen
755 602 1030 660 sublimis
1076 603 1316 676 ingenii,
1365 603 1540 659 etiam
1593 603 1649 658 in
1697 601 2098 672 translatione,

455 691 717 766 cognovi.
749 691 1013 750 Decessit
1041 693 1152 750 sub
1191 693 1430 748 Valente
1461 691 1743 765 principe.

1695 292 1762 356 S.
1806 289 2118 356 EUSEBII
2161 289 2630 356 HIERONYMI.

453 429 571 482 tur.
622 425 761 499 Legi
805 425 935 497 ejus
983 425 1053 481 de
1099 422 1319 497 Spiritu
1367 429 1566 482 sancto
1618 424 1882 480 Graecum
1929 423 2094 480 volu-

2239 421 2457 493 ιλησιῶν
2532 421 2952 496 ἀναγινώσκεται
3024 421 3091 474 τὰ
3165 419 3567 495 συγγράμματα
3618 461 3634 476 .

2211 533 2352 586 γνων
2404 512 2528 588 περὶ
2574 515 2670 565 τοῦ
2721 510 2878 585 ἁγίου
2931 507 3242 582 Πνεύματος
3280 505 3602 577 Ἑλληνικὸν
3631 512 3857 586 τεῦχος,

2210 600 2342 676 ὅπερ
2401 601 2542 662 τινες
2600 601 2704 655 ἀπὸ
2760 607 2860 668 τῆς
2916 598 3103 674 Σύρων
3163 596 3420 673 γλώττης
3479 597 3860 674 μετέφρασαν,

2208 690 2298 744 καὶ
2336 691 2397 743 τὸ
2448 686 2606 763 ἄκρον
2647 697 2748 758 τῆς
2795 686 3148 762 ὑψηλοτάτης
3196 685 3436 750 διανοίας
3467 686 3528 742 ἐκ
3565 693 3669 757 τῆς
3700 707 3858 761 μετα-

2211 779 2456 856 φράσεως
2514 777 2682 852 ἔγνων
2749 775 3098 846 Ἐτελεύτησε

2209 873 2304 921 νοῦ
2335 869 2431 941 (a).

3713 286 3863 356 «⁸148

3703 419 3859 476 ’Δνέ-

3180 775 3560 850 βασιλεύοντος
3631 781 3858 850 Γρατια-

1945 965 2182 1022 CAPUT
2213 965 2397 1020 CXVI.

526 1057 798 1128 Basilius,
821 1057 1090 1114 Caesarea:
1111 1055 1506 1129 Cappadociae,
1531 1072 1660 1128 quae
1679 1054 1842 1127 prius
1865 1055 2098 1112 Mazaca

456 1149 788 1218 vocabatur,
823 1147 1152 1219 episcopus,
1199 1145 1462 1218 egregios
1512 1150 1715 1200 contra
1743 1144 2097 1200 Eunomium

456 1236 774 1295 elaboravit
803 1235 1002 1304 libros,
1028 1239 1084 1289 et
1121 1235 1192 1289 de
1231 1233 1454 1305 Spiritu
1483 1237 1686 1289 sancto
1718 1233 2010 1302 volumen,
2045 1239 2102 1287 et

454 1325 514 1382 in
546 1325 936 1381 Hexaemeron
967 1321 1241 1379 homilias
1272 1339 1496 1392 novem,
1553 1328 1610 1378 et
1641 1324 1662 1356 ³
1703 1320 2011 1390 ἀσκητικὸν,
2046 1327 2102 1376 et

453 1415 654 1470 breves
709 1412 1015 1484 variosque
1096 1415 1399 1468 tractatus.
1471 1411 1720 1466 Moritur
1777 1410 2102 1482 imperante

453 1503 728 1560 Gratiano
759 1501 799 1556 ³.

2284 1050 2563 1113 Βασίλειος
2601 1096 2614 1121 ,
2677 1053 2994 1127 Καισαρείας
3055 1058 3156 1122 τῆς
3234 1049 3606 1107 Καππαδοκῶν
3659 1095 3677 1122 ,
3733 1051 3858 1122 ἥτις

2211 1146 2426 1216 πρῶτον
2485 1142 2708 1209 Μάζακα
2767 1139 3034 1209 ἐκαλεῖτο,
3103 1140 3440 1211 ἐπίσκοπος,
3499 1142 3636 1196 κατά
3691 1139 3860 1196 Εὖνοσ

2215 1231 2340 1303 μίὸυ
2404 1229 2704 1300 ἐξαιρέτους
2759 1231 3003 1300 συνέταξε
3061 1228 3302 1305 λόγους,
3360 1230 3450 1285 καὶ
3508 1231 3633 1307 περὶ
3692 1229 3860 1286 Πνεύ-

2217 1340 2384 1392 ματος
2426 1319 2583 1393 ἁγίου
2638 1324 2858 1394 τεῦχος,
2917 1320 3007 1374 καὶ
3063 1319 3138 1381 εἰς
3191 1322 3292 1388 τήν
3350 1320 3678 1397 Ἐξαήμερον
3731 1321 3860 1394 ὁμι-

2213 1406 2335 1470 λίας
2394 1406 2562 1475 ἐννέα,
2622 1409 2710 1462 καὶ
2766 1409 3092 1479 ἀσκητικὸν,
3151 1409 3240 1463 καὶ
3300 1409 3561 1486 βραχείας
3611 1411 3857 1465 καὶποιο

2209 1494 2371 1558 κίλας
2411 1494 2656 1570 ὁμιλίας.
2693 1495 2926 1568 Τελευτᾷ
2961 1496 3344 1572 βασιλεύοντος
3393 1503 3687 1574 Γρατιανοῦ
3720 1500 3820 1573 (α).

1950 1596 2176 1652 CAPUT
2203 1596 2418 1652 CXVII.

524 1689 900 1761 Gregorius‘,
935 1688 1190 1761 primum
1225 1687 1607 1755 Sasimorum,
1637 1687 1845 1742 deinde
1867 1686 2104 1742 Nazian-
2134 1689 2181 1753 B

457 1793 638 1834 zenus
667 1777 999 1849 cpiscopus,
1053 1776 1141 1831 vir
1187 1775 1728 1846 eloquentissimus,
1784 1780 2103 1847 praeceptor

453 1881 642 1932 meus,
673 1881 790 1936 quo
820 1865 1152 1937 Scripturas
1174 1864 1519 1937 explanante
1541 1864 1739 1934 didici,
1767 1865 1837 1920 ad
1860 1865 2101 1937 triginta

453 1953 643 2010 millia
667 1970 947 2010 versuum
979 1954 1178 2010 omnia
1197 1970 1373 2025 opera
1395 1970 1506 2008 sua
1526 1953 1874 2024 composuit.
1923 1957 1962 2006 E
1980 1952 2102 2025 qui-

451 2043 567 2099 bus
605 2042 707 2099 illa
736 2047 910 2100 sunt:
944 2042 1016 2100 de
1045 2047 1230 2098 morte
1277 2042 1474 2098 fratris
1521 2041 1806 2112 Czesarii“,
1841 2040 1971 2115 Περὶ
2000 2045 2098 2094 Φι-

455 2128 796 2207 λοπτωχίας,
828 2131 1032 2188 laudes
1063 2131 1550 2201 Machabzeorum,
1575 2131 1778 2186 laudes
1807 2130 2098 2203 Cypriani,

452 2220 658 2278 laudes
700 2221 1021 2292 Athanasii,
1071 2219 1277 2276 laudes
1324 2220 1558 2276 Maximi
1607 2219 1940 2292 philosophi
1970 2225 2104 2291 post

453 2309 725 2366 exsilium
757 2309 992 2380 reversi,
1026 2326 1201 2381 quem
1233 2309 1380 2364 falso
1405 2309 1642 2364 nomine
1673 2309 1913 2380 quidam
1936 2309 2103 2364 Hero-

451 2401 548 2458 nis
575 2400 598 2436 ⁸
629 2399 1174 2472 superscripserunt
1205 2398 1368 2470 (quia
1391 2404 1481 2453 est
1509 2403 1565 2454 et
1587 2397 1739 2455 alius
1769 2397 1920 2454 liber
1947 2397 2100 2452 vitu-

450 2489 814 2562 perationem
845 2488 1111 2560 ejusdem
1145 2487 1381 2543 Maximi
1416 2487 1759 2555 continens;
1795 2487 1962 2558 quasi
1986 2503 2102 2542 non

450 2577 682 2634 licuerit
707 2577 982 2634 eumdem
1021 2581 1078 2633 et
1108 2575 1348 2632 laudare
1377 2581 1434 2632 et
1461 2577 1792 2648 vituperare
1822 2593 1924 2648 pro
1955 2580 2101 2632 tem-

453 2669 655 2741 pore);
697 2671 756 2723 et
801 2667 967 2735 liber,
1020 2665 1356 2722 hexametro
1404 2683 1596 2737 versu,
1651 2664 2018 2738 Virginitatis
2048 2670 2106 2722 et

451 2755 802 2828 Nuptiarum
833 2759 1037 2810 contra
1065 2769 1126 2810 se
1156 2753 1568 2810 disserentium
1596 2779 1610 2822 ;
1643 2755 1952 2810 adversum
1985 2755 2102 2808 Eu-

452 2844 718 2901 nomium
741 2842 890 2899 liber
919 2860 1072 2899 unus
1109 2844 1150 2912 7,
1183 2843 1336 2899 945
1369 2843 1440 2898 de
1479 2841 1692 2914 Spiritu
1729 2848 1928 2898 sancto
1957 2841 2106 2897 liber

454 2950 629 3004 unus,
690 2936 894 2989 contra
939 2931 1243 2988 Julianum
1300 2931 1712 3004 imperatorem
1772 2931 1906 2986 libri
1964 2932 2099 2986 duo.

2285 1685 2608 1760 Γρηγόριος,
2643 1686 2897 1758 Σασίμων
2929 1686 3213 1761 πρότερον,
3248 1687 3360 1741 εἶτα
3405 1691 3702 1756 Ναζιανζοῦ
3743 1685 3860 1741 ἐπί,

2212 1794 2434 1842 σκοπος,
2471 1774 2604 1849 ἀνὴρ
2655 1772 3129 1848 ἐλλογιμώτατος,
3170 1777 3198 1830 ὁ
3236 1774 3366 1848 ἐμὸς
3399 1772 3747 1844 διδάσκαλος,
3799 1776 3860 1829 οὗ

2215 1862 2579 1937 ἐξηγουμένου
2608 1865 2703 1924 τὰς
2736 1863 2881 1925 θείας
2913 1860 3080 1938 ἔγνων
3116 1867 3350 1943 Γραφ-ας,
3379 1865 3456 1926 εἰς
3484 1870 3631 1940 τρεῖς
3666 1866 3862 1938 μυριά-

2213 1949 2308 2014 δας
2369 1951 2573 2027 στίχων
2620 1953 2792 2005 πάντα
2842 1954 2906 2006 τὰ
2960 1953 3308 2027 συντάγματα
3333 1953 3495 2007 αὐτοῦ
3550 1954 3856 2024 συνέθηκεν,

2214 2041 2299 2118 ἀφ’
2338 2042 2409 2094 ὧν
2445 2040 2545 2094 εἰσι
2574 2038 2720 2094 τάδε·
2762 2041 2885 2115 περὶ
2912 2048 3013 2110 τῆς
3042 2040 3302 2112 τελευτῆς
3333 2046 3428 2096 τοῦ
3460 2038 3696 2120 ἀδελφοῦ
3725 2047 3857 2096 Και-

2215 2129 2550 2206 σαρίου,περὶ
2584 2128 3001 2204 Φιλοπτωχίας,
3036 2129 3287 2192 ἐπαίνους
3314 2135 3421 2184 τῶν
3472 2124 3857 2201 Μακκαϐαίων,

2214 2218 2464 2279 ἐπαίνους
2515 2223 2840 2294 Κυπριανοῦ,
2891 2217 3142 2280 ἐπαίνους
3180 2218 3500 2273 ἈΟανασίου
3531 2263 3545 2288 ,
3605 2217 3856 2281 ἐπαίνους

2213 2307 2462 2380 Μαξίμου
2521 2305 2820 2384 φιλοσόφου
2872 2308 3004 2380 μετά
3037 2309 3135 2378 τήν
3191 2307 3396 2384 ἐξορίαν
3447 2307 3853 2379 ἀναζεύξαντος,

2213 2396 2394 2451 ὅντινα
2450 2393 2662 2470 ψευδῶς
2713 2417 2854 2458 τινες
2913 2399 3161 2470 ’Ἡρωνος
3215 2396 3520 2474 ἐπέγραψαν
3582 2394 3718 2470 (ἔστι
3755 2397 3858 2472 γὰρ

2212 2486 2301 2539 καὶ
2356 2483 2500 2555 ἄλλη
2566 2480 2780 2559 βίϐλος,
2839 2486 3176 2560 κατάγνωσιν
3232 2491 3330 2540 τοῦ
3385 2485 3548 2541 αὐτοῦ
3611 2486 3859 2559 Μαξίμου

2212 2575 2561 2650 περιέχουσα,
2611 2574 2686 2635 ὡς
2723 2575 2796 2646 μὴ
2858 2573 2967 2644 ἐξὸν
3021 2574 3154 2628 εἶναι
3200 2575 3290 2628 τὸν
3353 2574 3509 2630 αὐτὸν
3565 2575 3657 2629 καὶ
3707 2573 3857 2628 ἐπαι-

2211 2664 2358 2718 νέσαι
2397 2664 2486 2716 καὶ
2545 2662 2696 2736 ψέξαι
2756 2662 2806 2717 ἐν
2865 2667 3059 2738 καιρῷ)
3099 2683 3112 2695 ο
3143 2663 3231 2718 καὶ
3287 2659 3504 2738 βίϐλος,
3555 2660 3623 2718 δι’
3670 2663 3859 2736 ἑξαμέ-

2211 2772 2352 2826 τρων
2383 2796 2396 2821 ,
2454 2751 2750 2827 Παρθενίας
2801 2752 2891 2806 καὶ
2943 2754 3126 2825 Γάμου
3173 2755 3286 2807 καθ’
3345 2753 3543 2808 ἑαυτῶν
3605 2749 3864 2828 διαλεγο-

2219 2842 2433 2914 μένων’
2491 2843 2627 2895 κατά
2684 2840 2956 2914 Εύνομίου
3015 2840 3183 2917 λόγος
3244 2843 3339 2912 εἷς,
3381 2842 3505 2918 περὶ
3549 2840 3868 2915 Πνεύματος

2216 2930 2372 3004 ἁγίου
2421 2928 2590 3006 λόγος
2639 2932 2736 3000 εἷς,
2767 2932 2904 2985 κατά
2953 2929 3252 2985 Ἰουλιανοῦ
3293 2935 3388 2985 τοῦ
3443 2928 3714 3006 βασιλέως
3765 2929 3865 2986 λό-

453 3023 702 3080 Secutus
729 3027 818 3078 est
849 3025 1042 3078 autem
1079 3020 1449 3077 Polemonem
1481 3020 1713 3077 dicendi
1745 3020 2098 3090 charactere,

495 3113 504 3123 -
565 3128 570 3129 κ
680 3127 688 3129 ι
747 3128 790 3129 η
1205 3111 1223 3129 .
1259 3109 1308 3129 ,Ἃ
1347 3109 1464 3129 ι---
1649 3109 1919 3129 μωμη-
1980 3109 2096 3129 ,μη-ε

2239 3041 2312 3081 ὀς
2379 3021 2475 3082 εἷς.
2519 3018 2884 3090 Ἦκολούθησε
2935 3017 2992 3074 δὲ
3031 3025 3110 3093 τῷ
3167 3019 3498 3093 Πολέμωνος
3546 3027 3866 3097 χαρακτῆρι

2239 3111 2366 3129 ..Δ
2490 3109 2504 3129 \
2706 3109 2718 3124 \
2839 3109 2852 3128 9
2981 3111 2993 3126 ‘
3128 3109 3141 3129 9
3212 3115 3233 3125 ν
3399 3109 3410 3128 Ι
3570 3109 3584 3129 9
3642 3109 3654 3129 Ι

452 3113 700 3185 vivoque
739 3128 802 3168 se
833 3111 1173 3184 episcopum
1205 3111 1224 3143 ³
1257 3109 1315 3164 in
1346 3109 1472 3166 loco
1504 3125 1610 3166 suo
1641 3109 1944 3175 ordinans,
1979 3109 2101 3164 ruri

452 3201 634 3257 vitam
700 3199 975 3257 monachi
1025 3197 1300 3255 exercuit.
1382 3199 1749 3272 Decessitque
1805 3203 1938 3254 ante
1995 3197 2102 3254 hoc

455 3291 638 3347 ferme
661 3289 981 3346 triennium
1021 3290 1042 3324 ⁹
1081 3288 1192 3345 sub
1225 3287 1552 3344 Theodosio
1593 3286 1876 3360 principe.

541 3515 560 3550 ί
593 3504 774 3562 Hodie
803 3520 919 3560 non
948 3506 1236 3575 superset,
1279 3502 1432 3574 quod
1465 3501 1686 3575 sciam;
1721 3519 1824 3575 pro
1865 3501 2112 3559 Grme

469 3578 756 3652 quosdam
785 3575 975 3648 legere
1002 3574 1277 3646 egregium
1307 3577 1554 3629 testatur
1585 3574 1902 3629 Fabricius.

537 3653 560 3686 ²
587 3648 939 3706 Particulam
970 3651 1024 3703 et
1053 3647 1371 3702 Neronens.
1403 3645 1639 3700 omittit.
1660 3645 1904 3700 Moritur
1923 3646 1977 3700 S.
2002 3645 2107 3700 Ba-

467 3722 638 3780 silius
667 3737 763 3776 an.
793 3720 920 3774 379.

532 3795 554 3828 ⁸
583 3793 820 3852 Moritur
859 3792 1197 3862 imperante
1221 3787 1508 3862 Gratiano.
1561 3787 1663 3842 Hic
1698 3787 1854 3862 bene
1898 3803 1960 3842 se
2019 3803 2108 3842 res

463 3865 638 3922 habet
666 3880 800 3920 cum
832 3857 1066 3932 Basilio,
1097 3859 1444 3933 quimagno
1475 3857 1775 3914 intervallo
1798 3863 2108 3933 separatus

461 3943 552 3994 est
575 3955 610 3994 a
637 3935 882 3991 Photino
911 3929 1444 4004 Sirmii’episcopo:
1485 3947 1618 4004 nam
1660 3931 1814 4004 quod
1851 3931 1909 3984 in
1932 3929 2106 4004 C_hro-

461 4009 614 4066 uicis
639 4005 982 4063 Eusebianis
1013 4000 1190 4060 simul
1222 4000 1522 4074 ponuntur
1552 4001 1833 4074 Photinus
1866 4006 1922 4074 et
1949 4000 2106 4056 Basi-

460 4079 599 4150 lius,
629 4077 767 4150 hﬁinc
795 4078 1014 4132 factum
1050 4080 1140 4150 est
1191 4071 1251 4128 ut
1295 4075 1447 4144 quod
1489 4073 1798 4150 depriore
1831 4071 2104 4150 Hierony-

462 4144 596 4205 mus
622 4149 867 4210 dixerat,
919 4147 1181 4219 proxime
1229 4144 1608 4219 consequenti
1654 4145 1731 4198 sit
1759 4144 2100 4219 ascriptum,

462 4236 674 4292 nempe
721 4217 939 4275 istheed
967 4218 1164 4288 verba,
1217 4217 1321 4292 Qui
1359 4217 1608 4292 plurima
1653 4217 2006 4292 continentiae
2048 4220 2103 4292 et

459 4286 676 4362 ingenii
705 4293 864 4361 bona,
914 4305 1022 4344 uno
1069 4286 1532 4362 superpiaa'malo
1574 4287 1836 4359 perdidit.
1885 4291 2002 4340 Hoc
2031 4286 2102 4362 de

461 4357 707 4420 Photino
755 4357 986 4417 mortuo
1042 4357 1339 4416 asserebat
1395 4357 1820 4425 Hieronymus;
1873 4375 1987 4413 non
2031 4357 2104 4412 de

461 4439 663 4492 sancto
694 4432 930 4498 Basilio,
975 4437 1038 4486 ut
1065 4431 1268 4486 volunt
1317 4430 1568 4486 haeretici
1616 4430 1796 4501 hujus
1824 4430 2105 4501 temporis

461 4510 789 4580 querentes
816 4505 1034 4580 nodum
1071 4503 1129 4558 in
1161 4503 1374 4580 scirpo:
1411 4505 1477 4556 At
1505 4502 1576 4580 de
1614 4500 1708 4580 his
1739 4501 1928 4556 fusius
1953 4500 2106 4555 dice-

459 4571 579 4654 ζον,
611 4578 669 4654 si
691 4577 847 4634 Deus
891 4576 1020 4654 vitae
1035 4646 1046 4654 ﬁ
1066 4591 1252 4630 annos
1279 4571 1550 4628 tribuerit
1577 4571 1656 4654 ad.
1681 4587 1896 4654 novam.
1919 4587 2106 4654 usque

445 4642 879 4712 .Chronicorum
911 4646 1248 4711 editionem,
1279 4661 1454 4717 quam
1488 4643 1659 4698 multi
1689 4642 1899 4698 eruditi
1926 4642 2032 4698 viri
2063 4660 2099 4698 a

457 4721 630 4794 nobis
657 4722 996 4794 exposcunt.
1040 4719 1317 4794 Mmrug.

530 4794 552 4829 ὀ
580 4793 707 4850 Duo
729 4785 881 4848 inse.
918 4790 1123 4857 nostri,
1165 4793 1221 4844 et
1251 4788 1472 4842 Erasm.
1522 4785 1814 4854 Gregorius
1862 4785 2099 4840 Nazian~

458 4881 650 4936 unus,
700 4868 834 4932 etc.,
880 4861 1126 4936 omissis
1177 4876 1304 4930 quae
1359 4857 1828 4936 interseruntur,
1856 4858 2102 4936 primum

457 4928 830 4993 Susim'orum'
858 4933 1068 5000 deinde,
1142 4928 1285 5002 quae,
1329 4933 1596 5002 possunt
1633 4929 1704 4983 ab
1765 4928 2098 5002 Hieronymi

457 5025 637 5066 manu
670 5023 788 5063 non
820 5006 1078 5078 profecta
1107 4999 1288 5058 videri
1318 4999 1470 5078 cur
1506 4999 1786 5078 enim,_si
1828 4999 2100 5078 quasilla

458 5080 643 5136 tenuit
671 5071 860 5145 sedes,
881 5089 1225 5132 enumerare
1255 5071 1490 5127 animus
1518 5071 2097 5145 e_rat,‘Constantino-

455 5152 776 5224 politanam
810 5142 1114 5224 praeterit-
1139 5161 1313 5224 suae
1356 5159 1488 5224 eum
1540 5142 1806 5224 imnleret
1844 5159 1940 5197 οη·
1970 5143 2096 5224 .38}:

455 5213 584 5292 ejus
613 5213 931 5294 praeceptor
960 5216 1116 5274 fuit?
1144 5213 1214 5272 Et
1251 5215 1492 5294 sasimis
1524 5213 1762 5294 quidem
1789 5229 1938 5294 aegre
1964 5213 2100 5294 tulit

456 5285 669 5365 praefici
719 5285 1178 5365 se'episcopum
1210 5305 1244 5344 a
1297 5285 1532 5365 Basilio,
1577 5285 1859 5365 Nazianxi
1901 5291 2098 5365 autem

458 5357 708 5436 proprie,
733 5357 1215 5436 decrepiti—patris
1255 5359 1368 5436 sui,
1399 5357 1678 5436 episcOpi,
1711 5357 1936 5412 vicibus
1960 5358 2098 5436 fun-

457 5427 738 5510 gebatur;
773 5427 1128 5510 quamquam
1161 5427 1558 5510 Nazianzenus
1579 5427 1890 5510 episcopus
1919 5427 2094 5510 etiam

457 5499 611 5580 apud
663 5499 884 5580 veteres
949 5499 1263 5580 scriptores
1335 5501 1516 5580 audit.
1575 5499 1822 5580 Quidam
1873 5501 2100 5555 codices

455 5573 916 5635 vetustissimam
954 5573 1203 5632 retinent
1250 5573 1558 5628 lectionem
1605 5573 1964 5626 Natam-enus
1993 5588 2096 5643 pro

456 5653 868 5715 Nazianzenus,
915 5663 1096 5718 quam
1142 5651 1199 5702 et
1265 5644 1326 5700 in
1379 5643 1669 5700 veteribus
1717 5643 2096 5699 monimentis

527 5749 606 5830 (a)
631 5749 693 5810 In
732 5745 937 5808 Latino
963 5748 1161 5803 autem
1188 5743 1288 5801 sub
1331 5741 1568 5801 Valente.

2213 3111 2370 3166 946
2415 3109 2505 3164 καὶ
2565 3109 2766 3184 περιὼν
2811 3109 2885 3171 εἷς
2943 3111 3032 3163 τὸν
3093 3109 3293 3164 οἰκεῖον
3351 3109 3514 3164 τόπον
3567 3109 3866 3166 ἐπίσκοπον

2211 3200 2574 3268 καταστήσας,
2635 3197 2686 3252 ἐν
2749 3198 2900 3272 ἀγρῷ
2961 3198 3076 3272 βίον
3140 3195 3427 3272 μοναδικὸν
3481 3199 3867 3274 ἀπηνέγκατο,

2209 3287 2299 3341 καὶ
2358 3283 2674 3355 ἐτελεύτησε
2729 3287 2835 3363 πρὸ
2901 3291 3143 3361 τριετοῦς
3199 3288 3403 3364 χρόνου
3474 3283 3866 3363 βασιλεύοντος

2210 3373 2518 3431 Θεοδοσίου.

2217 3501 2587 3557 Mabillonius
2617 3501 3065 3574 animadvertit,
3088 3506 3146 3558 et
3168 3519 3274 3558 nos
3305 3503 3630 3574 sequimur.

2289 3575 2310 3607 ⁵
2339 3574 2554 3629 Vitiose
2585 3575 2784 3628 Basilii
2804 3591 3013 3629 nomen
3039 3573 3273 3630 Cazsarii
3295 3573 3516 3630 nomini
3552 3574 3868 3631 substituit

2219 3645 2426 3718 cod._S.
2447 3645 2668 3700 Crucis.
2690 3645 3050 3718 EtBasilium
3069 3647 3302 3718 quidem
3326 3663 3428 3718 pro
3446 3647 3649 3702 funere
3663 3645 3869 3704 lauda-

2219 3717 2302 3771 vit
2332 3716 2594 3787 Gregor.,
2629 3717 2729 3770 sed
2762 3717 2986 3772 amicus
3013 3717 3107 3772 hic
3145 3717 3256 3773 sibi
3313 3716 3455 3785 erat,
3505 3735 3620 3774 non
3661 3718 3863 3774 frater.

2220 3788 2384 3842 Forte
2417 3789 2732 3861 scripserat
2775 3788 3157 3861 Hieronymus
3203 3789 3269 3844 de
3305 3795 3479 3861 morte
3521 3789 3866 3861 fratri";ng-

2217 3861 2436 3930 sariiet
2465 3858 2736 3914 de'morte
2764 3858 3270 3930 Basilii,'quorum
3313 3858 3559 3915 alterum
3609 3858 3766 3916 facili
3793 3860 3866 3916 li-

2217 3929 2543 4012 brariorum
2561 3946 2755 4012 errore
2769 3931 2999 3986 excidit.
3019 3930 3248 4012 Sciqlus
3262 3948 3337 4012 qu
3349 3932 3501 4012 idam
3515 3931 3865 4012 Gregorium

2215 4006 2482 4074 nostrum
2530 4018 2665 4056 cum
2709 4002 2968 4074 Nysseno
3017 4003 3301 4074 confudit,
3350 4008 3406 4058 et
3446 4002 3762 4059 Cesarium
3801 4003 3864 4059 in

2214 4072 2494 4128 Basilium
2525 4072 2804 4145 corrupit.
2846 4074 2976 4129 Mox
3021 4073 3198 4130 iidem
3249 4091 3393 4130 mss.
3434 4075 3618 4130 nostri
3648 4074 3863 4130 Laudes

2211 4147 2499 4216 Cypriani,
2533 4161 2600 4199 ex
2629 4146 2956 4200 scribarum
2987 4161 3181 4202 errore
3207 4145 3504 4201 omittunt.

2281 4235 2302 4267 ⁸
2333 4233 2550 4306 Nostri,
2602 4239 2659 4288 et
2706 4250 2854 4305 quos
2905 4235 3186 4306 Erasmus
3231 4234 3506 4306 inspexit,
3551 4251 3719 4306 mss.,
3750 4235 3860 4306 Ile-

2210 4305 2464 4377 rona_vel
2498 4279 2740 4360 .Ieroua:1
2781 4307 2900 4377 sub
2950 4305 3194 4362 Heronis
3241 4279 3617 4362 Alexandrini
3661 4279 3856 4377 philo-

2136 4394 2183 4458 Ι)
2213 4375 2382 4459 sophi
2415 4376 2649 4461 nomine
2679 4393 2794 4432 non
2825 4375 3719 4461 laudatum,sed‘vituperatum
3743 4377 3862 4461 Ma:

2215 4449 2437 4502 ximum
2499 4464 2532 4502 a
2601 4447 2880 4519 Gregorio
2948 4448 3230 4513 indicem,
3287 4447 3462 4518 Quasi
3504 4465 3616 4504 non
3671 4449 3864 4505 liceret

2215 4519 2464 4574 eamdem
2495 4522 2546 4573 et
2585 4519 2812 4575 laudare
2842 4523 2895 4575 ct
2924 4522 3242 4592 vituperare
3267 4537 3366 4592 pro
3389 4528 3642 4593 tempore.

2286 4608 2305 4642 ⁷
2335 4607 2640 4678 Perperam
2671 4607 2855 4663 nostri
2885 4625 3110 4674 omnes,
3142 4615 3196 4664 el
3223 4608 3564 4675 Frsulanus,
3587 4624 3722 4664 cum
3743 4608 3866 4666 Me-

2209 4677 2371 4734 diceo
2400 4677 2555 4746 apud
2586 4678 2929 4746 Victorium,
2961 4681 3216 4735 adversus
3263 4682 3594 4736 Eunomium
3620 4679 3778 4746 duos,
3807 4685 3869 4736 et

2210 4755 2411 4805 contra
2429 4749 2729 4804 Julianum
2749 4767 2941 4806 unum.
2963 4753 3111 4806 Tum
3131 4752 3518 4807 Polemonium
3534 4751 3756 4806 dicendi
3775 4769 3869 4804 κα-

2212 4827 2507 4904 αριακτῆρα,
2530 4823 3033 4904 ςαρυυξιίιριὶειηι
3063 4839 3200 4878 voce
3244 4823 3486 4904 dicendi,
3530 4827 3599 4904 ut
3623 4822 3866 4879 Greene

2208 4892 2495 4964 interpres
2526 4892 2679 4948 facit.
2702 4893 2792 4964 De
2823 4893 3134 4949 Polemone
3163 4899 3359 4950 autem
3393 4892 3720 4950 Laodiceno
3761 4911 3865 4951 so-

2208 4963 2402 5036 phista
2434 4964 2561 5019 vide
2588 4963 3030 5032 Philostratum,
3068 4965 3169 5020 lib.
3207 4983 3243 5035 ι,
3278 4982 3328 5022 c.
3362 4967 3447 5022 15.

2279 5053 2298 5087 ⁸
2335 5054 2562 5124 Vivoque
2605 5069 2660 5108 se
2709 5055 3037 5124 episcopum,
3093 5060 3202 5110 etc.
3255 5054 3544 5110 Eulalium
3588 5051 3865 5110 videlicet

2207 5125 2395 5179 virum
2416 5129 2682 5196 sanctum
2705 5143 2769 5180 ac
2791 5126 3134 5196 sapientem.
3161 5128 3461 5182 An’ansum
3481 5131 3677 5182 autem
3696 5125 3864 5182 locus

2209 5196 2338 5261 fuit,
2365 5195 2663 5269 ubivitam
2697 5195 2968 5252 monachi
3001 5198 3315 5269 Gregorius
3345 5197 3860 5269 exercuit.ATacuit

2207 5283 2378 5341 porro
2410 5267 2800 5341 Hieronymus
2827 5269 2897 5323 de
2943 5267 3279 5340 episcopatu
3330 5269 3589 5341 Gregorii
3626 5267 3865 5341 insede

2209 5337 2870 5412 ConstantinOpolitana,
2886 5337 3024 5411 quia
3037 5337 3190 5396 brevi
3206 5337 3865 5412 temporésedemillam

2209 5411 2510 5484 occupavit
2541 5416 2783 5484 sanctus
2824 5412 3050 5476 Doctor,
3096 5429 3124 5467 e
3154 5430 3268 5484 qua
3317 5411 3578 5484 scipsum
3617 5412 3864 5468 tandem

2207 5481 2790 5556 exturbavit,_videns
2823 5501 2986 5554 spem
3022 5481 3184 5556 pacis
3225 5485 3376 5538 inter
3407 5481 3732 5556 episcopos
3763 5501 3860 5539 ex-

2207 5556 2521 5608 turbatum.
2557 5553 2846 5609 Murrum.

2279 5643 2300 5678 ³
2331 5640 2530 5698 Malim
2553 5656 2659 5715 ego
2713 5641 3000 5700 biennium
3049 5642 3248 5716 reponi
3300 5659 3434 5698 cum
3481 5641 3846 5715 quibusdam
