3966 6390
132 276 254 341 τις)

1239 286 1467 350 LIBER
1508 288 1615 350 DE
1654 287 1864 354 VIRIS
1906 290 2453 355 ILLUSTRIBUS.

3397 290 3554 362 ’780

1593 447 1826 505 CAPUT
1863 448 2095 505 CXVIII.

204 531 460 603 Λούκιος,
521 535 657 626 μετᾶ
712 538 1023 592 Ἀθανάσιον
1084 544 1370 615 ’Δρειανῆς
1444 544 1644 617 θρησκε
1706 542 1756 598 ία

1977 546 2215 618 Lucius,
2247 550 2382 619 post
2408 546 2793 605 Athanasium
2825 549 3055 606 Arianae
3103 550 3291 623 partis
3336 552 3558 626 episco-

130 622 451 696 ἐπίσκοπος,
532 619 664 700 ἄχρι
721 622 1010 681 Θεοδοσίου
1073 626 1457 702 βύσιλεύοντος
1489 674 1503 701 ,
1545 637 1671 707 παρ’
1727 633 1789 687 οὗ

127 713 219 767 καὶ
269 710 506 784 ἐξεώσθη
538 757 553 783 ,
596 715 694 783 τὴν
750 712 1227 791 Ἀλεξανδρειανήν
1265 721 1527 797 κατέσχεν
1560 718 1791 792 Ἐκκλη-

129 801 268 859 σίαν.
343 802 613 877 Φέρονται
666 803 859 859 τούτου
916 806 1174 881 περὶτοῦ
1235 809 1428 887 Πάσχα
1485 808 1791 881 ἐπιστολαὶ,

124 891 219 947 καὶ
252 888 442 966 ὀλίγοι
470 890 743 949 ποικίλων
779 893 1080 950 ὑποθέσεων
1116 894 1294 972 λόγοι.

1901 651 2033 706 pus,
2088 652 2275 707 usque
2320 637 2392 692 ad
2441 635 2835 694 Theodosium
2884 638 3229 712 principem,
3274 657 3309 696 a
3356 657 3473 714 quo
3503 644 3563 698 et

1901 722 2111 795 pulsus
2141 729 2233 780 est
2269 730 2306 796 ί,
2339 722 2796 783 Alexandrinam
2841 726 3156 785 Ecclesiam
3202 729 3411 787 tenuit.
3445 731 3561 787 Ex-

1904 815 2065 868 stant
2094 813 2223 885 ejus
2270 813 2562 871 solemnes
2610 816 2682 871 de
2730 816 2953 874 Pascha
2993 817 3253 891 epistolae
3301 823 3360 876 et
3386 819 3560 893 pauci

1903 902 2199 959 variarum
2228 902 2628 977 hypotheseon
2656 903 2858 962 libelii.

1620 999 1854 1056 CAPUT
1885 999 2070 1056 CXIX.

200 1077 499 1157 Διόδωρος,
554 1085 763 1157 Ταρσοῦ
832 1081 1167 1155 ἐπίσκοπος,
1227 1085 1391 1155 ἡνίκα
1454 1085 1520 1161 ᾖν
1578 1092 1788 1143 Ἀντιο-

126 1168 285 1246 χείας
331 1164 720 1247 πρεσϐύτερος,
773 1170 985 1246 μᾶλλον
1038 1172 1295 1251 λαμπρὸς
1342 1176 1429 1245 ἦν.
1486 1176 1607 1230 Εἰσὶ
1662 1176 1786 1231 τού-

122 1280 220 1313 του
298 1258 377 1322 εἰς
451 1260 541 1314 τὸν
601 1259 936 1316 Ἀπόστολον
1011 1263 1429 1338 ὑπομνήματα,
1488 1266 1578 1320 καὶ
1631 1264 1787 1340 ἕτερα

127 1345 363 1403 πλεῖστα
429 1348 507 1411 εἷς
556 1350 648 1404 τὸν
718 1346 985 1428 Εὖφεϐίου
1047 1351 1259 1425 μᾶλλον
1318 1360 1414 1409 τοῦ
1486 1360 1785 1428 Ἐμεσηνοῦ

125 1444 450 1514 χαρακτῆρα
523 1441 912 1515 προσήκοντα,
974 1442 1187 1505 οὗτινος
1242 1448 1311 1517 τῇ
1394 1446 1591 1519 γνώμη
1654 1446 1784 1499 ἀκο-

126 1525 425 1599 λουθήσας,
484 1528 546 1582 τὸ
607 1525 910 1605 ἐλλόγιμον
969 1530 1070 1585 οὐκ
1118 1529 1365 1604 ἠδυνήθη
1424 1535 1786 1606 μιμήσασθαι,

124 1612 219 1670 διὰ
244 1618 349 1687 τήν
383 1616 626 1692 ἀπειρίαν
658 1622 765 1673 τῶν
797 1625 1076 1694 κοσμικῶν
1109 1623 1472 1698 γραμμάτων.

1974 1088 2279 1161 Diodorus,
2311 1090 2620 1148 Tarsensis
2640 1092 2952 1166 episcopus
2982 1095 3024 1162 ²,
3059 1095 3201 1151 dum
3230 1095 3550 1153 Antiochia

1897 1183 2055 1235 esset
2105 1181 2426 1253 “presbyter,
2488 1180 2679 1254 magis
2736 1180 2964 1240 claruit.
3023 1188 3264 1241 Exstant
3320 1186 3449 1258 ejus
3491 1185 3553 1242 in
3614 1212 3619 1225 -

1895 1267 2243 1340 Apostolum
2275 1270 2699 1342 commentarii,
2737 1276 2797 1327 et
2847 1272 3036 1329 multa
3083 1273 3219 1345 alia,
3270 1274 3341 1331 ad
3372 1279 3551 1332 Euse-

1896 1356 1976 1412 bii
2011 1358 2199 1429 magis
2230 1358 2487 1414 Emiseni
2510 1360 2531 1393 ³
2557 1359 2956 1417 characterem
2978 1362 3350 1434 pertinentia,
3378 1365 3551 1436 cujus

1897 1462 2030 1501 eum
2065 1462 2307 1502 sensum
2340 1453 2577 1505 secutus
2608 1449 2703 1519 sit,
2737 1450 3131 1522 eloquentiam
3179 1451 3401 1509 imitari
3431 1467 3548 1510 non

1896 1536 2106 1607 potuit,
2167 1541 2405 1608 propter
2464 1537 2854 1609 ignorantiam
2905 1539 3275 1597 saecularium
3327 1540 3549 1599 littera-

1899 1642 2054 1680 rum.

1619 1721 1848 1778 CAPUT
1876 1721 2035 1777 CXX.

194 1800 489 1876 Εὐνόμιος,
549 1804 836 1881 Ἀρειανῆς
902 1808 1222 1882 θρησκείας,
1275 1809 1507 1878 Κυζίκου
1567 1808 1755 1863 ἐπίσκο

1968 1811 2311 1873 Ευηοωὶιιε,
2343 1811 2569 1867 Arianae
2612 1812 2817 1884 partis,
2861 1813 3179 1887 Cyzicenus
3211 1817 3546 1892 episcopus,

121 1911 247 1960 πος,
279 1896 538 1947 τοσοῦτον
578 1893 653 1955 εἷς
708 1892 1059 1974 βλασφημίαν
1110 1895 1246 1972 ἦλθε
1293 1905 1392 1968 τῆς
1447 1897 1651 1960 οἰκείας
1701 1898 1783 1952 αἱ-

123 1981 345 2056 ρέσεως,
377 1981 516 2036 ὥστε
560 1981 690 2057 ὅπερ
732 1982 927 2040 ἐκεῖνοι
976 1986 1296 2060 κρύπτουσι,
1340 1992 1500 2042 τοῦτο
1533 1992 1779 2066 φανερῶς

122 2066 473 2145 ὁμολογῆσαι
506 2115 518 2128 .
589 2075 734 2136 Ἕως
796 2079 892 2129 τοῦ
968 2080 1059 2130 νῦν
1120 2074 1338 2152 λέγεται
1401 2082 1667 2153 περιεῖναι
1725 2075 1776 2131 έν

120 2156 521 2231 Καππαδοκίᾳ,
571 2160 661 2215 καὶ
709 2160 896 2218 πολλά
938 2165 1074 2219 κατὰ
1118 2172 1220 2235 τῆς
1260 2163 1588 2237 Ἐκκλησίας
1647 2187 1776 2241 συγ-

118 2249 369 2328 γράφειν,
420 2250 574 2322 ᾧτινι
634 2251 969 2328 ἀντέγραψαν
1028 2252 1450 2329 Ἀπολινάριος,
1514 2252 1772 2328 Δίδυμος,

116 2334 405 2401 Βασίλειος
459 2339 827 2416 Καισαρείας,
891 2344 1196 2420 Γρηγόριος
1263 2345 1628 2415 Ναζιανζηνὸς
1684 2344 1774 2399 καὶ

118 2434 159 2481 Ν
166 2427 417 2500 υσσηνός.

1894 1900 1952 1955 in
1984 1905 2243 1972 apertam
2294 1902 2579 1958 hmreseos
2630 1919 2748 1958 sua:
2795 1920 3188 1977 prorumpens
3217 1905 3239 1939 ⁴
3267 1905 3544 1980 blasphe-

1891 1988 2092 2057 miam,
2127 1994 2192 2045 ut
2223 1991 2377 2062 quod
2409 1990 2493 2045 illi
2539 1996 2769 2063 tegunt,
2820 1992 2927 2048 iste
2974 1993 3206 2064 publice
3245 1995 3550 2064 fateretur,

1889 2096 2077 2151 usque
2133 2078 2307 2134 hodie
2364 2079 2556 2136 vivere
2621 2079 2839 2136 dicitur
2894 2082 2953 2137 in
3010 2084 3378 2156 Cappadocia
3405 2086 3446 2155 ⁵,
3487 2091 3548 2143 et

1888 2167 2073 2223 multa
2104 2172 2304 2224 contra
2345 2167 2662 2225 Ecclesiam
2710 2169 2963 2225 scribere
2992 2172 3033 2226 ⁸.
3086 2172 3539 2245 Responderunt

1887 2255 1938 2310 ei
1968 2254 2366 2328 Apollinarius
2397 2258 2437 2326 ⁷,
2483 2256 2791 2330 Didymus,
2842 2258 3099 2315 Basilius
3144 2259 3541 2334 Caesariensis,

1884 2344 2200 2418 Gregorius
2232 2345 2657 2416 Nazianzenus,
2691 2351 2749 2402 et
2777 2347 3093 2420 Gregorius
3114 2348 3436 2423 Nyssenus.

1626 2532 1856 2589 CAPUT
1886 2532 2066 2589 CXXI.

183 2624 334 2680 947
396 2620 870 2698 Πρισκιλλιανὸς,
921 2616 1154 2691 ’Δϐίλης
1213 2620 1545 2691 ἐπίσκοπος,
1615 2621 1761 2683 ὅστις

110 2718 344 2782 συσκευῆ
394 2710 636 2769 Ὑδατίου
683 2712 773 2767 καὶ
824 2710 1054 2765 Ἰθακίου
1087 2758 1102 2781 ,
1165 2711 1242 2773 εἷς
1304 2706 1550 2788 Τρίϐεριν
1618 2712 1765 2788 παρὰ

106 2801 361 2876 Μαξίμου
418 2807 514 2856 τοῦ
560 2802 821 2879 τυράννου
874 2799 1106 2878 ἐσφάγη,
1158 2796 1384 2870 ἐξέδωκε
1428 2797 1615 2854 πολλὰ
1645 2821 1764 2854 συν-

105 2891 412 2966 τάγματα,
475 2891 561 2969 ἆφ’
616 2893 691 2945 ὧν
748 2911 870 2945 τινα
923 2889 999 2951 εἷς
1077 2891 1227 2963 ἡμᾶς
1298 2886 1760 2965 παρεληλύθασιν.

105 2978 281 3042 Οὗτος
328 2977 459 3057 ἄχρι
506 2983 746 3057 τήμερον
795 2980 943 3055 παρὰ
987 2999 1150 3033 τινων
1197 2980 1295 3047 τὴν
1340 2980 1651 3047 Γνωστικὴν
1684 2976 1766 3033 αἳ-

108 3090 255 3145 ρεσιν
289 3116 305 3144 ,
365 3070 640 3125 τουτέστιν
697 3065 1017 3124 Βασιλείδου
1064 3068 1154 3122 καὶ
1213 3067 1533 3144 Μαρκίωνος
1570 3115 1584 3139 ,
1643 3068 1769 3143 περὶ

1949 2622 2103 2679 948
2155 2621 2558 2680 Priscillianus
2604 2623 2646 2678 ⁸.
2697 2621 2870 2679 ΑὴῘΙω
2933 2623 3265 2698 episcopus,
3316 2625 3418 2698 qui
3464 2628 3524 2684 fa

1873 2712 2092 2768 cliones
2126 2711 2342 2767 Hidatii
2380 2720 2436 2768 et
2483 2712 2685 2768 Ithacii
2718 2714 2740 2747 ⁹
2785 2693 3049 2770 Treveris
3094 2693 3153 2771 ο.-
3173 2693 3425 2772 Maximo
3449 2693 3546 2791 ty:

1873 2818 2061 2857 ranno
2095 2818 2280 2857 caesus
2304 2805 2411 2871 est,
2432 2801 2616 2857 edidit
2636 2801 3197 2874 multaopuscula”,
3218 2805 3290 2860 de
3311 2806 3497 2877 quibu
3512 2824 3541 2863 s

1875 2890 1947 2945 ad
2011 2907 2117 2946 nos
2162 2889 2363 2963 aliqua
2407 2895 2811 2962 pervenerunt.
2863 2890 2966 2946 Hic
3024 2908 3211 2964 usque
3268 2892 3443 2950 hodie
3502 2912 3538 2952 a

1875 2978 2177 3036 nonnullis
2209 2978 2519 3046 Gnosticse,
2550 2978 2607 3034 id
2639 2984 2729 3035 est
2759 2979 3034 3036 Basilidis
3062 2986 3119 3036 et
3159 2982 3333 3037 Marci
3363 2982 3427 3051 ¹¹,
3457 2983 3536 3040 de

1879 3070 2095 3142 quibus
2137 3071 2387 3125 Irenaeus
2438 3067 2695 3140 scripsit,
2728 3067 3012 3125 haereseos
3057 3074 3387 3141 accusatur,
3423 3070 3531 3128 de-

103 3161 180 3214 ὧν
250 3158 541 3235 Εἰρηναῖος
615 3160 991 3236 συνέγραψεν,
1041 3157 1117 3219 ὡς
1189 3157 1459 3234 αἱρετικὸς
1515 3178 1756 3232 κατηγο-

1923 3156 2270 3229 ιηάθυῐίὒυε]
2291 3155 2442 3227 aliis,
2495 3173 2610 3212 non
2642 3155 2725 3212 ila
2743 3171 2879 3211 eum
2910 3157 3189 3228 sensisse,
3224 3161 3291 3213 ut
3320 3157 3524 3231 argui-

101 3254 298 3326 ρεῖται,
350 3246 704 3305 ἐκδικούντων
754 3270 938 3321 τινων,
979 3246 1088 3325 οὐχ
1136 3244 1311 3309 οὕτως
1362 3247 1520 3302 αὐτὸν
1569 3268 1757 3318 νενοη-

100 3340 253 3394 κέναι
291 3338 369 3402 ὡς
399 3337 690 3395 εὐθύνεται.

98 3511 276 3568 editis
305 3512 496 3567 antea.
527 3509 740 3566 Suidas
771 3524 981 3581 nempe
1023 3507 1366 3581 Gregorium
1411 3508 1614 3581 tradit,
1649 3526 1745 3565 an.

98 3584 170 3639 43
196 3582 509 3655 Theodosii
538 3581 818 3655 principis
865 3579 1098 3637 obiisse.
1146 3579 1425 3655 Sequenti
1455 3588 1649 3655 autem
1682 3582 1750 3637 14

99 3651 847 3732 sc_ripi_sse_Hierbny_mi_1m,
880 3670 998 3732 non
1039 3651 1275 3732 est__qui
1316 3652 1751 3732 _ig_r_)ore_t.nPuta

99 3723 246 3782 adeo
276 3724 513 3781 initium
543 3723 754 3781 decimi
783 3724 958 3795 tertii,
990 3740 1107 3796 quo
1137 3723 1233 3779 ille
1275 3723 1438 3796 obiit,
1485 3730 1543 3780 et
1572 3726 1749 3781 linem

98 3796 312 3854 decimi
340 3796 551 3869 quarti,
588 3813 703 3869 quo
735 3795 830 3869 hic
859 3795 1116 3869 Ascripsit,
1160 3795 1425 3851 indicari:

174 3870 190 3903 ¹
222 3866 544 3925 Veronens.
576 3866 633 3924 et
668 3866 1221 3939 Guelpherbitanus,
1271 3883 1443 3939 aquo
1489 3868 1751 3939 expulsus

94 3945 194 3997 est.
226 3940 312 3995 Ad
345 3956 565 3996 annum
597 3940 705 3995 hoc
736 3938 995 3994 referunt
1024 3938 1148 4009 379,
1175 3938 1332 3994 Lucii
1356 3938 1749 4010 autem'hujus

93 4012 277 4083 libri,
313 4012 523 4083 exiguo
583 4012 907 4083 fragmento
967 4014 1223 4083 excepto,
1274 4012 1334 4066 in
1386 4010 1746 4083 ,Actisitom.
1802 4054 1805 4057 .

93 4080 305 4140 concil.
338 4080 449 4139 sub
480 4080 729 4139 Martin'o
761 4087 785 4136 Ι
816 4084 887 4138 ad
920 4080 1123 4137 unum‘
1146 4098 1352 4137 omnes
1381 4080 1746 4137 intercidere.

92 4156 240 4211 Vide
261 4154 559 4212 Socratem
582 4172 657 4221 ιν,
686 4156 755 4211 37
778 4172 793 4223 ;
813 4155 1202 4210 Sozomenum
1224 4170 1301 4223 v1,
1325 4155 1379 4224 5,
1397 4158 1570 4224 atque
1583 4152 1746 4224 alibi.

164 4228 317 4283 Ante
342 4243 562 4282 annum
585 4220 710 4298 378,
762 4219 879 4298 quo
917 4219 1307 4298 episcopalem
1347 4219 1513 4280 Tarsi
1551 4223 1747 4280 cathe-

93 4299 264 4354 dram
296 4297 657 4355 conscendit.

165 4371 464 4426 3Emiseni
504 4367 855 4426 vocabulum
910 4384 1024 4440 non
1076 4367 1337 4440 agnoscit
1394 4366 1748 4425 Veronensis

90 4441 266 4511 liber,
300 4442 539 4514 sedrnec
569 4441 892 4514 Facundus
924 4439 1407 4514 Hermianensis,
1441 4440 1543 4514 qui
1573 4443 1749 4514 caput

90 4514 257 4569 istud
288 4530 357 4570 ex
377 4513 726 4586 Hieronymo
747 4511 1211 4586 totidemrverbis
1230 4511 1556 4586 exscripsit.
1582 4511 1744 4586 Quod

90 4586 197 4657 ait,
218 4585 289 4641 ad
305 4587 435 4657 ejus
456 4583 852 4657 characterem
872 4583 1227 4655 pertinuisse
1248 4583 1613 4657 Diodo‘rirscri
1622 4588 1743 4654 pta,

91 4655 189 4712 sic
210 4656 494 4729 intelligo,
529 4655 969 4729 uthistoricum
991 4671 1254 4729 sensum,
1276 4673 1450 4729 quem
1482 4655 1541 4709 in
1571 4670 1748 4724 expo-

92 4728 311 4785 nendis
339 4726 659 4801 scripturis
687 4726 1005 4783 Eusebium
1036 4726 1148 4801 sibi
1181 4726 1556 4801 proposuisse
1577 4731 1748 4781 testa-

89 4805 194 4855 tur
219 4816 353 4872 cap.
383 4797 488 4871 91,—
511 4800 795 4872 Diodorus
839 4814 980 4872 cum
1030 4797 1237 4872 primis
1275 4797 1353 4872 sit
1382 4801 1744 4872 persecutus.

90 4868 309 4927 Miruni
341 4868 495 4944 quod
519 4872 701 4944 addit.
730 4868 984 4944 Emiseni
1016 4868 1413 4944 eloquentiam
1445 4886 1580 4944 eum
1614 4869 1746 4944 imi-

89 4944 207 4999 tari
240 4941 376 4998 non'
401 4943 661 5015 potuisse
684 4960 716 5015 ;7
747 4958 881 4997 cum
920 4941 1073 5015 b_anc
1110 4941 1464 5015 eloquentiae
1509 4941 1746 5015 laudem

89 5015 321 5071 illicum
371 5012 578 5086 primis
629 5014 893 5086 tribuant
932 5012 1320 5069 Theodoritus
1356 5013 1469 5086 lib.
1505 5030 1595 5086 iv,
1648 5012 1745 5086 ubi

90 5103 241 5159 cum
264 5084 422 5142 amni
454 5085 868 5159 limpidissimo
901 5090 1221 5159 comparat,
1265 5090 1321 5140 et
1352 5084 1747 5159 Photiustqui

90 5159 151 5215 in
185 5157 435 5214 dicendo
465 5155 678 5231 purum
718 5174 783 5212 ac
829 5155 1205 5231 perspicuum
1250 5156 1548 5231 praedicat.
1582 5155 1748 5231 Nunc

88 5246 230 5287 vero
262 5230 391 5300 ejus
414 5226 589 5302 opera
611 5226 1123 5302 praeterquasdam
1151 5226 1398 5284 laci—nias
1421 5228 1480 5283 in
1503 5226 1743 5297 catenis,

89 5303 593 5374 frustrarquaaras.
629 5302 913 5374 Exiguum
950 5302 1344 5374 fragmentum
1388 5302 1745 5374 Hieron._re-

94 5375 207 5431 fert
237 5390 269 5430 e
300 5372 831 5429 Commentariis'in
864 5372 1203 5445 Apostolum
1249 5372 1304 5426 in
1350 5372 1595 5445 epistola
1622 5372 1743 5445 1:9,

90 5447 163 5502 ad
192 5447 521 5501 Minervium
548 5449 597 5501 et
627 5444 1022 5501 Alexandrum.
1058 5443 1200 5497 Vide
1234 5443 1591 5515 int'ra'caput
1614 5444 1743 5515 A120,

164 5519 187 5552 ι
223 5516 569 5586 Veronens.,
600 5519 871 5587 prorupit,
900 5520 956 5569 et
987 5532 1120 5570 mox
1157 5518 1412 5587 [mentun
1465 5513 1525 5571 In
1566 5513 1744 5568 Chro-

92 5589 223 5647 nico
256 5589 327 5645 ad
363 5605 456 5644 an.
490 5589 561 5644 10
601 5586 994 5643 Valentiniani
1046 5592 1104 5641 et
1151 5586 1448 5643 Valentis:
1489 5608 1516 5636 «
1553 5587 1745 5641 Euno-

91 5661 253 5721 mius
282 5658 613 5735 discipulus
639 5659 787 5718 Aetii
836 5657 1340 5734 ConstantinOpoli
1388 5657 1745 5734 agnoscitur,

1868 3251 1984 3303 tur.

1860 3525 1895 3564 a
1924 3524 2045 3581 quo
2071 3504 2726 3581 hmre‘sisEunomiana.
2760 3528 2789 3556 ››
2821 3504 2952 3562 Vid.
2988 3505 3048 3561 in
3074 3509 3189 3563 Isa.
3222 3522 3350 3581 cap.
3382 3523 3510 3580 va,

1860 3525 1895 3564 a
1967 3524 2040 3563 uo
2071 3524 2309 3561 meream
2340 3524 2726 3561 munemlana.
2760 3528 2789 3556 ››

1859 3524 2129 3705 etclﬁgist,
2165 3578 2234 3633 ad
2269 3577 2383 3633 Tit.
2418 3594 2545 3659 cap.
2588 3595 2628 3633 ιι
2660 3581 2718 3632 et
2746 3594 2832 3633 ιιι.

1932 3652 1953 3685 ⁵
2028 3656 2297 3705 estquam
2367 3654 2604 3704 tertium
2654 3648 2832 3704 exsul:

1932 3652 1953 3685 ⁵
1984 3647 2297 3731 Postquam
2367 3647 2629 3731 tertium_
2654 3648 2998 3731 exsulasset,
3034 3648 3183 3731 hanc
3218 3647 3447 3731 veniam
3480 3667 3514 3706 a

1860 3720 2188 3779 Theodosio
2221 3721 2431 3793 Magno
2457 3720 2884 3793 impetraverat,
2940 3725 3002 3793 ut
3053 3720 3122 3775 ad
3156 3720 3376 3791 patrios
3406 3726 3515 3777 Da-

1860 3812 2005 3873 core}
2038 3810 2209 3867 agros
2235 3792 2339 3873 "in:
2361 3792 2730 3873 Cappadocia
2776 3792 3193 3873 regrederetur,
3228 3793 3511 3873 quemad-

1861 3861 2105 3922 modum
2135 3865 2338 3921 scribit
2360 3861 2808 3934 Philostorgius,
2828 3861 2893 3918 6x
2916 3878 3099 3934 eoque
3122 3861 3507 3934 Nicephorus.

1858 3940 2004 3993 Ante
2031 3953 2251 3992 annum
2282 3940 2478 3991 tamen
2511 3936 2616 3990 396
2645 3932 2861 3989 dicitur
2889 3932 3125 3990 obiisse.

1930 4011 1950 4043 ⁸
1976 4008 2112 4063 Cod.
2147 4006 2597 4079 Guelpherbyt.,
2646 4006 2883 4079 scribere
2931 4020 3100 4079 ausas
3141 4005 3355 4079 est,_lj3x
3383 4006 3513 4075 ejus

1859 4080 2094 4152 scriptis
2144 4072 2345 4152 ἕκθεσῖν
2400 4072 2806 4152 ᾁπολογητικὸν
2861 4094 2977 4132 non
3034 4076 3119 4132 ita
3175 4072 3509 4148 pridem—c1.

1860 4149 2158 4207 Fabricius
2189 4149 2462 4221 vulgavit.

1929 4225 1949 4257 ⁷
1980 4221 2210 4292 Didymi
2228 4217 2676 4293 et'Appollinarii
2697 4217 3265 4293 contraEunomium
3289 4218 3512 4292 scripta

1858 4311 1973 4350 non
2005 4290 2248 4349 exstant.
2280 4290 2401 4349 Cod
2428 4290 2831 4348 Cisterciensis
2851 4290 3115 4363 Gregorii
3146 4307 3358 4363 nomen
3392 4290 3507 4347 non

1858 4365 2103 4437 repetit;
2134 4364 2280 4420 falso
2311 4371 2507 4420 autem
2538 4365 2851 4419 Emissenu:
2883 4379 2985 4435 pro
3034 4364 3312 4435 Nyssenus
3343 4362 3505 4436 legit.

1927 4438 1949 4471 ⁸
1983 4439 2144 4493 Hunc
2218 4434 2649 4492 Priscillianum
2708 4434 3064 4490 Abulensem
3121 4434 3180 4489 in
3229 4434 3511 4493 Hispania

1927 4451 1949 4471 ι’
1983 4451 2144 4518 Hunc
2218 4451 2649 4517 Priscillianum
2708 4451 3064 4490 Abulensem
3121 4451 3180 4489 ιη
3229 4451 3507 4515 mspama

1858 4508 2126 4590 ulterior:
2164 4523 2526 4590 ‘eprscopum
2583 4507 2756 4590 etiam
2806 4505 2864 4561 in
2916 4505 3169 4590 prologo
3201 4504 3507 4590 adul‘ibros

1776 4566 1824 4630 D
1855 4587 2058 4637 contra
2090 4566 2429 4659 Pelagianos
2460 4583 2747 4659 memorat
2784 4594 2851 4633 ac
2899 4566 3196 4659 suggi‘ljlat:
3246 4575 3391 4632 Vide
3422 4591 3507 4632 se-

1855 4669 2058 4709 verum
2092 4646 2409 4725 Sulpitium
2438 4650 2549 4725 sub
2590 4649 2765 4725 linem
2795 4646 3217 4725 secundilibri.

1927 4726 1949 4759 ⁹
1980 4716 2228 4794 Επειεῐηῖ,
2277 4723 2533 4795 llythacii
2558 4724 2608 4777 et
2637 4721 2872 4777 Hithatz‘i
2913 4737 2927 4789 ;
2969 4720 3071 4776 sed
3104 4723 3161 4774 et
3203 4716 3430 4789 Hydiatz'
3455 4725 3510 4775 et

1855 4794 2022 4851 Idalii
2051 4794 2362 4851 invenitur.

1930 4868 1973 4901 ¹⁰
2004 4868 2088 4922 Ad
2123 4884 2229 4923 nos
2261 4882 2446 4939 usque
2477 4862 2636 4939 nulla
2676 4865 3087 4939 pervenerunt.

1930 4939 1967 4972 ¹¹
2006 4939 2301 4995 Hactenus
2350 4931 2487 4993 editi
2541 4931 2694 4991 falso'
2726 4932 2987 5005 legerant
3032 4931 3322 5005 Marcionis
3371 4947 3506 4987 cum

1857 5010 2051 5065 Graeco
2109 5012 2442 5082 interprete.
2500 5008 2607 5063 Sed
2681 5003 2849 5082 Marci
2918 5003 3379 5082 rescribendum,
3444 5006 3509 5082 ut

1858 5082 2243 5137 emendamus
2267 5074 2608 5136 nostrorum
2640 5077 2903 5133 omnium
2953 5076 3220 5131 codicum
3251 5074 3505 5129 auctori-

1855 5157 1991 5219 tate,
2028 5154 2237 5225 probat
2277 5154 2453 5209 etiam
2497 5150 2704 5225 Irenasi
2744 5148 2907 5225 locus
2951 5147 3066 5225 1_ib._
3102 5164 3143 5225 ι,
3186 5147 3399 5225 cap._8,
3432 5146 3507 5225 de

1854 5216 2206 5293 Hreresibus,
2240 5225 2311 5279 ab
2342 5224 2467 5295 ipso
2497 5222 2852 5295 Hieronymo
2874 5220 3020 5295 locis
3052 5218 3205 5295 infra
3232 5216 3507 5295 notandis

1855 5295 2130 5373 laudatus
2162 5288 2336 5367 atque
2358 5288 2821 5373 exscriptu’sQIta
2840 5291 3057 5373 habere
3066 5290 3249 5373 etiam
3274 5288 3505 5373 codices

1858 5369 2047 5440 regios
2076 5362 2325 5423 testatur
2353 5362 2593 5421 doctiss.
2644 5363 2980 5419 Cotelerius.
3034 5362 3179 5417 Vide
3207 5362 3378 5433 epist.
3410 5362 3502 5431 65,

1858 5441 1926 5494 ad
1973 5440 2358 5495 Theodoram.
2421 5441 2479 5492 et
2531 5436 2591 5490 in
2648 5436 2807 5491 Isaia:
2864 5454 2990 5495 car).
3054 5450 3199 5489 wa.
3260 5438 3502 5489 Severus

1856 5450 1926 5494 ad
1973 5450 2358 5495 Theodoram.
2421 5450 2479 5492 Cl.
2531 5454 2591 5490 ιη
2648 5450 2807 5491 lSIllCC
2864 5454 2990 5495 08D.
3054 5450 3199 5489 LXIV.
3260 5450 3507 5489 δονθνυε

1856 5454 1926 5494 an
1973 5454 2358 5503 '1'ncoooram,
2421 5454 2479 5492 et
2531 5454 2591 5490 ιη
2648 5454 2807 5491 ιεοιω
2864 5454 2990 5507 cap.
3054 5454 3199 5489 wa.
3260 5454 3503 5489 aeverus

1854 5510 2142 5583 Sulpitius
2185 5511 2286 5583 lib.
2344 5524 2524 5583 supra
2574 5506 2856 5583 laudato,_
2904 5532 2923 5555 α
2976 5507 3233 5583 Primus,
3278 5503 3503 5583 inquit,

1854 5577 1990 5639 eum
2023 5583 2178 5640 intra
2222 5577 2532 5655 Hispanias
2573 5577 2793 5635 Marius
2842 5577 3042 5636 intulit
3088 5578 3331 5652 rEgypto
3370 5592 3507 5652 pro-

1853 5655 2063 5712 fectus.
2096 5675 2125 5708 »
2158 5656 2267 5712 etc.

1877 5658 2063 5730 'ectus,
2096 5675 2125 5708 »
2158 5658 2267 5713 etc.
