3966 6388
179 460 327 539 ur

1284 464 1520 529 LIBER
1559 463 1664 528 DE
1704 459 1914 532 VIRIS
1956 460 2505 533 ILLUSTRIBUS.

3476 434 3600 561 ’κει

182 622 3599 656 W

1445 796 2359 917 APPBNDIX.

1856 1060 1929 1153 Ι.

813 1311 1023 1440 DE
1140 1310 1579 1445 VlTlS
1691 1303 2976 1455 APOSTOLOBUM,

189 1580 407 1653 Quam
482 1579 755 1659 versioni
809 1582 1040 1643 Graecae
1122 1578 1293 1640 Libri
1351 1576 1424 1640 de
1475 1578 1621 1661 rimi:
1684 1576 2030 1640 lllustrz'bus
2110 1578 2225 1661 sub
2299 1577 2628 1641 Soranouu
2712 1577 2968 1641 nomine
3042 1578 3107 1638 in
3191 1596 3307 1639 ms.
3384 1578 3601 1647 codice

595 1695 710 1741 suo
735 1677 1043 1743 intextam
1067 1676 1231 1758 (cap.
1268 1679 1325 1753 t,
1357 1682 1502 1756 post
1528 1695 1669 1758 cap.
1706 1679 1765 1751 1,
1795 1681 1858 1739 et
1886 1681 2117 1739 caetera
2144 1680 2287 1755 post
2313 1693 2456 1755 cap.
2486 1674 2547 1755 4)
2584 1676 2876 1738 Eaasnus
2910 1675 3168 1756 reperit.

263 2074 414 2147 051
463 2078 536 2131 Α’.
582 2070 839 2150 Ἀνδρέας
880 2072 909 2127 6
967 2068 1199 2149 ἀδελφὸς
1259 2070 1442 2141 αὐτοῦ,
1503 2070 1580 2134 ὡς
1635 2072 1688 2125 oi.
1739 2071 1845 2149 πρὸ

2030 2071 2203 2129 958.
2260 2072 2301 2127 Ι.
2357 2072 2620 2141 Andreas
2678 2072 2856 2128 frater
2913 2072 3095 2144 hujus
3152 2072 3191 2145 ³,
3233 2076 3299 2127 ut
3353 2073 3608 2161 majores

194 2166 356 2238 ἡμῶν
408 2160 873 2238 παραδεδώκασιν,
936 2160 1168 2222 Σκύθαις
1222 2160 1312 2215 καὶ
1373 2157 1694 2236 Σογδιανοῖς
1759 2159 1849 2215 καὶ

199 2256 437 2317 Σάκκαις
497 2251 719 2324 ἐκήρυξε
782 2252 844 2307 τὸ
901 2247 1237 2326 Εὐαγγέλιον
1295 2255 1392 2313 τοῦ
1450 2249 1646 2326 Κυρίου
1686 2251 1848 2327 ἡμῶν

193 2343 380 2415 Ἰησοῦ
434 2346 666 2416 Χριστοῦ
698 2384 713 2411 ,
771 2340 861 2395 καὶ
930 2340 980 2395 ἐν
1034 2333 1435 2394 Σεϐαστοπόλει
1494 2338 1717 2415 ἐκήρυξε
1778 2342 1848 2413 τῇ

199 2429 462 2508 μεγάλῃ,
520 2430 656 2486 ὅπου
715 2429 855 2486 ἐστὶν
914 2431 949 2499 ἡ
1018 2423 1346 2503 παρεμϐολὴ
1415 2429 1656 2505 Ἀψάρου
1692 2473 1705 2497 ,
1758 2428 1849 2483 καὶ

198 2527 373 2585 Φᾶσις
421 2522 450 2576 6
487 2519 756 2595 ποταμὸς,
790 2513 914 2573 ἔνθα
962 2518 1200 2573 οἰκοῦσιν
1251 2518 1510 2581 Αἰθίοπες
1549 2518 1602 2573 οἱ
1660 2515 1853 2572 ἐσώτε-

200 2614 359 2689 ροί².
409 2611 676 2673 ϐάπτεται
733 2606 792 2665 δὲ
843 2607 894 2663 ἐν
957 2608 1194 2684 Πάτραις
1249 2614 1351 2678 τῆς
1400 2604 1652 2685 ’Δχα“ίας,
1690 2616 1852 2661 σταυ-

197 2706 281 2776 ρῷ
336 2697 661 2777 παραδοθεὶς
719 2697 821 2774 ὑπὸ
878 2696 1050 2773 Αἰγέα
1101 2701 1199 2751 τοῦ
1267 2694 1540 2773 βασιλέως
1596 2692 1851 2767 Ἐδεσση-

197 2810 330 2846 νων.

271 2882 342 2936 B'.
375 2871 633 2939 Ἰάκωϐος
670 2876 699 2931 6
727 2879 826 2931 τοῦ
876 2870 1183 2946 Ζεϐεδαίου,
1232 2880 1353 2938 ταῖς
1401 2871 1615 2930 δώδεκα
1652 2872 1851 2954 φυλαῖς

195 2972 318 3031 ταῖς
350 2965 403 3023 ἒν
456 2970 524 3041 τῇ
583 2962 871 3039 διασπορᾷ,
904 2970 1062 3020 πᾶσιν
1118 2963 1342 3040 ἐκήρυξε
1400 2965 1462 3019 τὸ
1515 2961 1851 3040 Εὐαγγέλιον

196 3061 298 3114 τοῦ
374 3056 571 3133 Κυρίου
629 3057 791 3129 ἡμῶν
858 3054 1038 3125 Ἰησοῦ
1105 3058 1337 3128 Χριστοῦ
1378 3099 1391 3111 .
1465 3054 1724 3129 Ἀνῃρέθη
1795 3050 1853 3108 δὲ

206 3145 455 3223 μαχαίρᾳ
484 3144 587 3201 ὑπὸ
625 3141 870 3218 Ἡρώδου
900 3144 1203 3220 τετράρχου
1231 3147 1339 3198 τῶν
1373 3140 1668 3199 Ἰουδαίων.

276 3240 347 3292 I".
389 3231 671 3295 Φίλιππος
700 3234 728 3288 6
778 3231 1083 3295 ἀπόστολος
1125 3232 1176 3288 ἐν
1228 3231 1442 3308 Φρυγίᾳ
1487 3231 1748 3307 κηρύσσει
1790 3231 1852 3286 τὸ

202 3320 540 3399 Εὖαγγέλιον
618 3326 714 3378 τοῦ
770 3321 971 3396 Κυρίου
1024 3326 1204 3392 Ἰησοῦ
1246 3366 1259 3378 .
1321 3322 1588 3377 Θάπτεται
1647 3319 1697 3376 ἐν
1757 3326 1852 3375 Ἰε-

202 3411 434 3470 οαπόλει
467 3413 601 3487 μετὰ
626 3416 735 3466 τῶν
766 3412 1071 3487 θυγατέρων
1116 3408 1365 3482 ἐνδόξως.

274 3508 344 3560 Δ’.
385 3498 814 3576 Βαρθωλομαῖος
872 3502 900 3556 6
959 3498 1287 3571 ἀπόστολος,
1328 3497 1521 3564 Ἰνδοῖς
1584 3505 1703 3563 τοῖς
1760 3520 1854 3555 κα-

202 3590 497 3665 λουμένοις
562 3587 895 3664 Εὖδαίμοσιν
955 3589 1181 3666 έκήρῦξε
1228 3589 1291 3644 τὸ
1364 3587 1702 3665 Εὐαγγέλιον
1758 3594 1854 3644 τοῦ

201 3684 459 3757 Χριστοῦ,
514 3679 605 3735 καὶ
659 3679 722 3734 τὸ
778 3680 915 3735 κατᾶ
953 3681 1224 3736 Ματθαῖον
1284 3678 1468 3742 αὐτοῖς
1517 3676 1852 3755 Εὐαγγὲλιον

202 3765 423 3827 ἔδωκεν.
482 3771 783 3843 Ἐκοιμήθη
847 3766 905 3824 δὲ
962 3768 1014 3824 έν
1066 3764 1469 3825 Ἀλϐανοπόλει
1524 3776 1625 3839 τῆς
1690 3770 1856 3844 μεγάη

203 3857 313 3930 λης
351 3858 660 3936 Ἀρμενίας.

280 3954 352 4005 E'.
383 3954 584 4021 Θωμᾶς
622 3948 651 4002 6
708 3945 1036 4011 ἀπόστολος,
1087 3948 1266 4009 καθὼς
1319 3950 1354 4017 ἡ
1405 3944 1704 4023 παράδοσις
1762 3969 1854 4003 πε-

204 4037 420 4116 ριέχει,
478 4037 711 4111 Πάρθοις
753 4037 843 4091 καὶ
892 4034 1104 4107 Μήδοις
1150 4037 1242 4092 καὶ
1294 4037 1525 4112 Πέρσαις
1563 4037 1653 4092 καὶ
1719 4043 1856 4113 Καρ-

210 4132 403 4201 μανοῖς
466 4126 556 4181 καὶ
633 4131 907 4202 Ὑρκανοῖς
986 4126 1076 4181 καὶ
1164 4126 1422 4201 Βάκτροις
1487 4125 1577 4180 καὶ
1646 4127 1855 4201 Μάγοις

195 4216 423 4290 ἐκήρυξε
477 4215 540 4270 τὸ
606 4213 937 4291 Εὐαγγέγιον
994 4219 1091 4271 τοῦ
1158 4214 1376 4290 Κυρίου.
1432 4216 1736 4288 Ἐκοιμήθη
1800 4214 1850 4270 ἐν

196 4303 359 4362 πόλει
389 4302 675 4381 Καλαμίνῃ
698 4309 816 4367 τοῖς
846 4301 1100 4374 Ἰνδικῆς.

266 4396 375 4471 79'.
436 4394 623 4469 Σίμων
696 4398 997 4457 Χαναναῖος
1046 4438 1060 4464 ,
1127 4394 1156 4449 6
1222 4391 1538 4465 ἐπικληθεὶς
1592 4390 1799 4456 Ἰούδας
1836 4436 1850 4463 ,

194 4482 430 4566 ἀδελφὸς
496 4478 759 4541 Ἰακώϐου
817 4488 915 4539 τοῦ
978 4482 1274 4539 ἐπισκόπου
1307 4527 1324 4555 ,
1387 4482 1535 4546 ὅστις
1602 4484 1693 4538 καὶ
1758 4483 1849 4537 τὸν

194 4573 404 4654 κλῆρον
455 4581 557 4645 τῆς
607 4573 908 4644 ἐπισκοπῆς
965 4571 1181 4645 ἐδέξατο
1243 4576 1378 4649 μετά
1430 4575 1531 4643 τὴν
1587 4568 1849 4649 Ἰακώϐου

190 4669 291 4722 τοῦ
346 4664 565 4721 Δικαίου
615 4665 895 4738 κοίμησιν.
956 4665 1184 4734 Ἔζησεν
1236 4664 1422 4720 ἑκατὸν
1470 4661 1668 4738 εἶ’κοσιν
1730 4657 1844 4733 ἔτη.

195 4756 425 4831 Σταῦρῷ
482 4751 539 4810 δὲ
595 4751 919 4829 παραδοθεὶς
969 4751 1056 4809 ἐπὶ
1102 4757 1368 4830 Τραϊανοῦ
1424 4746 1846 4827 τοῦβασιΛέως,

192 4840 446 4919 διωγμοῦ
478 4841 722 4921 μεγάλου
750 4843 1085 4913 κινηθέντος,
1121 4840 1414 4917 ἐκοιμήθη.
1559 4850 1563 4896 ζ

262 4938 332 4992 Ζ’.
381 4932 642 5004 Ματθίας,
701 4934 778 4996 εἷς
836 4929 910 4990 ὣν
963 4936 1071 4990 τῶν
1105 4926 1534 5007 Ἐὄδομήκοντα,
1583 4952 1849 5007 συγκατα-

1960 2161 2144 2225 nostri
2204 2161 2607 2235 prodiderunt.
2640 2161 2871 2235 Scythis
2901 2165 2958 2218 et
2985 2158 3294 2239 Sogdianis
3325 2165 3382 2220 et
3413 2158 3608 2221 Saccis

1961 2246 2299 2324 praedicavit
2316 2251 2696 2325 Evangelium
2717 2251 2950 2312 Domini
2983 2252 3168 2309 nostri
3199 2252 3607 2329 Jesquristi,

1959 2344 2018 2397 et
2064 2341 2123 2397 in
2174 2340 2538 2413 Sebastopoli
2582 2340 2938 2423 praedicavit,
2972 2358 3099 2413 quas
3156 2342 3611 2423 cognominatur

1961 2446 2196 2504 magna,
2230 2430 2331 2486 ubi
2362 2435 2451 2487 est
2479 2419 2729 2502 irruptio
2750 2431 2979 2503 Apsari,
3011 2434 3072 2488 et
3107 2430 3314 2488 Phasis
3344 2420 3558 2490 ﬂuvius
3591 2419 3607 2489 ἐ

1958 2518 2079 2575 illic
2134 2518 2400 2577 incolunt
2446 2518 2747 2592 IEthiopes
2804 2518 3109 2577 interiores
3138 2521 3179 2577 ².
3214 2519 3491 2594 Sepultus
3520 2526 3612 2580 est

1960 2612 2159 2666 autem
2207 2608 2395 2665 Patris
2442 2608 2673 2665 civitate
2719 2609 2971 2683 Achaiae,
3020 2610 3177 2666 cruci
3226 2611 3477 2669 sufﬁxus
3534 2611 3609 2669 ab

1959 2702 2138 2771 ngea
2167 2698 2438 2772 praefecto
2470 2698 2923 2755 Edessenorum.
3602 2702 3611 2705 τ

2031 2878 2106 2935 II.
2144 2877 2400 2934 Jacobus
2430 2875 2686 2933 Zebedzei
2707 2875 2887 2950 ﬁlius,
2919 2877 3231 2935 duodecim
3261 2878 3452 2936 tribus
3482 2895 3610 2953 qua:

1960 2971 2127 3024 erant
2154 2967 2214 3023 in
2245 2966 2630 3039 dispersione,
2663 2967 2941 3025 omnibus
2985 2967 3322 3041 praedicavit
3349 2969 3612 3042 Evange-

1961 3057 2109 3113 lium
2144 3056 2372 3113 Domini
2430 3056 2616 3113 nostri
2681 3057 2824 3113 Jesu
2853 3055 3090 3113 Christi.
3123 3056 3468 3114 Interfectus
3522 3060 3613 3114 est

1963 3150 2160 3203 autem
2189 3144 2383 3219 gladio
2405 3146 2478 3201 ab
2512 3145 2731 3201 Herode
2760 3144 3058 3201 tetrarcba
3083 3145 3447 3201 Judaaorum.

2036 3235 2130 3291 III.
2194 3234 2494 3308 Philippus
2550 3233 2851 3306 apostolus
2893 3234 2950 3289 in
3012 3233 3258 3307 Phrygia
3332 3234 3611 3308 praedicat

1962 3323 2341 3398 Evangelium
2372 3322 2605 3380 Domini
2632 3323 2794 3380 Jesu.
2816 3322 3111 3396 Sepelitur
3138 3323 3449 3397 Hierapoli,
3474 3341 3608 3381 cum

1886 3448 1934 3513 B
1965 3412 2219 3513 ﬁliabus,
2248 3412 2588 3513 honorifice.

2040 3504 2133 3559 IV.
2158 3501 2618 3565 Bartholomaeus
2640 3500 2961 3574 apostolus,
2985 3501 3145 3558 Indis
3176 3501 3248 3559 iis
3278 3502 3379 3575 qui
3410 3502 3613 3561 dicun-

1963 3594 2061 3648 tur
2115 3592 2419 3649 Fortunati
2474 3590 2807 3664 praedicavit
2850 3590 3232 3664 Evangelium
3290 3591 3524 3665 Christi,
3557 3596 3617 3649 et

1964 3681 2339 3756 Evangelium
2370 3681 2525 3754 quod
2557 3686 2647 3737 est
2671 3681 2998 3737 secundum
3022 3680 3360 3737 Matthaaum
3381 3681 3466 3738 eis
3497 3685 3615 3738 tra-

1965 3771 2134 3830 didit.
2167 3771 2451 3829 Dormivit
2492 3775 2689 3831 autem
2721 3768 3065 3844 Albanopoli
3116 3771 3331 3843 oppido
3371 3771 3614 3843 majoris

1963 3860 2278 3918 Armeniis.
2610 3850 2613 3855 ’
3191 3850 3195 3861 ”
3288 3860 3291 3865 ⁴

2033 3949 2101 4005 V.
2126 3951 2383 4006 Thomas
2411 3949 2733 4022 apostolus,
2765 3949 3264 4021 quemadmodum
3324 3949 3607 4007 traditum

1963 4043 2054 4096 est
2101 4039 2290 4109 nobis,
2321 4039 2551 4096 Parthis
2606 4043 2663 4095 et
2691 4039 2872 4095 Medis
2913 4043 2972 4094 et
2999 4038 3192 4095 Persis
3222 4043 3280 4095 et
3307 4040 3613 4097 Carmania

1964 4132 2021 4184 et
2048 4128 2329 4201 Hyrcanis
2359 4132 2415 4183 et
2461 4128 2684 4185 Bactris
2710 4132 2768 4183 et
2797 4126 2983 4201 Magis
3031 4127 3367 4200 praedicavit
3422 4129 3612 4186 Evan-

1963 4216 2182 4295 gelium
2214 4216 2467 4273 Domini.
2490 4215 2775 4273 Dormivit
2801 4216 2863 4273 in
2893 4216 3124 4273 civitate
3145 4216 3465 4292 Calamina,
3486 4235 3613 4293 quae

1962 4298 2054 4363 est
2082 4305 2279 4362 Indiae.

2032 4396 2126 4453 VI.
2169 4396 2371 4453 Simon
2402 4395 2783 4469 Chananaaus,
2816 4401 3200 4471 cognomento
3228 4397 3435 4470 Judas,
3495 4398 3609 4455 fra-

1960 4489 2049 4542 ter
2075 4485 2277 4544 Jacobi
2337 4484 2615 4559 episcopi,
2648 4484 2749 4558 qui
2777 4489 2836 4542 et
2864 4486 3150 4543 successit
3172 4485 3257 4542 illi
3288 4486 3346 4542 in
3379 4486 3609 4558 episco-

1960 4579 2185 4649 patum,
2211 4580 2343 4648 post
2370 4575 2597 4632 obitum
2626 4574 2828 4633 Jacobi
2859 4579 3245 4649 cognomento
3274 4574 3607 4647 Justi,vixit

1959 4681 2145 4721 annos
2173 4664 2379 4737 viginti
2410 4681 2591 4738 supra
2618 4667 2874 4720 centum.
2906 4662 3227 4719 Crucifixus
3269 4667 3466 4720 autem
3495 4665 3607 4721 sub

1956 4752 2207 4827 Trojano
2238 4754 2610 4827 imperatore,
2642 4757 2801 4809 mota
2828 4750 3231 4825 persecutione
3259 4751 3440 4825 gravi,
3472 4753 3604 4809 dor-

1878 4818 1921 4885 C
1960 4818 2148 4900 mivit.

2027 4931 2149 4990 VII.
2183 4932 2628 5004 Matthias,cum
2662 4948 2818 4989 unus
2848 4934 3003 4989 esset
3029 4946 3061 4989 e
3091 4946 3334 4988 numero
3363 4933 3603 5006 Septua-

191 5022 480 5100 ριθμηθεὶς
520 5019 578 5083 δὲ
654 5023 790 5098 μετά
859 5026 968 5078 τῶν
1047 5018 1239 5080 ἕνδεκα
1302 5019 1619 5078 ἀποστὸλων
1658 5066 1673 5092 ,
1728 5020 1845 5077 ἀντὶ

2030 5025 2137 5095 nte,
2171 5021 2416 5083 allectus
2446 5026 2534 5078 est
2590 5021 2650 5077 in
2681 5020 2946 5078 ordinem
2997 5019 3270 5078 undecim
3307 5021 3601 5095 apostolo-

190 5109 370 5171 Ἰούδα
417 5114 517 5170 τοῦ
566 5111 913 5188 Ἰσκαριώτου
950 5116 1048 5169 τοῦ
1104 5110 1374 5188 προδότου
1431 5101 1748 5187 γενομένου,
1790 5110 1842 5165 ἐν

2030 5127 2108 5180 m,
2143 5111 2204 5169 in
2234 5109 2428 5177 locum
2457 5111 2622 5168 Judaa
2678 5111 2990 5182 Iscariotae,
3013 5109 3115 5183 qui
3175 5109 3285 5167 fuit
3314 5111 3599 5184 proditor.

186 5204 311 5278 τῇ*
348 5199 573 5277 δευτέρᾳ
598 5200 877 5275 Αίθιοπίᾳ,
927 5199 1063 5259 ὅπου
1111 5205 1147 5273 ἡ
1194 5196 1524 5279 παρεμϐολή
1577 5201 1842 5275 Ἀψάρου,

1954 5201 2017 5258 In
2047 5200 2231 5260 altera
2282 5200 2577 5274 Ethiopia
2603 5201 2645 5274 ³,
2679 5201 2779 5258 ubi
2833 5204 2923 5258 est
2979 5199 3225 5272 irruptio
3282 5200 3510 5274 Apsari,
3545 5206 3604 5260 et

188 5290 283 5349 καὶ
327 5294 523 5349 Ὕσσου
570 5289 777 5367 λιμὴν,
822 5290 1048 5367 ἐκήρυξε
1100 5292 1163 5349 τὸ
1211 5289 1571 5368 Εὐαγγέλιον,
1604 5290 1838 5367 «ἀγρίοις

2030 5291 2121 5349 ἐεἰ
2179 5295 2405 5365 portus,
2436 5290 2771 5364 praedicavit
2821 5288 3224 5363 Evangelium,
3256 5290 3413 5348 900
3463 5308 3600 5349 cum

186 5381 509 5460 ἀνθρώποις,
542 5378 685 5455 οὖσι,
736 5383 901 5443 οὔθ,
922 5383 1023 5440 Καὶ
1061 5382 1356 5457 ἐκοιμήθη,
1405 5381 1496 5437 καὶ
1526 5380 1638 5437 ἐκεῖ
1666 5379 1835 5460 ἐτάφη

2030 5384 2147 5439 ient
2172 5380 2446 5438 homines
2472 5384 2752 5454 agrestes.
2786 5379 2855 5436 Et
2882 5378 3005 5435 illic
3037 5378 3335 5453 dormivit,
3368 5385 3428 5439 et
3478 5379 3600 5439 illic

186 5466 297 5536 ἕως
332 5477 439 5544 τῆς
468 5472 731 5547 σῆμβρον.

1948 5469 2216 5544 sepultus
2244 5474 2356 5540 est,
2389 5484 2576 5542 usque
2596 5469 2668 5526 ad
2699 5468 3049 5526 hodiernum
3081 5468 3262 5527 diem.

254 5660 273 5696 ⁸
307 5658 541 5719 Scilicet
591 5659 831 5718 Simonta
880 5661 1056 5730 Petri,
1088 5676 1226 5717 nam
1330 5658 1553 5729 roxime
1581 5677 1616 5717 a
1647 5658 1835 5732 capite
1945 5659 2299 5733 impressam
2328 5656 2639 5725 lectionem
2671 5655 2926 5733 έσώτεροι
2958 5659 3177 5717 rectius
3207 5662 3428 5727 tuetur.

254 5731 386 5789 imn
416 5730 539 5789 hac
567 5731 797 5789 Pseudo
822 5732 1190 5789 Sonhronius
1219 5677 1539 5789 sugtexuit.
2014 5730 2036 5768 ³
2066 5729 2270 5789 Huetio
2328 5729 2669 5789 probaretur
2725 5731 2912 5789 magis
2968 5728 3207 5789 ἐσωτέοα
3267 5747 3281 5786 :
3326 5746 3428 5789 auc

183 5731 386 5808 primo.
405 5730 539 5808 hac
567 5731 797 5808 Pseudo
822 5724 1199 5808 Sophronius
1203 5724 1539 5808 subtexuit.

2014 5728 2270 5805 3'Huetio
2328 5728 2912 5805 probaretunm‘agis
2968 5728 3207 5805 ἐσωτέρᾳ
3267 5747 3281 5786 :
3326 5730 3482 5805 quod
3539 5746 3571 5786 e

256 5780 538 5864 ίᾟὶιῖἑῗ
552 5780 1834 5880 eiEi-"td;‘é’ééﬁclli'hdﬁirfél’.’Fabricius

2030 5780 2289 5878 pasti,
2323 5780 2661 5865 Κὶὀίὲἷὲεζῦἱ
2694 5780 2950 5880 ὲὲὦῗὲῥόι
2972 5780 3372 5885 ’έιῖρἑἰέηίυί
