  <div class='ocr_page' id='page_1' title='image "/cluster/home/n/w/nwhite01/storage/ocr_20150623/23/umn.31951d034773078/391.png"; bbox 0 0 3966 6396; ppageno 0'>
   <div class='ocr_carea' id='block_1_1' title="bbox 408 446 3814 550">
    <p class='ocr_par' dir='ltr' id='par_1_1' title="bbox 408 446 3814 550">
     <span class='ocr_line' id='line_1_1' title="bbox 408 446 3814 550; baseline -0 -3"><span class='ocrx_word' id='word_1_1' title='bbox 408 446 529 547; x_wconf 61' lang='grc' dir='ltr'><strong>ἧ63</strong></span> <span class='ocrx_word' id='word_1_2' title='bbox 1538 460 1543 467; x_wconf 86' lang='grc'><em>’</em></span> <span class='ocrx_word' id='word_1_3' title='bbox 1584 457 1701 549; x_wconf 74' lang='lat' dir='ltr'><strong>&quot;s.</strong></span> <span class='ocrx_word' id='word_1_4' title='bbox 1751 481 2062 548; x_wconf 81' lang='lat' dir='ltr'><strong>EUSEBII</strong></span> <span class='ocrx_word' id='word_1_5' title='bbox 2102 477 2575 550; x_wconf 81' lang='lat' dir='ltr'><strong>HIERONYMI.</strong></span> <span class='ocrx_word' id='word_1_6' title='bbox 3686 479 3814 548; x_wconf 72' lang='grc' dir='ltr'><strong>τοι</strong></span> 
     </span>
    </p>
   </div>
   <div class='ocr_carea' id='block_1_2' title="bbox 478 616 2044 699">
    <p class='ocr_par' dir='ltr' id='par_1_2' title="bbox 478 617 2044 694">
     <span class='ocr_line' id='line_1_2' title="bbox 478 617 2044 694; baseline 0 -22"><span class='ocrx_word' id='word_1_7' title='bbox 478 617 629 676; x_wconf 83' lang='lat' dir='ltr'><strong>VIII.</strong></span> <span class='ocrx_word' id='word_1_8' title='bbox 661 618 1005 675; x_wconf 74' lang='lat' dir='ltr'><strong>Timotheus</strong></span> <span class='ocrx_word' id='word_1_9' title='bbox 1037 623 1253 694; x_wconf 83' lang='lat' dir='ltr'><strong>autem,</strong></span> <span class='ocrx_word' id='word_1_10' title='bbox 1287 618 1666 694; x_wconf 81' lang='lat' dir='ltr'><strong>Ephesiorum</strong></span> <span class='ocrx_word' id='word_1_11' title='bbox 1718 619 2044 691; x_wconf 83' lang='lat' dir='ltr'><strong>cpiscopus,</strong></span> 
     </span>
    </p>
   </div>
   <div class='ocr_carea' id='block_1_3' title="bbox 2241 616 3807 699">
    <p class='ocr_par' dir='ltr' id='par_1_3' title="bbox 2241 616 3807 699">
     <span class='ocr_line' id='line_1_3' title="bbox 2241 616 3807 699; baseline 0.002 -28"><span class='ocrx_word' id='word_1_12' title='bbox 2241 623 2312 674; x_wconf 79' lang='lat'><strong>11&#39;.</strong></span> <span class='ocrx_word' id='word_1_13' title='bbox 2377 619 2638 691; x_wconf 75' lang='grc' dir='ltr'>Τιμόθεος</span> <span class='ocrx_word' id='word_1_14' title='bbox 2686 616 2779 699; x_wconf 71' lang='grc' dir='ltr'><strong>δὲ,⁸</strong></span> <span class='ocrx_word' id='word_1_15' title='bbox 2815 620 2842 674; x_wconf 79' lang='grc' dir='ltr'>ὁ</span> <span class='ocrx_word' id='word_1_16' title='bbox 2893 618 3186 683; x_wconf 76' lang='grc' dir='ltr'><strong>ἐπίσκοπος</strong></span> <span class='ocrx_word' id='word_1_17' title='bbox 3241 616 3487 699; x_wconf 74' lang='grc' dir='ltr'>Ἐφέσου,</span> <span class='ocrx_word' id='word_1_18' title='bbox 3542 636 3807 675; x_wconf 83' lang='grc' dir='ltr'>καταστα-</span> 
     </span>
    </p>
   </div>
   <div class='ocr_carea' id='block_1_4' title="bbox 411 707 1977 783">
    <p class='ocr_par' dir='ltr' id='par_1_4' title="bbox 411 708 1933 783">
     <span class='ocr_line' id='line_1_4' title="bbox 411 708 1933 783; baseline -0.002 -18"><span class='ocrx_word' id='word_1_19' title='bbox 411 708 717 765; x_wconf 83' lang='lat' dir='ltr'><strong>ordinatus</strong></span> <span class='ocrx_word' id='word_1_20' title='bbox 748 726 783 765; x_wconf 91' lang='lat' dir='ltr'><strong>a</strong></span> <span class='ocrx_word' id='word_1_21' title='bbox 810 710 979 765; x_wconf 88' lang='lat' dir='ltr'><strong>beato</strong></span> <span class='ocrx_word' id='word_1_22' title='bbox 1011 710 1210 781; x_wconf 89' lang='lat' dir='ltr'><strong>Paulo,</strong></span> <span class='ocrx_word' id='word_1_23' title='bbox 1244 728 1311 767; x_wconf 84' lang='lat' dir='ltr'><strong>ex</strong></span> <span class='ocrx_word' id='word_1_24' title='bbox 1339 710 1612 783; x_wconf 82' lang='lat' dir='ltr'><strong>gentibus</strong></span> <span class='ocrx_word' id='word_1_25' title='bbox 1642 712 1784 777; x_wconf 86' lang='lat' dir='ltr'><strong>erat,</strong></span> <span class='ocrx_word' id='word_1_26' title='bbox 1819 724 1933 763; x_wconf 90' lang='lat' dir='ltr'><strong>non</strong></span> 
     </span>
    </p>
   </div>
   <div class='ocr_carea' id='block_1_5' title="bbox 2241 707 3807 783">
    <p class='ocr_par' dir='ltr' id='par_1_5' title="bbox 2245 707 3807 781">
     <span class='ocr_line' id='line_1_5' title="bbox 2245 707 3807 781; baseline 0.002 -21"><span class='ocrx_word' id='word_1_27' title='bbox 2245 728 2268 768; x_wconf 94' lang='grc' dir='ltr'>ς</span> <span class='ocrx_word' id='word_1_28' title='bbox 2301 708 2401 761; x_wconf 74' lang='grc' dir='ltr'><strong>ὑπὸ</strong></span> <span class='ocrx_word' id='word_1_29' title='bbox 2438 713 2534 761; x_wconf 78' lang='grc' dir='ltr'>τοῦ</span> <span class='ocrx_word' id='word_1_30' title='bbox 2576 710 2840 781; x_wconf 81' lang='grc' dir='ltr'>μακαρίου</span> <span class='ocrx_word' id='word_1_31' title='bbox 2892 707 3130 777; x_wconf 77' lang='grc' dir='ltr'>Παύλου,</span> <span class='ocrx_word' id='word_1_32' title='bbox 3173 707 3223 781; x_wconf 86' lang='grc' dir='ltr'><strong>ἐξ</strong></span> <span class='ocrx_word' id='word_1_33' title='bbox 3269 709 3431 764; x_wconf 83' lang='grc' dir='ltr'>ἐθνῶν</span> <span class='ocrx_word' id='word_1_34' title='bbox 3483 709 3572 778; x_wconf 75' lang='grc' dir='ltr'>ἦν,</span> <span class='ocrx_word' id='word_1_35' title='bbox 3618 707 3719 763; x_wconf 74' lang='grc' dir='ltr'>οὐκ</span> <span class='ocrx_word' id='word_1_36' title='bbox 3748 707 3807 763; x_wconf 86' lang='grc' dir='ltr'><strong>ἐκ</strong></span> 
     </span>
    </p>
   </div>
   <div class='ocr_carea' id='block_1_6' title="bbox 410 793 1976 876">
    <p class='ocr_par' dir='ltr' id='par_1_6' title="bbox 410 793 1976 872">
     <span class='ocr_line' id='line_1_6' title="bbox 410 793 1976 872; baseline -0.001 -19"><span class='ocrx_word' id='word_1_37' title='bbox 410 798 880 855; x_wconf 80' lang='lat' dir='ltr'><strong>circumcisione.</strong></span> <span class='ocrx_word' id='word_1_38' title='bbox 915 799 993 855; x_wconf 92' lang='lat' dir='ltr'><strong>De</strong></span> <span class='ocrx_word' id='word_1_39' title='bbox 1023 817 1137 872; x_wconf 90' lang='lat' dir='ltr'><strong>quo</strong></span> <span class='ocrx_word' id='word_1_40' title='bbox 1178 793 1362 856; x_wconf 81' lang='lat' dir='ltr'><strong>multa</strong></span> <span class='ocrx_word' id='word_1_41' title='bbox 1394 803 1641 855; x_wconf 78' lang='lat' dir='ltr'><strong>testatur</strong></span> <span class='ocrx_word' id='word_1_42' title='bbox 1679 797 1913 868; x_wconf 81' lang='lat' dir='ltr'><strong>Paulus,</strong></span> <span class='ocrx_word' id='word_1_43' title='bbox 1948 814 1976 852; x_wconf 87' lang='lat' dir='ltr'><strong>a</strong></span> 
     </span>
    </p>
   </div>
   <div class='ocr_carea' id='block_1_7' title="bbox 2238 793 3804 876">
    <p class='ocr_par' dir='ltr' id='par_1_7' title="bbox 2238 796 3804 876">
     <span class='ocr_line' id='line_1_7' title="bbox 2238 796 3804 876; baseline 0.003 -28"><span class='ocrx_word' id='word_1_44' title='bbox 2238 803 2462 868; x_wconf 70' lang='grc' dir='ltr'>οιτομῆς</span> <span class='ocrx_word' id='word_1_45' title='bbox 2498 816 2510 828; x_wconf 88' lang='grc'><strong>·</strong></span> <span class='ocrx_word' id='word_1_46' title='bbox 2543 798 2587 869; x_wconf 85' lang='grc' dir='ltr'>ᾦ</span> <span class='ocrx_word' id='word_1_47' title='bbox 2636 798 2725 851; x_wconf 82' lang='grc' dir='ltr'><strong>καὶ</strong></span> <span class='ocrx_word' id='word_1_48' title='bbox 2772 796 2957 853; x_wconf 83' lang='grc' dir='ltr'>πολλά</span> <span class='ocrx_word' id='word_1_49' title='bbox 3017 805 3277 876; x_wconf 84' lang='grc' dir='ltr'>μαρτυρεῖ</span> <span class='ocrx_word' id='word_1_50' title='bbox 3333 796 3571 868; x_wconf 77' lang='grc' dir='ltr'><strong>Παῦλος,</strong></span> <span class='ocrx_word' id='word_1_51' title='bbox 3622 799 3804 852; x_wconf 74' lang='grc' dir='ltr'>νουθε-</span> 
     </span>
    </p>
   </div>
   <div class='ocr_carea' id='block_1_8' title="bbox 408 884 1974 964">
    <p class='ocr_par' dir='ltr' id='par_1_8' title="bbox 408 886 1974 961">
     <span class='ocr_line' id='line_1_8' title="bbox 408 886 1974 961; baseline -0.001 -19"><span class='ocrx_word' id='word_1_52' title='bbox 408 903 655 943; x_wconf 90' lang='lat' dir='ltr'><strong>monens</strong></span> <span class='ocrx_word' id='word_1_53' title='bbox 684 891 750 943; x_wconf 90' lang='lat' dir='ltr'><strong>ut</strong></span> <span class='ocrx_word' id='word_1_54' title='bbox 787 887 1090 944; x_wconf 75' lang='lat' dir='ltr'><strong>honestam</strong></span> <span class='ocrx_word' id='word_1_55' title='bbox 1122 890 1540 961; x_wconf 85' lang='lat' dir='ltr'><strong>professionem</strong></span> <span class='ocrx_word' id='word_1_56' title='bbox 1595 887 1715 943; x_wconf 87' lang='lat' dir='ltr'><strong>dati</strong></span> <span class='ocrx_word' id='word_1_57' title='bbox 1764 887 1872 941; x_wconf 82' lang='lat' dir='ltr'><strong>sibi</strong></span> <span class='ocrx_word' id='word_1_58' title='bbox 1907 886 1974 941; x_wconf 89' lang='lat' dir='ltr'><strong>do</strong></span> 
     </span>
    </p>
   </div>
   <div class='ocr_carea' id='block_1_9' title="bbox 2236 884 3802 964">
    <p class='ocr_par' dir='ltr' id='par_1_9' title="bbox 2239 884 3802 964">
     <span class='ocr_line' id='line_1_9' title="bbox 2239 884 3802 964; baseline 0.001 -26"><span class='ocrx_word' id='word_1_59' title='bbox 2239 907 2263 937; x_wconf 92' lang='grc' dir='ltr'>ν</span> <span class='ocrx_word' id='word_1_60' title='bbox 2297 886 2397 954; x_wconf 76' lang='grc' dir='ltr'><strong>την</strong></span> <span class='ocrx_word' id='word_1_61' title='bbox 2447 884 2621 955; x_wconf 71' lang='grc' dir='ltr'>καλὴν</span> <span class='ocrx_word' id='word_1_62' title='bbox 2668 887 2969 963; x_wconf 76' lang='grc' dir='ltr'><strong>ὁμολογίαν</strong></span> <span class='ocrx_word' id='word_1_63' title='bbox 3018 894 3115 943; x_wconf 75' lang='grc' dir='ltr'><strong>τοῦ</strong></span> <span class='ocrx_word' id='word_1_64' title='bbox 3154 885 3402 950; x_wconf 75' lang='grc' dir='ltr'><strong>δοθέντος</strong></span> <span class='ocrx_word' id='word_1_65' title='bbox 3452 887 3598 959; x_wconf 84' lang='grc' dir='ltr'>αὐτῷ</span> <span class='ocrx_word' id='word_1_66' title='bbox 3642 887 3802 964; x_wconf 77' lang='grc' dir='ltr'>χαρί-</span> 
     </span>
    </p>
   </div>
   <div class='ocr_carea' id='block_1_10' title="bbox 403 974 1969 1052">
    <p class='ocr_par' dir='ltr' id='par_1_10' title="bbox 403 976 1843 1049">
     <span class='ocr_line' id='line_1_10' title="bbox 403 976 1843 1049; baseline -0.001 -18"><span class='ocrx_word' id='word_1_67' title='bbox 403 981 679 1047; x_wconf 85' lang='lat' dir='ltr'><strong>servaret,</strong></span> <span class='ocrx_word' id='word_1_68' title='bbox 712 976 811 1048; x_wconf 87' lang='lat' dir='ltr'><strong>qui</strong></span> <span class='ocrx_word' id='word_1_69' title='bbox 844 981 901 1032; x_wconf 89' lang='lat' dir='ltr'><strong>et</strong></span> <span class='ocrx_word' id='word_1_70' title='bbox 929 977 1179 1049; x_wconf 80' lang='lat' dir='ltr'><strong>gloriose</strong></span> <span class='ocrx_word' id='word_1_71' title='bbox 1209 977 1328 1032; x_wconf 92' lang='lat' dir='ltr'><strong>illic</strong></span> <span class='ocrx_word' id='word_1_72' title='bbox 1359 976 1707 1032; x_wconf 84' lang='lat' dir='ltr'><strong>testiﬁcatus</strong></span> <span class='ocrx_word' id='word_1_73' title='bbox 1737 980 1843 1031; x_wconf 87' lang='lat' dir='ltr'><strong>est.</strong></span> 
     </span>
    </p>
   </div>
   <div class='ocr_carea' id='block_1_11' title="bbox 2122 974 3688 1052">
    <p class='ocr_par' dir='ltr' id='par_1_11' title="bbox 2160 974 3688 1052">
     <span class='ocr_line' id='line_1_11' title="bbox 2160 974 3688 1052; baseline 0.003 -25"><span class='ocrx_word' id='word_1_74' title='bbox 2160 994 2365 1046; x_wconf 83' lang='grc' dir='ltr'>σματος</span> <span class='ocrx_word' id='word_1_75' title='bbox 2396 974 2649 1052; x_wconf 76' lang='grc' dir='ltr'>φυλάξαι,</span> <span class='ocrx_word' id='word_1_76' title='bbox 2680 977 2741 1038; x_wconf 78' lang='grc' dir='ltr'><strong>ὃς</strong></span> <span class='ocrx_word' id='word_1_77' title='bbox 2777 976 2866 1031; x_wconf 77' lang='grc' dir='ltr'><strong>καὶ</strong></span> <span class='ocrx_word' id='word_1_78' title='bbox 2900 975 3127 1047; x_wconf 79' lang='grc' dir='ltr'><strong>ἐνδόξως</strong></span> <span class='ocrx_word' id='word_1_79' title='bbox 3159 977 3269 1033; x_wconf 82' lang='grc' dir='ltr'>ἐκεῖ</span> <span class='ocrx_word' id='word_1_80' title='bbox 3300 976 3688 1052; x_wconf 70' lang='grc' dir='ltr'><strong>ἐμαρτύρησεν.</strong></span> 
     </span>
    </p>
   </div>
   <div class='ocr_carea' id='block_1_12' title="bbox 471 1063 2037 1140">
    <p class='ocr_par' dir='ltr' id='par_1_12' title="bbox 471 1063 2037 1138">
     <span class='ocr_line' id='line_1_12' title="bbox 471 1063 2037 1138; baseline -0.002 -17"><span class='ocrx_word' id='word_1_81' title='bbox 471 1065 560 1121; x_wconf 89' lang='grc' dir='ltr'>ΙΧ.</span> <span class='ocrx_word' id='word_1_82' title='bbox 595 1064 783 1134; x_wconf 87' lang='lat' dir='ltr'><strong>Titus,</strong></span> <span class='ocrx_word' id='word_1_83' title='bbox 816 1066 1125 1138; x_wconf 86' lang='lat' dir='ltr'><strong>episcopus</strong></span> <span class='ocrx_word' id='word_1_84' title='bbox 1156 1066 1352 1137; x_wconf 60' lang='lat' dir='ltr'><strong>Creta,</strong></span> <span class='ocrx_word' id='word_1_85' title='bbox 1390 1066 1446 1120; x_wconf 90' lang='lat' dir='ltr'><strong>in</strong></span> <span class='ocrx_word' id='word_1_86' title='bbox 1502 1066 1704 1121; x_wconf 90' lang='lat' dir='ltr'><strong>eadem</strong></span> <span class='ocrx_word' id='word_1_87' title='bbox 1744 1070 1801 1120; x_wconf 89' lang='lat' dir='ltr'><strong>et</strong></span> <span class='ocrx_word' id='word_1_88' title='bbox 1840 1065 1898 1119; x_wconf 89' lang='lat' dir='ltr'><strong>in</strong></span> <span class='ocrx_word' id='word_1_89' title='bbox 1931 1063 2037 1119; x_wconf 87' lang='lat' dir='ltr'><strong>cir-</strong></span> 
     </span>
    </p>
   </div>
   <div class='ocr_carea' id='block_1_13' title="bbox 2234 1063 3800 1140">
    <p class='ocr_par' dir='ltr' id='par_1_13' title="bbox 2234 1063 3800 1140">
     <span class='ocr_line' id='line_1_13' title="bbox 2234 1063 3800 1140; baseline 0.001 -24"><span class='ocrx_word' id='word_1_90' title='bbox 2234 1069 2295 1118; x_wconf 80' lang='lat' dir='ltr'><strong>B&#39;.</strong></span> <span class='ocrx_word' id='word_1_91' title='bbox 2355 1068 2531 1133; x_wconf 85' lang='grc' dir='ltr'>Τῖτος,</span> <span class='ocrx_word' id='word_1_92' title='bbox 2592 1063 2884 1128; x_wconf 81' lang='grc' dir='ltr'><strong>ἐπίσκοπος</strong></span> <span class='ocrx_word' id='word_1_93' title='bbox 2943 1069 3182 1140; x_wconf 74' lang='grc' dir='ltr'>Κρήτης,</span> <span class='ocrx_word' id='word_1_94' title='bbox 3242 1066 3293 1121; x_wconf 85' lang='grc' dir='ltr'>ἐν</span> <span class='ocrx_word' id='word_1_95' title='bbox 3356 1066 3489 1140; x_wconf 79' lang='grc' dir='ltr'>αὐτῇ</span> <span class='ocrx_word' id='word_1_96' title='bbox 3536 1066 3626 1120; x_wconf 84' lang='grc' dir='ltr'><strong>καὶ</strong></span> <span class='ocrx_word' id='word_1_97' title='bbox 3679 1070 3800 1127; x_wconf 82' lang='grc' dir='ltr'>ταῖς</span> 
     </span>
    </p>
   </div>
   <div class='ocr_carea' id='block_1_14' title="bbox 397 1152 1963 1231">
    <p class='ocr_par' dir='ltr' id='par_1_14' title="bbox 397 1153 1961 1227">
     <span class='ocr_line' id='line_1_14' title="bbox 397 1153 1961 1227; baseline -0.001 -18"><span class='ocrx_word' id='word_1_98' title='bbox 397 1154 863 1226; x_wconf 86' lang='lat' dir='ltr'><strong>cumjacentibus</strong></span> <span class='ocrx_word' id='word_1_99' title='bbox 895 1155 1104 1210; x_wconf 87' lang='lat' dir='ltr'><strong>insulis</strong></span> <span class='ocrx_word' id='word_1_100' title='bbox 1134 1155 1465 1227; x_wconf 73' lang='lat' dir='ltr'><strong>praedicavit</strong></span> <span class='ocrx_word' id='word_1_101' title='bbox 1485 1153 1858 1226; x_wconf 82' lang='lat' dir='ltr'><strong>Evangelium</strong></span> <span class='ocrx_word' id='word_1_102' title='bbox 1884 1154 1961 1209; x_wconf 88' lang='lat' dir='ltr'><strong>Ch</strong></span> 
     </span>
    </p>
   </div>
   <div class='ocr_carea' id='block_1_15' title="bbox 2227 1152 3793 1231">
    <p class='ocr_par' dir='ltr' id='par_1_15' title="bbox 2228 1152 3793 1231">
     <span class='ocr_line' id='line_1_15' title="bbox 2228 1152 3793 1231; baseline 0.003 -26"><span class='ocrx_word' id='word_1_103' title='bbox 2228 1152 2309 1227; x_wconf 79' lang='grc' dir='ltr'><strong>ριξ</strong></span> <span class='ocrx_word' id='word_1_104' title='bbox 2359 1155 2549 1223; x_wconf 81' lang='grc' dir='ltr'>νήσοις</span> <span class='ocrx_word' id='word_1_105' title='bbox 2612 1152 2834 1229; x_wconf 74' lang='grc' dir='ltr'>ἐκήρυξε</span> <span class='ocrx_word' id='word_1_106' title='bbox 2888 1156 2950 1209; x_wconf 85' lang='grc' dir='ltr'>τὸ</span> <span class='ocrx_word' id='word_1_107' title='bbox 3004 1153 3338 1231; x_wconf 76' lang='grc' dir='ltr'>Εὐαγγέλιον</span> <span class='ocrx_word' id='word_1_108' title='bbox 3385 1160 3482 1210; x_wconf 76' lang='grc' dir='ltr'>τοῦ</span> <span class='ocrx_word' id='word_1_109' title='bbox 3541 1159 3793 1231; x_wconf 66' lang='grc' dir='ltr'>Χριποιῦ.</span> 
     </span>
    </p>
   </div>
   <div class='ocr_carea' id='block_1_16' title="bbox 398 1240 1964 1323">
    <p class='ocr_par' dir='ltr' id='par_1_16' title="bbox 398 1242 1959 1315">
     <span class='ocr_line' id='line_1_16' title="bbox 398 1242 1959 1315; baseline -0.001 -17"><span class='ocrx_word' id='word_1_110' title='bbox 398 1242 495 1299; x_wconf 91' lang='lat' dir='ltr'><strong>sti.</strong></span> <span class='ocrx_word' id='word_1_111' title='bbox 530 1243 751 1299; x_wconf 89' lang='lat' dir='ltr'><strong>Ibidem</strong></span> <span class='ocrx_word' id='word_1_112' title='bbox 805 1249 1000 1299; x_wconf 87' lang='lat' dir='ltr'><strong>autem</strong></span> <span class='ocrx_word' id='word_1_113' title='bbox 1048 1249 1103 1299; x_wconf 90' lang='lat' dir='ltr'><strong>et</strong></span> <span class='ocrx_word' id='word_1_114' title='bbox 1158 1243 1453 1313; x_wconf 81' lang='lat' dir='ltr'><strong>dormivit,</strong></span> <span class='ocrx_word' id='word_1_115' title='bbox 1500 1249 1557 1299; x_wconf 74' lang='lat' dir='ltr'><strong>ut</strong></span> <span class='ocrx_word' id='word_1_116' title='bbox 1609 1242 1873 1315; x_wconf 88' lang='lat' dir='ltr'><strong>sepultus</strong></span> <span class='ocrx_word' id='word_1_117' title='bbox 1930 1259 1959 1297; x_wconf 90' lang='lat' dir='ltr'><strong>e</strong></span> 
     </span>
    </p>
   </div>
   <div class='ocr_carea' id='block_1_17' title="bbox 1816 1240 3382 1323">
    <p class='ocr_par' dir='ltr' id='par_1_17' title="bbox 1816 1240 3382 1323">
     <span class='ocr_line' id='line_1_17' title="bbox 1816 1240 3382 1323; baseline 0.002 -26"><span class='ocrx_word' id='word_1_118' title='bbox 1816 1261 1873 1298; x_wconf 82' lang='lat' dir='ltr'><strong>JS</strong></span> <span class='ocrx_word' id='word_1_119' title='bbox 1930 1246 2036 1313; x_wconf 86' lang='lat' dir='ltr'><strong>est,</strong></span> <span class='ocrx_word' id='word_1_120' title='bbox 2152 1246 2294 1295; x_wconf 83' lang='grc' dir='ltr'><strong>Ἐκεῖ</strong></span> <span class='ocrx_word' id='word_1_121' title='bbox 2324 1243 2413 1297; x_wconf 80' lang='grc' dir='ltr'><strong>καὶ</strong></span> <span class='ocrx_word' id='word_1_122' title='bbox 2454 1240 2748 1315; x_wconf 72' lang='grc' dir='ltr'>ἐκοιμήθη,</span> <span class='ocrx_word' id='word_1_123' title='bbox 2778 1243 2867 1298; x_wconf 86' lang='grc' dir='ltr'><strong>καὶ</strong></span> <span class='ocrx_word' id='word_1_124' title='bbox 2900 1243 3066 1323; x_wconf 70' lang='grc' dir='ltr'>ἐτάφη</span> <span class='ocrx_word' id='word_1_125' title='bbox 3100 1243 3151 1299; x_wconf 89' lang='grc' dir='ltr'>ἐν</span> <span class='ocrx_word' id='word_1_126' title='bbox 3186 1246 3382 1321; x_wconf 73' lang='grc' dir='ltr'>Κρήτῃ.</span> 
     </span>
    </p>
   </div>
   <div class='ocr_carea' id='block_1_18' title="bbox 394 1333 900 1404">
    <p class='ocr_par' dir='ltr' id='par_1_18' title="bbox 394 1333 900 1404">
     <span class='ocr_line' id='line_1_18' title="bbox 394 1333 900 1404; baseline 0 -16"><span class='ocrx_word' id='word_1_127' title='bbox 394 1347 604 1404; x_wconf 86' lang='lat' dir='ltr'><strong>nempe</strong></span> <span class='ocrx_word' id='word_1_128' title='bbox 630 1333 688 1388; x_wconf 90' lang='lat' dir='ltr'><strong>in</strong></span> <span class='ocrx_word' id='word_1_129' title='bbox 716 1333 900 1389; x_wconf 85' lang='lat' dir='ltr'><strong>Creta.</strong></span> 
     </span>
    </p>
   </div>
   <div class='ocr_carea' id='block_1_19' title="bbox 461 1418 2027 1497">
    <p class='ocr_par' dir='ltr' id='par_1_19' title="bbox 461 1420 2027 1495">
     <span class='ocr_line' id='line_1_19' title="bbox 461 1420 2027 1495; baseline 0 -19"><span class='ocrx_word' id='word_1_130' title='bbox 461 1420 527 1477; x_wconf 87' lang='lat' dir='ltr'><strong>X.</strong></span> <span class='ocrx_word' id='word_1_131' title='bbox 560 1422 835 1478; x_wconf 84' lang='lat' dir='ltr'><strong>Crescens</strong></span> <span class='ocrx_word' id='word_1_132' title='bbox 886 1421 945 1477; x_wconf 89' lang='lat' dir='ltr'><strong>in</strong></span> <span class='ocrx_word' id='word_1_133' title='bbox 977 1420 1182 1478; x_wconf 84' lang='lat' dir='ltr'><strong>Galliis</strong></span> <span class='ocrx_word' id='word_1_134' title='bbox 1203 1422 1222 1457; x_wconf 78' lang='grc'>¹</span> <span class='ocrx_word' id='word_1_135' title='bbox 1252 1420 1585 1495; x_wconf 66' lang='lat' dir='ltr'><strong>praedicavit</strong></span> <span class='ocrx_word' id='word_1_136' title='bbox 1639 1421 2027 1494; x_wconf 77' lang='lat' dir='ltr'><strong>Evangelium,</strong></span> 
     </span>
    </p>
   </div>
   <div class='ocr_carea' id='block_1_20' title="bbox 2226 1418 3792 1497">
    <p class='ocr_par' dir='ltr' id='par_1_20' title="bbox 2226 1418 3792 1497">
     <span class='ocr_line' id='line_1_20' title="bbox 2226 1418 3792 1497; baseline 0.001 -22"><span class='ocrx_word' id='word_1_137' title='bbox 2226 1425 2272 1476; x_wconf 91' lang='lat' dir='ltr'><strong>l’.</strong></span> <span class='ocrx_word' id='word_1_138' title='bbox 2308 1421 2567 1497; x_wconf 88' lang='grc' dir='ltr'>Κρήσκης</span> <span class='ocrx_word' id='word_1_139' title='bbox 2626 1418 2677 1475; x_wconf 90' lang='grc' dir='ltr'>ἐν</span> <span class='ocrx_word' id='word_1_140' title='bbox 2737 1418 3001 1484; x_wconf 86' lang='grc' dir='ltr'>Γαλλίαις</span> <span class='ocrx_word' id='word_1_141' title='bbox 3058 1420 3283 1497; x_wconf 84' lang='grc' dir='ltr'>ἐκήρυξε</span> <span class='ocrx_word' id='word_1_142' title='bbox 3327 1422 3388 1476; x_wconf 90' lang='grc' dir='ltr'>τὸ</span> <span class='ocrx_word' id='word_1_143' title='bbox 3432 1420 3792 1497; x_wconf 76' lang='grc' dir='ltr'>Εὖαγγέλιον,</span> 
     </span>
    </p>
   </div>
   <div class='ocr_carea' id='block_1_21' title="bbox 390 1507 1956 1587">
    <p class='ocr_par' dir='ltr' id='par_1_21' title="bbox 390 1507 1949 1581">
     <span class='ocr_line' id='line_1_21' title="bbox 390 1507 1949 1581; baseline 0 -17"><span class='ocrx_word' id='word_1_144' title='bbox 390 1511 447 1566; x_wconf 87' lang='lat' dir='ltr'><strong>et</strong></span> <span class='ocrx_word' id='word_1_145' title='bbox 477 1507 597 1565; x_wconf 91' lang='lat' dir='ltr'><strong>illic</strong></span> <span class='ocrx_word' id='word_1_146' title='bbox 654 1508 922 1581; x_wconf 88' lang='lat' dir='ltr'><strong>sepultus</strong></span> <span class='ocrx_word' id='word_1_147' title='bbox 980 1514 1089 1565; x_wconf 89' lang='lat' dir='ltr'><strong>est.</strong></span> <span class='ocrx_word' id='word_1_148' title='bbox 1122 1509 1442 1565; x_wconf 89' lang='lat' dir='ltr'><strong>Eunuchus</strong></span> <span class='ocrx_word' id='word_1_149' title='bbox 1476 1510 1766 1565; x_wconf 87' lang='lat' dir='ltr'><strong>Candaces</strong></span> <span class='ocrx_word' id='word_1_150' title='bbox 1819 1510 1949 1565; x_wconf 64' lang='lat' dir='ltr'><strong>zEth</strong></span> 
     </span>
    </p>
   </div>
   <div class='ocr_carea' id='block_1_22' title="bbox 2226 1507 3792 1587">
    <p class='ocr_par' dir='ltr' id='par_1_22' title="bbox 2226 1508 3792 1587">
     <span class='ocr_line' id='line_1_22' title="bbox 2226 1508 3792 1587; baseline 0.002 -25"><span class='ocrx_word' id='word_1_151' title='bbox 2226 1510 2235 1562; x_wconf 72' lang='grc' dir='ltr'><strong>ἱ</strong></span> <span class='ocrx_word' id='word_1_152' title='bbox 2285 1508 2395 1563; x_wconf 83' lang='grc' dir='ltr'>ἐκεῖ</span> <span class='ocrx_word' id='word_1_153' title='bbox 2442 1508 2633 1587; x_wconf 79' lang='grc' dir='ltr'>ἐτάφη.</span> <span class='ocrx_word' id='word_1_154' title='bbox 2687 1509 2965 1587; x_wconf 79' lang='grc' dir='ltr'>Εὐνοῦχος</span> <span class='ocrx_word' id='word_1_155' title='bbox 3019 1508 3301 1582; x_wconf 77' lang='grc' dir='ltr'>Κανδάκης</span> <span class='ocrx_word' id='word_1_156' title='bbox 3329 1516 3430 1580; x_wconf 79' lang='grc' dir='ltr'><strong>τῆς</strong></span> <span class='ocrx_word' id='word_1_157' title='bbox 3465 1508 3792 1585; x_wconf 77' lang='grc' dir='ltr'>βασιλίσσης</span> 
     </span>
    </p>
   </div>
   <div class='ocr_carea' id='block_1_23' title="bbox 387 1594 1953 1674">
    <p class='ocr_par' dir='ltr' id='par_1_23' title="bbox 387 1597 1953 1672">
     <span class='ocr_line' id='line_1_23' title="bbox 387 1597 1953 1672; baseline -0.001 -18"><span class='ocrx_word' id='word_1_158' title='bbox 387 1614 527 1671; x_wconf 88' lang='lat' dir='ltr'><strong>pum</strong></span> <span class='ocrx_word' id='word_1_159' title='bbox 561 1597 771 1671; x_wconf 67' lang='lat' dir='ltr'><strong>reginis</strong></span> <span class='ocrx_word' id='word_1_160' title='bbox 794 1597 855 1653; x_wconf 89' lang='lat' dir='ltr'><strong>in</strong></span> <span class='ocrx_word' id='word_1_161' title='bbox 885 1597 1098 1654; x_wconf 89' lang='lat' dir='ltr'><strong>Arabia</strong></span> <span class='ocrx_word' id='word_1_162' title='bbox 1126 1601 1513 1672; x_wconf 88' lang='lat' dir='ltr'><strong>cognomento</strong></span> <span class='ocrx_word' id='word_1_163' title='bbox 1539 1598 1732 1665; x_wconf 87' lang='lat' dir='ltr'><strong>Felici,</strong></span> <span class='ocrx_word' id='word_1_164' title='bbox 1755 1602 1811 1654; x_wconf 87' lang='lat' dir='ltr'><strong>et</strong></span> <span class='ocrx_word' id='word_1_165' title='bbox 1841 1598 1899 1654; x_wconf 90' lang='lat' dir='ltr'><strong>in</strong></span> <span class='ocrx_word' id='word_1_166' title='bbox 1930 1603 1953 1652; x_wconf 80' lang='lat'><strong>&#39;1</strong></span> 
     </span>
    </p>
   </div>
   <div class='ocr_carea' id='block_1_24' title="bbox 2228 1594 3794 1674">
    <p class='ocr_par' dir='ltr' id='par_1_24' title="bbox 2228 1594 3794 1674">
     <span class='ocr_line' id='line_1_24' title="bbox 2228 1594 3794 1674; baseline 0.003 -23"><span class='ocrx_word' id='word_1_167' title='bbox 2228 1596 2445 1667; x_wconf 65' lang='grc' dir='ltr'>ὒιόπων,</span> <span class='ocrx_word' id='word_1_168' title='bbox 2513 1598 2565 1652; x_wconf 89' lang='grc' dir='ltr'>ἐν</span> <span class='ocrx_word' id='word_1_169' title='bbox 2636 1594 2865 1673; x_wconf 74' lang='grc' dir='ltr'>Ἀραϐίᾳ</span> <span class='ocrx_word' id='word_1_170' title='bbox 2918 1603 2986 1674; x_wconf 77' lang='grc' dir='ltr'>τῇ</span> <span class='ocrx_word' id='word_1_171' title='bbox 3041 1599 3378 1673; x_wconf 78' lang='grc' dir='ltr'>Εὐδαίμονι,</span> <span class='ocrx_word' id='word_1_172' title='bbox 3433 1601 3523 1654; x_wconf 78' lang='grc' dir='ltr'><strong>καὶ</strong></span> <span class='ocrx_word' id='word_1_173' title='bbox 3580 1599 3631 1655; x_wconf 89' lang='grc' dir='ltr'>ἐν</span> <span class='ocrx_word' id='word_1_174' title='bbox 3689 1606 3794 1655; x_wconf 84' lang='grc' dir='ltr'><strong>Τα-</strong></span> 
     </span>
    </p>
   </div>
   <div class='ocr_carea' id='block_1_25' title="bbox 387 1681 1953 1765">
    <p class='ocr_par' dir='ltr' id='par_1_25' title="bbox 387 1686 1953 1760">
     <span class='ocr_line' id='line_1_25' title="bbox 387 1686 1953 1760; baseline 0.001 -19"><span class='ocrx_word' id='word_1_175' title='bbox 387 1687 652 1759; x_wconf 85' lang='lat' dir='ltr'><strong>probana</strong></span> <span class='ocrx_word' id='word_1_176' title='bbox 676 1686 872 1743; x_wconf 83' lang='lat' dir='ltr'><strong>insula</strong></span> <span class='ocrx_word' id='word_1_177' title='bbox 900 1686 1081 1742; x_wconf 86' lang='lat' dir='ltr'><strong>maris</strong></span> <span class='ocrx_word' id='word_1_178' title='bbox 1101 1686 1283 1743; x_wconf 87' lang='lat' dir='ltr'><strong>Rubri</strong></span> <span class='ocrx_word' id='word_1_179' title='bbox 1304 1687 1639 1759; x_wconf 60' lang='lat' dir='ltr'><strong>praedicavit</strong></span> <span class='ocrx_word' id='word_1_180' title='bbox 1658 1686 1953 1760; x_wconf 70' lang='lat' dir='ltr'><strong>Evangelii</strong></span> 
     </span>
    </p>
   </div>
   <div class='ocr_carea' id='block_1_26' title="bbox 2228 1681 3794 1765">
    <p class='ocr_par' dir='ltr' id='par_1_26' title="bbox 2228 1681 3794 1765">
     <span class='ocr_line' id='line_1_26' title="bbox 2228 1681 3794 1765; baseline 0.003 -25"><span class='ocrx_word' id='word_1_181' title='bbox 2228 1681 2388 1760; x_wconf 76' lang='grc' dir='ltr'>οϐἀνῃ</span> <span class='ocrx_word' id='word_1_182' title='bbox 2424 1688 2578 1759; x_wconf 85' lang='grc' dir='ltr'>νήσῳ</span> <span class='ocrx_word' id='word_1_183' title='bbox 2637 1686 2688 1741; x_wconf 91' lang='grc' dir='ltr'><strong>ἐν</strong></span> <span class='ocrx_word' id='word_1_184' title='bbox 2747 1691 2816 1761; x_wconf 80' lang='grc' dir='ltr'>τῇ</span> <span class='ocrx_word' id='word_1_185' title='bbox 2873 1689 3100 1761; x_wconf 82' lang='grc' dir='ltr'>Ἐρυθρᾷ</span> <span class='ocrx_word' id='word_1_186' title='bbox 3158 1687 3382 1765; x_wconf 85' lang='grc' dir='ltr'>ἐκήρυξε</span> <span class='ocrx_word' id='word_1_187' title='bbox 3435 1690 3497 1743; x_wconf 88' lang='grc' dir='ltr'>τὸ</span> <span class='ocrx_word' id='word_1_188' title='bbox 3546 1688 3794 1765; x_wconf 79' lang='grc' dir='ltr'>Εὐαγγὲ-</span> 
     </span>
    </p>
   </div>
   <div class='ocr_carea' id='block_1_27' title="bbox 387 1772 1953 1853">
    <p class='ocr_par' dir='ltr' id='par_1_27' title="bbox 387 1773 1953 1850">
     <span class='ocr_line' id='line_1_27' title="bbox 387 1773 1953 1850; baseline 0 -19"><span class='ocrx_word' id='word_1_189' title='bbox 387 1773 640 1831; x_wconf 87' lang='lat' dir='ltr'><strong>Domini.</strong></span> <span class='ocrx_word' id='word_1_190' title='bbox 671 1774 858 1831; x_wconf 83' lang='lat' dir='ltr'><strong>Aiunt</strong></span> <span class='ocrx_word' id='word_1_191' title='bbox 886 1779 1081 1830; x_wconf 89' lang='lat' dir='ltr'><strong>autem</strong></span> <span class='ocrx_word' id='word_1_192' title='bbox 1141 1792 1275 1831; x_wconf 91' lang='lat' dir='ltr'><strong>eum</strong></span> <span class='ocrx_word' id='word_1_193' title='bbox 1307 1780 1363 1831; x_wconf 89' lang='lat' dir='ltr'><strong>et</strong></span> <span class='ocrx_word' id='word_1_194' title='bbox 1418 1775 1637 1831; x_wconf 87' lang='lat' dir='ltr'><strong>ibidem</strong></span> <span class='ocrx_word' id='word_1_195' title='bbox 1687 1776 1953 1850; x_wconf 73' lang='lat' dir='ltr'><strong>martyrii</strong></span> 
     </span>
    </p>
   </div>
   <div class='ocr_carea' id='block_1_28' title="bbox 2229 1772 3795 1853">
    <p class='ocr_par' dir='ltr' id='par_1_28' title="bbox 2229 1774 3795 1853">
     <span class='ocr_line' id='line_1_28' title="bbox 2229 1774 3795 1853; baseline 0.004 -26"><span class='ocrx_word' id='word_1_196' title='bbox 2229 1797 2263 1829; x_wconf 77' lang='grc' dir='ltr'>ιν</span> <span class='ocrx_word' id='word_1_197' title='bbox 2314 1780 2410 1829; x_wconf 70' lang='grc' dir='ltr'><strong>τοῦ</strong></span> <span class='ocrx_word' id='word_1_198' title='bbox 2468 1775 2689 1848; x_wconf 82' lang='grc' dir='ltr'>Κυρίου.</span> <span class='ocrx_word' id='word_1_199' title='bbox 2749 1775 2929 1851; x_wconf 85' lang='grc' dir='ltr'>Λόγος</span> <span class='ocrx_word' id='word_1_200' title='bbox 2985 1774 3043 1831; x_wconf 73' lang='grc' dir='ltr'><strong>δὲ</strong></span> <span class='ocrx_word' id='word_1_201' title='bbox 3100 1778 3367 1853; x_wconf 71' lang='grc' dir='ltr'>περιέχει,</span> <span class='ocrx_word' id='word_1_202' title='bbox 3427 1779 3502 1840; x_wconf 84' lang='grc' dir='ltr'>ὡς</span> <span class='ocrx_word' id='word_1_203' title='bbox 3557 1778 3647 1833; x_wconf 85' lang='grc' dir='ltr'><strong>καὶ</strong></span> <span class='ocrx_word' id='word_1_204' title='bbox 3692 1799 3795 1852; x_wconf 80' lang='grc' dir='ltr'><strong>με·</strong></span> 
     </span>
    </p>
   </div>
   <div class='ocr_carea' id='block_1_29' title="bbox 386 1862 1952 1945">
    <p class='ocr_par' dir='ltr' id='par_1_29' title="bbox 386 1862 1719 1937">
     <span class='ocr_line' id='line_1_29' title="bbox 386 1862 1719 1937; baseline -0.001 -17"><span class='ocrx_word' id='word_1_205' title='bbox 386 1862 723 1937; x_wconf 87' lang='lat' dir='ltr'><strong>pertulisse,</strong></span> <span class='ocrx_word' id='word_1_206' title='bbox 756 1868 812 1920; x_wconf 90' lang='lat' dir='ltr'><strong>et</strong></span> <span class='ocrx_word' id='word_1_207' title='bbox 841 1863 1159 1921; x_wconf 83' lang='lat' dir='ltr'><strong>honoriﬁce</strong></span> <span class='ocrx_word' id='word_1_208' title='bbox 1190 1863 1371 1921; x_wconf 85' lang='lat' dir='ltr'><strong>fuisse</strong></span> <span class='ocrx_word' id='word_1_209' title='bbox 1401 1864 1719 1937; x_wconf 89' lang='lat' dir='ltr'><strong>sepultum.</strong></span> 
     </span>
    </p>
   </div>
   <div class='ocr_carea' id='block_1_30' title="bbox 1991 1862 3557 1945">
    <p class='ocr_par' dir='ltr' id='par_1_30' title="bbox 2147 1864 3557 1945">
     <span class='ocr_line' id='line_1_30' title="bbox 2147 1864 3557 1945; baseline 0.004 -28"><span class='ocrx_word' id='word_1_210' title='bbox 2147 1865 2546 1940; x_wconf 83' lang='grc' dir='ltr'>μαρτυρηκέναι</span> <span class='ocrx_word' id='word_1_211' title='bbox 2580 1864 2737 1919; x_wconf 79' lang='grc' dir='ltr'>αὐτον</span> <span class='ocrx_word' id='word_1_212' title='bbox 2772 1865 2901 1936; x_wconf 86' lang='grc' dir='ltr'>ἐκεῖ,</span> <span class='ocrx_word' id='word_1_213' title='bbox 2927 1866 3018 1920; x_wconf 84' lang='grc' dir='ltr'><strong>καὶ</strong></span> <span class='ocrx_word' id='word_1_214' title='bbox 3050 1864 3279 1937; x_wconf 84' lang='grc' dir='ltr'>ἐνδόξως</span> <span class='ocrx_word' id='word_1_215' title='bbox 3305 1873 3557 1945; x_wconf 76' lang='grc' dir='ltr'>ταφῆναι.</span> 
     </span>
    </p>
   </div>
   <div class='ocr_carea' id='block_1_31' title="bbox 2060 1987 2107 2051">
    <p class='ocr_par' dir='ltr' id='par_1_31' title="bbox 2060 1987 2107 2051">
     <span class='ocr_line' id='line_1_31' title="bbox 2060 1987 2107 2051; baseline 0 0"><span class='ocrx_word' id='word_1_216' title='bbox 2060 1987 2107 2051; x_wconf 92' lang='grc' dir='ltr'><strong>Β</strong></span> 
     </span>
    </p>
   </div>
   <div class='ocr_carea' id='block_1_32' title="bbox 459 2039 2025 2121">
    <p class='ocr_par' dir='ltr' id='par_1_32' title="bbox 459 2039 2024 2121">
     <span class='ocr_line' id='line_1_32' title="bbox 459 2039 2024 2121; baseline 0.001 -24"><span class='ocrx_word' id='word_1_217' title='bbox 459 2041 476 2076; x_wconf 89' lang='grc'>¹</span> <span class='ocrx_word' id='word_1_218' title='bbox 509 2039 806 2121; x_wconf 68' lang='lat' dir='ltr'><strong>Colligere</strong></span> <span class='ocrx_word' id='word_1_219' title='bbox 827 2040 883 2095; x_wconf 91' lang='lat' dir='ltr'><strong>id</strong></span> <span class='ocrx_word' id='word_1_220' title='bbox 933 2039 1069 2121; x_wconf 66' lang='lat' dir='ltr'><strong>licet</strong></span> <span class='ocrx_word' id='word_1_221' title='bbox 1096 2043 1281 2121; x_wconf 79' lang='lat' dir='ltr'><strong>_ex_II</strong></span> <span class='ocrx_word' id='word_1_222' title='bbox 1331 2043 1401 2121; x_wconf 69' lang='lat' dir='ltr'><strong>ad</strong></span> <span class='ocrx_word' id='word_1_223' title='bbox 1459 2042 1830 2121; x_wconf 70' lang='lat' dir='ltr'><strong>Timotheum</strong></span> <span class='ocrx_word' id='word_1_224' title='bbox 1861 2061 1915 2121; x_wconf 85' lang='lat' dir='ltr'><strong>c._</strong></span> <span class='ocrx_word' id='word_1_225' title='bbox 1952 2062 2024 2115; x_wconf 83' lang='grc' dir='ltr'><strong>ιν,</strong></span> 
     </span>
    </p>
   </div>
   <div class='ocr_carea' id='block_1_33' title="bbox 2226 2039 3792 2121">
    <p class='ocr_par' dir='ltr' id='par_1_33' title="bbox 2226 2042 3792 2121">
     <span class='ocr_line' id='line_1_33' title="bbox 2226 2042 3792 2121; baseline 0.003 -24"><span class='ocrx_word' id='word_1_226' title='bbox 2226 2063 2315 2121; x_wconf 77' lang='grc' dir='ltr'><strong>τως</strong></span> <span class='ocrx_word' id='word_1_227' title='bbox 2347 2042 2619 2121; x_wconf 57' lang='grc' dir='ltr'><strong>ἐκσξλεσενἱ</strong></span> <span class='ocrx_word' id='word_1_228' title='bbox 2650 2043 2805 2121; x_wconf 76' lang='grc' dir='ltr'>Οὕτω</span> <span class='ocrx_word' id='word_1_229' title='bbox 2836 2046 2937 2119; x_wconf 72' lang='grc' dir='ltr'><strong>γὰρ</strong></span> <span class='ocrx_word' id='word_1_230' title='bbox 2998 2042 3289 2121; x_wconf 73' lang='grc' dir='ltr'>ἐκαλοῦντο</span> <span class='ocrx_word' id='word_1_231' title='bbox 3319 2046 3509 2121; x_wconf 67' lang='grc' dir='ltr'>πάγαι.</span> <span class='ocrx_word' id='word_1_232' title='bbox 3542 2045 3697 2121; x_wconf 73' lang='grc' dir='ltr'>Οὕτω</span> <span class='ocrx_word' id='word_1_233' title='bbox 3729 2042 3792 2101; x_wconf 75' lang='grc' dir='ltr'><strong>δὲ</strong></span> 
     </span>
    </p>
   </div>
   <div class='ocr_carea' id='block_1_34' title="bbox 388 2110 1954 2190">
    <p class='ocr_par' dir='ltr' id='par_1_34' title="bbox 388 2110 1954 2190">
     <span class='ocr_line' id='line_1_34' title="bbox 388 2110 1954 2190; baseline 0.001 -22"><span class='ocrx_word' id='word_1_234' title='bbox 388 2112 492 2180; x_wconf 88' lang='grc'><strong>10;</strong></span> <span class='ocrx_word' id='word_1_235' title='bbox 525 2110 807 2190; x_wconf 63' lang='grc' dir='ltr'>ζιοωῬὺί</span> <span class='ocrx_word' id='word_1_236' title='bbox 866 2110 1037 2185; x_wconf 85' lang='lat' dir='ltr'><strong>vulgo</strong></span> <span class='ocrx_word' id='word_1_237' title='bbox 1094 2112 1329 2190; x_wconf 58' lang='lat' dir='ltr'><strong>legitun</strong></span> <span class='ocrx_word' id='word_1_238' title='bbox 1354 2114 1604 2190; x_wconf 74' lang='lat' dir='ltr'><strong>crescens</strong></span> <span class='ocrx_word' id='word_1_239' title='bbox 1642 2117 1702 2169; x_wconf 89' lang='lat' dir='ltr'><strong>in</strong></span> <span class='ocrx_word' id='word_1_240' title='bbox 1733 2114 1954 2190; x_wconf 66' lang='lat' dir='ltr'><strong>Galatia</strong></span> 
     </span>
    </p>
   </div>
   <div class='ocr_carea' id='block_1_35' title="bbox 2215 2110 3781 2190">
    <p class='ocr_par' dir='ltr' id='par_1_35' title="bbox 2215 2110 3781 2190">
     <span class='ocr_line' id='line_1_35' title="bbox 2215 2110 3781 2190; baseline 0.003 -22"><span class='ocrx_word' id='word_1_241' title='bbox 2215 2114 2225 2167; x_wconf 80' lang='grc' dir='ltr'>ἰ</span> <span class='ocrx_word' id='word_1_242' title='bbox 2256 2120 2345 2190; x_wconf 77' lang='grc' dir='ltr'>νῦν</span> <span class='ocrx_word' id='word_1_243' title='bbox 2380 2115 2541 2177; x_wconf 73' lang='grc' dir='ltr'>αὐτὰς</span> <span class='ocrx_word' id='word_1_244' title='bbox 2597 2110 2953 2190; x_wconf 64' lang='grc' dir='ltr'>ὀνομάζουσιν</span> <span class='ocrx_word' id='word_1_245' title='bbox 3001 2118 3053 2171; x_wconf 71' lang='grc' dir='ltr'>οἱ</span> <span class='ocrx_word' id='word_1_246' title='bbox 3097 2122 3200 2185; x_wconf 79' lang='grc' dir='ltr'>τῆς</span> <span class='ocrx_word' id='word_1_247' title='bbox 3242 2113 3342 2190; x_wconf 76' lang='grc' dir='ltr'>ἔξω</span> <span class='ocrx_word' id='word_1_248' title='bbox 3372 2110 3618 2190; x_wconf 50' lang='grc' dir='ltr'>παιδείας</span> <span class='ocrx_word' id='word_1_249' title='bbox 3653 2138 3781 2190; x_wconf 31' lang='grc' dir='ltr'>μλετ-</span> 
     </span>
    </p>
   </div>
   <div class='ocr_carea' id='block_1_36' title="bbox 385 2182 1951 2263">
    <p class='ocr_par' dir='ltr' id='par_1_36' title="bbox 385 2182 1935 2263">
     <span class='ocr_line' id='line_1_36' title="bbox 385 2182 1935 2263; baseline -0.001 -24"><span class='ocrx_word' id='word_1_250' title='bbox 385 2184 655 2263; x_wconf 58' lang='lat' dir='ltr'><strong>quzgdam</strong></span> <span class='ocrx_word' id='word_1_251' title='bbox 680 2184 882 2263; x_wconf 65' lang='lat' dir='ltr'><strong>graeca</strong></span> <span class='ocrx_word' id='word_1_252' title='bbox 912 2182 1281 2263; x_wconf 55' lang='lat' dir='ltr'><strong>exemplaria</strong></span> <span class='ocrx_word' id='word_1_253' title='bbox 1310 2184 1531 2263; x_wconf 57' lang='lat' dir='ltr'><strong>habent</strong></span> <span class='ocrx_word' id='word_1_254' title='bbox 1560 2184 1636 2246; x_wconf 86' lang='grc' dir='ltr'>εἰς</span> <span class='ocrx_word' id='word_1_255' title='bbox 1674 2183 1935 2263; x_wconf 54' lang='lat' dir='ltr'><strong>Tametsi,</strong></span> 
     </span>
    </p>
   </div>
   <div class='ocr_carea' id='block_1_37' title="bbox 2222 2182 3788 2263">
    <p class='ocr_par' dir='ltr' id='par_1_37' title="bbox 2226 2182 3788 2263">
     <span class='ocr_line' id='line_1_37' title="bbox 2226 2182 3788 2263; baseline 0.001 -22"><span class='ocrx_word' id='word_1_256' title='bbox 2226 2186 2445 2263; x_wconf 60' lang='lat' dir='ltr'><strong>ncpfitsc.</strong></span> <span class='ocrx_word' id='word_1_257' title='bbox 2510 2182 2821 2263; x_wconf 63' lang='grc' dir='ltr'><strong>Ερίρζιξὶῐι.Δ</strong></span> <span class='ocrx_word' id='word_1_258' title='bbox 2845 2189 3069 2263; x_wconf 63' lang='lat' dir='ltr'><strong>Hares.</strong></span> <span class='ocrx_word' id='word_1_259' title='bbox 3122 2182 3173 2263; x_wconf 65' lang='lat' dir='ltr'><strong>Li</strong></span> <span class='ocrx_word' id='word_1_260' title='bbox 3204 2206 3217 2243; x_wconf 88' lang='lat'>:</span> <span class='ocrx_word' id='word_1_261' title='bbox 3252 2182 3361 2242; x_wconf 72' lang='grc' dir='ltr'>Οὐκ</span> <span class='ocrx_word' id='word_1_262' title='bbox 3410 2188 3480 2263; x_wconf 64' lang='grc' dir='ltr'><strong>ἐν⁸</strong></span> <span class='ocrx_word' id='word_1_263' title='bbox 3507 2193 3577 2263; x_wconf 71' lang='grc' dir='ltr'>τῇ</span> <span class='ocrx_word' id='word_1_264' title='bbox 3611 2182 3788 2263; x_wconf 68' lang='grc' dir='ltr'>Γαλα-</span> 
     </span>
    </p>
   </div>
   <div class='ocr_carea' id='block_1_38' title="bbox 383 2246 1949 2334">
    <p class='ocr_par' dir='ltr' id='par_1_38' title="bbox 383 2246 1949 2334">
     <span class='ocr_line' id='line_1_38' title="bbox 383 2246 1949 2334; baseline 0.001 -23"><span class='ocrx_word' id='word_1_265' title='bbox 383 2246 647 2334; x_wconf 57' lang='lat' dir='ltr'><strong>Qaltjagn.</strong></span> <span class='ocrx_word' id='word_1_266' title='bbox 679 2255 877 2334; x_wconf 65' lang='lat' dir='ltr'><strong>Tradit</strong></span> <span class='ocrx_word' id='word_1_267' title='bbox 906 2246 1400 2334; x_wconf 58' lang='lat' dir='ltr'><strong>porro&#39;Eusebius</strong></span> <span class='ocrx_word' id='word_1_268' title='bbox 1431 2256 1634 2334; x_wconf 87' lang='lat' dir='ltr'><strong>lib_.m,</strong></span> <span class='ocrx_word' id='word_1_269' title='bbox 1670 2275 1719 2314; x_wconf 92' lang='lat' dir='ltr'><strong>c.</strong></span> <span class='ocrx_word' id='word_1_270' title='bbox 1754 2259 1807 2324; x_wconf 88' lang='grc'><strong>4,</strong></span> <span class='ocrx_word' id='word_1_271' title='bbox 1831 2246 1949 2330; x_wconf 60' lang='grc' dir='ltr'>ᾕρει</span> 
     </span>
    </p>
   </div>
   <div class='ocr_carea' id='block_1_39' title="bbox 2221 2246 3787 2334">
    <p class='ocr_par' dir='ltr' id='par_1_39' title="bbox 2221 2246 3787 2334">
     <span class='ocr_line' id='line_1_39' title="bbox 2221 2246 3787 2334; baseline -0.01 -8"><span class='ocrx_word' id='word_1_272' title='bbox 2221 2246 2374 2334; x_wconf 45' lang='grc' dir='ltr'><strong>ζν”,⁸ᾥς</strong></span> <span class='ocrx_word' id='word_1_273' title='bbox 2413 2246 2571 2321; x_wconf 35' lang='grc' dir='ltr'><strong>’τινεέ</strong></span> <span class='ocrx_word' id='word_1_274' title='bbox 2615 2246 2980 2327; x_wconf 70' lang='grc' dir='ltr'>’ἷτλανηθὲντες</span> <span class='ocrx_word' id='word_1_275' title='bbox 3030 2259 3372 2332; x_wconf 78' lang='grc' dir='ltr'>νομίζουσιν,</span> <span class='ocrx_word' id='word_1_276' title='bbox 3431 2246 3577 2315; x_wconf 44' lang='grc' dir='ltr'><strong>ἀλλ’..</strong></span> <span class='ocrx_word' id='word_1_277' title='bbox 3608 2259 3659 2314; x_wconf 85' lang='grc' dir='ltr'><strong>ἐν</strong></span> <span class='ocrx_word' id='word_1_278' title='bbox 3716 2265 3787 2334; x_wconf 80' lang='grc' dir='ltr'>τῇ</span> 
     </span>
    </p>
   </div>
   <div class='ocr_carea' id='block_1_40' title="bbox 384 2322 1950 2400">
    <p class='ocr_par' dir='ltr' id='par_1_40' title="bbox 384 2322 1950 2400">
     <span class='ocr_line' id='line_1_40' title="bbox 384 2322 1950 2400; baseline 0.002 -21"><span class='ocrx_word' id='word_1_279' title='bbox 384 2324 462 2400; x_wconf 72' lang='grc' dir='ltr'>εἷς</span> <span class='ocrx_word' id='word_1_280' title='bbox 493 2322 781 2400; x_wconf 69' lang='grc' dir='ltr'>Γαλατίαν,</span> <span class='ocrx_word' id='word_1_281' title='bbox 814 2322 969 2400; x_wconf 83' lang='lat' dir='ltr'><strong>quod</strong></span> <span class='ocrx_word' id='word_1_282' title='bbox 1000 2328 1180 2383; x_wconf 76' lang='lat' dir='ltr'><strong>Graeci</strong></span> <span class='ocrx_word' id='word_1_283' title='bbox 1229 2328 1326 2400; x_wconf 77' lang='lat' dir='ltr'><strong>alii</strong></span> <span class='ocrx_word' id='word_1_284' title='bbox 1366 2322 1693 2400; x_wconf 65' lang='lat' dir='ltr'><strong>praeferunt</strong></span> <span class='ocrx_word' id='word_1_285' title='bbox 1723 2322 1950 2400; x_wconf 52' lang='lat' dir='ltr'><strong>_pro&#39;l‘a</strong></span> 
     </span>
    </p>
   </div>
   <div class='ocr_carea' id='block_1_41' title="bbox 800 2322 2366 2400">
    <p class='ocr_par' dir='ltr' id='par_1_41' title="bbox 814 2322 2366 2400">
     <span class='ocr_line' id='line_1_41' title="bbox 814 2322 2366 2400; baseline 0.001 -18"><span class='ocrx_word' id='word_1_286' title='bbox 814 2322 969 2400; x_wconf 81' lang='lat' dir='ltr'><strong>quod</strong></span> <span class='ocrx_word' id='word_1_287' title='bbox 1000 2328 1180 2383; x_wconf 60' lang='grc' dir='ltr'>(ἔτιεοί</span> <span class='ocrx_word' id='word_1_288' title='bbox 1229 2328 1326 2400; x_wconf 78' lang='lat' dir='ltr'><strong>alii</strong></span> <span class='ocrx_word' id='word_1_289' title='bbox 1366 2322 1693 2400; x_wconf 65' lang='lat' dir='ltr'><strong>praeferunt</strong></span> <span class='ocrx_word' id='word_1_290' title='bbox 1723 2322 2025 2400; x_wconf 50' lang='lat' dir='ltr'><strong>_pr0-l‘a)l_-</strong></span> <span class='ocrx_word' id='word_1_291' title='bbox 2137 2322 2366 2399; x_wconf 73' lang='grc' dir='ltr'>Γαλλίᾳ.</span> 
     </span>
    </p>
   </div>
   <div class='ocr_carea' id='block_1_42' title="bbox 381 2346 2025 2469">
    <p class='ocr_par' dir='ltr' id='par_1_42' title="bbox 381 2346 2025 2469">
     <span class='ocr_line' id='line_1_42' title="bbox 384 2346 2025 2400; baseline 0.002 -21"><span class='ocrx_word' id='word_1_292' title='bbox 384 2346 462 2387; x_wconf 88' lang='grc' dir='ltr'><strong>εις</strong></span> <span class='ocrx_word' id='word_1_293' title='bbox 493 2346 781 2395; x_wconf 64' lang='lat' dir='ltr'><strong>rei/lanam,</strong></span> <span class='ocrx_word' id='word_1_294' title='bbox 814 2346 969 2399; x_wconf 85' lang='lat' dir='ltr'><strong>quoa</strong></span> <span class='ocrx_word' id='word_1_295' title='bbox 1000 2346 1180 2383; x_wconf 67' lang='lat' dir='ltr'><strong>ureae!</strong></span> <span class='ocrx_word' id='word_1_296' title='bbox 1229 2346 1326 2382; x_wconf 82' lang='lat' dir='ltr'><strong>am</strong></span> <span class='ocrx_word' id='word_1_297' title='bbox 1380 2346 1693 2400; x_wconf 67' lang='lat' dir='ltr'><strong>praeierunt</strong></span> <span class='ocrx_word' id='word_1_298' title='bbox 1794 2346 1855 2384; x_wconf 89' lang='lat' dir='ltr'><strong>ro</strong></span> <span class='ocrx_word' id='word_1_299' title='bbox 1890 2346 2025 2382; x_wconf 83' lang='grc' dir='ltr'>ιαΛ-</span> 
     </span>
     <span class='ocr_line' id='line_1_43' title="bbox 381 2346 2025 2469; baseline 0.002 -19"><span class='ocrx_word' id='word_1_300' title='bbox 381 2393 478 2451; x_wconf 84' lang='grc' dir='ltr'><strong>λία</strong></span> <span class='ocrx_word' id='word_1_301' title='bbox 533 2397 671 2454; x_wconf 90' lang='lat' dir='ltr'><strong>dici.</strong></span> <span class='ocrx_word' id='word_1_302' title='bbox 702 2398 1104 2455; x_wconf 89' lang='lat' dir='ltr'><strong>Theodoretus</strong></span> <span class='ocrx_word' id='word_1_303' title='bbox 1136 2395 1462 2469; x_wconf 73' lang='grc' dir='ltr'>εΓαλατίαν,</span> <span class='ocrx_word' id='word_1_304' title='bbox 1492 2399 1587 2460; x_wconf 74' lang='grc' dir='ltr'>τὰς</span> <span class='ocrx_word' id='word_1_305' title='bbox 1646 2346 1885 2460; x_wconf 49' lang='grc' dir='ltr'>Γαλὲίας</span> <span class='ocrx_word' id='word_1_306' title='bbox 1935 2398 2025 2454; x_wconf 65' lang='grc' dir='ltr'><strong>οὕ-</strong></span> 
     </span>
    </p>
   </div>
   <div class='ocr_carea' id='block_1_43' title="bbox 378 2658 2825 2689">
    <p class='ocr_par' dir='ltr' id='par_1_43' title="bbox 378 2658 2825 2689">
     <span class='ocr_line' id='line_1_44' title="bbox 378 2658 2825 2689; baseline 0.002 -5"><span class='ocrx_word' id='word_1_307' title='bbox 378 2658 2825 2689; x_wconf 67' lang='lat'><strong>—————_———————:——_‘_——‘_—_—_——:</strong></span> 
     </span>
    </p>
   </div>
   <div class='ocr_carea' id='block_1_44' title="bbox 2018 2906 2139 3001">
    <p class='ocr_par' dir='ltr' id='par_1_44' title="bbox 2018 2906 2139 3001">
     <span class='ocr_line' id='line_1_45' title="bbox 2018 2906 2139 3001; baseline 0.017 -3"><span class='ocrx_word' id='word_1_308' title='bbox 2018 2906 2139 3001; x_wconf 93' lang='lat' dir='ltr'><strong>II.</strong></span> 
     </span>
    </p>
   </div>
   <div class='ocr_carea' id='block_1_45' title="bbox 1683 3195 2486 3332">
    <p class='ocr_par' dir='ltr' id='par_1_45' title="bbox 1683 3195 2486 3332">
     <span class='ocr_line' id='line_1_46' title="bbox 1683 3195 2486 3332; baseline 0.005 -7"><span class='ocrx_word' id='word_1_309' title='bbox 1683 3195 2486 3332; x_wconf 89' lang='lat' dir='ltr'><strong>EPISTOLA</strong></span> 
     </span>
    </p>
   </div>
   <div class='ocr_carea' id='block_1_46' title="bbox 1392 3504 2733 3585">
    <p class='ocr_par' dir='ltr' id='par_1_46' title="bbox 1392 3504 2733 3585">
     <span class='ocr_line' id='line_1_47' title="bbox 1392 3504 2733 3585; baseline 0 -18"><span class='ocrx_word' id='word_1_310' title='bbox 1392 3506 1579 3567; x_wconf 87' lang='lat' dir='ltr'><strong>Edita</strong></span> <span class='ocrx_word' id='word_1_311' title='bbox 1613 3505 1750 3585; x_wconf 87' lang='lat' dir='ltr'><strong>jam</strong></span> <span class='ocrx_word' id='word_1_312' title='bbox 1794 3504 1909 3567; x_wconf 87' lang='lat' dir='ltr'><strong>sub</strong></span> <span class='ocrx_word' id='word_1_313' title='bbox 1954 3508 2018 3567; x_wconf 92' lang='lat' dir='ltr'><strong>S.</strong></span> <span class='ocrx_word' id='word_1_314' title='bbox 2063 3508 2416 3570; x_wconf 75' lang='lat' dir='ltr'><strong>Hisnomrm</strong></span> <span class='ocrx_word' id='word_1_315' title='bbox 2458 3506 2733 3581; x_wconf 89' lang='lat' dir='ltr'><strong>nomine,</strong></span> 
     </span>
    </p>
   </div>
   <div class='ocr_carea' id='block_1_47' title="bbox 625 3764 3537 3863">
    <p class='ocr_par' dir='ltr' id='par_1_47' title="bbox 625 3764 3537 3863">
     <span class='ocr_line' id='line_1_48' title="bbox 625 3764 3537 3863; baseline 0 -2"><span class='ocrx_word' id='word_1_316' title='bbox 625 3767 793 3861; x_wconf 89' lang='lat' dir='ltr'><strong>DE</strong></span> <span class='ocrx_word' id='word_1_317' title='bbox 867 3765 1525 3860; x_wconf 88' lang='lat' dir='ltr'><strong>DUODECIM</strong></span> <span class='ocrx_word' id='word_1_318' title='bbox 1594 3764 2389 3861; x_wconf 84' lang='lat' dir='ltr'><strong>DOCTORIBUS</strong></span> <span class='ocrx_word' id='word_1_319' title='bbox 2456 3768 2622 3860; x_wconf 89' lang='lat' dir='ltr'><strong>AD</strong></span> <span class='ocrx_word' id='word_1_320' title='bbox 2693 3767 3537 3863; x_wconf 74' lang='lat' dir='ltr'><strong>DESIDERIUM‘</strong></span> 
     </span>
    </p>
   </div>
   <div class='ocr_carea' id='block_1_48' title="bbox 1645 4024 2489 4099">
    <p class='ocr_par' dir='ltr' id='par_1_48' title="bbox 1645 4024 2489 4099">
     <span class='ocr_line' id='line_1_49' title="bbox 1645 4024 2489 4099; baseline 0.001 -13"><span class='ocrx_word' id='word_1_321' title='bbox 1645 4025 1784 4086; x_wconf 84' lang='lat' dir='ltr'><strong>Jam</strong></span> <span class='ocrx_word' id='word_1_322' title='bbox 1832 4025 1947 4086; x_wconf 86' lang='lat' dir='ltr'><strong>sub</strong></span> <span class='ocrx_word' id='word_1_323' title='bbox 1992 4024 2245 4087; x_wconf 87' lang='lat' dir='ltr'><strong>nomine</strong></span> <span class='ocrx_word' id='word_1_324' title='bbox 2285 4026 2489 4099; x_wconf 67' lang='lat' dir='ltr'><strong>Bassa,</strong></span> 
     </span>
    </p>
   </div>
   <div class='ocr_carea' id='block_1_49' title="bbox 1353 4267 2794 4342">
    <p class='ocr_par' dir='ltr' id='par_1_49' title="bbox 1353 4267 2794 4342">
     <span class='ocr_line' id='line_1_50' title="bbox 1353 4267 2794 4342; baseline -0.002 0"><span class='ocrx_word' id='word_1_325' title='bbox 1353 4268 1473 4342; x_wconf 94' lang='lat' dir='ltr'><strong>DE</strong></span> <span class='ocrx_word' id='word_1_326' title='bbox 1531 4267 2181 4342; x_wconf 85' lang='lat' dir='ltr'><strong>LUMINARIBUS</strong></span> <span class='ocrx_word' id='word_1_327' title='bbox 2234 4267 2794 4342; x_wconf 74' lang='lat' dir='ltr'><strong>ECCLESI/E’.</strong></span> 
     </span>
    </p>
   </div>
   <div class='ocr_carea' id='block_1_50' title="bbox 1887 4732 2236 4791">
    <p class='ocr_par' dir='ltr' id='par_1_50' title="bbox 1887 4732 2236 4791">
     <span class='ocr_line' id='line_1_51' title="bbox 1887 4732 2236 4791; baseline 0.003 -2"><span class='ocrx_word' id='word_1_328' title='bbox 1887 4732 2236 4791; x_wconf 80' lang='lat' dir='ltr'><strong>CENSURA.</strong></span> 
     </span>
    </p>
   </div>
   <div class='ocr_carea' id='block_1_51' title="bbox 442 4930 3779 5008">
    <p class='ocr_par' dir='ltr' id='par_1_51' title="bbox 442 4930 3779 5008">
     <span class='ocr_line' id='line_1_52' title="bbox 442 4930 3779 5008; baseline -0.002 -10"><span class='ocrx_word' id='word_1_329' title='bbox 442 4942 568 4998; x_wconf 68' lang='lat' dir='ltr'><strong>Otto</strong></span> <span class='ocrx_word' id='word_1_330' title='bbox 606 4939 887 5008; x_wconf 81' lang='lat' dir='ltr'><strong>abutatur,</strong></span> <span class='ocrx_word' id='word_1_331' title='bbox 920 4936 1018 5008; x_wconf 86' lang='lat' dir='ltr'><strong>qui</strong></span> <span class='ocrx_word' id='word_1_332' title='bbox 1058 4934 1292 5007; x_wconf 86' lang='lat' dir='ltr'><strong>probare</strong></span> <span class='ocrx_word' id='word_1_333' title='bbox 1343 4934 1533 4988; x_wconf 87' lang='lat' dir='ltr'><strong>multis</strong></span> <span class='ocrx_word' id='word_1_334' title='bbox 1589 4931 1924 5003; x_wconf 78' lang='lat' dir='ltr'><strong>argumentis</strong></span> <span class='ocrx_word' id='word_1_335' title='bbox 1970 4946 2082 4987; x_wconf 88' lang='lat' dir='ltr'><strong>non</strong></span> <span class='ocrx_word' id='word_1_336' title='bbox 2109 4945 2222 4987; x_wconf 87' lang='lat' dir='ltr'><strong>esse</strong></span> <span class='ocrx_word' id='word_1_337' title='bbox 2249 4930 2396 4988; x_wconf 87' lang='lat' dir='ltr'><strong>hunc</strong></span> <span class='ocrx_word' id='word_1_338' title='bbox 2422 4933 2762 5004; x_wconf 79' lang='lat' dir='ltr'><strong>Hieronymi,</strong></span> <span class='ocrx_word' id='word_1_339' title='bbox 2796 4931 2887 4989; x_wconf 84' lang='lat' dir='ltr'><strong>sed</strong></span> <span class='ocrx_word' id='word_1_340' title='bbox 2914 4933 3068 4990; x_wconf 81' lang='lat' dir='ltr'><strong>male</strong></span> <span class='ocrx_word' id='word_1_341' title='bbox 3092 4933 3285 5004; x_wconf 78' lang='lat' dir='ltr'><strong>feriati</strong></span> <span class='ocrx_word' id='word_1_342' title='bbox 3308 4936 3550 4989; x_wconf 82' lang='lat' dir='ltr'><strong>auctoris</strong></span> <span class='ocrx_word' id='word_1_343' title='bbox 3578 4934 3779 5004; x_wconf 85' lang='lat' dir='ltr'><strong>fetum,</strong></span> 
     </span>
    </p>
   </div>
   <div class='ocr_carea' id='block_1_52' title="bbox 359 5016 3775 5099">
    <p class='ocr_par' dir='ltr' id='par_1_52' title="bbox 359 5016 3775 5099">
     <span class='ocr_line' id='line_1_53' title="bbox 359 5016 3775 5099; baseline -0.003 -16"><span class='ocrx_word' id='word_1_344' title='bbox 359 5026 719 5084; x_wconf 85' lang='lat' dir='ltr'><strong>contenderit.</strong></span> <span class='ocrx_word' id='word_1_345' title='bbox 754 5027 840 5080; x_wconf 89' lang='lat' dir='ltr'><strong>Tot</strong></span> <span class='ocrx_word' id='word_1_346' title='bbox 890 5025 1177 5080; x_wconf 83' lang='lat' dir='ltr'><strong>verborum</strong></span> <span class='ocrx_word' id='word_1_347' title='bbox 1229 5022 1477 5091; x_wconf 72' lang='lat' dir='ltr'><strong>salebrae,</strong></span> <span class='ocrx_word' id='word_1_348' title='bbox 1510 5020 1720 5093; x_wconf 61' lang='lat' dir='ltr'><strong>putida:</strong></span> <span class='ocrx_word' id='word_1_349' title='bbox 1756 5020 2289 5091; x_wconf 86' lang='lat' dir='ltr'><strong>circumlocutiones,</strong></span> <span class='ocrx_word' id='word_1_350' title='bbox 2322 5022 2627 5092; x_wconf 84' lang='lat' dir='ltr'><strong>temporum</strong></span> <span class='ocrx_word' id='word_1_351' title='bbox 2678 5029 2842 5092; x_wconf 85' lang='lat' dir='ltr'><strong>atque</strong></span> <span class='ocrx_word' id='word_1_352' title='bbox 2898 5022 3120 5078; x_wconf 82' lang='lat' dir='ltr'><strong>ordinis</strong></span> <span class='ocrx_word' id='word_1_353' title='bbox 3161 5024 3430 5078; x_wconf 83' lang='lat' dir='ltr'><strong>immania</strong></span> <span class='ocrx_word' id='word_1_354' title='bbox 3457 5016 3775 5099; x_wconf 74' lang='grc' dir='ltr'>σφάλματα,</span> 
     </span>
    </p>
   </div>
   <div class='ocr_carea' id='block_1_53' title="bbox 360 5108 3781 5188">
    <p class='ocr_par' dir='ltr' id='par_1_53' title="bbox 360 5108 3781 5188">
     <span class='ocr_line' id='line_1_54' title="bbox 360 5108 3781 5188; baseline -0.001 -16"><span class='ocrx_word' id='word_1_355' title='bbox 360 5120 414 5172; x_wconf 83' lang='lat' dir='ltr'><strong>et</strong></span> <span class='ocrx_word' id='word_1_356' title='bbox 440 5131 511 5170; x_wconf 83' lang='lat' dir='ltr'><strong>ne</strong></span> <span class='ocrx_word' id='word_1_357' title='bbox 540 5115 670 5188; x_wconf 82' lang='lat' dir='ltr'><strong>quid</strong></span> <span class='ocrx_word' id='word_1_358' title='bbox 698 5114 932 5171; x_wconf 83' lang='lat' dir='ltr'><strong>deterius</strong></span> <span class='ocrx_word' id='word_1_359' title='bbox 961 5113 1159 5182; x_wconf 84' lang='lat' dir='ltr'><strong>dicam,</strong></span> <span class='ocrx_word' id='word_1_360' title='bbox 1187 5128 1448 5183; x_wconf 79' lang='lat' dir='ltr'><strong>peruersa</strong></span> <span class='ocrx_word' id='word_1_361' title='bbox 1474 5112 1539 5167; x_wconf 85' lang='lat' dir='ltr'><strong>de</strong></span> <span class='ocrx_word' id='word_1_362' title='bbox 1564 5111 1924 5181; x_wconf 79' lang='lat' dir='ltr'><strong>scriptoribus</strong></span> <span class='ocrx_word' id='word_1_363' title='bbox 1945 5108 2183 5181; x_wconf 82' lang='lat' dir='ltr'><strong>judicia,</strong></span> <span class='ocrx_word' id='word_1_364' title='bbox 2216 5112 2557 5166; x_wconf 79' lang='lat' dir='ltr'><strong>stomachum</strong></span> <span class='ocrx_word' id='word_1_365' title='bbox 2575 5112 2839 5168; x_wconf 82' lang='lat' dir='ltr'><strong>continuo</strong></span> <span class='ocrx_word' id='word_1_366' title='bbox 2867 5116 3085 5168; x_wconf 83' lang='lat' dir='ltr'><strong>movent</strong></span> <span class='ocrx_word' id='word_1_367' title='bbox 3101 5113 3558 5184; x_wconf 67' lang='lat' dir='ltr'><strong>Hieronymim</strong></span> <span class='ocrx_word' id='word_1_368' title='bbox 3583 5112 3781 5182; x_wconf 56' lang='lat' dir='ltr'><strong>gloria</strong></span> 
     </span>
    </p>
   </div>
   <div class='ocr_carea' id='block_1_54' title="bbox 240 5199 3780 5275">
    <p class='ocr_par' dir='ltr' id='par_1_54' title="bbox 240 5199 3780 5275">
     <span class='ocr_line' id='line_1_55' title="bbox 240 5199 3780 5275; baseline -0.001 -14"><span class='ocrx_word' id='word_1_369' title='bbox 240 5244 243 5249; x_wconf 90' lang='grc'><strong>-</strong></span> <span class='ocrx_word' id='word_1_370' title='bbox 357 5206 632 5275; x_wconf 73' lang='lat' dir='ltr'><strong>studiosis,</strong></span> <span class='ocrx_word' id='word_1_371' title='bbox 682 5204 908 5273; x_wconf 82' lang='lat' dir='ltr'><strong>indigne</strong></span> <span class='ocrx_word' id='word_1_372' title='bbox 951 5202 1253 5274; x_wconf 83' lang='lat' dir='ltr'><strong>ferentibus</strong></span> <span class='ocrx_word' id='word_1_373' title='bbox 1310 5201 1621 5274; x_wconf 83' lang='lat' dir='ltr'><strong>hujusmodi</strong></span> <span class='ocrx_word' id='word_1_374' title='bbox 1677 5201 2073 5255; x_wconf 87' lang='lat' dir='ltr'><strong>btateramenta</strong></span> <span class='ocrx_word' id='word_1_375' title='bbox 2118 5200 2180 5253; x_wconf 87' lang='lat' dir='ltr'><strong>in</strong></span> <span class='ocrx_word' id='word_1_376' title='bbox 2234 5199 2474 5255; x_wconf 72' lang='lat' dir='ltr'><strong>mimi</strong></span> <span class='ocrx_word' id='word_1_377' title='bbox 2531 5202 2778 5259; x_wconf 83' lang='lat' dir='ltr'><strong>Doctoris</strong></span> <span class='ocrx_word' id='word_1_378' title='bbox 2836 5216 3033 5257; x_wconf 85' lang='lat' dir='ltr'><strong>nomen</strong></span> <span class='ocrx_word' id='word_1_379' title='bbox 3097 5202 3357 5273; x_wconf 81' lang='lat' dir='ltr'><strong>conferri.</strong></span> <span class='ocrx_word' id='word_1_380' title='bbox 3389 5201 3456 5257; x_wconf 81' lang='lat' dir='ltr'><strong>At</strong></span> <span class='ocrx_word' id='word_1_381' title='bbox 3489 5216 3603 5257; x_wconf 84' lang='lat' dir='ltr'><strong>non</strong></span> <span class='ocrx_word' id='word_1_382' title='bbox 3656 5199 3780 5256; x_wconf 75' lang='lat' dir='ltr'><strong>ideo</strong></span> 
     </span>
    </p>
   </div>
   <div class='ocr_carea' id='block_1_55' title="bbox 358 5286 3777 5365">
    <p class='ocr_par' dir='ltr' id='par_1_55' title="bbox 358 5286 3777 5365">
     <span class='ocr_line' id='line_1_56' title="bbox 358 5286 3777 5365; baseline -0.002 -16"><span class='ocrx_word' id='word_1_383' title='bbox 358 5295 617 5349; x_wconf 87' lang='lat' dir='ltr'><strong>Erasmus</strong></span> <span class='ocrx_word' id='word_1_384' title='bbox 670 5293 811 5349; x_wconf 86' lang='lat' dir='ltr'><strong>illud</strong></span> <span class='ocrx_word' id='word_1_385' title='bbox 868 5295 997 5365; x_wconf 86' lang='lat' dir='ltr'><strong>jure</strong></span> <span class='ocrx_word' id='word_1_386' title='bbox 1035 5293 1304 5347; x_wconf 86' lang='lat' dir='ltr'><strong>accusarit</strong></span> <span class='ocrx_word' id='word_1_387' title='bbox 1351 5291 1624 5359; x_wconf 62' lang='lat' dir='ltr'><strong>stultitiae,</strong></span> <span class='ocrx_word' id='word_1_388' title='bbox 1658 5288 1797 5361; x_wconf 73' lang='lat' dir='ltr'><strong>quod</strong></span> <span class='ocrx_word' id='word_1_389' title='bbox 1846 5288 1945 5343; x_wconf 85' lang='lat' dir='ltr'><strong>ubi</strong></span> <span class='ocrx_word' id='word_1_390' title='bbox 1998 5289 2189 5343; x_wconf 81' lang='lat' dir='ltr'><strong>auctor</strong></span> <span class='ocrx_word' id='word_1_391' title='bbox 2242 5294 2518 5361; x_wconf 70' lang='lat' dir='ltr'><strong>professus</strong></span> <span class='ocrx_word' id='word_1_392' title='bbox 2574 5293 2713 5346; x_wconf 86' lang='lat' dir='ltr'><strong>esset</strong></span> <span class='ocrx_word' id='word_1_393' title='bbox 2763 5304 2823 5345; x_wconf 86' lang='lat' dir='ltr'><strong>se</strong></span> <span class='ocrx_word' id='word_1_394' title='bbox 2850 5290 2920 5345; x_wconf 92' lang='lat' dir='ltr'><strong>de</strong></span> <span class='ocrx_word' id='word_1_395' title='bbox 2948 5288 3365 5346; x_wconf 87' lang='lat' dir='ltr'><strong>Luminaribus</strong></span> <span class='ocrx_word' id='word_1_396' title='bbox 3398 5291 3518 5345; x_wconf 88' lang='lat' dir='ltr'><strong>toto</strong></span> <span class='ocrx_word' id='word_1_397' title='bbox 3565 5286 3777 5343; x_wconf 78' lang='lat' dir='ltr'><strong>mundi</strong></span> 
     </span>
    </p>
   </div>
   <div class='ocr_carea' id='block_1_56' title="bbox 361 5378 3781 5449">
    <p class='ocr_par' dir='ltr' id='par_1_56' title="bbox 361 5378 3781 5449">
     <span class='ocr_line' id='line_1_57' title="bbox 361 5378 3781 5449; baseline -0.001 -12"><span class='ocrx_word' id='word_1_398' title='bbox 361 5380 733 5438; x_wconf 80' lang='lat' dir='ltr'><strong>ﬁrmamento</strong></span> <span class='ocrx_word' id='word_1_399' title='bbox 791 5380 1124 5437; x_wconf 87' lang='lat' dir='ltr'><strong>lucentibus</strong></span> <span class='ocrx_word' id='word_1_400' title='bbox 1178 5380 1474 5449; x_wconf 84' lang='lat' dir='ltr'><strong>dicturum,</strong></span> <span class='ocrx_word' id='word_1_401' title='bbox 1508 5380 1812 5449; x_wconf 85' lang='lat' dir='ltr'><strong>Pelagium,</strong></span> <span class='ocrx_word' id='word_1_402' title='bbox 1841 5378 2292 5448; x_wconf 81' lang='lat' dir='ltr'><strong>Jovinianum,et</strong></span> <span class='ocrx_word' id='word_1_403' title='bbox 2344 5379 2657 5435; x_wconf 82' lang='lat' dir='ltr'><strong>consimiles</strong></span> <span class='ocrx_word' id='word_1_404' title='bbox 2711 5380 3005 5435; x_wconf 75' lang='lat' dir='ltr'><strong>inculcant</strong></span> <span class='ocrx_word' id='word_1_405' title='bbox 3060 5379 3418 5436; x_wconf 81' lang='lat' dir='ltr'><strong>tenebriones.</strong></span> <span class='ocrx_word' id='word_1_406' title='bbox 3452 5378 3571 5434; x_wconf 84' lang='lat' dir='ltr'><strong>Non</strong></span> <span class='ocrx_word' id='word_1_407' title='bbox 3627 5378 3781 5432; x_wconf 84' lang='lat' dir='ltr'><strong>enim</strong></span> 
     </span>
    </p>
   </div>
   <div class='ocr_carea' id='block_1_57' title="bbox 355 5467 3605 5541">
    <p class='ocr_par' dir='ltr' id='par_1_57' title="bbox 355 5467 3605 5541">
     <span class='ocr_line' id='line_1_58' title="bbox 355 5467 3605 5541; baseline -0.002 -12"><span class='ocrx_word' id='word_1_408' title='bbox 355 5488 442 5530; x_wconf 90' lang='lat' dir='ltr'><strong>eos</strong></span> <span class='ocrx_word' id='word_1_409' title='bbox 470 5473 614 5529; x_wconf 83' lang='lat' dir='ltr'><strong>inter</strong></span> <span class='ocrx_word' id='word_1_410' title='bbox 641 5472 856 5528; x_wconf 87' lang='lat' dir='ltr'><strong>lumina</strong></span> <span class='ocrx_word' id='word_1_411' title='bbox 885 5471 1139 5527; x_wconf 59' lang='lat' dir='ltr'><strong>Ecclesiae</strong></span> <span class='ocrx_word' id='word_1_412' title='bbox 1164 5471 1408 5540; x_wconf 85' lang='lat' dir='ltr'><strong>collocat,</strong></span> <span class='ocrx_word' id='word_1_413' title='bbox 1442 5485 1673 5541; x_wconf 86' lang='lat' dir='ltr'><strong>quorum</strong></span> <span class='ocrx_word' id='word_1_414' title='bbox 1702 5470 1908 5540; x_wconf 86' lang='lat' dir='ltr'><strong>scripta</strong></span> <span class='ocrx_word' id='word_1_415' title='bbox 1936 5467 2307 5539; x_wconf 84' lang='lat' dir='ltr'><strong>reprehendit,</strong></span> <span class='ocrx_word' id='word_1_416' title='bbox 2334 5472 2393 5524; x_wconf 89' lang='lat' dir='ltr'><strong>et</strong></span> <span class='ocrx_word' id='word_1_417' title='bbox 2421 5485 2643 5525; x_wconf 88' lang='lat' dir='ltr'><strong>veneno</strong></span> <span class='ocrx_word' id='word_1_418' title='bbox 2675 5485 2741 5524; x_wconf 88' lang='lat' dir='ltr'><strong>ac</strong></span> <span class='ocrx_word' id='word_1_419' title='bbox 2771 5467 2902 5524; x_wconf 83' lang='lat' dir='ltr'><strong>felle</strong></span> <span class='ocrx_word' id='word_1_420' title='bbox 2927 5469 2987 5525; x_wconf 83' lang='lat' dir='ltr'><strong>in</strong></span> <span class='ocrx_word' id='word_1_421' title='bbox 2997 5470 3140 5540; x_wconf 75' lang='lat' dir='ltr'><strong>[ecta</strong></span> <span class='ocrx_word' id='word_1_422' title='bbox 3167 5484 3279 5525; x_wconf 84' lang='lat' dir='ltr'><strong>non</strong></span> <span class='ocrx_word' id='word_1_423' title='bbox 3310 5467 3605 5539; x_wconf 79' lang='lat' dir='ltr'><strong>dif/itetur.</strong></span> 
     </span>
    </p>
   </div>
   <div class='ocr_carea' id='block_1_58' title="bbox 427 5660 2481 5725">
    <p class='ocr_par' dir='ltr' id='par_1_58' title="bbox 427 5660 2481 5725">
     <span class='ocr_line' id='line_1_59' title="bbox 427 5660 2481 5725; baseline -0.003 0"><span class='ocrx_word' id='word_1_424' title='bbox 427 5668 446 5704; x_wconf 82' lang='grc'><strong><em>⁸</em></strong></span> <span class='ocrx_word' id='word_1_425' title='bbox 477 5669 565 5725; x_wconf 86' lang='lat' dir='ltr'><strong>Ita</strong></span> <span class='ocrx_word' id='word_1_426' title='bbox 589 5666 650 5723; x_wconf 90' lang='lat' dir='ltr'><strong>in</strong></span> <span class='ocrx_word' id='word_1_427' title='bbox 681 5682 825 5721; x_wconf 88' lang='lat' dir='ltr'><strong>mss.</strong></span> <span class='ocrx_word' id='word_1_428' title='bbox 848 5663 1191 5719; x_wconf 88' lang='lat' dir='ltr'><strong>Florentinis</strong></span> <span class='ocrx_word' id='word_1_429' title='bbox 1216 5664 1586 5720; x_wconf 72' lang='lat' dir='ltr'><strong>Annuntiatee</strong></span> <span class='ocrx_word' id='word_1_430' title='bbox 1615 5662 1991 5719; x_wconf 85' lang='lat' dir='ltr'><strong>Servitarum.</strong></span> <span class='ocrx_word' id='word_1_431' title='bbox 2113 5660 2481 5718; x_wconf 87' lang='lat' dir='ltr'><strong>inscribitur.</strong></span> 
     </span>
    </p>
   </div>
   <div class='ocr_carea' id='block_1_59' title="bbox 355 5732 3602 5806">
    <p class='ocr_par' dir='ltr' id='par_1_59' title="bbox 355 5732 3602 5806">
     <span class='ocr_line' id='line_1_60' title="bbox 355 5732 3602 5806; baseline -0.003 -6"><span class='ocrx_word' id='word_1_432' title='bbox 355 5746 414 5800; x_wconf 86' lang='lat' dir='ltr'><strong>et</strong></span> <span class='ocrx_word' id='word_1_433' title='bbox 442 5742 500 5799; x_wconf 93' lang='lat' dir='ltr'><strong>S.</strong></span> <span class='ocrx_word' id='word_1_434' title='bbox 535 5738 733 5797; x_wconf 87' lang='lat' dir='ltr'><strong>Crucis</strong></span> <span class='ocrx_word' id='word_1_435' title='bbox 755 5736 1065 5806; x_wconf 84' lang='lat' dir='ltr'><strong>Minorum,</strong></span> <span class='ocrx_word' id='word_1_436' title='bbox 1089 5739 1235 5791; x_wconf 89' lang='lat' dir='ltr'><strong>teste</strong></span> <span class='ocrx_word' id='word_1_437' title='bbox 1264 5736 1615 5801; x_wconf 68' lang='lat' dir='ltr'><strong>Martianaao,</strong></span> <span class='ocrx_word' id='word_1_438' title='bbox 1649 5740 1705 5790; x_wconf 87' lang='lat' dir='ltr'><strong>et</strong></span> <span class='ocrx_word' id='word_1_439' title='bbox 1750 5734 1811 5789; x_wconf 92' lang='lat' dir='ltr'><strong>in</strong></span> <span class='ocrx_word' id='word_1_440' title='bbox 1855 5735 1991 5806; x_wconf 79' lang='lat' dir='ltr'><strong>Am-</strong></span> <span class='ocrx_word' id='word_1_441' title='bbox 2172 5734 2193 5768; x_wconf 83' lang='grc'>²</span> <span class='ocrx_word' id='word_1_442' title='bbox 2221 5733 2478 5790; x_wconf 85' lang='lat' dir='ltr'><strong>Habetur</strong></span> <span class='ocrx_word' id='word_1_443' title='bbox 2505 5734 2614 5791; x_wconf 87' lang='lat' dir='ltr'><strong>hoc</strong></span> <span class='ocrx_word' id='word_1_444' title='bbox 2643 5732 2812 5790; x_wconf 87' lang='lat' dir='ltr'><strong>titulo</strong></span> <span class='ocrx_word' id='word_1_445' title='bbox 2844 5734 2955 5790; x_wconf 88' lang='lat' dir='ltr'><strong>sub</strong></span> <span class='ocrx_word' id='word_1_446' title='bbox 2985 5734 3150 5791; x_wconf 74' lang='lat' dir='ltr'><strong>Bsdaa</strong></span> <span class='ocrx_word' id='word_1_447' title='bbox 3183 5734 3420 5791; x_wconf 89' lang='lat' dir='ltr'><strong>nomine</strong></span> <span class='ocrx_word' id='word_1_448' title='bbox 3447 5736 3602 5801; x_wconf 69' lang='lat' dir='ltr'><strong>ton&#39;u</strong></span> 
     </span>
    </p>
   </div>
   <div class='ocr_carea' id='block_1_60' title="bbox 352 5805 2723 5882">
    <p class='ocr_par' dir='ltr' id='par_1_60' title="bbox 352 5805 2723 5882">
     <span class='ocr_line' id='line_1_61' title="bbox 352 5805 2723 5882; baseline -0.005 -9"><span class='ocrx_word' id='word_1_449' title='bbox 352 5813 630 5873; x_wconf 81' lang='lat' dir='ltr'><strong>brosiano</strong></span> <span class='ocrx_word' id='word_1_450' title='bbox 689 5824 868 5882; x_wconf 87' lang='lat' dir='ltr'><strong>penes</strong></span> <span class='ocrx_word' id='word_1_451' title='bbox 896 5823 950 5863; x_wconf 93' lang='lat' dir='ltr'><strong>v.</strong></span> <span class='ocrx_word' id='word_1_452' title='bbox 979 5822 1029 5861; x_wconf 91' lang='lat' dir='ltr'><strong>c.</strong></span> <span class='ocrx_word' id='word_1_453' title='bbox 1078 5807 1292 5863; x_wconf 79' lang='lat' dir='ltr'><strong>Ludov.</strong></span> <span class='ocrx_word' id='word_1_454' title='bbox 1335 5809 1547 5863; x_wconf 82' lang='lat' dir='ltr'><strong>Anton.</strong></span> <span class='ocrx_word' id='word_1_455' title='bbox 1610 5805 1989 5863; x_wconf 80' lang='lat' dir='ltr'><strong>Muratorium</strong></span> <span class='ocrx_word' id='word_1_456' title='bbox 2099 5821 2345 5878; x_wconf 88' lang='lat' dir='ltr'><strong>operum</strong></span> <span class='ocrx_word' id='word_1_457' title='bbox 2375 5807 2474 5878; x_wconf 89' lang='lat' dir='ltr'><strong>Ill,</strong></span> <span class='ocrx_word' id='word_1_458' title='bbox 2507 5823 2565 5879; x_wconf 87' lang='lat' dir='ltr'><strong>p.</strong></span> <span class='ocrx_word' id='word_1_459' title='bbox 2598 5806 2723 5863; x_wconf 82' lang='grc'>491.</span> 
     </span>
    </p>
   </div>
  </div>
