3966 6382
218 466 345 537 ’168
1325 463 1560 530 LIBER.
1598 462 1705 529 DE
1745 460 1961 529 VIRIS
2001 459 2551 529 ILLUSTBIBUS.
3516 460 3672 526 766.’

222 605 297 663 Et
321 619 532 679 pauca,
565 600 767 678 inquit,
800 602 874 660 de
902 599 1285 674 scriptoribus
1318 598 1797 655 manifestissime
1822 597 2035 653 dicam.
2076 599 2267 654 Verius
2296 597 2448 652 illud
2477 598 2612 653 vitio
2643 593 2958 654 vertendum
3010 594 3232 671 fuisset,
3293 596 3440 671 quod
3485 599 3639 656 Hila-

223 698 379 754 rium
405 696 714 753 Romanum
739 691 1068 764 Pontiﬁcem
1094 708 1211 762 cap.
1243 689 1474 745 secundo
1530 692 1813 755 memoret,
1871 688 1968 758 qui
1999 686 2055 742 S.
2117 688 2284 742 Leoni
2311 688 2588 755 successit,
2645 693 2699 742 et
2718 685 2819 742 diu
2869 694 2992 759 post
3043 695 3279 744 mortem
3319 689 3641 762 Hieronymi

225 785 515 842 inclaruit.
547 781 651 839 Sed
677 783 954 837 hominem
982 795 1152 851 usque
1182 778 1313 835 adeo
1344 777 1578 833 bardum
1606 793 1668 831 ac
1696 775 1995 848 stupidum,
2059 777 2156 847 qui
2182 775 2298 831 hmo
2352 777 2654 845 ignoraret,
2686 776 2833 832 hunc
2870 778 3039 848 fuisse
3066 794 3177 834 non
3228 786 3402 849 puto;
3430 781 3642 851 factum

225 889 356 930 vero
386 871 749 928 librariorum
773 870 960 941 culpa,
992 873 1051 924 ut
1080 868 1319 940 episcopi
1347 881 1544 923 nomen
1571 866 1838 936 irreperet
1864 864 2008 937 quod
2036 866 2150 937 ipse
2205 880 2317 920 non
2343 866 2581 936 scripsit.
2638 864 2791 922 Certe
2836 866 3121 922 Hilarium
3168 868 3473 924 Romanum
3516 868 3639 925 dia-

226 978 427 1019 conum
456 961 831 1032 Luciferianae
856 966 1015 1015 sectae
1041 961 1368 1013 assertorem
1393 958 1565 1027 ferme
1609 956 1976 1026 pracipuum,
2009 954 2158 1025 quod
2186 962 2238 1009 et
2290 954 2654 1024 Hieronymus
2682 961 2834 1009 notat
2886 971 3005 1027 cap.
3036 955 3126 1027 95,
3157 964 3210 1012 et
3263 959 3357 1011 cui
3410 958 3470 1012 in
3508 959 3641 1031 Epi—

228 1052 425 1109 stolam
445 1051 517 1106 ad
548 1051 813 1106 Romanos
843 1047 1242 1104 Commentarii
1270 1045 1612 1115 tribuuntur,
1649 1043 1873 1099 laudari
1900 1045 2023 1116 ipsa
2050 1043 2194 1099 mihi
2219 1042 2550 1115 persuadent
2592 1044 2792 1114 priora
2836 1045 3001 1100 verba
3036 1045 3234 1116 quibus
3280 1048 3500 1119 Lucifer
3526 1050 3643 1121 ipse

231 1141 595 1198 Calaritanus
620 1137 929 1195 altuditur:
963 1136 1240 1205 Hilarius,
1274 1135 1472 1205 inquit,
1521 1132 1750 1188 Lucifer
1798 1132 2219 1189 Romanorum.
2268 1136 2405 1189 Haec
2445 1132 2708 1203 dixerim,
2740 1149 2811 1188 ne
2856 1150 3025 1205 supra
3052 1151 3220 1207 quam
3265 1135 3639 1209 videtur‘pra-

224 1232 451 1301 mereri,
482 1228 730 1286 censuris
758 1231 950 1283 auctor
975 1224 1375 1298 pseudonymus
1402 1225 1715 1278 vexaretur.
1750 1221 2024 1278 Caeterum
2052 1222 2157 1278 hac
2204 1238 2317 1277 una
2344 1224 2460 1293 fere
2514 1221 2579 1277 de
2607 1238 2772 1277 causa
2828 1221 2983 1278 hocce
3011 1223 3130 1294 ejus
3187 1226 3513 1296 opusculum
3540 1227 3640 1283 ad-

219 1321 419 1393 jungo,
449 1325 501 1375 et
526 1317 597 1374 ad
624 1332 753 1373 mss.
783 1331 993 1388 quoque
1020 1313 1183 1385 ﬁdem
1208 1311 1438 1369 subinde
1464 1313 1643 1383 exigo,
1675 1327 1745 1367 ne
1787 1311 1919 1382 quid
1968 1311 2112 1383 quod
2164 1310 2237 1367 ad
2266 1313 2658 1383 Hieronymum
2708 1313 3005 1382 pertineat,
3039 1313 3208 1369 lector
3264 1318 3362 1370 aut
3390 1316 3638 1372 eruditus

229 1413 333 1465 aut
363 1406 674 1465 ineruditus
696 1404 983 1462 desideret.

1011 1983 1173 2036 θοι
1238 1972 2072 2070 HIERONYMUS
2155 1972 2870 2070 DESIDERIO.

309 2402 416 2459 Vis
446 2417 604 2457 nunc
633 2399 862 2469 acriter,
892 2399 972 2454 mi
1003 2399 1180 2455 frater
1201 2398 1482 2469 Desideri,
1504 2401 1569 2453 ut
1588 2397 1694 2453 tibi
1717 2396 1887 2469 quasi
1916 2406 1972 2473 Α
2003 2413 2172 2457 secus
2203 2399 2357 2456 viam
2386 2399 2408 2433 ³
2437 2397 2719 2455 cecidisse
2747 2398 3099 2472 potuissent,
3148 2404 3349 2458 tamen
3390 2403 3464 2459 ab
3493 2388 3559 2461 eo
3590 2405 3650 2462 in

241 2493 315 2549 de
344 2490 760 2561 luminaribus,
792 2505 923 2561 quae
970 2492 1089 2544 toto
1133 2489 1503 2544 ﬁrmamento
1552 2486 1759 2543 mundi
1804 2501 1893 2541 re-
2005 2489 2325 2564 scripturis
2356 2488 2567 2546 messis
2596 2492 2793 2545 exorta
2821 2493 2910 2546 est
2939 2505 3172 2563 magna.

239 2582 487 2657 fulgent,
519 2595 705 2654 pauca
732 2579 805 2635 de
833 2577 1239 2651 scriptoribus,
1272 2577 1373 2650 qui
1400 2577 1572 2635 nobis
1600 2575 1788 2633 multa
1825 2575 1897 2631 de
2077 2580 2173 2636 IIl.
2202 2579 2482 2653 Origenes
2513 2578 2924 2651 Adamantius,
2957 2578 3167 2637 altiora
3218 2587 3396 2655 atque
3426 2585 3654 2657 majora

241 2668 724 2739 obscuritatibus,
758 2685 884 2741 quae
913 2671 1150 2741 propter
1178 2667 1470 2724 carnalem
1515 2671 1773 2723 mentem
1803 2665 1893 2721 in-
2006 2669 2289 2742 cogitans,
2324 2668 2747 2741 propriumque
2776 2668 3077 2741 ingenium
3130 2671 3279 2728 ferre
3329 2690 3442 2729 non
3485 2676 3652 2731 sufﬁ-

241 2758 627 2834 telligentiam
656 2757 1005 2830 impediam,
1039 2758 1112 2814 ad
1140 2758 1515 2830 Splendorem
1556 2757 1896 2813 considera-

240 2850 422 2908 tionis
453 2846 820 2922 spiritualem
870 2846 1125 2919 proferre
1171 2850 1504 2920 potuerunt,
1547 2845 1895 2903 manifestis-

242 2940 393 2998 sime
421 2938 634 2995 dicam.
663 2935 775 2993 Sed
806 2952 1007 2992 vereor
1034 2936 1315 2992 Susanna
1357 2935 1606 2992 Helchiaz
1638 2935 1789 3007 lilize,
1822 2951 1895 2991 ne

244 3030 305 3086 in
335 3044 429 3085 me
459 3026 751 3084 sententia
780 3025 981 3098 iniquo
1005 3023 1227 3097 judicio
1258 3025 1733 3098 presbyterorum
1782 3025 1894 3080 im-

244 3119 493 3194 pleatur,
573 3114 861 3173 dicentis:
917 3114 1210 3187 Anguslim
1269 3114 1416 3170 mihi
1474 3114 1736 3188 undique
1787 3113 1893 3187 [AL

249 3208 489 3281 ubique]
521 3210 682 3263 sunt.
713 3206 785 3261 Et
812 3202 957 3260 mihi
989 3203 1263 3260 similiter
1305 3207 1445 3260 sunt
1488 3204 1791 3277 angustiae.
1836 3203 1895 3273 Si

252 3299 409 3358 enim
438 3294 675 3354 voluero
705 3293 961 3367 aliquem
992 3310 1060 3350 ex
1086 3293 1181 3350 his
1210 3294 1652 3367 reprehendere,
1697 3294 1895 3350 adver-

256 3387 442 3447 sarios
471 3390 649 3458 atque
676 3383 1021 3440 inimicitias
1070 3382 1215 3439 mihi
1266 3383 1526 3455 undique
1571 3382 1895 3438 concitabo.

256 3478 318 3535 Si
349 3480 546 3533 autem
578 3472 841 3545 noluero,
875 3488 1177 3544 nunquam
1225 3488 1354 3544 quae
1401 3470 1712 3545 postulasti
1750 3472 1902 3527 inve-

258 3567 407 3626 nies.
456 3564 569 3621 Sed
614 3562 790 3619 unius
836 3566 1067 3619 tantum
1114 3560 1475 3618 voluntatem
1514 3562 1903 3618 condemnare

237 3656 394 3713 θοι
425 3668 607 3727 quam
639 3650 961 3707 multorum
993 3650 1235 3707 consilia
1264 3651 1514 3707 transire
1555 3651 1644 3708 vel
1693 3650 1859 3724 despi

238 3760 389 3816 cere,
424 3741 640 3799 melius
669 3756 797 3797 esse
828 3740 1079 3812 videtur,
1100 3741 1241 3813 quia
1258 3741 1671 3815 unusquisque
1693 3756 1894 3797 eorum

239 3835 301 3892 in
332 3831 654 3906 Scripturis
683 3830 903 3887 sanctis
932 3830 1245 3903 diligenter
1272 3830 1499 3887 laudari
1530 3830 1763 3902 meruit,
1793 3829 1895 3887 sed

242 3939 448 3981 omnes
477 3920 730 3977 breviter
758 3919 1117 3992 leviterque'
1151 3936 1288 3976 cum
1318 3920 1480 3977 omni
1529 3937 1728 3976 amore
1766 3924 1894 3976 tan-

242 4029 408 4087 gam,
448 4014 511 4067 ut
531 4015 851 4082 utrumque
879 4008 1119 4081 paciﬁce
1150 4009 1448 4082 impleam.

320 4106 365 4157 l.
397 4098 766 4173 Augustinus
814 4098 1124 4171 episcopus
1168 4098 1374 4154 volans
1447 4114 1552 4170 per
1605 4097 1899 4153 montium

247 4189 556 4248 cacumina
586 4187 757 4260 quasi
814 4186 1031 4259 aquila,
1092 4192 1150 4243 et
1196 4203 1263 4242 ea
1310 4204 1437 4260 quae
1487 4186 1545 4242 in
1602 4185 1899 4241 radicibus

249 4279 541 4337 montium
574 4278 745 4347 fiunt,
777 4293 893 4332 non
942 4276 1340 4349 considerans,
1384 4275 1570 4332 multa
1617 4276 1899 4331 caelorum

247 4369 462 4445 spatia,
494 4372 902 4439 terrarumque
950 4365 1123 4435 situs,
1166 4371 1223 4423 et
1267 4382 1555 4439 aquarum
1589 4364 1897 4437 circulum,

246 4458 406 4517 claro
463 4471 734 4514 sermone
796 4455 1157 4528 pronuntiat.
1220 4455 1327 4520 Qui
1385 4454 1633 4511 enimin
1671 4454 1899 4528 lignum

247 4548 623 4605 fructuosum
656 4544 971 4602 ascendere
1000 4543 1147 4617 vult,
1180 4544 1463 4619 paulatim
1496 4545 1569 4601 ad
1600 4544 1904 4617 superiora

248 4641 310 4695 et
364 4637 590 4710 majora
645 4650 882 4708 carpere
940 4650 1117 4707 poma
1154 4634 1413 4705 festinat,
1477 4650 1673 4690 ramos
1704 4637 1901 4689 autem

248 4724 549 4800 proximos
580 4722 839 4798 parvulis
868 4722 1168 4797 relinquit.
1199 4728 1315 4781 Nos
1335 4728 1533 4781 autem
1555 4722 1656 4796 qui
1678 4721 1901 4796 parvuli

251 4832 484 4887 sumus,
518 4812 857 4886 infirmique
888 4816 1063 4887 atque
1094 4813 1371 4885 minores,
1394 4813 1443 4868 si
1475 4812 1754 4869 inferiora
1772 4828 1903 4868 con-

252 4903 478 4981 gregari
510 4901 889 4975 valuerimus,
923 4902 1231 4958 nobiscum
1262 4903 1411 4959 bene
1441 4906 1667 4975 agetur.

328 4994 485 5051 068
534 4993 605 5049 II.
667 4989 924 5053 Hilarius
981 4990 1293 5064 episcopus
1350 4990 1904 5047 Romanorum’lu-

256 5083 401 5140 cifer
454 5081 808 5152 lucernaqus
865 5079 1281 5152 Ecclesiarum,
1315 5085 1371 5137 et
1426 5081 1720 5154 pretiosus
1749 5080 1903 5153 lapis

2005 2759 2163 2814 ciens
2184 2760 2225 2830 ‘,
2258 2758 2400 2815 dum
2433 2757 2592 2814 aliud
2619 2757 2899 2831 loquitur,
2933 2776 3036 2832 per
3063 2759 3222 2817 aliud
3255 2778 3319 2819 se
3356 2762 3556 2820 nectit.
3586 2765 3658 2821 Et

2005 2864 2141 2904 cum
2172 2847 2294 2904 haec
2324 2846 2502 2903 nimis
2532 2848 2747 2905 mentis
2776 2848 2983 2905 ardore
3012 2849 3344 2922 cogitasset,
3378 2853 3655 2911 oneribus

2004 2938 2332 3010 majoribus
2362 2937 2656 2994 caricabat
2695 2954 2790 3008 ‘se,
2844 2941 2902 2993 et
2933 2955 3066 2995 cum
3111 2939 3197 2996 sic
3239 2940 3507 2998 incedere
3537 2959 3652 3000 non

2005 3026 2311 3101 potuisset,
2346 3026 2515 3083 ruina
2543 3042 2760 3100 magna
2780 3026 2918 3083 illuc
2933 3028 3244 3085 devolutus
3263 3035 3370 3101 est,
3391 3035 3458 3088 ut
3480 3032 3652 3089 ruina

2005 3118 2137 3189 ejus
2164 3120 2397 3189 pararet
2451 3116 2746 3172 doctrinas
2803 3130 2906 3188 per
2961 3115 3191 3189 aliquas
3240 3119 3652 3178 seductiones‘

2007 3205 2258 3279 ineptas,
2315 3204 2652 3277 multosque
2706 3205 2896 3261 devia
2956 3210 3113 3261 recta
3166 3206 3226 3262 in
3277 3206 3455 3265 aliam
3491 3209 3648 3266 viam

2008 3295 2274 3368 perducit
2325 3298 2383 3351 et
2427 3310 2717 3351 venenum
2777 3295 2879 3361 [Αι.
2936 3297 3247 3368 venenosa]
3300 3298 3429 3370 ejus
3480 3300 3649 3371 quasi

2008 3384 2257 3440 tinnuiis
2311 3382 2570 3455 vocibus,
2632 3383 3091 3456 Sirenarumque
3147 3386 3413 3460 canticis,
3453 3387 3652 3462 plures

2011 3490 2218 3531 necare
2247 3473 2457 3546 potuit.
2489 3471 2689 3529 Melior
2732 3473 3008 3530 omnibus
3065 3474 3125 3530 in
3182 3476 3373 3549 bonis,
3405 3478 3569 3551 pejor
3597 3479 3658 3535 in

2011 3563 2207 3623 malis.
2240 3562 2451 3637 Aliqua
2478 3579 2614 3620 vero
2640 3579 2742 3635 per
2769 3579 2904 3619 eum
2945 3580 3115 3621 secus
3171 3564 3325 3622 viam
3371 3567 3661 3625 seminata

2014 3658 2171 3725 sunt,
2206 3652 2377 3709 multi
2405 3657 2603 3709 tamen
2620 3650 2850 3724 aliquos
2871 3653 3000 3725 ejus
3027 3654 3315 3726 pessimos
3338 3654 3658 3729 discipulos

2015 3744 2238 3802 multa‘5
2265 3760 2556 3801 venenosa
2586 3742 2695 3800 sub
2727 3743 2856 3815 ejus
2886 3744 3121 3800 nomine
3149 3744 3402 3803 edidisse
3433 3750 3660 3804 testan-

2007 3838 2124 3890 tur.

2078 3923 2174 3981 ιν.
2204 3922 2489 3980 Eusebius
2535 3920 2927 3993 Cmsariensis,
2968 3920 3148 3978 clavis
3196 3922 3653 3997 Scripturarum,

2005 4018 2293 4084 cutosque
2321 4012 2463 4069 Novi
2494 4012 2873 4081 Testamenti,
2926 4009 3132 4067 multis
3179 4013 3369 4084 major
3415 4013 3472 4069 in
3520 4032 3657 4073 con-

2006 4100 2428 4174 scriptionibus
2461 4119 2496 4157 a
2525 4101 2740 4157 Graecis
2790 4100 3224 4173 comprobatur.
3269 4102 3516 4176 Scripsit
3551 4108 3657 4161 Ca-

2009 4208 2192 4247 nones
2248 4196 2503 4263 quatuor
2559 4189 3027 4264 Evangeliorum,
3089 4195 3144 4246 et
3217 4192 3491 4250 undecim
3549 4195 3655 4267 [Αι.

2008 4280 2371 4353 quindecim]
2405 4278 2589 4336 libros
2619 4279 2888 4336 Historia:
2920 4279 3357 4353 Ecclesiasticze,
3416 4282 3517 4355 qui
3547 4283 3659 4340 No-

2006 4386 2145 4426 vum
2178 4369 2625 4425 Testamentum
2683 4373 2925 4426 narrant
2971 4374 3155 4443 atque
3212 4371 3573 4445 custodiunt,
3604 4377 3663 4430 et

2008 4456 2294 4535 Χρονικὸν,
2326 4457 2506 4529 idest
2562 4462 2902 4530 temporum
2950 4459 3324 4516 breviarium.
3383 4459 3513 4516 Haec
3551 4461 3664 4519 tria

2009 4552 2152 4605 sunt
2181 4546 2479 4621 praaclara,
2513 4563 2642 4619 quas
2672 4545 2733 4601 in
2760 4547 3038 4619 operibus
3097 4548 3225 4618 ejus
3279 4550 3574 4605 testantur
3607 4553 3666 4606 et

2010 4654 2117 4695 nos
2160 4641 2295 4694 ante
2323 4636 2525 4693 omnia
2581 4635 2710 4707 ejus
2740 4634 2984 4707 vestigia
3035 4636 3135 4708 qui
3186 4635 3405 4694 imitari
3438 4637 3662 4709 potuis-

2010 4731 2101 4784 set
2118 4727 2160 4799 ⁷,
2194 4742 2500 4799 nunquam
2534 4724 2880 4797 reperimus.

2080 4815 2149 4873 V.
2183 4815 2529 4873 Heliodorus
2561 4814 2883 4887 presbyter,
2931 4813 3175 4870 domum
3231 4813 3664 4887 amplissimam

2012 4921 2117 4979 per
2148 4903 2446 4962 modicum
2478 4904 2740 4960 foramen
2763 4902 3103 4976 respiciens,
3135 4907 3495 4977 tentansque
3515 4906 3668 4963 ostia

2013 4994 2309 5065 conclusa,
2343 4993 2651 5067 clavesque
2681 5010 2797 5049 non
2829 4992 3074 5063 habens,
3107 4992 3202 5050 vix
3232 5009 3422 5067 pauca
3472 4995 3544 5050 ad
3581 4997 3668 5052 lu~

2013 5100 2139 5140 cem
2174 5084 2417 5157 prodere
2478 5081 2790 5154 convaluit,
2849 5082 2950 5139 sed
2999 5098 3126 5154 quae
3186 5082 3374 5155 potuit
3406 5100 3662 5156 narrare,

257 5172 332 5231 ad
355 5188 530 5245 quem
564 5169 835 5227 mortalia
860 5169 956 5227 vix
985 5170 1330 5242 ascendunt,
1363 5170 1607 5244 pulchro
1638 5186 1907 5227 sermone
1936 5155 1979 5223 C
2016 5155 2267 5230 ﬁdeliter
2283 5174 2559 5230 narravit.

257 5277 553 5335 aureaque
581 5276 680 5317 ore
710 5258 982 5317 universa
1018 5259 1300 5333 loquitur.
1350 5260 1471 5316 Etsi
1523 5259 1679 5316 enim
1715 5258 1911 5331 aliqua

334 5460 351 5494 ¹
384 5460 449 5531 In
480 5472 650 5531 mss.,
680 5458 905 5514 Leniter
931 5457 1247 5531 leviterque.

330 5532 355 5566 ²
382 5503 589 5603 lideui.
621 5503 912 5603 Episcopus
938 5503 1161 5603 Luci/ei
1217 5531 1602 5603 Romanorum,
1642 5529 1907 5586 Ecclesia-

259 5617 495 5675 rumque
526 5601 771 5675 lucerna.
803 5601 1009 5675 Recole
1038 5601 1396 5675 superiorem
1424 5618 1754 5658 censuram.

333 5676 358 5710 ³
385 5672 599 5747 Iidem,
623 5674 685 5731 Si
709 5672 827 5745 ejus
856 5674 1047 5747 aliqua
1073 5672 1224 5730 secus
1253 5676 1418 5745 viam,
1447 5679 1556 5729 etc.

333 5747 543 5819 {Mssa
573 5743 911 5818 Proprioque
942 5743 1187 5816 ingenio
1241 5762 1354 5804 non
1406 5743 1703 5819 itu/ﬁciens,
1750 5743 1908 5799 aliud

264 5817 553 5890 subnectit,
585 5817 694 5874 etc;
1462 5817 1477 5873 ,⁷
1604 5870 1607 5873 .
1658 5850 1665 5857 υ

2090 5265 2188 5320 VI.
2206 5263 2552 5321 Ambrosius
2573 5263 2771 5334 frater,
2796 5262 3218 5335 profundorum
3241 5262 3422 5335 pinna
3442 5269 3665 5338 raptus,

2090 5461 2112 5495 ⁵
2141 5460 2305 5530 Mss.,
2342 5461 2406 5533 Ut
2434 5461 2601 5515 ruina
2623 5459 2742 5530 ejus
2786 5463 3038 5531 parasset
3084 5458 3156 5514 ad
3200 5458 3508 5515 doctrinam
3552 5462 3669 5533 ejus

2019 5532 2238 5605 aliquas
2268 5531 2619 5605 seductiones,
2651 5535 2762 5587 etc.

2088 5600 2127 5638 8'
2166 5608 2326 5673 Mss,
2386 5603 2543 5658 Multi
2589 5600 2767 5658 tamen
2823 5600 3220 5675 discipulorum
3273 5602 3394 5674 ejus
3437 5604 3671 5672 pessimi

2019 5677 2393 5876 Μῗιὲιὲεῗοὲι
2418 5747 2608 5802 omnia
2634 5746 2752 5816 ejus
2808 5747 3037 5817 vestigia
3061 5762 3167 5817 quo
3225 5745 3429 5802 iterare
3450 5750 3666 5819 potuis-

2019 5835 2071 5876 se
2102 5864 2116 5876 .
2150 5836 2180 5876 e
2209 5835 2258 5874 c.

2015 5835 2116 5891 set,
2150 5835 2258 5876 etc.
