3966 6408
1769 501 2564 509 *ψἫ-,ψ

1589 731 2232 823 PRZEFATIO.

280 1241 410 1298 Hoc
467 1239 698 1300 demun
757 1242 941 1303 tertio
1017 1243 1651 1321 Hieronymianorum
1713 1245 1980 1321 Operam
2044 1249 2212 1300 tomo
2281 1241 2435 1299 illud
2496 1242 2848 1320 scriptionis
2921 1262 3116 1320 genus
3177 1263 3619 1325 recognoscen-

201 1338 353 1396 dum
413 1339 836 1416 aggredimur,
901 1340 1076 1418 cujus
1135 1341 1413 1419 subjecta
1444 1342 1732 1401 materies
1805 1342 2158 1402 divinarum
2210 1345 2298 1398 est
2361 1340 2729 1399 Litterarum
2800 1344 3127 1419 expositio,
3184 1364 3306 1423 qua
3364 1349 3619 1409 sanctis-

196 1434 392 1494 simus
439 1435 744 1513 interpres
783 1438 900 1498 sibi
958 1439 1281 1518 proprium
1333 1441 1522 1498 decus
1554 1446 1612 1498 et
1666 1458 1888 1498 nomen
1953 1439 2223 1499 Doctoris
2290 1438 2570 1510 Maximi,
2625 1441 2988 1500 concinente
3056 1443 3120 1501 in
3170 1443 3331 1502 hanc
3363 1444 3614 1505 laudem

198 1533 352 1593 orbe
433 1533 748 1604 universo,
827 1538 1195 1614 promeruit.
1277 1539 1432 1596 Nam
1503 1557 1641 1596 cum
1700 1538 1762 1596 in
1801 1538 2040 1596 creteris
2117 1536 2367 1613 quidem
2447 1538 2776 1612 peculiaris
2855 1540 3120 1599 instituti
3214 1542 3618 1605 monimentis

200 1630 645 1692 elucubrandis
716 1651 899 1694 omne
975 1635 1179 1694 tulerit
1251 1641 1588 1712 punctum:
1666 1635 1729 1693 in
1790 1636 2127 1713 Scripturm
2203 1636 2582 1711 exponenda:
2675 1636 2925 1694 scientia
2994 1638 3078 1696 ita
3159 1640 3470 1714 excelluit,
3549 1645 3615 1705 ut

197 1735 426 1788 ezetera
457 1729 550 1788 illi
580 1732 938 1791 communia
968 1751 1110 1792 cum
1145 1733 1380 1796 multis.
1459 1731 1646 1810 hujus
1721 1739 1848 1792 tota
1882 1751 2071 1811 quam
2132 1732 2428 1790 latissime
2464 1738 2650 1809 patet,
2689 1734 3155 1810 quodammodo
3199 1740 3454 1816 propria
3483 1741 3620 1803 laus

195 1827 501 1887 videatur.
579 1829 805 1888 Earum
877 1830 1113 1889 scilicet
1185 1830 1476 1908 partium,
1554 1849 1692 1908 qua}
1768 1832 2113 1889 innunmrae
2187 1831 2643 1907 propemodum
2702 1832 3105 1908 requiruntur
3163 1836 3239 1893 ad
3308 1855 3618 1901 summam

197 1925 336 2003 ejus
391 1923 537 1985 libri
592 1927 960 2003 dignitatem
1038 1929 1487 1999 sustinendam,
1541 1930 1818 2007 singulas
1867 1929 2086 1988 habuit
2115 1929 2177 1987 in
2209 1935 2533 1989 numerato
2571 1948 2583 1988 :
2622 1931 2910 2007 quodque
2961 1931 3126 1991 haud
3178 1933 3302 1992 scio
3352 1955 3430 1994 an
3462 1937 3620 1997 alius

200 2027 386 2082 antea
416 2024 790 2094 contulerat,
864 2045 1176 2086 summam
1248 2027 1601 2104 linguarum
1665 2026 2095 2098 Orientalium,
2172 2027 2734 2103 rpucprimigenim
2809 2034 2867 2085 et
2906 2031 3257 2089 vernaculae
3289 2039 3432 2092 sunt
3490 2034 3622 2113 ejus

195 2119 362 2193 libri,
399 2126 458 2180 et
488 2139 630 2180 cum
662 2123 879 2199 primis
911 2124 1230 2184 Hebraica)
1264 2131 1322 2183 et
1395 2126 1622 2183 (ὶιτθῡοίη
1681 2124 1990 2196 notitiam,
2055 2124 2466 2184 vetustiorum
2503 2143 2533 2182 e
2609 2124 2946 2202 Synagoga
2978 2132 3036 2185 et
3093 2129 3365 2189 Ecclesia
3435 2131 3620 2194 inter-

197 2225 468 2298 pretum,
548 2218 804 2280 Patrum
875 2240 1122 2300 quoque
1153 2240 1260 2281 seu
1309 2224 1686 2294 Graecorum,
1741 2241 1847 2281 seu
1882 2223 2265 2292 Latinorum,
2345 2223 2450 2299 qui
2522 2223 2639 2281 hoc
2709 2225 2915 2282 studio
2987 2225 3427 2298 inelaruerant,
3472 2233 3619 2291 assi-

197 2319 391 2382 duam
428 2322 759 2383 lectionem
809 2327 867 2379 et
926 2320 1220 2393 studium,
1284 2340 1425 2380 cum
1475 2320 1956 2398 exquisitissimo
2015 2320 2462 2378 sententiarum
2524 2338 2854 2396 rerumque
2905 2322 3149 2381 delectu
3207 2325 3284 2382 ad
3347 2326 3615 2405 reliquas

194 2418 502 2481 doctrina:
536 2439 660 2481 suae
691 2419 906 2478 laudes
953 2417 1260 2495 adjunxit.
1296 2421 1424 2478 Ilac
1484 2419 1822 2476 instructus
1857 2424 2029 2477 tanta.
2061 2418 2533 2493 disciplinarum
2583 2418 2973 2495 supellectili,
3011 2421 3115 2478 ubi
3145 2421 3334 2482 sacris
3368 2424 3612 2486 Litteris

201 2517 590 2594 explicandis
621 2517 897 2577 animum
945 2516 1232 2586 advertit,
1288 2534 1360 2576 eo
1410 2516 1733 2592 dignitatis
1796 2517 1979 2575 etiam
2014 2536 2082 2574 ac
2115 2515 2493 2592 prmstantim
2544 2518 2828 2592 provexit
2876 2516 3034 2576 hanc
3083 2523 3299 2592 artem,
3354 2540 3476 2598 quo
3507 2530 3615 2583 aut

201 2615 485 2676 nondum
516 2622 698 2676 antea
743 2614 881 2693 pari
912 2615 1132 2674 saltem
1182 2616 1379 2692 gradu
1413 2621 1798 2692 pervenerat,
1864 2620 1965 2673 aut
2003 2620 2216 2691 postea
2269 2614 2525 2672 ulterius
2577 2632 2701 2673 non
2742 2622 2829 2673 est
2887 2634 3233 2692 progressa.
3283 2619 3616 2696 Triplicem

201 2714 369 2772 enim
401 2714 703 2792 propositi
732 2713 855 2772 loci
884 2731 1132 2772 sensum
1165 2713 1325 2772 eruit
1356 2732 1425 2771 ac
1457 2713 1788 2787 investigat
1817 2730 1828 2769 :
1867 2717 1925 2769 et
1959 2711 2018 2769 in
2053 2711 2254 2788 primo
2297 2711 2545 2788 quidem
2596 2730 2780 2787 quem
2810 2712 3198 2785 historicum,
3235 2716 3362 2774 sive
3393 2717 3616 2779 littera:

200 2818 452 2884 vocant,
488 2812 722 2872 diutius
752 2811 1144 2880 immoratur,
1184 2810 1354 2872 varia
1404 2810 1495 2868 illi
1528 2816 1806 2871 veterum
1837 2829 1911 2868 ex
1962 2811 2222 2868 Hebrago
2255 2809 2661 2886 interpretum
2704 2813 3185 2872 accommodans
3215 2814 3611 2890 glossemata,

200 2910 378 2970 varia
409 2915 815 2970 tractatorum
848 2915 1201 2968 commenta
1233 2913 1291 2967 et
1324 2909 1680 2968 sententias.
1715 2909 1873 2968 Tum
1909 2909 2031 2966 alia
2062 2909 2187 2967 duo
2211 2926 2435 2984 genera
2484 2909 3000 2985 explanationum
3033 2913 3410 2987 aggreditur,
3448 2921 3507 2975 et
3537 2917 3616 2976 ad

202 3006 502 3069 liberiora
533 3008 905 3087 tropOIOgiac
937 3013 1264 3067 revocatus
1296 3008 1520 3084 spatia,
1557 3007 1858 3084 quidquid
1914 3007 1992 3066 ad
2024 3007 2348 3078 moralem,
2403 3012 2461 3064 et
2492 3007 2794 3083 quidquid
2827 3009 2902 3066 ad
2938 3009 3260 3084 mysticam
3288 3014 3618 3089 expositio-

202 3123 346 3166 nem
405 3106 570 3166 feliei
600 3106 854 3184 ingenio
887 3106 1324 3182 suppeditabat
1383 3106 1770 3166 reconditum
1801 3106 2099 3164 doctrina)
2133 3124 2346 3181 penus,
2401 3109 2574 3163 tanta
2629 3125 2834 3163 rerum
2867 3107 3175 3165 urbertate
3224 3110 3470 3181 exserit,
3506 3112 3618 3172 mi-

199 3221 342 3264 rum
375 3210 440 3264 ut
471 3204 548 3264 sit
580 3204 885 3264 exstitisse
914 3204 1192 3263 notarios
1221 3204 1549 3263 scribendo
1593 3223 1792 3281 pares.

282 3305 411 3363 Hoc
443 3308 650 3363 autem
683 3303 744 3362 in
795 3302 1023 3373 studio,
1080 3321 1438 3380 quanquam
1489 3301 1771 3361 omnium
1803 3300 2152 3371 utilissimo,
2206 3319 2328 3357 non
2383 3300 2600 3375 ignoro
2645 3299 2978 3358 fastidiosis
3027 3300 3389 3362 hominibus
3419 3306 3616 3366 neuti-

197 3419 387 3479 quam
420 3401 696 3478 probari,
733 3401 899 3478 quod
928 3419 1142 3459 eorum
1175 3401 1536 3477 plerumque
1569 3405 1819 3458 sanctus
1851 3401 2082 3457 Doctor
2113 3398 2456 3456 dissimulet
2488 3398 2764 3471 nomina,
2804 3418 3069 3474 quorum
3130 3401 3345 3461 laudat
3373 3410 3619 3465 senten-

198 3498 314 3558 tias
370 3504 554 3577 atque
604 3500 758 3558 adeo
815 3499 1075 3558 dubium
1126 3499 1386 3558 subinde
1437 3498 1534 3567 sit,
1571 3504 1662 3557 tot
1697 3497 1854 3557 inter
1884 3497 2292 3556 vetustiorum
2333 3498 2586 3556 Patrum
2647 3497 3057 3574 opinationes,
3123 3499 3186 3557 in
3217 3503 3612 3577 quammalit

197 3596 329 3675 ipse
390 3597 747 3658 concedere.
787 3598 904 3656 Sed
938 3597 1097 3656 hanc
1133 3596 1233 3655 ille
1266 3595 1583 3656 randicam
1634 3615 1870 3672 suoque
1902 3595 2051 3655 olim
2103 3601 2381 3671 temjuu'e
2435 3595 2801 3653 intentatam
2853 3597 3233 3656 calumniam
3283 3619 3614 3680 eumszepc

198 3694 370 3767 alibi,
408 3700 540 3754 tum
573 3695 636 3754 in
706 3695 1081 3755 Praefatione
1140 3693 1280 3752 libri
1331 3712 1390 3753 x1
1434 3694 2040 3753 Commentariorum
2094 3694 2155 3750 in
2206 3694 2428 3750 Isaiam
2489 3692 2752 3768 palmari
2807 3695 2924 3752 hoc
2977 3702 3346 3772 argumento
3379 3698 3607 3759 diluit:

198 3792 488 3866 Lectoris,
521 3793 722 3872 inquit
750 3793 1006 3853 arbitrio
1064 3791 1372 3871 tlereliqui,
1424 3791 1574 3872 quid
1599 3791 1667 3851 de
1709 3791 1989 3872 plurimas
2037 3789 2299 3868 eligeret.
2353 3791 2564 3870 Itaque
2613 3789 2772 3870 quod
2818 3811 2917 3850 nos
2967 3792 3316 3852 verecundia
3361 3794 3612 3871 fecimus

178 3889 527 3970 judicandi,
553 3901 836 3952 eteorum
868 3890 1085 3950 lionore
1110 3891 1219 3970 qui
1247 3889 1460 3949 lecturi
1513 3898 1704 3964 erant,
1734 3888 2088 3970 quibusdam
2148 3889 2302 3966 forte
2334 3908 2446 3946 non
2492 3887 2744 3966 placeat,
2799 3890 2909 3968 qui
2932 3909 3045 3948 non
3077 3892 3458 3970 antiquorum
3489 3894 3615 3973 opi-

188 3989 414 4056 niones.
445 3989 548 4049 sed
573 3998 836 4050 nostram
865 3997 1210 4049 sententiam
1237 3990 1387 4048 scire
1419 3988 1776 4048 desiderant.
1814 3987 2035 4061 Quibus
2067 3987 2269 4065 facilis
2328 4006 2622 4065 responsio
2667 3995 2784 4046 est:
2850 3985 3111 4046 (Voluisse
3141 4008 3228 4047 me
3283 3991 3372 4049 sic
3427 4010 3610 4051 unum

190 4087 453 4168 recipere
508 4095 573 4148 ut
602 4085 836 4148 viderer
863 4087 1012 4148 alios
1040 4085 1459 4146 condamnure.
1483 4087 1556 4145 Et
1585 4087 1644 4143 in
1676 4087 1961 4146 Jeremice
1998 4106 2130 4162 cap.
2153 4104 2274 4144 xxn
2307 4106 2328 4144 .·
2361 4084 2719 4144 Misera/iiiis
2787 4083 3110 4157 Grunnius,
3152 4096 3206 4145 et
3231 4097 3360 4167 post
3393 4088 3607 4150 multos

187 4203 376 4245 annos
409 4183 689 4266 discipuli
718 4185 1030 4246 Joviniani
1053 4195 1105 4244 et
1140 4183 1300 4242 illius
1327 4181 1853 4256 calumniatismit,
1887 4193 1938 4243 et
1971 4183 2411 4243 calumniantur
2442 4204 2527 4242 me
2556 4182 2659 4242 sub
2689 4182 2901 4242 alienis
2933 4184 3289 4258 nominibus,
3329 4188 3610 4268 proprias

84 4350 93 4360 ,
183 4283 504 4344 sententias
530 4302 769 4362 ponere,
802 4281 963 4363 quod
990 4301 1094 4360 ego
1113 4301 1291 4342 causa
1341 4280 1746 4341 benevolentia:
1795 4280 1979 4357 facio,
2015 4301 2084 4338 ne
2116 4282 2375 4360 aliquem
2404 4295 2559 4340 certo
2593 4281 2824 4340 nomine
2855 4279 3055 4342 videar
3087 4281 3374 4344 lacerare.
3410 4288 3610 4347 Grun-

187 4381 331 4440 nius
363 4379 585 4458 reipsa,
620 4382 748 4440 sive
796 4380 1030 4448 Rullus,
1068 4385 1127 4438 et
1157 4379 1436 4456 quisquis
1469 4379 1571 4438 illc
1601 4379 1716 4436 fuit
1747 4379 1822 4437 de
1852 4378 2164 4438 Joviniani
2201 4398 2385 4455 ert-vro
2416 4386 2588 4440 Vetus
2637 4380 3073 4446 calumniator,
3110 4401 3248 4440 cum
3304 4402 3366 4442 se
3399 4385 3610 4446 Hiero-

186 4478 363 4556 nymi
395 4479 688 4537 aemulum
742 4496 872 4537 esse
928 4476 1318 4536 dissimulare
1369 4496 1493 4536 non
1543 4482 1769 4554 posset.
1825 4494 1888 4533 se
1943 4475 2145 4550 ipsum
2178 4476 2378 4550 magis
2426 4476 2783 4535 invidentur:
2836 4477 3091 4536 crimine
3142 4480 3604 4558 condemnavit,

184 4595 378 4653 quam
409 4577 470 4636 S.
508 4579 836 4636 Doctorem
868 4575 1280 4635 obtrectando
1331 4573 1575 4633 laeserit.
1633 4573 1747 4642 Qui
1777 4591 1924 4632 vero
1956 4592 2090 4630 eam
2124 4572 2501 4630 calumniam
2562 4573 2913 4632 instaurant
2963 4577 3330 4634 recentiores
3363 4576 3608 4638 hetero-

185 4674 362 4746 doxi,
397 4692 520 4733 non
552 4679 679 4732 tam
713 4673 999 4737 fortassis
1023 4691 1096 4731 ex
1129 4673 1336 4731 animo
1369 4671 1632 4736 sribunt,
1689 4690 1872 4749 quam
1904 4670 2251 4728 ostentamli
2309 4670 2536 4746 ingenii
2586 4688 2790 4738 causa,
2846 4677 3032 4746 atque
3078 4673 3156 4730 ob
3182 4673 3386 4732 nescio
3417 4693 3605 4750 quam

189 4769 492 4849 projectaa
526 4770 885 4832 temeritatis
944 4769 1262 4828 libidinem
1321 4769 1613 4846 carpendi
1649 4774 1885 4827 veteres
1916 4769 2145 4834 Patres,
2185 4786 2216 4824 a
2269 4785 2532 4844 quorum
2568 4766 2684 4823 fide
2709 4766 3120 4825 desciverunt.
3161 4769 3325 4827 Nihil
3359 4769 3498 4830 dico
3530 4771 3606 4830 de

187 4869 548 4942 Catholicis,
585 4869 633 4927 si
668 4887 806 4947 qua:
855 4887 1068 4928 eorum
1093 4873 1236 4926 sunt
1288 4886 1560 4927 censura:
1597 4867 1711 4924 hac
1771 4866 1845 4925 de
1877 4885 1961 4930 re,
1997 4885 2133 4942 qua:
2169 4884 2313 4923 sane
2364 4863 2669 4938 ejusmodi
2720 4869 2880 4936 sunt,
2929 4869 2993 4922 ut
3039 4865 3414 4943 Hieronymo
3445 4867 3603 4927 nihil

185 4966 546 5037 detrahant,
635 4967 741 5026 sed
827 4965 1135 5025 studiosos
1222 4965 1514 5034 excitent,
1599 4970 1658 5023 ut
1751 4964 1964 5022 sedulo
2060 4963 2488 5022 ecclesiastica-
2594 4961 2956 5019 eruditiimis
3061 4963 3332 5036 studio,
3423 4983 3603 5024 suam

185 5064 412 5142 cuique
445 5064 686 5125 auctori
717 5063 1087 5123 sententiam
1124 5064 1377 5122 reddere
1420 5063 1652 5121 sciant:
1715 5063 1884 5139 quod
1918 5067 2079 5119 certe
2116 5061 2173 5118 in
2228 5080 2525 5137 n'iagnum
2574 5079 2888 5119 sacrarum
2924 5059 3318 5131 Litterarum,
3357 5069 3415 5120 et
3462 5081 3604 5122 cum

187 5162 406 5240 primis
437 5161 938 5240 Hieronymianze
975 5160 1256 5220 lectionis
1289 5160 1686 5219 commodum
1724 5160 1922 5219 cedat.
1963 5161 2131 5217 llaue
2167 5160 2292 5217 fere
2324 5178 2577 5235 operam
2711 5157 2992 5226 Basilius,
3031 5161 3088 5216 et
3137 5159 3468 5234 Gregorius
3490 5161 3605 5220 Na—

187 5261 538 5330 zianzenus,
592 5264 1007 5338 cognomento
1051 5257 1431 5335 Theologus,
1468 5258 1856 5334 Origenianis
1915 5257 2353 5334 srriptitmilms
2386 5257 2667 5315 feruntur
2724 5255 3115 5332 impendisse,
3172 5261 3237 5313 ut
3266 5257 3598 5335 (higmatis,

185 5377 329 5437 quae
358 5358 551 5436 ipsius
581 5358 855 5436 propria,
891 5363 1075 5434 atque
1096 5357 1172 5415 ah
1204 5357 1468 5415 aliorum
1486 5355 1731 5433 placitis
1755 5355 2170 5432 discrqmntia
2201 5354 2576 5423 viderentur,
2613 5354 2662 5411 Χ
2694 5353 3008 5429 geminum
3028 5352 3370 5429 afﬁgerent,
3396 5355 3605 5431 Plato-

187 5457 473 5516 nicorum
505 5471 695 5529 more,
731 5456 858 5534 qui,
895 5457 1265 5531 magistrum
1306 5472 1486 5512 suum
1543 5453 1911 5522 lectitantes,
1948 5453 2083 5510 loca
2136 5452 2400 5527 insignia
2469 5470 2540 5508 eo
2598 5451 2952 5510 charactere
3001 5451 3408 5518 denotabant.
3444 5460 3509 5513 ut
3539 5454 3604 5515 in

184 5554 446 5614 Platone
485 5554 758 5613 Laertius
789 5553 995 5612 refert.
1030 5555 1225 5630 Atque
1259 5552 1315 5609 id.
1350 5551 1599 5628 quidem
1631 5555 1926 5628 praestare
1959 5569 2091 5616 nos,
2130 5556 2362 5626 cpianta
2397 5548 2568 5605 licuit
2600 5548 2922 5622 diligentia
2956 5551 3412 5621 contendimus,
3449 5571 3598 5628 ope-

188 5671 450 5733 ramque
480 5652 543 5712 in
593 5653 708 5712 hoc
740 5658 1017 5710 lll_)Sl.f‘{lm
1050 5652 1316 5729 maxime
1349 5651 1787 5729 subsequentes
1810 5650 1980 5720 tomi,
2033 5650 2139 5726 qui
2173 5647 2284 5707 toti
2334 5647 2808 5707 Uomuumtariis
2858 5654 3165 5716 Constant.
3198 5650 3591 5725 probabunt;

509 5789 771 5853 ΡΑτιῑοι..
819 5787 1039 5851 XXIII.

2902 5793 2913 5804 '
3200 5784 3276 5844 26
