3966 6406
341 295 481 377 εθιε

408 428 656 487 Ascalon
711 429 867 503 ignis
892 428 1151 499 infamis,
1185 434 1285 488 aut
1311 430 1397 505 ig-

382 501 431 556 is
461 472 757 556 ignobilis.

339 501 1145 657 nfzégngggjtljgpondens,aut
1153 590 1265 647 pau
1273 590 1396 647 per,

339 660 458 702 sive
488 662 745 701 miseria.

403 717 660 788 Agabus,
692 714 961 788 nuntius,
1006 714 1097 771 vel
1153 715 1397 788 nuntius

331 786 855 854 tribulationis;sed
869 787 1044 843 ethoc
1057 787 1395 843 violentum.

404 859 640 925 Attalia,
657 864 893 931 tempus
906 860 1056 931 ejus,
1069 858 1281 915 melius
1304 860 1397 915 de-

331 929 569 986 clinatio
601 929 846 987 domini.

398 1001 787 1075 Amphipolis,
835 1000 1089 1074 populus
1136 1017 1234 1058 ore
1263 1017 1386 1057 cor-

330 1089 528 1129 ruens.

398 1142 727 1218 Apollonia,
760 1143 1094 1218 disciplina,
1116 1142 1201 1218 vel
1225 1160 1391 1217 syna-

326 1213 691 1289 gogaeorum
708 1234 721 1284 ;
741 1215 842 1272 sed
856 1213 1033 1289 ethoc
1047 1213 1385 1271 violentum.

400 1285 799 1356 Athenienses,
844 1285 1255 1359 capioratores,
1288 1291 1392 1359 aut

327 1360 765 1430 respondentes,
814 1357 1225 1430 vel—humiles,
1270 1358 1391 1430 sive

324 1428 585 1502 tempore
628 1429 895 1500 dissipati
938 1447 952 1497 ;
994 1430 1095 1485 sed
1136 1429 1245 1485 hoc
1268 1428 1390 1485 vio-

323 1499 571 1557 lentum.

392 1573 559 1629 Arios
590 1588 770 1644 pagos
800 1571 1098 1644 primitiva
1116 1570 1391 1627 solemni-

392 1588 559 1629 Al'lOS
631 1588 770 1644 agos
800 1588 1098 1643 primmva
1116 1588 1387 1627 sonemni-

322 1647 449 1700 tas:
500 1588 626 1699 se;
652 1649 711 1699 et
754 1644 861 1699 hoc
907 1642 1227 1699 violentum
1259 1647 1387 1708 est;

322 1732 458 1771 cum
470 1714 845 1770 Atheniensis
862 1714 1035 1769 curiae
1059 1730 1272 1770 nomen
1291 1714 1386 1781 sit,

323 1802 450 1858 quas
481 1790 734 1858 aiMarte
754 1801 965 1858 nomen
1000 1784 1244 1856 accepit.

392 1857 624 1928 Aquila,
645 1856 871 1928 dolens,
894 1855 1013 1928 sive
1034 1855 1385 1927 parturiens.

390 1927 631 1997 Achaia,
662 1943 828 1983 soror
855 1927 1156 1982 laborans.

394 2000 496 2072 φῦ
547 1998 793 2071 Apelles,
845 2014 1206 2072 congregans
1265 2014 1384 2054 eos.

320 2069 683 2127 Violentum.

391 2143 665 2207 Artemis,
682 2142 739 2196 id
752 2145 861 2208 est,
881 2140 1079 2208 Diana,
1095 2140 1386 2199 suscitans

323 2213 751 2289 agrotationes.
786 2212 1135 2289 Vielentum.

373 2285 1072 2350 Aristarchus,suscitans
1086 2298 1384 2339 coronam.

390 2356 841 2429 Antipatridem,
876 2355 1150 2411 donantis
1182 2354 1385 2410 lauda-

320 2427 560 2485 tionem.
594 2427 949 2483 Violentum.

392 2500 1065 2581 Agrippahcongregans
1095 2496 1309 2581 subito.

392 2516 1065 2626 agrippancongregans
1095 2516 1309 2581 suone.
1346 2568 1357 2580 _

391 2574 437 2627 A
483 2575 793 2635 rumetina,
826 2570 1091 2625 dmdens
1122 2569 1387 2626 Sllbllml-

319 2647 426 2699 ter.
457 2641 813 2698 Violentum.

390 2713 621 2779 Adrias,
675 2711 979 2768 continens
1032 2710 1207 2777 mala,
1266 2712 1387 2768 sive

323 2783 489 2840 locus
522 2782 836 2841 malorum.
863 2782 1221 2837 Violentum.

390 2854 518 2927 Apii
571 2855 784 2927 forum,
834 2851 1040 2921 libera,
1089 2852 1174 2908 vel
1220 2853 1384 2910 fortis

322 2923 580 2987 ubertas.
611 2923 973 2982 Violentum.

394 3067 872 3133 Bartholomisus,
932 3066 1090 3123 illius
1134 3083 1387 3139 suspen-

320 3140 512 3197 dentis
545 3138 867 3213 aquas,v_el
896 3144 962 3194 ut
992 3156 1189 3212 supra.

391 3211 706 3277 Barsab‘an,
740 3211 928 3267 {ilium
980 3211 1383 3279 revertentem,

319 3283 406 3339 vel
438 3284 626 3339 filium
656 3282 869 3356 quietis
894 3300 907 3337 :
940 3298 1014 3356 ex_
1031 3283 1173 3355 Syro
1205 3287 1261 3339 et
1281 3282 1387 3339 He-

320 3356 475 3411 braeo
504 3353 717 3410 nomen
760 3353 1170 3425 compositum.

393 3425 691 3483 Barnabas
710 3425 752 3497 '7,
777 3423 934 3480 ﬁlius
961 3426 1276 3497 prophetae,
1298 3424 1385 3481 vel

323 3496 799 3570 filiusvenientis,
818 3501 919 3570 aut
932 3496 1272 3570 uitpl‘erique
1285 3513 1388 3570 pu-

321 3573 469 3635 tant,
499 3568 659 3624 ﬁlius
701 3566 1134 3624 consolationis.

392 3639 679 3706 Blastum,
738 3639 1074 3705 habentem,
1127 3638 1382 3694 lucrum.

392 3711 982 3778 Berieu,maleticum,
1000 3712 1119 3766 sive
1133 3710 1193 3765 in
1211 3709 1382 3766 malo.

320 3783 595 3839 Nonnulli
611 3783 849 3840 Bariesu
869 3787 1137 3853 corrupte
1159 3782 1380 3854 legunt.

392 3855 682 3928 Bithynia,
750 3855 872 3911 filia
929 3855 1211 3927 speciosa,
1267 3854 1385 3910 sive

323 3926 574 3983 inutilis.

393 4003 629 4065 Beroea,
658 3997 817 4069 ﬁlius
846 3998 993 4068 ejus.
1027 3997 1249 4069 Syrum,
1271 4001 1379 4053 est.

394 4069 681 4136 Berenice,
728 4067 1041 4136 eleganter,
1073 4067 1175 4124 ‘vel
1206 4068 1386 4125 electa

321 4145 634 4207 commota,
659 4140 777 4195 sive
801 4138 955 4196 filius
976 4141 1290 4197 innocens:
1318 4158 1386 4197 ex

321 4213 465 4286 Syro
488 4209 842 4284 Hebraeoque
862 4212 1273 4284 compositum.

392 4352 775 4438 Cappadocia,
847 4370 1025 4438 manu
1084 4356 1385 4427 redempta

322 4424 592 4483 Domino.
634 4424 988 4481 Violentum.

390 4498 626 4563 Cirenaa,
661 4496 864 4553 haeres.

390 4570 576 4638 Creta,
607 4569 947 4633 vocationis,
999 4572 1099 4624 aut
1142 4572 1378 4625 vocatae.

322 4642 481 4715 Inter
504 4642 724 4715 Syrum
745 4646 803 4696 et
838 4641 1166 4715 Hebrazum.

389 4712 663 4787 Caiphae,
711 4712 1108 4785 investigator,
1156 4716 1258 4767 aut
1288 4729 1378 4767 sa-

1579 300 1646 362 S.
1685 295 2001 362 ‘EUSEBII
2042 292 2513 360 HIERONYMI.

1507 447 1640 505 gas,
1670 430 1756 505 vel
1787 444 2032 505 vomens
2058 446 2173 486 ore.

1579 502 1847 575 Cyprius,
1884 501 2089 575 tristis,
2122 504 2225 575 aut
2263 517 2493 557 maeror.

1579 573 1955 646 Cyrenenses,
2003 573 2281 646 heredes.

1577 642 1793 711 Cilicia,
1826 650 2031 707 ccetus,
2081 649 2184 700 aut
2230 644 2444 709 luctus,
2476 642 2566 699 vel

1507 718 1853 789 assumptio,
1882 721 1983 771 aut
2012 716 2264 789 vomitus
2296 718 2444 789 ejus.

1577 785 1855 853 Czesarea,
1916 788 2210 858 possessio
2265 785 2563 859 principis.

1575 860 1884 926 Candacis,
1916 862 2306 914 commutatae.

1536 1002 1548 1014 .
1574 930 1896 998 Cornelius,
1916 928 2252 1003 intelligens
2268 929 2569 986 circumci-

1503 1018 1749 1058 sxonem.

1569 1073 1865 1144 Claudius,
1913 1089 2048 1145 spes
2090 1070 2555 1145 tranquillitatis.

1570 1146 1688 1211 Cis,
1718 1161 1958 1201 vomens
1988 1145 2101 1213 vir,
2123 1148 2225 1200 aut
2243 1145 2448 1199 durus.

1570 1216 1887 1283 Coloniam,
1905 1215 2312 1272 revelationem
2328 1229 2555 1281 eorum,

1499 1293 1600 1343 aut
1624 1304 1823 1344 vocem
1854 1303 2079 1345 eorum.

1568 1359 1935 1426 Corinthum,
1952 1356 2449 1413 conversationem
2471 1369 2561 1410 eo-

1499 1447 1628 1519 rum
1671 1428 2340 1519 quamns‘igniﬁcantius
2378 1426 2560 1519 Graeci

1496 1497 1774 1555 πολιτεῖαν
1809 1497 2201 1557 ιθσνοοαηι
2227 1500 2268 1565 ³,
2311 1500 2419 1554 hoc
2449 1502 2560 1563 est,

1498 1574 1566 1628 ad
1579 1572 2066 1627 ministrationem
2099 1572 2260 1643 reipu
2272 1570 2453 1625 blicae.

1568 1645 1831 1715 Crispus,
1849 1644 2061 1709 sciens,
2076 1642 2164 1697 vel
2183 1642 2559 1714 cognoscens.

1569 1714 1910 1783 Cenchreas,
1963 1714 2274 1787 possidens
2315 1717 2561 1769 sectato-

1500 1803 1614 1841 res.

1568 1858 1645 1910 Cn
1676 1858 1908 1926 (Chius),
1944 1856 2232 1923 excussio,
2264 1855 2385 1911 sive
2425 1871 2564 1928 prai-

1499 1929 1755 1984 stolatio.

1568 2000 1781 2056 Cnidos
1814 1999 2087 2071 (Cnidus),
2122 1998 2337 2055 mentis
2366 2013 2563 2053 exces-

1499 2088 1621 2127 sus.

1567 2142 1820 2199 Caudem
1841 2141 2090 2214 (Gauda),
2114 2157 2439 2214 recursum,
2464 2145 2566 2197 aut

1498 2212 1904 2284 retentionem,
1938 2213 2057 2268 sive
2088 2212 2440 2284 clangorem.

1496 2288 1745 2357 Exceptis
1772 2288 1963 2357 paucis
2001 2284 2341 2350 nominibus,
2372 2284 2564 2338 omnia

1563 2356 1703 2430 pene
1733 2372 1802 2411 ex
1831 2356 1871 2412 C
1894 2357 2078 2411 littera
2101 2357 2368 2411 violenter
2387 2358 2559 2411 inter-

1561 2436 1778 2502 pretata
1806 2430 1955 2483 sunt.

1567 2571 1769 2639 David,
1793 2569 2222 2635 desiderabilis,
2238 2569 2358 2625 sive
2382 2585 2561 2624 manu

1499 2644 1689 2698 fortis.

1568 2714 1910 2795 Damascus,
1936 2711 2560 2795 san‘guinisnpoculum.

1567 2783 2212 2856 Derben,generationis
2225 2783 2563 2848 ﬁlium,sive

1496 2855 1860 2912 loquentem.

1618 2927 1901 2999 ionysius,
1925 2925 2303 2999 dijudicatus,
2328 2926 2448 2981 sive
2466 2941 2560 2981 ve-

1498 2998 1804 3055 hementer
1825 2998 2077 3069 fugiens.

1569 3069 1856 3136 Damaris,
1890 3069 2073 3125 silens
2117 3071 2310 3140 caput.

1569 3141 1922 3203 Demetrius,
1963 3140 2336 3195 vehementer
2365 3140 2560 3195 innec-

1496 3219 1650 3281 tens,
1689 3214 1809 3269 sive
1868 3212 2118 3267 nimium
2181 3228 2557 3283 persequens.

1569 3286 1865 3353 Derbaeus,
1882 3283 2115 3355 loquax,
2136 3283 2257 3355 sive
2275 3289 2337 3338 ut
2359 3300 2557 3355 supra.

1568 3355 1843 3422 Drusilla,
1877 3354 2107 3427 generis
2138 3354 2388 3427 pacifici.

1567 3428 1832 3483 Dioscuri
1864 3426 1906 3497 ⁴;
1953 3426 2184 3499 pulchri
2234 3427 2326 3499 adi
2358 3432 2561 3497 tegen-

1498 3498 1660 3555 dum.
1692 3502 1838 3555 Sunt
1867 3497 2065 3555 autem
2113 3497 2332 3569 gemini
2362 3499 2559 3554 Casto-

1499 3588 1612 3626 res.

1994 3641 2037 3695 E

1568 3711 1812 3769 Elazonis
1826 3711 2260 3783 (Ἐλαιῶνος),ἰά
2276 3716 2383 3779 est,
2401 3728 2562 3768 mon-

1498 3784 1573 3838 tis
1604 3784 2015 3855 Oliveti,iquod
2040 3784 2456 3854 interpretatur
2470 3784 2560 3839 di-

1497 3856 1729 3922 viuitas,
1763 3854 1849 3911 vel
1881 3854 2308 3910 fallaborantes.

1568 3926 1846 3999 Elamitae,
1875 3927 2107 3999 objecti,
2138 3926 2413 3999 oppositi,
2441 3926 2560 3983 sive

1496 3998 1775 4065 despecti.

1566 4070 1773 4136 Ebraai,
1803 4068 2168 4125 transitores.

1565 4143 1741 4197 Emor
1769 4140 1993 4204 asinus,
2026 4140 2074 4195 si
2109 4157 2210 4213 per
2247 4140 2376 4196 heth
2404 4140 2557 4197 litte-

1494 4212 2182 4295 ramscribatur‘bmn),
2199 4213 2362 4295 quod
2389 4214 2437 4269 si
2458 4228 2561 4285 per

1494 4284 1655 4356 aleph
1686 4285 1909 4354 ('HDN),
1942 4283 2157 4356 loquax
2183 4283 2417 4356 dicitur.

1612 4355 1804 4422 limas,
1864 4356 1969 4427 adi
2002 4355 2558 4427 transgressionem,

1494 4428 1613 4483 sive
1646 4425 1975 4498 transgredi
2006 4425 2248 4482 faciens.

1565 4498 1786 4564 Ermes,
1818 4496 2132 4553 anathema
2164 4496 2447 4552 mmroris.

1567 4574 1826 4632 Erastus,
1884 4568 2061 4623 frater
2102 4585 2268 4623 meus
2316 4568 2555 4624 videns:

1493 4640 1638 4696 satis
1668 4639 1923 4696 absurde
1955 4638 2303 4695 vocabulum
2343 4641 2556 4712 figura-

1495 4717 1642 4767 tum.

3627 294 3775 361 892'

2749 426 2973 496 Ellada,
3022 428 3093 486 ad
3149 429 3478 498 scientiam,
3532 430 3622 487 vel
3669 432 3744 487 ad

2680 517 3013 575 ascensum,
3044 502 3165 575 sive
3188 502 3293 575 Dei
3314 501 3582 575 seientia,
3600 501 3746 575 Syra

2679 573 3062 647 verolinguai
3083 574 3319 647 dicitur,
3364 590 3540 647 super
3569 573 3740 647 hanc:

2751 643 3018 711 Ellenon,
3049 644 3107 701 id
3140 650 3250 712 est,
3284 643 3639 711 Grecorum.
3669 645 3742 701 ad

2678 717 3079 781 ascendentes,
3104 718 3226 772 sive
3249 718 3493 773 scientia
3512 716 3632 773 Dei.

2748 788 3067 859 Ephesum,
3100 788 3367 845 voluntas
3403 805 3534 845 mea
3561 790 3621 844 in
3649 804 3739 855 ea,

2677 858 2813 915 sive
2829 859 2963 915 ﬁnis
2984 875 3206 915 eorum.
3696 883 3729 905 ο

2749 929 3054 1003 Eutyches,
3088 947 3312 988 amens.
3344 936 3524 988 Porro
3546 930 3740 987 Grece

2674 1000 2888 1056 dicitur
2919 1002 3271 1059 fortunatus.

2743 1073 3008 1139 Ebraice,
3042 1072 3398 1130 transitorie.

2741 1144 2882 1228 I9!
2922 1142 3224 1228 Eurielion
3257 1146 3636 1228 (Euroaquilo,
3666 1141 3746 1200 al.

2667 1215 2995 1286 Euriclion),
3012 1216 3423 1285 commiscens,
3446 1215 3568 1273 sive
3580 1217 3745 1272 deor-

2670 1302 2803 1341 sum
2836 1287 3079 1342 ducens.

2671 1358 2796 1426 Qua
2824 1366 3129 1431 sequuntur
3153 1356 3258 1414 duo
3286 1362 3516 1415 numina
3532 1374 3633 1431 per
3652 1374 3746 1431 ex-

2742 1433 2955 1483 tensum
2986 1430 3029 1484 E
3059 1430 3300 1501 litteram
3335 1435 3460 1485 sunt
3490 1429 3739 1501 legenda.

2741 1501 2979 1565 Erodes,
3010 1499 3181 1571 pellis
3211 1499 3418 1571 gloria.

2743 1572 2965 1639 Esaias,
3014 1570 3185 1626 salus
3220 1570 3504 1628 Domini:
3538 1587 3741 1627 verum

2671 1644 2824 1715 apud
2856 1643 3126 1699 Hebraeos
3151 1643 3223 1699 ab
3262 1644 3284 1697 Ι
3335 1642 3530 1700 littera
3557 1643 3743 1700 sumit

2672 1715 3000 1771 exordium.
3173 1785 3213 1839 F

2745 1856 3027 1929 Filippus,
3057 1872 3122 1911 os
3160 1856 3588 1929 lampadarum.

2746 1928 2935 2010 Erigia
2962 1929 3004 2010 ξ,
3034 1928 3242 2010 scissio
3267 1928 3589 2001 pectorum.

2744 1999 2997 2065 Farisaai,
3031 1999 3225 2054 divisi.

2744 2072 2945 2138 Farao,
2968 2071 3274 2127 denudans
3290 2087 3448 2139 eum,
3471 2072 3592 2131 sive
3611 2072 3735 2130 die-

2672 2142 2896 2215 sipator
2924 2144 3071 2213 ejus.

2745 2214 3013 2282 Foenicis,
3028 2216 3381 2279 annuerunt,
3400 2214 3519 2270 sive
3533 2219 3735 2272 nutus.

2743 2284 3432 2359 Eisidiam,psisonitus,
3479 2287 3739 2359 quiai(ut

2672 2374 2852 2429 supra
2880 2357 3020 2427 dixi)
3065 2357 3106 2411 P
3152 2355 3410 2412 litteram
3464 2355 3580 2413 n'on
3630 2355 3739 2413 ha-

2671 2430 2848 2484 bent:
2908 2433 3180 2502 proptera
3236 2427 3515 2484 Pisidiam
3546 2444 3650 2502 per
3696 2429 3741 2486 F

2672 2502 2919 2555 efferunt
2945 2501 2987 2553 ⁸.

2744 2571 3012 2637 Felicem,
3046 2570 3278 2626 ruinam
3329 2569 3588 2639 factum,
3620 2571 3743 2629 sive

2672 2642 2941 2698 timorem
2958 2642 3388 2713 ejus.Latinum
3404 2658 3616 2699 nomen
3631 2649 3742 2701 est.

2743 2716 3001 2781 Festum,
3036 2730 3133 2769 ore
3164 2714 3484 2769 multorum
3512 2732 3525 2770 :
3549 2719 3607 2771 et
3629 2714 3742 2772 hoc

2672 2786 2947 2859 Latinum
2979 2801 3191 2842 nomen
3213 2784 3612 2859 violenterque
3631 2790 3742 2843 He-

2672 2858 2865 2913 braice
2895 2858 3217 2983 ﬁguratura

2743 2998 2959 3056 Galilzei
2970 2998 3423 3069 ,volubiles,sive
3437 2999 3737 3058 rotabiles.

2744 3070 3050 3137 Gamaliel,
3072 3071 3380 3126 retributio
3412 3071 3531 3127 Dei.

2743 3142 2891 3198 Gaza
2907 3142 3092 3211 (nm)
3117 3142 3392 3215 fortitudo
3405 3144 3561 3215 ejus:
3579 3143 3625 3200 G
3640 3141 3735 3198 lit-

2670 3215 3005 3270 teraaddita
3015 3219 3104 3296 est
3115 3231 3131 3296 ξ
3148 3213 3736 3287 εἰῳιίἀθωᾘθῢηὶοθ

2670 3302 2773 3359 per
2801 3302 2897 3340 AIN
2930 3286 3235 3342 scribitur.

2684 3390 2691 3396 -
2742 3356 3046 3439 gailionis,
3088 3356 3517 3439 transferentis.

2742 3428 3056 3503 Galatiam,
3137 3429 3532 3503 magniﬁcam,
3611 3430 3736 3487 sive

2669 3498 3015 3555 translatam
3026 3543 3039 3555 .

2739 3572 2975 3639 Gaium,
2993 3576 3372 3641 commotum,
3397 3573 3495 3629 sed
3521 3571 3734 3629 melius

2668 3642 3010 3700 vallensem.
3198 3714 3219 3770 Ι

2740 3785 3122 3859 Jerosolyma,
3155 3786 3304 3843 visio
3335 3786 3515 3859 pacis.

2737 3857 3009 3931 Joannes,
3043 3857 3246 3931 iniquo
3276 3857 3365 3914 est
3402 3858 3609 3931 gratia,
3639 3857 3733 3915 vel

2670 3929 2900 3984 Domini
2929 3930 3134 4001 gratia.

2740 4001 2981 4072 Joseph,
3013 4005 3241 4056 auctus.

2737 4070 2967 4199 gustus,
3000 4088 3266 4145 parcens,
3296 4070 3415 4130 sive
3437 4072 3562 4143 ipse
3590 4072 3732 4132 alle-

2737 4191 2739 4197 ,
2768 4160 2857 4199 us.

2666 4160 2857 4200 vatus.

2671 4215 2884 4341 DJoel,
2934 4214 3249 4286 incipiente
3297 4213 3435 4282 Deo,
3480 4214 3603 4273 sive
3641 4221 3732 4274 est

2722 4303 2847 4341 eus.

2722 4303 2847 4342 eus.

2737 4356 3012 4423 Jonatha,
3084 4356 3358 4414 columba
3420 4358 3589 4427 dans,
3613 4359 3730 4415 sive

2674 4429 2947 4485 columba
2973 4429 3233 4485 veniens.

2742 4501 2952 4582 dioppe,
2981 4500 3375 4582 pulchritudo.

2744 4518 2952 4625 .mppe,
2981 4518 3375 4583 pulchritudo.

2744 4574 2829 4628 Ita
2857 4588 2965 4640 ica,
3002 4577 3213 4628 mentis
3242 4587 3535 4629 excessus.

2740 4644 2912 4699 Jesar
2943 4644 3157 4715 (Iesse),
3186 4644 3393 4699 insula;
3423 4643 3658 4701 oblatio.

2745 4716 3002 4785 Jasonis,
3033 4715 3442 4779 desiderantis,
3484 4716 3604 4771 sive
3632 4714 3735 4788 qui

390 4838 427 4911 ί-
465 4838 717 4911 Ascalon,
776 4839 920 4910 ignis
970 4838 1220 4907 infamis,
1279 4841 1389 4893 etc.
1458 4835 1695 4911 Aliquot
1753 4852 1958 4911 manu-
2007 4836 2285 4911 ACraace
2366 4836 2631 4893 scribunt
2714 4835 2989 4906 πολιτίαν,
3072 4839 3173 4895 sed
3249 4841 3442 4895 Latine
3489 4839 3731 4911 politian

319 4908 544 4989 scripti,
573 4911 721 4989 ignis
747 4908 1017 4989 infamis;
1050 4914 1107 4963 et
1148 4908 1583 4981 consequenter
1620 4908 1819 4989 legunt
1849 4910 1961 4963 Ba-

318 4980 466 5047 ribu’,
502 4996 603 5047 pro
633 4980 877 5037 Bariesu.
929 4980 1215 5035 Maurus.

389 5084 459 5093 --
488 5051 782 5109 Hactenus
810 5052 948 5109 editi
983 5051 1114 5123 libri
1141 5053 1368 5106 insanus
1408 5066 1510 5122 pro
1559 5052 1785 5123 infamis
1812 5067 1960 5123 pree-

322 5123 602 5190 ferebant,
624 5122 1162 5179 contradicentibus
1178 5138 1319 5177 mss.
1348 5122 1964 5195 ipsaque'etymologia

321 5195 600 5267 nominis,
633 5196 790 5267 quod
821 5196 901 5251 ita
941 5198 1278 5250 constanter
1325 5195 1635 5266 exponitur
1680 5194 1863 5251 etiam
1896 5211 1965 5249 ex

320 5266 498 5324 Josue
528 5266 697 5323 libro.

392 5340 413 5374 ²
442 5338 592 5405 Quin
629 5339 811 5393 Lucas
842 5337 968 5409 ipse
998 5340 1277 5391 Actorum
1310 5336 1575 5409 scriptor.
1614 5337 1813 5393 Josem
1843 5342 1960 5393 tra-

321 5411 409 5466 dit
444 5412 518 5466 ab
548 5408 1213 5481 apostolis,:cognoner_n
1265 5408 1471 5465 tulisse
1515 5409 1813 5476 Barnabre,
1848 5426 1961 5481 quo

322 5476 918 5555 signiﬁca'returiutd;
961 5476 1405 5555 ίππιρακλήσεῷς,
1464 5481 1612 5555 ﬁlius
1642 5476 1962 5555 consolatio-

320 5555 428 5608 nis.
462 5551 872 5621 OEcumenius,
906 5553 977 5607 ad
1009 5551 1200 5608 Actor.
1238 5570 1312 5620 IV,
1335 5554 1425 5616 36,
1450 5552 1726 5608 denotare
1753 5554 1832 5608 ait
1859 5554 1963 5607 hoc

324 5640 535 5681 nomen
567 5624 941 5699 napazputllwi.
997 5623 1088 5699 ita?
1148 5622 1455 5699 φίᾱςτιρμόν,
1514 5627 1962 5699 consolationem,

321 5696 853 5770 miserationemque.
898 5697 1110 5770 Eadem
1152 5696 1304 5751 infra
1351 5696 1634 5770 expositio
1684 5696 1966 5768 repetitur

324 5767 653 5909 εδέεέειι
672 5767 1145 5903 essese:

2092 4909 2378 4965 MARTIAN.

2161 4981 2183 5014 ⁴
2210 4981 2458 5035 Dioscuri
2482 4979 2719 5051 pulchri,
2753 4983 2865 5051 etc.
2905 4983 3156 5036 Dioscuri
3200 4980 3306 5051 illi,
3358 4982 3480 5038 sive
3509 4980 3732 5039 Dioscu-

2092 5123 2313 5189 Pollux,

2089 5068 2207 5126 ros,
2235 5049 2539 5126 utlegunt
2548 5049 2815 5107 nonnulli
2842 5053 3249 5126 manuscripti,
3282 5049 3420 5110 sunt
3450 5053 3736 5126 Castcrret

2392 5122 2463 5200 ui_
2500 5122 2692 5200 Graece
2740 5122 3497 5200 appell_antur_'Azéaxo_u_poz.
3549 5124 3629 5181 De
3660 5125 3734 5181 iis

2091 5194 2282 5279 multa
2296 5193 2707 5279 fabulamenta
2735 5193 2888 5279 apud
2915 5193 3621 5279 _Mythologos.nl‘\{l}\n_run.

2160 5215 2277 5250 una
2310 5215 2707 5250 lacunamenta
2735 5215 2888 5319 δὲ)υο
2921 5215 2975 5251 Μ
3016 5215 3039 5251 ῐι

2160 5298 2229 5307 -—
2261 5268 2369 5322 Ms.
2403 5267 2698 5321 Dioscoroe.
2802 5272 2933 5322 rant
2979 5215 3039 5323 Εἰ

2089 5337 2489 5394 Alexandrinas
2524 5338 2707 5413 navis,
2734 5353 2851 5407 qua
2873 5339 3089 5395 Paulus
3110 5340 3447 5410 vehebatur,
3477 5337 3732 5413 insigne.

2089 5414 2280 5465 Actor.
2315 5427 2518 5477 xxvm,
2553 5411 2608 5464 il
2626 5450 2638 5462 .

2161 5483 2181 5516 ⁸
2210 5482 2369 5559 idem
2413 5498 2524 5559 me.
2582 5481 2742 5559 sessio
2790 5484 3125 5559 pectorum.
3186 5478 3472 5552 Hesychio
3505 5480 3736 5559 φρὺγιος

2092 5558 2181 5627 est
2208 5553 2359 5627 idem
2394 5570 2458 5627 ac
2491 5550 2677 5627 ξηρὸς,
2710 5552 2920 5627 aridus.

2160 5626 2181 5659 δ
2216 5625 2297 5680 lta
2326 5624 2385 5679 in
2416 5623 2808 5679 Commentar.
2861 5624 2920 5679 in
2972 5625 3082 5681 Isa.
3140 5629 3201 5680 Ρ.
3250 5623 3474 5696 inquit.
3497 5624 3738 5696 litieram

2090 5712 2265 5752 sermo
2295 5696 2589 5770 licoraiws
2616 5711 2728 5750 non
2776 5698 2955 5770 habet,
3006 5697 3096 5752 sed
3137 5711 3239 5770 pro
3289 5694 3355 5752 ea
3408 5695 3519 5752 Phi
3551 5694 3735 5758 Graeco

2802 5272 2933 5322 rant
2979 5267 3039 5323 hi
3086 5267 3245 5325 Jovis
3298 5268 3403 5324 ﬁlii
3442 5268 3731 5338 Castores,

2093 5770 2285 5826 utitur.
2319 5766 2452 5824 Vid.
2480 5771 2537 5826 et
2565 5766 2626 5825 in
2654 5767 2876 5826 Daniel.
2907 5785 3033 5844 cap.
3066 5766 3251 5841 ιι,’55.

392 5836 624 5923 ἔοι-βοὶ
672 5836 951 5901 πολιτείαν
999 5848 1222 5914 vocant,
1279 5844 1391 5900 sto.
1437 5839 1617 5901 Iidem
1667 5855 1813 5901 mss.
1847 5854 1963 5911 non
