3966 6436
146 339 261 457 ab:

1034 398 1273 461 LIBER
1312 393 1416 459 DE
1461 396 1641 461 SITU
1685 398 1786 460 ET
1830 396 2023 462 NOM.
2068 398 2238 462 LOC.
2284 397 2654 460 HEBRAIC.

3428 344 3552 457 9‘06

148 554 358 613 librum
391 572 574 614 ausus
606 556 684 613 sit
718 556 779 613 in
811 557 1077 613 Latinam
1111 557 1374 630 linguam
1423 575 1538 614 non
1589 557 1791 614 Latine
1818 578 1872 644 Α
1903 562 1977 615 Ut
2005 560 2161 615 enim
2194 559 2340 615 mihi
2367 557 2594 615 excelsa
2621 574 2739 614 non
2765 556 2995 614 vindico
3016 555 3057 626 ί,
3088 555 3148 614 1a
3168 559 3334 613 terra
3364 556 3550 613 cohae-

147 649 361 703 vertere
385 662 399 703 :
427 646 602 718 cujus
624 646 998 719 imperitiam,
1017 662 1086 703 ex
1106 646 1540 719 comparatione
1561 663 1786 715 eorum,

145 751 265 807 qua
294 735 736 806 transtulimus,
756 737 1013 809 prudens
1036 736 1232 792 statim
1282 736 1463 792 lector
1505 736 1779 792 inveniet.

210 895 225 930 ⁸
262 897 323 953 Ut
347 896 504 951 enim
526 896 669 952 mihi
689 896 900 952 excelsa
919 912 1029 952 non
1058 897 1296 952 vindico.
1329 895 1607 953 Nonnulli
1638 913 1785 952 mss.

142 965 534 1040 codicescum
582 971 751 1023 antea
779 967 953 1023 editis
984 968 1066 1025 sic
1097 968 1335 1040 legunt:
1389 970 1451 1026 Ut
1493 969 1644 1023 enim
1689 985 1789 1024 eac-

140 1038 281 1095 eelsa
305 1038 453 1095 mihi
482 1040 863 1102 nonvindico;
910 1042 989 1095 ita
1022 1038 1183 1097 teri-37
1210 1039 1549 1097 inhwrentia
1581 1055 1670 1094 me
1697 1056 1787 1095 su-

1900 648 2091 705 rentia
2121 647 2507 720 supergredi’
2536 663 2711 719 posse
2734 662 2828 704 me
2857 646 3049 703 credo.

1895 895 2160 967 pergredi
2186 910 2336 965 posse
2364 895 2524 950 credo
2546 912 2562 967 ;
2591 894 2651 949 in
2682 892 3113 967 exemplaribus
3142 908 3377 967 quoque
3404 907 3550 951 mss.

1903 964 2265 1038 frequentius
2299 970 2390 1022 est
2419 966 2662 1035 veridico,
2698 964 3460 1038 quan—livindicofMAﬁTIAN.

1973 1037 2096 1093 3A1
2130 1038 2462 1095 Ιηὴκνθηιὶα
2497 1054 2588 1093 me
2613 1037 2950 1109 supergredi,
2973 1041 3081 1094 etc.

1426 1336 1836 1425 INCIPIT
1891 1336 2260 1424 LIBER.

753 1621 844 1676 DE
899 1621 1182 1680 GENESI.

218 1711 379 1767 126
425 1713 655 1779 Ararat,
704 1710 1034 1765 Armonia'.
1086 1711 1145 1766 Si
1187 1711 1425 1783 quidem
1468 1711 1528 1767 in
1579 1712 1797 1768 monti-

150 1801 260 1856 bus
290 1803 505 1856 Ararat
535 1814 669 1855 arca
696 1802 826 1871 post
848 1799 1133 1855 diluvium
1166 1800 1390 1856 sedisse
1421 1800 1794 1873 perhibetur:

1908 1638 2055 1694 quos
2084 1621 2312 1693 Moyses
2344 1619 2549 1692 legifer
2575 1620 2913 1677 Judaeorum
2932 1620 2993 1676 in
3010 1619 3138 1677 suis
3158 1618 3559 1679 voluminibus

2098 1732 2174 1765 .))

2098 1750 2111 1765 .
2146 1732 2174 1760 ››

1908 1710 2184 1854 edftiltaad
2240 1800 2279 1866 ‘,
2345 1799 2485 1854 urbs
2545 1798 2707 1871 regni
2793 1797 3045 1855 Nemrod
3114 1797 3174 1853 in
3249 1797 3563 1871 Babylone.

150 1892 208 1945 et
232 1888 509 1945 dicuntur
560 1887 775 1943 ibidem
823 1904 1009 1960 usque
1059 1888 1229 1945 hodie
1275 1890 1403 1962 ejus
1455 1905 1796 1962 permanere
1827 1896 1873 1962 B
1906 1889 2080 1944 Porro
2113 1888 2336 1943 Hebraei
2370 1888 2520 1944 hanc
2551 1903 2679 1943 esse
2737 1887 2941 1942 dicunt
2999 1887 3428 1960 Mesopotamia:
3481 1888 3563 1944 ci-

150 1976 392 2050 vestigia
413 1976 453 2031 ².
489 1975 755 2030 Meminit
784 1975 996 2031 borum
1032 1976 1322 2031 montium
1352 1981 1408 2031 et
1434 1976 1797 2032 Jeremiasin

153 2066 440 2127 visionem
475 2068 678 2121 contra
706 2064 1079 2138 Babylonem.
1122 2065 1413 2137 Josephus
1462 2082 1694 2138 quoque
1738 2065 1799 2120 in

154 2156 339 2230 primo
367 2155 776 2226 Antzquitatum
802 2154 1157 2211 Judaicarum
1204 2153 1374 2223 libro,
1430 2155 1799 2211 saecularium

156 2244 481 2300 litterarum
517 2242 841 2299 Historicos
864 2244 1164 2316 proterens
1192 2260 1203 2298 :
1246 2267 1265 2293 α
1293 2244 1801 2313 Animadvertens,

156 2332 369 2406 inquit,
408 2333 527 2388 Noe
556 2335 772 2388 terram
801 2330 1021 2388 diluvio
1040 2332 1367 2400 liberatam,
1404 2338 1626 2406 septem
1659 2333 1805 2390 alios

160 2422 283 2478 dies
305 2422 467 2478 abire
524 2420 837 2494 permisit:
899 2425 955 2477 et
1012 2421 1284 2477 universa
1338 2422 1618 2479 animalia
1672 2424 1805 2479 bes-

158 2510 388 2582 tiasque
402 2508 739 2582 patentibus
770 2507 1042 2564 claustris
1065 2508 1359 2576 emittens,
1392 2508 1519 2581 ipse
1543 2526 1678 2566 cum
1700 2526 1809 2565 sua

160 2597 319 2671 prole
350 2613 621 2671 egressus
652 2601 744 2653 est
777 2614 791 2653 :
834 2596 1150 2653 immolans
1198 2598 1314 2653 Deo
1355 2597 1600 2666 hostias,
1660 2614 1807 2671 gau-

159 2689 418 2760 densque
441 2685 831 2743 cumliberis".
850 2707 878 2736 »
896 2686 1061 2742 Hunc
1080 2685 1274 2743 locum
1286 2687 1545 2742 Armenii
1564 2688 1806 2757 exitum,

157 2776 244 2832 vel
265 2792 569 2849 egressum
612 2778 840 2832 vocant.
894 2775 1193 2848 Siquidem
1244 2775 1323 2831 ibi
1380 2775 1633 2832 cultores
1681 2775 1809 2832 illa-

157 2883 287 2922 rum
320 2864 646 2938 regionum,
696 2880 894 2921 arcam
918 2864 1178 2936 primum
1222 2865 1444 2921 sedisse
1496 2868 1810 2931 testantur,

159 2959 217 3011 et
240 2953 539 3026 lignorum
571 2954 839 3026 quaedam
871 2970 1177 3025 superesse
1208 2958 1607 3029 monumenta.
1653 2956 1811 3011 Arcae

159 3044 341 3116 hujus
387 3047 444 3099 et
486 3042 710 3112 diluvii,
759 3059 966 3100 omnes
1011 3043 1114 3115 qui
1166 3034 1447 3101 barbaras
1490 3044 1814 3115 scripsere

161 3132 463 3201 historias,
488 3134 873 3189 recordentur
904 3148 916 3188 :
951 3148 1204 3205 quorum
1235 3149 1390 3188 unus
1434 3137 1523 3189 est
1565 3134 1814 3189 Berosus

1908 1978 2166 2044 vitatem,
2200 1994 2329 2048 qua:
2361 1976 2533 2033 hodie
2562 1980 2803 2032 vocatur
2832 1975 3017 2033 Nisibi
3050 1993 3083 2032 a
3111 1975 3352 2033 Lucullo
3374 1993 3561 2050 quon-

1909 2067 2045 2122 dam
2099 2067 2359 2122 Romano
2418 2064 2658 2122 consule
2687 2067 3011 2134 obsessam,
3085 2070 3437 2139 captamque
3506 2070 3569 2124 et

1912 2159 2046 2211 ante
2074 2171 2291 2227 paucos
2310 2171 2495 2211 annos
2536 2172 2571 2211 a
2620 2154 2860 2211 Joviano
2911 2154 3262 2228 imperatore
3291 2157 3312 2192 ⁵
3367 2155 3565 2213 Persis

1910 2243 2231 2315 traditam).

1984 2333 2190 2407 Aggai,
2222 2333 2294 2389 ad
2326 2332 2745 2390 occidentalem
2776 2332 3011 2405 plagam
3054 2333 3242 2407 vergit
3287 2333 3564 2402 Bethelis,

1916 2439 2032 2478 non
2066 2422 2317 2478 multum
2349 2422 2422 2477 ab
2447 2438 2514 2479 ea
2551 2421 2797 2478 distans.
2831 2421 2954 2477 Sita
2983 2425 3074 2478 est
3105 2426 3300 2479 autem
3343 2422 3565 2490 Bethel,

1917 2512 2193 2568 euntibus
2251 2510 2458 2566 1Eliam
2516 2511 2585 2566 de
2632 2509 2871 2584 Neapoli
2925 2510 2985 2566 in
3041 2510 3183 2567 leva
3228 2514 3389 2584 parte
3461 2511 3568 2568 vias

1919 2599 2264 2656 duodecimo
2315 2599 2550 2655 circiter
2598 2597 2872 2654 milliario
2920 2599 2992 2656 ab
3039 2599 3222 2656 Aﬂlia:
3273 2604 3333 2656 et
3378 2616 3570 2673 usque

1920 2688 2091 2744 hodie
2123 2705 2337 2760 parvus
2366 2686 2502 2744 licet
2529 2688 2691 2744 vicus
2712 2688 3058 2744 ostenditur.
3108 2689 3245 2761 (Sed
3294 2693 3352 2745 et
3396 2688 3574 2746 eccle-

1920 2779 2009 2835 sia
2041 2778 2325 2834 sediiicata
2353 2781 2443 2833 est
2469 2776 2570 2833 ubi
2605 2777 2879 2834 dormivit
2923 2777 3103 2835 Jacob
3167 2795 3419 2851 pergens
3463 2779 3577 2835 Me-

1924 2868 2333 2940 sopotamiam.
2361 2866 2523 2923 Unde
2552 2869 2610 2922 et
2654 2865 2768 2938 ipsi
2813 2867 2938 2923 loco
2991 2867 3165 2923 bethel
3208 2852 3460 2940 (mez),
3510 2867 3571 2922 id

1923 2961 2012 3012 est
2042 2956 2264 3012 Domus
2294 2954 2415 3021 Dei,
2450 2972 2663 3016 nomen
2688 2955 3014 3027 imposuit.)
3056 2956 3238 3028 Aggai
3296 2972 3427 3012 vero
3476 2955 3574 3011 vix

1923 3062 2113 3117 parva:
2142 3046 2323 3100 ruinae
2354 3044 2613 3100 resident
2645 3061 2657 3099 :
2687 3048 2743 3099 et
2769 3043 2933 3101 locus
2961 3046 3372 3103 tantummodo
3402 3059 3572 3099 mon-

1926 3137 2166 3189 stratur.
2199 3134 2269 3188 Et
2298 3132 2625 3201 sciendum,
2658 3133 2812 3203 quod
2846 3132 2903 3185 in
2936 3131 3168 3187 Hebraeo
3216 3132 3263 3186 G
3311 3132 3568 3187 litteram

159 3221 469 3290 Chaldeus,
502 3220 604 3293 qui
635 3236 813 3294 super
842 3221 1060 3279 diluvio
1091 3222 1368 3290 referens,
1415 3221 1535 3276 haec
1582 3221 1813 3278 locutus
1844 3266 1885 3294 η
1926 3239 2041 3277 non
2091 3221 2283 3289 habet,
2317 3222 2417 3277 sed
2448 3224 2687 3276 vocatur
2722 3222 2782 3275 ai
2809 3221 2978 3292 (wn),
3031 3220 3422 3293 scribiturque
3468 3236 3574 3293 per

162 3316 251 3369 est
282 3328 296 3367 :
333 3311 554 3367 Dicitur
582 3311 763 3383 hujus
794 3310 957 3367 navis
987 3311 1045 3365 in
1066 3311 1342 3367 Armenia
1373 3314 1607 3383 propter
1644 3327 1810 3366 mou-

161 3405 280 3457 tem
303 3400 742 3456 Carduenorum
763 3416 900 3471 pars
929 3399 1129 3472 aliqua
1150 3417 1514 3473 permanere,
1546 3404 1604 3455 et
1634 3416 1810 3472 quos-

159 3491 299 3546 dam
330 3490 596 3545 bitumen
626 3503 695 3544 ex
742 3506 810 3544 ea
866 3488 1179 3545 avellentes
1224 3489 1599 3545 circumferre
1656 3505 1810 3560 :quo

162 3582 412 3634 utuntur
439 3577 527 3633 vel
551 3576 804 3633 maxime
844 3577 906 3633 hi
955 3577 1055 3650 qui
1109 3578 1439 3633 lustrantur
1492 3581 1548 3633 et
1604 3594 1665 3633 se
1710 3594 1813 3634 ex-

161 3665 345 3740 piant.
376 3666 487 3722 Sed
517 3670 575 3722 et
602 3664 990 3739 Hieronymus
1011 3668 1337 3739 Egyptius,
1369 3667 1469 3739 qui
1494 3666 1811 3739 antiquita-

161 3760 251 3813 tes
310 3754 649 3811 Phcenicum
720 3755 964 3828 pulchro
1051 3772 1318 3812 sermone
1418 3756 1810 3829 conscripsit:

160 3849 221 3901 et
248 3849 538 3914 Mnaseas,
578 3849 634 3900 et
664 3842 834 3900 multi
867 3844 987 3900 alii.
1020 3843 1291 3901 Nicolaus
1324 3862 1556 3918 quoque
1611 3847 1815 3901 Dama-

163 3949 380 3991 scenus
427 3933 487 3989 in
554 3934 694 3990 I27
748 3932 1127 4007 nonagesimo
1177 3938 1336 3991 sexto
1388 3933 1536 3991 libro
1594 3934 1813 3990 refert:

165 4024 266 4080 Est
295 4023 355 4079 in
383 4023 655 4081 Armenia
674 4038 853 4096 super
883 4024 1213 4096 Myniadcm
1256 4040 1425 4080 mons
1447 4024 1683 4080 nomine
1714 4025 1818 4080 Be-

164 4113 252 4168 ris
285 4129 299 4168 :
343 4113 415 4169 ad
449 4129 622 4184 quem
654 4111 871 4169 multos
894 4112 954 4168 in
1001 4112 1218 4169 diluvio
1259 4112 1593 4185 confugisse
1650 4117 1818 4169 autu-

163 4206 355 4271 mant,
390 4202 589 4275 ibique
620 4217 748 4258 esse
770 4200 1047 4258 salvatos.
1069 4201 1229 4258 Alios
1246 4218 1378 4257 vero
1404 4202 1463 4256 in
1486 4218 1630 4257 arcae
1662 4201 1820 4258 alveo

164 4295 648 4364 snpernatantes,
682 4290 753 4347 ad
785 4291 914 4362 ejus
941 4290 1215 4347 verticem
1242 4290 1597 4363 pervenisse,
1629 4294 1686 4346 et
1721 4307 1823 4347 us-

166 4397 286 4453 que
308 4381 383 4436 ad
414 4378 632 4436 multas
662 4384 859 4436 aetates
892 4378 1054 4453 ligna
1080 4397 1225 4436 arca:
1256 4379 1573 4436 monstrari
1603 4378 1777 4436 solita
1807 4397 1819 4435 :

166 4486 326 4543 quos
354 4469 591 4541 quidem
650 4485 755 4541 ego
786 4472 926 4541 puto
984 4486 1100 4525 non
1149 4485 1278 4525 esse
1338 4468 1508 4538 alios,
1557 4468 1669 4524 nisi
1726 4485 1825 4524 eos

1843 3266 1886 3332 C

1927 3310 2306 3377 elementum,
2340 3310 2495 3381 quod
2518 3308 2671 3381 apud
2698 3326 2797 3366 eos
2827 3308 3060 3376 dicitur,
3091 3311 3188 3365 ain
3220 3309 3372 3380 (την).

1990 3398 2265 3455 Astaroth
2298 3399 2591 3464 Carnaim,
2616 3404 2800 3454 terrra
2819 3399 3125 3471 gigantum
3157 3399 3458 3471 quondam
3509 3398 3571 3453 in

1922 3488 2232 3561 supercilio
2264 3488 2672 3554 Sodomorum,
2718 3503 2865 3559 quos
2913 3487 3206 3543 interfecit
3255 3485 3573 3544 Chodorla-

1923 3593 2149 3651 gomor.
2173 3576 2324 3632 Sunt
2362 3576 2649 3648 hodieque
2678 3576 2794 3632 duo
2825 3575 3062 3632 castella
3081 3576 3140 3632 in
3172 3577 3441 3633 Batanaea
3461 3575 3571 3632 hoc

1923 3666 2225 3735 vocabulo,
2258 3683 2464 3722 novem
2495 3665 2647 3721 inter
2683 3682 2747 3722 se
2796 3664 3060 3722 millibus
3104 3670 3377 3739 separata
3419 3666 3575 3722 inter

1923 3757 2174 3812 Adaram
2204 3760 2261 3812 et
2288 3755 2519 3811 Ahilam
2541 3754 2822 3811 civitates.

1999 3847 2155 3902 180
2186 3846 2373 3901 Arboc
2399 3845 2689 3917 (corrupte
2719 3843 2780 3898 in
2837 3842 3054 3899 nostris
3110 3842 3408 3898 codicibus
3463 3843 3576 3898 Ar-

1928 3936 2035 3992 boc
2094 3934 2394 4001 scribitur,
2454 3949 2588 3988 cum
2644 3933 2705 3987 in
2788 3931 3042 3987 Hebraeis
3116 3931 3345 4004 legatur
3415 3931 3578 3988 arbee

1930 4026 2156 4096 (ιω-ιθ),
2200 4023 2257 4079 id
2296 4027 2385 4079 est
2432 4025 2685 4094 quatuor
2717 4038 2730 4077 :
2762 4036 2828 4076 eo
2859 4021 3015 4092 quod
3042 4019 3122 4077 ibi
3152 4025 3270 4078 tres
3332 4020 3580 4093 patriar-

1933 4113 2077 4178 ohze,
2109 4112 2428 4179 Abraham,
2480 4110 2641 4167 Isaac
2691 4113 2749 4165 et
2803 4110 2978 4166 Jacob
3037 4109 3249 4183 sepulti
3310 4114 3471 4179 sunt,
3530 4112 3591 4166 et

1932 4203 2117 4258 Adam
2150 4200 2487 4258 maximus:
2522 4203 2586 4254 ut
2631 4199 2693 4254 in
2748 4199 2884 4255 Jesu
2939 4198 3086 4255 libro
3146 4200 3432 4274 scriptum
3498 4201 3591 4256 est

1935 4293 2116 4363 (Iosue
2166 4307 2282 4358 xxv,
2353 4290 2490 4362 15):
2548 4287 2683 4344 licet
2738 4305 2874 4346 eum
2932 4289 3173 4361 quidam
3230 4290 3488 4363 positum
3529 4288 3592 4344 in

1935 4380 2059 4437 loco
2092 4378 2363 4437 Calvariae
2399 4378 2813 4451 suspicentur).
2845 4382 2977 4434 Haec
3010 4384 3101 4435 est
3140 4384 3338 4437 autem
3388 4378 3593 4436 eadem

1937 4469 2227 4534 Chebron,
2262 4467 2400 4523 olim
2441 4467 2781 4540 metropolis
2813 4466 3279 4536 Philistinorum,
3329 4471 3387 4524 et
3420 4465 3595 4522 habi-

245 4644 263 4678 ί
295 4644 519 4720 Aramt,
542 4646 1015 4720 Arminirluxta
1035 4646 1547 4720 Hieronymianam
1564 4646 1715 4703 hanc
1737 4648 1823 4702 in-
1855 4634 1903 4699 D
2004 4648 2028 4683 ‘
2056 4648 2179 4703 Duo
2210 4664 2354 4703 mss.
2392 4647 2598 4720 Achar.
2630 4646 2848 4720 Euseb1
2879 4645 3065 4720 Ἀχάμ
3116 4662 3183 4702 ex
3204 4644 3481 4720 Alibrarii,
3530 4644 3603 4701 ut'

172 4717 667 4790 terpretationem
702 4717 760 4772 in
792 4718 987 4790 Graeco
1019 4718 1103 4790 sic
1149 4717 1379 4790 legebat
1437 4723 1680 4790 sanctus
1738 4720 1840 4775 do-

171 4786 348 4873 ctori
404 4786 665 4873 ’Apgpa‘n‘,
729 4789 763 4856 ἡ
813 4788 1105 4873 ζᾼρμενίκαῖ
1167 4786 1252 4843 Ἰἷν
1314 4788 1461 4873 ὄρθαι
1537 4787 1839 4873 ,δὲΑἌρα-

168 4859 276 4913 dit
324 4859 360 4926 ἡ
448 4854 684 4919 νίιϐἱυτὸνς
741 4854 975 4928 adflictu,
1045 4856 1281 4926 λέγεται,
1335 4854 1392 4916 id
1467 4865 1555 4917 est
1620 4854 1840 4930 Arai‘at,

176 4931 472 4986 Armenia.
500 4931 805 5003 iSiquidem
837 4934 896 4988 in
917 4934 1195 4988 montibus
1243 4934 1441 4988 Ararat
1472 4950 1603 4988 area
1648 4934 1847 4990 sedisse

175 5002 610 5076 dicitur.Addit
636 5019 770 5076 vero
812 5004 1219 5076 Hieronymus,
1264 5008 1384 5076 post
1429 5004 1718 5071 diluvium,
1770 5007 1843 5061 ad

176 5073 641 5148 significandum
690 5075 928 5130 deﬁnite
951 5073 1184 5148 tempus
1233 5073 1348 5147 q'uo
1407 5093 1541 5131 arca
1570 5077 1719 5131 sedit
1781 5078 1841 5133 in

174 5144 490 5201 MOntibus
518 5148 743 5202 Ararat.
768 5151 1047 5202 MARTIAN.

257 5217 648 5291 {Permanere
677 5219 927 5291 vestigia.
994 5220 1245 5291 νϐδιίςλίίιΔ
1272 5217 1380 5273 hoc
1416 5217 1539 5273 loco
1586 5216 1845 5291 intellige

176 5288 523 5362 reiiquias_.(
549 5305 687 5344 nam
715 5290 774 5344 in
808 5286 1003 5345 Graeco
1034 5286 1141 5346 est
1162 5286 1435 5362 Isidi:ng
1461 5306 1670 5362 nomen
1705 5286 1840 5362 plu-

180 5356 324 5434 rale-
342 5358 942 5434 significansproprie
964 5356 1279 5434 areliquiaa
1301 5379 1335 5415 α
1353 5356 1611 5434 tetanum
1636 5356 1744 5426 est,
1759 5377 1843 5417 re-

177 5428 425 5501 linguo.’
457 5431 621 5487 Unde
652 5428 728 5487 ali
782 5428 908 5505 ipso
966 5428 1314 5505 Hieronymo
1361 5428 1589 5505 idem
1636 5448 1844 5488 conse—

180 5505 447 5577 quenter
466 5504 833 5577 monumenta
858 5504 1341 5577 interpretantur.
1377 5504 1662 5577 Maurum.

267 5573 292 5607 ⁸
326 5573 678 5648 (tandemque
703 5592 827 5631 cum
848 5573 1058 5648 liberis.
1089 5575 1383 5648 Josephus
1430 5574 1532 5630 lib.
1574 5592 1592 5629 ι
1623 5577 1841 5648 Antiqq.

176 5660 314 5718 cap.
340 5647 398 5722 3_,
457 5650 816 5722 cuvsuwxieto
872 5647 987 5707 τοῖς
1046 5645 1301 5722 οίκξίοῖς-,γ
1349 5663 1463 5722 urit;
1520 5645 1847 5719 epulabatur

180 5715 321 5774 etim
353 5715 824 5783 dometieis,"hoc
859 5723 949 5774 est
971 5735 1099 5775 cum
1113 5719 1356 5791 familia.
1392 5715 1680 5776 MARﬁAN.

515 5844 782 5915 PATROL.
826 5846 1053 5914 XXIII.

1949 4720 2179 4775 videtur
2209 4736 2422 4775 errore.
2458 4718 2613 4784 LXX,
2647 4713 2874 4792 Ἀρχάρ,
2908 4712 3268 4792 profugae.

2024 4792 2065 4846 A
2121 4792 2345 4847 Joviano
2411 4785 3281 4860 imperatore.",Gennadius'fin
3324 4785 3597 4860 Catalogo

1956 4861 2279 4917 Illustrium
2302 4858 2644 4931 viroru’m,in
2664 4858 3180 4931 JacoboNisibensi
3196 4858 3601 4931 episcopohaec

1954 4934 2132 4989 habet
2167 4949 2178 4987 :
2218 4953 2245 4982 ‹‹
2276 4932 2412 5003 Post
2459 4930 2677 5003 multos
2730 4947 2916 5003 annos
2944 4930 3294 5003 ingressus
3324 4930 3602 5003 Julianus

1955 5005 2302 5071 Nisibcm,ct
2324 5002 2415 5075 vel
2438 5002 2632 5075 gloria)
2667 5001 2891 5075 sepulti
2913 4999 3153 5075 (Jacobi)
3183 5001 3471 5070 invidens,
3504 4999 3602 5075 vel

1956 5077 2088 5132 fidei
2122 5073 2509 5145 Constantini,
2541 5076 2711 5146 cujus
2738 5074 2809 5129 ob
2844 5073 2899 5129 id
2931 5074 3171 5129 domum
3214 5073 3604 5146 persequeba-

1958 5153 2074 5214 tur,
2092 5148 2274 5217 jussit
2302 5144 2495 5202 eifcrri
2523 5144 2865 5201 deﬁcivitate
2916 5146 3099 5200 sancti
3158 5144 3421 5216 corporis
3470 5144 3606 5217 reli-

1957 5216 2148 5290 quius,
2191 5223 2247 5273 et
2294 5221 2439 5290 post
2464 5233 2681 5290 paucos
2739 5233 2990 5285 mensos,
3040 5217 3408 5290 consulendo:
3468 5216 3605 5272 licet

1956 5288 2599 5363 reipublicm‘dovianus
2632 5289 2971 5363 imperator,
2994 5289 3091 5360 qui
3113 5289 3348 5345 Juliano
3371 5303 3610 5363 success

1956 5358 2388 5427 ser'at.tradidit
2420 5358 3186 5433 Barbariebivitatemtqua
3216 5376 3402 5433 usque
3436 5358 3611 5433 hodie

1955 5435 2262 5505 Persarum
2296 5433 2500 5505 ditiom
2532 5447 2667 5505 cum
2686 5430 2901 5485 ﬁnibus
2924 5433 3048 5488 suis
3066 5430 3328 5505 subjecta
3346 5431 3542 5489 servit.
3578 5452 3606 5481 δ)

1953 5504 2203 5560 Consule
2230 5503 2605 5559 Ammianum
2628 5500 2667 5555 l.
2691 5518 2816 5556 xxv.
2849 5505 3129 5559 MARTIAN.

2026 5607 2094 5615 —
2128 5577 2286 5632 Unus
2317 5591 2449 5648 ms._,
2482 5588 2609 5645 qua?
2638 5573 2798 5648 lgodie
2838 5582 3316 5648 quoquervocatur,
3366 5580 3476 5648 etc.
3532 5573 3614 5631 De

1951 5638 2194 5704 Joviano
2250 5638 2598 5703 Ammianus
2652 5643 2754 5702 lib.
2810 5638 3001 5716 me
3049 5638 3385 5707 Gennadius
3425 5646 3616 5707 ines-

1952 5719 2144 5778 taloao
2175 5733 2299 5778 can.
2337 5720 2386 5778 ι.
2702 5750 2718 5762 ο

1952 5723 2144 5794 talogo
2175 5733 2299 5794 cap.
2337 5723 2386 5780 ι.
2702 5750 2718 5762 ο
