3966 6388
401 317 525 391 9m

1641 320 1707 383 S.
1758 318 2071 383 EUSEBII
2111 314 2579 380 HIERONYMI.

3686 306 3820 373 908

400 451 663 510 taculum
691 452 1019 528 gigantum,
1048 470 1413 528 regnumque
1441 455 1559 526 (ubi
1613 455 1788 523 regia)
1844 458 2048 526 postea
2076 455 2131 519 Α
2159 451 2500 511 Amorrhmi.
2533 467 2681 522 quos
2722 447 3013 505 interfecit
3056 445 3588 504 Chodorlabomor:
3634 446 3818 518 juxta

404 542 587 598 David
618 541 676 596 in
709 542 863 597 tribu
893 540 1066 612 Juda,
1098 542 1302 599 civitas
1356 542 1737 600 saderdotalis
1795 546 1851 597 et
1899 542 2052 614 fugi-

406 629 682 684 tivorum.
720 628 904 683 Distat
933 629 1005 684 ad
1056 630 1441 685 meridianam
1497 628 1729 701 plagam
1782 629 1853 692 ab
1910 627 2056 683 IElia

409 716 671 773 millibus
703 716 932 772 circiter
966 718 1172 790 viginti
1205 719 1433 774 duobus
1464 734 1475 774 :
1510 722 1566 772 et
1597 734 1847 789 quercus
1880 717 2055 771 Abra-

404 805 717 879 ham(quee
743 810 802 861 et
856 806 1100 875 Mamre,
1163 824 1351 879 usque
1398 808 1468 862 ad
1517 805 1841 862 Constantii
1902 822 2054 878 regis

406 893 721 965 imperium
764 894 1225 967 monstrabatur)
1262 912 1275 950 :
1308 899 1364 950 et
1411 894 1775 951 mausoleum
1822 894 1949 966 ejus
1994 894 2054 948 in

404 982 849 1055 praesentiarum
901 983 1181 1039 cernitur.
1247 984 1527 1055 (Cumque
1585 1000 1619 1038 a
1663 984 1880 1039 nostris
1931 984 2056 1053 jam

404 1070 623 1128 ibidem
648 1071 893 1129 ecclesia
946 1072 1231 1128 aediﬁcata
1278 1073 1397 1143 sit),
1456 1090 1490 1127 a
1545 1072 1771 1128 cunctis
1829 1072 1888 1127 in
1946 1072 2055 1127 cir-

406 1159 571 1216 cuitu
603 1160 880 1232 gentibus
933 1161 1246 1217 terebinthi
1296 1160 1458 1216 locus
1485 1160 1887 1233 superstitiose
1917 1159 2055 1216 coli-

406 1253 506 1305 tur
541 1267 553 1305 :
584 1265 651 1304 eo
682 1250 835 1320 quod
859 1250 968 1304 sub
1002 1266 1069 1305 ea
1121 1248 1414 1305 Abraham
1473 1249 1712 1321 angelos
1759 1250 2055 1321 quondam

404 1336 660 1410 hospitio
690 1338 1033 1410 susceperit.
1068 1338 1197 1394 Haec
1228 1354 1364 1410 ergo
1406 1339 1667 1411 primum
1722 1338 1906 1393 Arbee
1963 1354 2061 1410 po.

406 1429 532 1481 stea
560 1442 594 1481 a
622 1426 887 1481 Chebron
921 1442 1036 1481 uno
1060 1425 1313 1481 filiorum
1371 1425 1585 1483 Chaleb
1627 1426 1834 1482 sortita
1890 1442 2057 1482 voca-

406 1513 615 1571 bulum
663 1518 773 1570 est.
833 1514 983 1587 Lego
1047 1514 1234 1571 Verbo
1288 1515 1516 1571 dierum
1592 1515 1639 1586 (Ι
1708 1515 1903 1571 Parat.
1996 1530 2058 1582 ll,

403 1604 544 1658 112‘.

473 1691 692 1761 Ailath,
714 1692 771 1747 in
805 1693 1079 1748 extremis
1110 1691 1329 1748 ﬁnibus
1360 1692 1677 1749 Palaestinae
1699 1694 1910 1765 juncta
1940 1711 2061 1751 me-

404 1780 645 1837 ridianae
675 1779 980 1838 solitudini
1011 1785 1068 1836 et
1096 1781 1244 1836 mari
1287 1781 1484 1837 Rubro
1519 1800 1532 1837 :
1574 1783 1730 1837 unde
1777 1800 1846 1837 ex
1890 1787 2058 1855 ngy-

406 1873 506 1942 pto
538 1870 783 1937 Indiam,
813 1874 869 1925 et
889 1869 1024 1925 inde
1053 1870 1125 1925 ad
1153 1874 1457 1942 Egyptum
1503 1870 1829 1943 navigatur.
1888 1872 2061 1927 Sedet

405 1963 601 2015 autem
631 1957 713 2014 ibi
761 1957 912 2030 legio
970 1958 1234 2015 Romana
1290 1964 1671 2031 cognomento
1732 1960 1960 2015 Decima
1988 1961 2054 2014 ἐ

405 2052 465 2103 et
491 2046 634 2104 olim
666 2047 908 2119 quidem
937 2046 1130 2102 Ailath
1162 2064 1197 2103 a
1223 2048 1516 2104 veteribus
1546 2049 1870 2117 dicebatur,
1906 2065 2059 2104 nunc

404 2152 542 2193 vero
572 2136 901 2209 appellatur
928 2134 1061 2192 Aila
1079 2136 1120 2191 ³.
1146 2136 1256 2192 Sed
1278 2140 1335 2193 et
1354 2136 1735 2194 Elamitarum
1759 2140 2058 2210 quondam

415 2225 579 2282 natio
609 2224 737 2294 fuit,
771 2225 864 2280 cui
897 2224 1207 2298 imperavit
1232 2226 1731 2283 Chodorlahomor
1759 2228 1952 2298 (cujus
1999 2227 2059 2283 in

404 2314 649 2372 Actibus
683 2330 916 2387 quoque
942 2313 1339 2386 apostolorum
1372 2316 1437 2371 fit
1465 2316 1684 2372 mentio
1731 2317 1843 2372 Aet.
1887 2333 1949 2384 II,
1978 2317 2056 2388 9).

405 2408 465 2460 et
492 2403 553 2459 in
584 2402 920 2476 Regnorum
952 2402 1122 2459 libris
1152 2403 1199 2475 (I
1239 2405 1369 2475 Reg.
1428 2422 1486 2473 χ,
1524 2406 1606 2475 l7)
1641 2423 1654 2471 ;
1717 2406 1857 2461 urbs
1904 2421 2059 2477 quae-

406 2493 545 2549 dam
575 2491 877 2549 Palestina:
905 2491 1092 2549 [Elam
1123 2493 1418 2549 scribitur.

488 2582 627 2638 181
656 2581 895 2648 Adamo,
927 2598 1045 2637 una
1073 2582 1145 2637 de
1174 2581 1434 2653 quinque
1491 2581 1826 2639 civitatibus
1880 2583 2059 2638 Sodo-

410 2686 646 2728 morum
675 2685 874 2727 eversa
902 2686 1037 2726 cum
1069 2673 1312 2727 caeteris.

475 2758 1004 2827 Asason-Thamar,
1053 2758 1115 2814 in
1170 2759 1281 2814 hac
1349 2758 1697 2816 habitabant
1768 2762 2063 2831 quondam

442 2856 447 2861 ’
476 2868 495 2902 ¹
527 2867 870 2936 Rhabanus,
901 2865 1001 2938 qui
1031 2865 1449 2938 Hieronymum
1481 2866 1597 2922 fere
1644 2868 1715 2923 de
1768 2869 1942 2925 veibo
1971 2886 2065 2925 ex-

405 2939 634 3007 scribit,
666 2939 827 2995 addit
855 2936 951 2993 hic
980 2936 1113 3011 loci,
1147 2936 1374 2993 Condita
1399 2944 1478 2993 est
1508 2942 1692 3011 autem
1716 2948 1845 2995 ante
1862 2944 2069 3011 septem

408 3026 600 3079 annos,
631 3026 796 3081 quam
825 3012 971 3066 Eam
998 3009 1126 3063 urbs
1156 3010 1377 3081 AEgypti
1430 3010 1773 3066 conderetur.
1825 3009 2071 3068 Dixisset

409 3084 592 3155 Tanis,
625 3080 743 3152 qua
772 3082 1185 3155 urbe_.{Egypti
1234 3080 1629 3150 celeberrima,
1672 3082 1792 3137 haec
1845 3088 2069 3155 septem

406 3150 585 3212 annis
600 3150 881 3209 vetustior
909 3150 1039 3206 fuit.

485 3226 508 3260 ²
540 3224 677 3291 Hoc,
707 3229 765 3279 et
793 3222 1117 3294 superiora,
1157 3239 1285 3294 quae
1332 3222 1610 3293 diximus,
1656 3224 1802 3281 mire
1858 3226 2068 3282 confir-
2101 3195 2144 3261 C

420 3300 547 3353 mat
575 3294 750 3350 modo
786 3293 1290 3370 laudataiNgtitia
1340 3295 1437 3370 in_
1455 3299 1710 3370 extremo
1750 3295 2065 3370 laterculo;

424 3381 767 3423 Ριιιειτεατυε
821 3366 1077 3430 Legionis
1122 3366 1352 3421 Decimae
1394 3367 1666 3422 Fretensis
1696 3367 1872 3425 Αίίκ.
1926 3366 2070 3430 Vide

422 3439 484 3509 in
511 3437 633 3493 haec
662 3436 836 3493 verba
887 3436 1173 3509 Panciroli
1227 3438 1747 3494 Commentarium.
1767 3440 1976 3495 Hieron
2010 3447 2067 3502 in

422 3507 551 3581 cap.
581 3524 735 3581 xnvu
765 3507 1042 3564 Ezechiel.
1079 3525 1092 3563 :
1135 3510 1351 3581 Lingua
1399 3511 1573 3564 maris
1605 3509 1775 3565 Rubri
1824 3512 1885 3565 in
1913 3512 2069 3581 cujus

422 3580 620 3664 littore
637 3580 976 3664 ditahposita
1034 3588 1112 3635 est
1163 3580 1261 3635 ubi
1315 3596 1464 3635 nunc
1518 3585 1768 3636 moratur
1827 3580 1983 3653 legio
2017 3595 2067 3645 et

418 3651 741 3726 praesidium
771 3651 1156 3708 Romanorum.
1880 3651 1891 3653 ‘

490 3725 513 3760 ³
540 3724 861 3793 Appellatur
890 3724 1036 3780 Aita.
1074 3723 1135 3777 In
1153 3720 1374 3793 aliquot
1404 3738 1545 3778 mss.
1580 3723 1681 3777 Ala
1709 3723 1927 3779 dicitur
1972 3723 2067 3780 hic

420 3794 649 3867 etinfra
706 3796 806 3850 ubi
865 3794 1150 3867 scriptum
1206 3800 1316 3859 est,
1372 3795 1718 3866 pergentibus
1772 3797 1954 3850 Aitam
2002 3795 2069 3851 de

423 3862 688 3923 Chebron.
722 3862 1010 3922 MAMIAN'.

488 3940 511 3973 ‘
538 3940 709 3996 Unius
737 3938 847 3995 diei
876 3939 1074 3994 itinere
1102 3954 1136 3993 a
1165 3937 1442 4006 Mampsis.
1480 3936 1665 3992 Locus
1722 3936 2066 3993 obscurissi-

419 4027 555 4066 mus
580 4010 640 4065 in
671 4009 888 4065 Graecis
910 4026 1073 4081 asque
1101 4025 1167 4081 ac
1213 4008 1274 4064 in
1300 4008 1543 4081 Latinis
1570 4024 1593 4081 ξ
1634 4025 1801 4081 namq
1830 4010 1877 4064 si
1916 4008 2068 4081 lega-

419 4097 556 4137 mus
585 4096 720 4151 cum
750 4080 944 4137 Graeco
975 4076 1152 4151 Regio
1181 4080 1377 4136 codice
1407 4076 1669 4132 διεστῶσα
1698 4076 1880 4141 Mill;
1928 4076 2064 4151 ἡζιὲ-

420 4170 517 4225 ρας
548 4146 694 4219 οόὀν,
719 4151 989 4225 distansa
1035 4146 1190 4225 Malis
1224 4154 1393 4225 unius
1436 4151 1550 4225 diei
1593 4153 1792 4225 itinere
1821 4223 1832 4225 ξ
1858 4146 2064 4225 ignoro

419 4221 664 4349 ἕξοι-δοῦ
690 4222 789 4304 ubi
819 4223 1075 4294 positum
1103 4223 1295 4287 fuerit,
1354 4221 1636 4303 oppidum
1692 4223 1837 4311 illud
1891 4221 2065 4279 Malis

464 4298 666 4349 ictum.
698 4295 795 4348 Sin
828 4299 1023 4349 autem
1062 4310 1197 4349 cum
1249 4293 1547 4348 Bonfrerio
1604 4309 1705 4349 nro
1753 4290 1917 4349 μαλις
1969 4296 2065 4349 ad-

464 4294 666 4350 ictum.
698 4290 1023 4365 Sinautem
1062 4310 1197 4349 cum
1249 4290 1547 4365 Bonfrerio
1604 4309 1705 4364 pro
1752 4290 1917 4365 μάλις
1969 4296 2065 4350 ad-

418 4365 686 4422 verbium
723 4361 906 4436 μόλις,
961 4365 1019 4419 id
1068 4371 1178 4430 est,
1228 4361 1716 4436 uixglegerinius,
1753 4361 2065 4425 sententia

417 4436 597 4493 haeret
627 4434 916 4509 suspensa
948 4454 961 4505 ;
988 4453 1091 4509 nec
1122 4434 1504 4507 intelligimus
1552 4454 1586 4491 a
1634 4454 1748 4509 quo
1792 4437 1916 4493 loco
1973 4437 2063 4492 vel

419 4509 635 4581 oppido
665 4507 971 4565 castellum
1002 4508 1294 4581 Thamara
1321 4509 1417 4581 uia:
1430 4509 1595 4581 unius
1624 4508 1740 4563 diei
1766 4509 1966 4581 itinere
1990 4510 2063 4581 sit

416 4566 751 4653 sép'aratum.
786 4578 1561 4653 In‘Latiuiseaemplaribus
1609 4583 1731 4653 t_ota
1778 4580 2069 4635 discordia
2095 4566 2141 4630 D

416 4650 632 4725 pendet
659 4670 690 4709 e
722 4651 956 4708 nomine
985 4650 1183 4725 oppidi
1214 4666 1382 4725 aquo
1413 4651 1594 4725 distat
1612 4650 1901 4705 Thamara
1922 4668 2066 4725 giang

416 4721 675 4795 tiquiora
702 4721 1104 4795 manuscripts.
1133 4738 1199 4777 ac
1227 4722 1485 4795 melioris
1516 4728 1665 4776 notae
1687 4727 1902 4795 vocant
1921 4721 2066 4777 illud

416 4792 713 4867 Mdmpsis;
747 4792 1370 4867 nonulla—Mammephis
1406 4811 1433 4867 ;7
1453 4799 1659 4867 enitere.
1678 4792 1878 4867 Mansis
1906 4795 2067 4867 .‘Aedi-

415 4867 461 4922 ti
490 4863 623 4923 vero
651 4866 786 4921 libri
817 4866 1096 4936 Memphis.
1129 4863 1389 4920 Sed’sive
1418 4863 1678 4936 Memphis
1723 4864 1843 4919 sive
1898 4865 2065 4920 Mam-

410 4938 528 5011 psis
554 4938 869 5011 legendum
902 4936 1304 5011 statuerimus,
1330 4952 1561 5011 semper
1582 4940 1843 5011 remanet
1864 4937 2065 5011 eadem

415 5006 732 5065 difﬁcultas
755 5008 1087 5065 inveniendi
1120 5007 1277 5061 illius
1300 5006 1521 5078 oppidi,
1573 5007 1727 5077 quod
1780 5007 2067 5064 Eusebius

410 5081 501 5136 vel
526 5081 912 5153 Hieronymus
944 5083 1278 5153 separatum
1314 5078 1457 5153 dixit
1485 5078 1811 5153 unius__diei
1861 5079 2066 5153 itinere

415 5168 451 5208 ει
479 5152 715 5208 castello
743 5148 1069 5217 'Thamara,
1133 5150 1232 5205 ubi
1281 5149 1519 5220 sedebat
1570 5148 1821 5204 militare
1869 5150 2065 5220 praesi-

416 5220 601 5303 dium.
631 5223 825 5296 Usque
852 5225 909 5278 in
944 5238 1199 5303 praesens
1231 5219 1376 5303 nihil
1399 5220 1658 5303 reperire
1686 5219 1885 5303 potui"
1905 5223 2058 5303 apud

415 5290 1166 5367 scriptoresgeograpbos,‘
1196 5290 1534 5367 quod__huic
1590 5290 1742 5347 nodo
1787 5290 2061 5367 solvendo

414 5362 744 5420 subsidium
767 5362 1026 5421 afferret.
1065 5365 1174 5421 Sed
1207 5362 1340 5419 cum
1364 5362 1779 5435 Hieronymum
1811 5363 1897 5418 vel
1942 5364 2061 5435 (Eu-

415 5435 645 5491 sebium
677 5436 735 5491 in
764 5437 998 5492 nomine
1024 5440 1182 5492 Arati
1227 5439 1446 5490 attente
1504 5434 1767 5498 consulo,
1831 5434 2059 5491 nullum

413 5506 837 5579 mibisuperest
851 5508 1158 5579 dubium,q
1169 5508 1266 5563 uin
1282 5523 1383 5579 pro
1396 5506 2059 5579 Mampsis,scribendum

413 5578 491 5635 sit
518 5578 771 5633 Malathis
800 5579 986 5650 :quod
1019 5578 1386 5650 iqsissimum
1417 5578 1698 5650 oppidum
1731 5583 1820 5650 est
1831 5578 2059 5650 distans

411 5662 448 5709 a
478 5650 750 5706 Thamara
765 5648 1234 5715 castello,itinere
1247 5648 1421 5705 unius
1436 5648 1573 5719 dici,
1597 5655 1664 5705 ut
1686 5665 1753 5707 ex
1782 5648 1876 5704 his
1888 5648 2058 5706 facile

410 5720 727 5797 colligitur.
775 5720 944 5791 Arad,
1003 5722 1194 5781 civitas
1248 5720 1693 5783 Ammrhworum
1737 5722 1919 5780 vicina
1964 5719 2057 5780 de-

2164 556 2424 595 eremum
2457 538 2661 595 Cades.
2694 538 2796 593 Est
2841 542 2897 594 et
2943 537 3104 593 aliud
3155 536 3459 593 castellum
3487 535 3813 603 Thamara,

2166 628 2343 684 unius
2372 628 2485 681 diei
2520 627 2726 683 itinere
2768 643 2801 680 a
2850 626 3175 699 Mampsis‘
3226 626 3321 696 (al.
3362 624 3678 697 Memphis)
3709 641 3817 697 op-

2164 716 2298 789 pido
2330 721 2691 788 separatum,
2745 716 3126 788 pergentibus
3172 713 3356 769 Ailam
3404 715 3475 768 de
3518 712 3817 779 Chebron,

2167 806 2264 861 ubi
2297 822 2452 861 nunc
2486 805 2818 860 Romanum
2850 804 3185 877 praesidium
3213 802 3471 875 positum
3504 805 3612 858 est.

2234 893 2421 963 Allus,
2457 894 2614 964 regio
2659 894 3074 961 Idummorum,
3122 908 3247 964 quas
3306 908 3463 963 nunc
3516 888 3818 947 Gabalene

2166 983 2397 1048 dicitur,
2428 982 2620 1038 vicina
2651 982 2828 1037 Petra)
2862 982 3099 1036 civitati.

2236 1071 2421 1126 iEnan
2444 1070 2485 1137 ⁵,
2518 1070 2794 1126 euntibus
2822 1069 3172 1135 Thamnam,
3206 1084 3363 1123 nunc
3407 1068 3677 1124 desertus
3728 1066 3817 1122 lo-

2166 1176 2270 1215 cus
2300 1163 2358 1214 et
2404 1159 2707 1231 proximus
2757 1159 3030 1213 Thamnze
3080 1157 3202 1213 vico
3251 1156 3480 1228 grandi,
3526 1155 3628 1228 qui
3662 1155 3817 1212 situs

2166 1253 2253 1304 est
2285 1248 2436 1303 inter
2464 1247 2669 1303 Ailiam
2702 1251 2758 1303 et
2790 1246 3125 1317 Diospolim.
3160 1249 3258 1300 Est
3287 1249 3345 1301 et
3374 1245 3503 1300 fons
3531 1245 3591 1300 in
3632 1261 3819 1317 supra

2167 1337 2321 1391 dicto
2356 1342 2509 1392 Aena
2560 1335 2727 1391 loco:
2781 1334 2937 1390 unde
2984 1339 3041 1389 et
3085 1338 3325 1399 Aenam,
3373 1333 3430 1388 id
3479 1337 3586 1398 est,
3634 1332 3818 1388 fontis

2170 1441 2381 1481 nomen
2409 1424 2664 1496 accepit:
2699 1424 2757 1478 in
2790 1440 2905 1495 quo
2933 1427 3097 1479 stans
3122 1422 3342 1478 idolum
3373 1422 3625 1477 maxima
3653 1420 3820 1477 illius

2169 1514 2423 1585 regionis
2456 1513 2827 1568 veneratione
2858 1511 3090 1567 colitur.
3142 1512 3339 1583 (Porro
3385 1510 3606 1566 Hebraei
3656 1509 3819 1565 afﬁr-

2172 1607 2336 1659 mant
2364 1607 2571 1657 Euam
2604 1617 2720 1658 non
2752 1600 2948 1656 lucum
3001 1600 3352 1672 significare,
3395 1599 3496 1655 sed
3548 1598 3817 1655 bivium:

2172 1691 2271 1747 ubi
2302 1694 2457 1746 certo
2485 1690 2700 1745 intuitu
2723 1689 3118 1745 necessarium
3140 1688 3218 1744 sit
3237 1689 3311 1744 ad
3334 1704 3509 1743 unam
3530 1703 3562 1744 e
3585 1687 3821 1744 duabus

2173 1781 2280 1835 viis
2302 1779 2677 1852 eligendam.)

2239 1877 2589 1946 Areaatadﬁ,
2622 1876 2785 1932 locus
2816 1881 2991 1945 (trans
3034 1876 3375 1943 Jordanem,
3410 1874 3468 1929 in
3502 1890 3618 1946 quo
3650 1874 3823 1946 plan-

2167 1971 2379 2022 xerunt
2409 1966 2707 2038 quondam
2740 1965 2942 2035 Jacob,
2992 1963 3163 2020 tertio
3215 1982 3249 2020 a
3296 1962 3526 2019 Jericho
3556 1962 3755 2032 lapide
3775 1965 3818 2029 ⁷,

2168 2056 2401 2111 duobus
2434 2054 2697 2109 millibus
2756 2054 2828 2108 ab
2885 2053 3163 2119 Jordane,
3219 2052 3320 2124 qui
3371 2067 3528 2106 nunc
3573 2055 3822 2107 vocatur

2168 2143 2407 2216 Bethgla
2426 2144 2446 2178 ⁸
2476 2161 2489 2212 ;
2524 2142 2678 2214 quod
2712 2142 3146 2214 interpretatur,
3178 2140 3343 2196 locus
3374 2141 3497 2212 gyri
3527 2157 3539 2194 :
3565 2156 3632 2196 eo
3660 2140 3819 2211 quod

2169 2233 2248 2288 ibi
2284 2249 2442 2288 more
2472 2230 2876 2304 plangentium
2907 2229 3303 2286 circumierint
3320 2230 3426 2299 (At.
3449 2230 3817 2299 circumeunt)

2172 2322 2231 2377 in
2263 2321 2465 2377 funere
2494 2320 2696 2376 Jacob.

2793 2408 2886 2463 DE
2925 2406 3187 2463 EXODO.

2245 2498 2435 2567 IElim,
2470 2501 2665 2554 castra
2720 2497 2976 2553 ﬁliorum
3035 2495 3236 2562 Israel,
3294 2499 3351 2551 et
3406 2494 3570 2551 locus
3629 2493 3691 2549 in
3722 2493 3822 2549 de-

2171 2591 2324 2643 serto
2361 2586 2422 2641 in
2451 2603 2567 2658 quo
2598 2586 2910 2643 duodecim
2943 2585 3151 2656 fontes,
3194 2589 3252 2641 et
3297 2582 3673 2657 septuaginta
3703 2582 3829 2656 pal-

2172 2692 2404 2731 marum
2462 2676 2699 2731 arbores
2759 2675 3010 2747 (Moyses
3062 2675 3132 2730 de
3191 2674 3337 2729 mari
3395 2673 3594 2728 Rubro
3623 2672 3825 2728 exiens

2173 2764 2431 2837 reperit).

2173 2874 2315 2926 serto
2345 2869 2512 2926 Gades
2535 2888 2553 2925 :
2582 2873 2634 2925 et
2687 2885 2857 2941 usque
2908 2884 3057 2941 nunc
3102 2868 3402 2941 ostenditur
3455 2867 3589 2941 villa
3612 2866 3688 2941 Aab
3718 2881 3827 2941 op-

2171 2940 2299 3013 pido
2328 2941 2581 2997 Matathis
2609 2939 2801 3011 quarto
2832 2940 3035 3013 lapide,
3082 2958 3135 3013 ag
3165 2939 3410 3013 Chebron
3456 2939 3735 3013 vieesiino,
3765 2940 3825 2992 in

2176 3004 2327 3068 tribu
2356 3013 2516 3083 Iuda.
2551 3004 2752 3083 Itaque
2782 3004 3068 3083 in_Graeco
3098 3010 3345 3067 Eusebio
3378 3009 3502 3083 lege
3549 3004 3824 3083 Magaba.

2181 3100 2299 3138 non
2359 3081 2558 3149 Μάλις,
2619 3079 2720 3138 aut
2797 3079 2957 3153 μόλις
3034 3099 3169 3137 cum
3243 3079 3561 3137 Boni'rerio.
3624 3079 3692 3134 Et
3748 3095 3823 3153 ne

2182 3154 2320 3226 quid
2353 3154 2653 3226 amplioris
2679 3150 2997 3226 diligentiae
3027 3171 3061 3208 a
3092 3169 3185 3208 me
3233 3153 3561 3226 desiderare
3608 3150 3825 3226 possis,

2182 3223 2389 3282 moneo
2428 3223 2504 3293 te,
2557 3223 2877 3297 benignum
2934 3224 3229 3297 lectorem,
3278 3223 3566 3279 Maliattha
3619 3223 3828 3297 urbem

2177 3314 2305 3353 esse
2336 3298 2559 3353 Arabiae
2592 3293 2822 3363 Petraea,
2856 3301 3001 3351 teste
3032 3295 3375 3351 Ptolemaeo:
3408 3311 3536 3365 qua:
3578 3293 3825 3365 quidem

2178 3370 2383 3424 eadem
2414 3369 2647 3423 videtur
2678 3385 2809 3423 cum
2843 3368 3056 3439 oppido
3086 3366 3376 3439 Malathis:
3408 3365 3828 3439 saltem_voc_a-

2179 3439 2301 3495 buli
2333 3446 2391 3495 et
2446 3435 2965 3511 regionishvicini'a
3023 3443 3197 3511 atque
3255 3437 3559 3511 affinitate.
3618 3435 3829 3491 Confer

2179 3512 2376 3567 omnia
2405 3509 2539 3566 cuni
2568 3509 2786 3566 tabulis
2816 3509 3223 3583 geographicis
3271 3509 3583 3580 Scriptura
3622 3523 3822 3563 sacra.

2178 3586 2459 3637 MARTIAN.

2249 3655 2270 3687 ⁵
2304 3652 2637 3709 Bont‘rerius
2668 3651 2786 3707 ait:
2830 3651 2954 3707 Non
3016 3653 3243 3717 AEnam,
3302 3650 3403 3705 sed
3459 3650 3685 3719 Aenum,
3736 3646 3825 3702 vel

2177 3728 2333 3780 Enan
2362 3724 2579 3780 habent
2608 3739 2813 3779 omnes
2854 3723 3080 3779 codices
3130 3720 3828 3793 Septuagintainterpre-

2176 3803 2325 3852 tum.
2357 3796 2499 3851 Gen.
2534 3812 2659 3867 cap.
2718 3811 2954 3862 xxxvm,
3018 3810 3165 3867 vers.
3208 3791 3314 3859 “14,
3355 3791 3584 3867 Hibiin
3624 3796 3827 3846 nostra

2174 3867 2437 3923 versione
2468 3863 2629 3922 nulla
2659 3870 2748 3921 est
2774 3883 2881 3921 vox
2928 3865 3197 3936 propria:
3251 3880 3387 3919 nam
3435 3863 3824 3936 Hieronymus

2172 3938 2362 4008 vertit,
2396 3942 2453 3994 in
2487 3938 2629 3993 bivio
2659 3938 2898 4004 itineris,
2929 3933 3051 4007 pro
3078 3952 3192 4007 quo
3226 3936 3605 4008 Septuaginta
3624 3933 3824 4008 inter-

2215 4004 2366 4066 retes
2398 4010 2669 4065 dixerunt
2719 4008 2788 4063 ad
2842 4004 3030 4078 portas
3083 4004 3405 4061 Euam—Et
3449 4004 3591 4061 'vcro
3622 4004 3680 4060 in
3701 4010 3821 4078 lie-

2215 4028 2366 4066 renes
2398 4028 2669 4065 uixerunt
2719 4028 2787 4063 (Ut
2842 4028 3030 4078 portas
3083 4028 3276 4061 unam.
3336 4028 3405 4061 ιω.
3460 4028 3591 4061 νε)Γο
3622 4028 3680 4060 lIl
3715 4028 3821 4059 [16-

2174 4028 2325 4136 διικο
2356 4086 2444 4136 est
2474 4083 2535 4136 in
2563 4082 2700 4136 ostio
2729 4080 3011 4139 Henaiim;
3045 4093 3174 4150 quae
3204 4083 3643 4150 postremaivox
3670 4075 3821 4131 sitne

2176 4154 2411 4225 propria
2439 4171 2513 4207 an
2550 4150 2935 4225 appellativa,
2967 4150 3026 4204 in
3059 4148 3223 4225 hanc
3258 4148 3819 4225 diem__d_isputatur,

2174 4219 2671 4296 quemadmodum
2704 4222 3104 4296 nosadueum
3154 4220 3350 4275 locum
3399 4219 3825 4296 diximuszap-

2173 4290 2444 4367 pellative
2492 4298 2730 4367 sumpta
2787 4292 3117 4367 signiﬁcare
3174 4296 3365 4367 potest
3418 4290 3566 4346 duos
3607 4290 3825 4367 fontes,

2170 4361 2256 4422 vel
2288 4367 2438 4421 duos
2468 4361 2667 4421 oculos
2727 4361 3038 4419 seu'duos
3074 4361 3265 4436 quasi
3321 4368 3613 4436 aspectus,
3659 4364 3724 4416 ut
3755 4361 3828 4436 iit

2170 4438 2233 4493 in
2262 4438 2434 4501 bivio,
2456 4453 2591 4492 cum
2613 4436 2746 4507 quis
2771 4436 2948 4491 hmret
2968 4440 3025 4507 et
3054 4431 3419 4507 dubitatque.
3437 4433 3697 4507 cundum
3718 4431 3819 4487 sit.

2172 4509 2463 4581 Quidquid
2499 4510 2593 4574 sit,
2635 4505 2794 4581 'saape
2852 4523 2933 4581 ex_
2976 4505 3085 4561 loci
3134 4505 3313 4581 genio
3345 4511 3401 4581 et
3430 4505 3822 4581 circumstan-

2172 4581 2254 4636 tia
2284 4576 2525 4636 nomina
2570 4576 2937 4651 propriave!
2978 4576 3433 4651 quas_i:_propri_a
3474 4576 3826 4651 induuntur,

2176 4653 2328 4723 quod
2365 4652 2520 4706 credi
2552 4645 2743 4722 potest
2781 4649 2832 4705 ci
2862 4645 3333 4723 loco—accidisse;
3354 4648 3643 4723 planeque
3656 4645 3825 4723 _veri-

2178 4716 2367 4778 simile
2398 4728 2504 4789 est,
2543 4716 2655 4777 non
2686 4737 2813 4777 esse
2846 4718 3250 4791 aliumilocum
3285 4716 3372 4773 ab'
3406 4736 3469 4774 eo
3517 4716 3832 4791 q'uiJosue

2178 4811 2303 4865 cap.
2331 4811 2400 4848 xv
2430 4787 2578 4848 vers.
2612 4794 2700 4859 34,
2736 4793 2793 4846 in
2823 4791 2979 4846 tribu
3032 4790 3063 4844 J
3071 4792 3187 4865 uda
3228 4793 3436 4847 Enaim
3467 4787 3827 4862 appellatur,

2177 4862 2277 4937 qui
2313 4870 2514 4935 postea
2544 4864 2603 4920 in
2637 4864 2841 4918 urbem
2873 4862 3132 4937 creverit.

2246 4930 2591 5003 6Itreaatad,
2652 4936 2800 4990 locus
2856 4944 3012 4989 trans
3049 4932 3360 4989 Jordanem.
3416 4930 3825 5003 Locumbunc

2176 5002 2619 5063 celeberrimum
2653 5005 3023 5078 praetermisit
3072 5005 3380 5078 Eusebius.
3420 5002 3698 5078 quamvis
3726 5018 3823 5058 oc-

2175 5083 2367 5204 ginrat
2400 5079 2490 5134 bis
2522 5074 2671 5134 Gen:
2721 5095 2771 5132 L.
2832 5076 2898 5132 40
2958 5080 3015 5131 et
3072 5077 3161 5143 11,
3220 5076 3378 5148 apud
3413 5074 3825 5148 Septuaginta.

2232 5168 2455 5204 ARTIAN.

2232 5168 2455 5206 ARTIAN.

2244 5223 2263 5255 ⁷
2294 5221 2587 5302 ,Ιρείθρῒξιλξ
2618 5218 2874 5302 spatium
2904 5217 3014 5302 h‘oc
3037 5233 3165 5302 esse
3185 5218 3256 5272 60
3276 5218 3601 5302 siadiorum
3633 5215 3823 5302 docet,

2171 5293 2229 5346 id
2262 5297 2350 5348 est
2378 5294 2411 5346 7
2438 5288 2780 5347 milliarium
2813 5293 2870 5344 et
2919 5288 3251 5343 dimidium.
3300 5294 3440 5344 Cum
3473 5288 3824 5359 Hieronymo

2172 5368 2384 5440 tamen
2404 5361 3088 5440 convenitiisdemqiene
3117 5360 3308 5440 verbis
3364 5357 3792 5440 Brocopiuspa

2172 5452 2325 5491 zaeus
2355 5439 2513 5491 Com.
2546 5434 2616 5489 ad
2652 5434 2793 5490 Gen.
2827 5450 2879 5504 ιτ.
2915 5428 2992 5488 Ex
3026 5447 3142 5504 quo
3162 5431 3337 5487 etiam
3364 5428 3827 5504 Eusebianiitexf

2168 5510 2264 5561 tus
2346 5507 2615 5562 lacunam
2689 5503 2948 5576 suppleri
3024 5496 3327 5560 commode
3402 5518 3593 5577 posse,
3667 5496 3823 5555 docti

2166 5577 2274 5633 viri
2306 5579 2645 5633 admonent.

2236 5649 2517 5725 ’_Beginze
2549 5665 2661 5706 ms.
2695 5646 2997 5710 Bethacla;
3041 5662 3175 5704 mox
3231 5660 3333 5719 pro
3386 5644 3537 5703 locus
3576 5640 3820 5701 nomine

2166 5719 2605 5783 malim'domus.
