3966 6408
164 329 281 435 9°”

1148 328 1250 390 DE
1295 328 1476 393 SITU
1518 330 1619 391 ET
1661 328 1937 394 NOMIN.
1982 330 2154 393 LOC.
2200 330 2566 396 HEBRAIC.

3442 330 3579 402 910

178 522 183 527 ,
237 462 440 536 (fElus,
471 460 533 518 in
578 461 808 520 deserto
858 461 959 518 ubi
1009 460 1114 517 filii
1175 464 1347 517 Israel
1407 464 1802 519 castrametati
1835 468 1890 531 Α
1921 464 2329 536 rhzeorumque
2362 466 2679 538 regionem,
2730 469 2786 522 et
2828 469 2918 523 est
2960 467 3021 522 in
3078 470 3277 526 octavo
3334 467 3565 527 circiter

165 553 456 680 sumi)“
484 624 578 679 DE
613 623 940 679 NUMERIS
972 623 1059 678 ET
1088 621 1663 679 DEUTERONOMIO

223 714 494 782 Ascroth,
522 731 659 786 pars
683 713 882 778 eremi,
916 713 1021 768 ubi
1043 711 1227 767 Maria
1255 716 1311 767 et
1365 718 1556 768 Aaron
1605 717 1808 769 contra

156 805 393 876 Moysen
422 802 599 859 locuti
632 806 790 858 sunt.
818 801 1236 857 Habitaverunt
1278 805 1473 856 autem
1506 803 1803 873 quondam

156 892 300 951 Evasi
330 892 386 947 in
421 891 671 948 Aseroth
707 907 896 962 usque
929 890 1001 946 ad
1036 890 1241 946 urbem
1277 890 1513 945 Gazam.
1565 892 1803 962 (Verum

156 983 275 1037 haec
304 981 432 1036 loca
463 997 580 1035 non
611 979 884 1046 Aserotb,
943 980 1045 1035 sed
1093 978 1317 1034 Ascrim
1378 979 1635 1051 appelari
1695 980 1803 1037 He-

154 1070 293 1126 braei
332 1069 590 1142 putant.)

224 1161 532 1226 Asemona,
566 1161 761 1213 castra
791 1156 1049 1213 ﬁliorum
1087 1157 1260 1212 Israel
1299 1158 1356 1212 in
1389 1158 1639 1213 deserto.

224 1246 567 1302 Ahetbarim
601 1248 617 1281 ι
655 1262 801 1317 :pro
850 1261 966 1317 quo
1014 1245 1221 1317 Aquila
1271 1252 1327 1301 ct
1391 1246 1800 1320 Symmachus,

154 1334 588 1408 exploratorum
618 1334 774 1389 viam
817 1334 1181 1405 interpretati
1242 1339 1383 1390 sunt
1439 1336 1542 1390 ubi
1602 1337 1802 1390 adver-

156 1441 286 1481 sum
336 1424 752 1491 Chananeum,
818 1423 918 1495 qui
980 1425 1050 1479 ab
1112 1429 1310 1481 austro
1370 1430 1571 1480 contra
1628 1424 1802 1481 Israel

156 1518 450 1586 eruperat,
484 1514 543 1569 in
576 1512 894 1569 solitudine
923 1513 1255 1569 dimicetur.

134 1582 139 1601 ’
223 1582 370 1659 Ahie
401 1619 526 1675 qua:
559 1606 616 1658 et
647 1601 926 1672 Achalgai
963 1620 975 1668 ;
1010 1620 1112 1674 pro
1144 1602 1251 1659 hac
1294 1603 1686 1673 Symmachus
1717 1604 1802 1657 in-

157 1695 531 1764 terpretatur,
567 1692 624 1746 in
659 1689 926 1747 collibus.
954 1693 1054 1747 Est
1085 1696 1278 1747 autem
1301 1708 1331 1747 e
1361 1692 1595 1764 regione
1625 1708 1807 1763 quon-

151 1783 287 1839 dam
323 1782 513 1850 Moab,
547 1797 704 1836 nunc
744 1779 1099 1853 Areopoleos
1148 1782 1219 1836 ad
1278 1781 1621 1837 orientalem
1680 1783 1804 1852 pla-

153 1888 309 1945 gam.

221 1962 444 2028 Arnen,
490 1976 667 2032 rupes
695 1960 961 2031 quaedam
1012 1959 1072 2013 in
1123 1957 1375 2014 sublime
1426 1964 1693 2030 porrecta
1744 1959 1803 2013 in

153 2050 373 2106 ﬁnibus
399 2048 869 2105 Amorrhaeorum
903 2048 1057 2103 inter
1096 2048 1264 2103 Moab
1314 2052 1371 2103 et
1418 2048 1801 2104 Amorrhasos.

152 2138 322 2195 Moab
356 2154 490 2194 vero
522 2136 745 2193 Arabiae
777 2137 979 2193 civitas
1011 2139 1121 2204 est,
1173 2152 1300 2207 quae
1342 2152 1499 2190 nunc
1546 2141 1804 2208 Areopo-

150 2227 221 2283 lis
255 2227 616 2283 nominatur.
652 2226 983 2282 Ostendunt
1012 2224 1266 2297 regionis
1297 2224 1459 2280 illius
1490 2225 1695 2280 accolas
1728 2224 1807 2282 lo-

151 2334 285 2372 cum
315 2315 488 2372 vallis
516 2315 577 2371 in
608 2320 902 2387 praerupta
932 2315 1213 2370 demersa:
1245 2314 1390 2369 satis
1418 2314 1806 2370 horribileme

150 2404 572 2477 periculosum,
605 2405 764 2476 quia
794 2403 1089 2476 plerisque
1118 2419 1309 2475 usque
1340 2419 1495 2458 nunc
1546 2404 1806 2459 Arnonas

150 2492 523 2566 appellatur:
551 2492 998 2564 extenditurque
1033 2494 1106 2547 ad
1132 2492 1585 2563 septentrionem
1636 2498 1806 2547 Areo-

150 2582 353 2654 poleos
390 2600 402 2638 :
434 2581 495 2637 in
545 2598 661 2654 quo
691 2587 749 2637 et
778 2580 1032 2636 militum
1066 2598 1133 2636 ex
1156 2580 1315 2636 omni
1343 2585 1505 2652 parte
1538 2580 1808 2652 praesidia

150 2670 478 2726 distributa
498 2668 736 2741 plenum
760 2669 1069 2741 sanguinis
1082 2674 1138 2724 et
1160 2669 1494 2725 formidinis
1515 2673 1809 2725 testantur

150 2758 514 2831 ingressum.
546 2758 652 2812 Hic
683 2758 980 2828 quondam
999 2757 1389 2812 Moabitarum
1421 2757 1551 2828 fuit,
1574 2763 1630 2812 et
1656 2762 1807 2829 post-

153 2863 221 2903 ea
252 2847 412 2903 Seon
441 2863 539 2903 rex
566 2846 1031 2902 Amorrbaaorum
1054 2847 1191 2917 jure
1246 2845 1383 2901 belli
1442 2846 1534 2919 (Al
1594 2848 1804 2918 bellico)

150 2951 284 2991 eum
317 2935 621 3004 obtinuit:
657 2934 758 2990 sed
790 2939 847 2990 et
886 2938 1043 2990 terra
1100 2933 1354 2989 filiorum
1412 2934 1589 2990 Israel
1646 2940 1806 2991 trans

148 3025 492 3093 Iordanem,
528 3023 817 3096 incipiens
847 3024 919 3079 ab
950 3026 1197 3093 Arnone,
1226 3040 1414 3095 usque
1454 3025 1526 3079 ad
1576 3029 1806 3081 montes

157 3114 412 3170 Aermon
444 3118 501 3169 et
530 3112 816 3168 Libanum
847 3112 1197 3168 extenditur.

1916 552 2111 624 lapide
2142 554 2271 622 ejus
2302 555 2373 609 ad
2405 554 2545 610 solis
2576 572 2853 611 occasum
2880 554 3045 611 vicus
3081 556 3252 613 Jazer
3281 574 3471 630 usque
3497 558 3559 615 in
3584 618 3597 627 ,

1917 648 2262 712 praesentem
2294 643 2447 697 diem
2482 660 2857 715 permanens.

1986 752 2183 817 Arocr,
2217 750 2500 821 oppidum
2546 751 2957 823 Moabitarum,
3016 754 3171 826 quod
3229 754 3411 810 situm
3471 757 3563 811 est

1915 854 2092 909 super
2143 837 2331 908 ripam
2391 839 2667 896 torrentis
2721 842 2940 905 Arnen,
2974 858 3313 914 possessum
3353 842 3493 919 olim
3528 860 3562 899 a

1914 930 2083 997 gente
2117 926 2427 983 veterrima
2458 927 2715 984 Ommim
2763 930 2805 999 ‘,
2834 935 2891 986 et
2938 934 3140 1001 postea
3183 935 3479 988 retentum
3525 949 3561 988 a

1914 1014 2051 1071 ﬁliis
2092 1016 2219 1081 Lot,
2252 1015 2311 1069 id
2361 1020 2468 1083 est,
2516 1017 2812 1087 Moabitis,
2854 1035 2991 1076 cum
3044 1020 3267 1092 priores
3325 1021 3553 1077 accolas

1914 1105 2359 1172 subvertissent,
2396 1106 2462 1159 Et
2509 1106 2837 1162 ostenditur
2893 1124 3081 1180 usque
3112 1108 3286 1165 hodie
3340 1110 3399 1165 in
3430 1126 3560 1166 ver-

1911 1191 2021 1248 tice
2054 1193 2268 1249 montis
2318 1192 2478 1249 illius
2507 1194 2528 1228 ⁵
2561 1212 2573 1250 :
2607 1195 2710 1250 sed
2766 1200 2825 1252 et
2868 1200 3096 1254 torrens
3153 1213 3257 1271 per
3313 1199 3566 1273 abrupta

1912 1281 2296 1349 descendens,
2329 1282 2387 1337 in
2420 1300 2581 1338 mare
2620 1284 2915 1340 Mortuum
2973 1286 3122 1342 fluit.
3185 1286 3407 1343 Cecidit
3454 1305 3560 1344 au-

1911 1374 2029 1425 tem
2072 1373 2253 1426 Aroer
2283 1371 2342 1425 in
2394 1376 2611 1428 sortem
2664 1373 2852 1429 tribus
2909 1376 3029 1430 Gad
3089 1378 3294 1432 contra
3351 1375 3569 1433 faciem.

1915 1458 2134 1514 Rabba.

1985 1565 2273 1635 Astaroth,
2308 1566 2551 1638 antiqua
2580 1567 2782 1623 civitas
2803 1568 2889 1641 0g
2918 1570 3070 1642 regis
3102 1571 3312 1639 Basan,
3345 1571 3406 1626 in
3429 1587 3548 1643 qua

1914 1654 2326 1709 habitaverunt
2381 1656 2680 1727 gigantes,
2760 1674 2885 1729 quae
2963 1662 3163 1730 postea
3235 1660 3445 1715 cecidit
3498 1659 3560 1715 in

1916 1748 2133 1800 sortem
2194 1743 2386 1799 tribus
2453 1745 2749 1814 Manasse,
2824 1746 3075 1818 regionis
3141 1749 3445 1821 Batanaaaa,
3506 1752 3565 1805 et

1836 1838 1883 1902 Β
1918 1850 2018 1888 sex
2047 1832 2311 1888 millibus
2342 1834 2415 1888 ab
2463 1834 2613 1889 Adra
2650 1834 2793 1890 nrbe
2850 1836 3066 1891 Arabiae
3125 1840 3397 1908 separata
3452 1840 3560 1904 est,

1916 1922 2090 1977 Porro
2150 1922 2301 1976 Adra
2359 1938 2392 1977 a
2457 1922 2662 1977 Bostra
2717 1922 2921 1995 viginti
2981 1923 3242 1996 quinque
3298 1924 3566 1982 millibus

1916 2010 2112 2067 distat.
2147 2009 2413 2065 Diximus
2446 2015 2503 2065 et
2533 2028 2713 2083 supra
2741 2012 2813 2067 de
2840 2013 3113 2069 Astaroth
3154 2013 3489 2071 Cbarnaim.

1988 2115 2119 2186 Agri
2151 2115 2410 2188 specula,
2446 2133 2615 2172 mons
2664 2121 2752 2173 est
2800 2117 3214 2191 Moabitarum,
3275 2120 3337 2176 in
3382 2137 3561 2192 quem

1917 2203 2159 2260 adduxit
2212 2203 2382 2259 Balac
2434 2204 2594 2261 ﬁlius
2666 2206 2912 2278 Sephor,
2996 2208 3224 2264 Balaam
3295 2209 3564 2266 divinum

1917 2295 1988 2350 ad
2050 2292 2518 2349 maledicendum
2574 2294 2749 2350 Israel
2821 2311 2998 2367 super
3085 2297 3383 2364 verticem,
3462 2297 3563 2370 qui

1918 2387 2152 2455 propter
2200 2382 2514 2438 vehemens
2580 2387 2962 2454 praeruptum,
3026 2389 3267 2441 vocatur
3312 2385 3562 2456 excisus,

1917 2476 1974 2527 ct
2026 2470 2291 2527 imminet
2348 2470 2495 2526 mari
2552 2471 2781 2527 Mortuo
2854 2472 3011 2529 haud
3071 2473 3273 2546 procul
3331 2475 3403 2531 ab
3458 2476 3565 2532 Ar-

1917 2576 2088 2618 none.

1986 2667 2241 2723 Araboth
2275 2668 2463 2735 Moab,
2498 2667 2595 2723 ubi
2631 2669 2887 2725 secundo
2927 2673 3272 2726 numeratus
3325 2674 3415 2727 est
3462 2686 3564 2743 po-

1918 2757 2112 2829 pulus,
2175 2757 2328 2828 quod
2379 2756 2588 2827 Aquila
2645 2757 3086 2829 interpretatur,
3146 2758 3396 2814 humilia
3445 2758 3566 2816 sive

1917 2846 2165 2918 aequalia
2197 2845 2365 2901 Moab
2414 2844 2588 2916 (hanc
2645 2844 2868 2913 habens
2929 2847 3439 2919 consuetudinem,
3500 2851 3568 2903 ut

1916 2950 2177 2989 eremum
2208 2938 2446 3005 propter
2474 2933 2775 3005 planitiem
2799 2930 3040 3005 ὁμαλὴν,
3089 2935 3147 2989 id
3205 2940 3314 3005 est,
3365 2952 3564 3007 eaqua-

1914 3023 2028 3079 lem
2056 3023 2472 3094 interpretetur
2500 3027 2558 3077 et
2586 3021 3135 3095 planam).Denique
3168 3024 3561 3095 Symmachus

1915 3129 2020 3184 pro
2049 3110 2303 3166 Araboth
2330 3110 2520 3177 Moab,
2551 3111 2900 3182 campestria
2929 3110 3099 3167 Moab
3124 3110 3428 3167 transtulit
3459 3127 3472 3165 :
3501 3115 3560 3168 et

217 3204 314 3271 Ar,
347 3202 516 3258 locus
544 3200 635 3257 vel
665 3202 949 3274 oppidum
981 3204 1242 3257 Armonaa
1278 3220 1290 3257 :
1324 3202 1478 3274 quod
1502 3220 1536 3258 a
1562 3203 1801 3275 Septua-
1830 3204 1873 3271 C
1913 3206 2001 3257 est
2025 3217 2213 3271 usque
2242 3199 2413 3254 hodie
2442 3198 2606 3254 locus
2626 3199 2797 3269 juxta
2825 3203 3081 3255 montem
3116 3199 3366 3271 Phogor,
3409 3216 3556 3256 eun-

150 3291 317 3363 ginta
350 3290 772 3363 interpretibus
830 3306 934 3363 per
994 3294 1292 3347 extensam
1352 3290 1626 3360 vocalem,
1679 3291 1805 3347 Er'

150 3377 394 3437 dicitur.

218 3468 526 3537 Aesimon,
558 3467 722 3525 locus
754 3468 969 3525 deserti
991 3468 1264 3541 (denique
1294 3473 1351 3525 et
1398 3470 1592 3542 ipsum
1636 3486 1804 3525 voca-

150 3557 367 3614 bulum
408 3557 693 3613 incultam
724 3562 940 3613 terram
971 3559 1379 3631 desertamque
1400 3559 1731 3630 signiﬁcat).

217 3647 549 3705 Abelsatim
581 3648 622 3716 3,
656 3646 819 3703 locus
851 3648 909 3702 in
942 3647 1171 3704 deserto
1205 3648 1276 3703 ad
1310 3647 1615 3703 meridiem
1649 3648 1805 3703 Moa-

147 3736 415 3793 bitarum
431 3777 442 3792 .

214 3825 378 3883 185
412 3827 578 3893 Asor,
611 3824 730 3880 sive
758 3825 946 3892 Jazer,
997 3823 1288 3880 terminus
1335 3825 1499 3880 urbis
1553 3831 1807 3882 Ammon

142 3924 274 3991 qum
311 3932 476 3972 nunc
506 3913 913 3985 Philadelphia
934 3912 1440 3981 dicitur,dividens
1460 3931 1587 3970 eam
1611 3920 1812 3972 Amor-

211 4042 231 4077 ¹
262 4038 598 4097 Ahetharim
651 4041 760 4093 etc.
796 4036 899 4093 Hic
929 4040 1126 4093 Graeca
1172 4038 1351 4093 verba
1400 4039 1665 4095 nonnihil
1697 4042 1807 4097 dif-

146 4114 352 4168 ferunt
383 4128 420 4167 a
447 4110 655 4165 Latina
681 4110 1181 4180 interpretatione.
1216 4109 1500 4164 Maurum.

166 4222 171 4227 -
209 4186 231 4218 ⁵
263 4190 380 4240 Per
404 4190 689 4238 externam
716 4182 981 4247 vocalem,
1015 4182 1087 4235 Er
1116 4180 1343 4249 dicitur,
1393 4181 1584 4235 Codex
1640 4188 1808 4238 vetus

152 4254 625 4325 manuscriptusq
658 4251 906 4307 Colbert.
960 4252 1066 4307 Aer
1105 4251 1590 4325 Aqorrupteglegit
1620 4270 1640 4314 ;
1672 4271 1804 4309 cum

148 4327 306 4405 apud
342 4309 738 4405 Septuaginta
769 4340 909 4378 num
941 4340 1063 4405 xiii,
1092 4309 1161 4377 I5
1193 4339 1205 4377 :
1393 4309 1630 4405 Er,uper
1670 4326 1810 4405 Ethq

150 4394 766 4468 li'tteramirscriptum
823 4395 1192 4468 reperiatur:
1227 4394 1595 4468 etilludﬂsit
1651 4397 1806 4468 quod

150 4468 391 4525 monuit
431 4465 819 4539 Hieronymus
853 4483 865 4522 :
897 4468 971 4521 Er
1011 4466 1125 4520 dici
1176 4466 1331 4537 apud
1382 4465 1522 4521 LXX
1573 4465 1807 4539 per—ex-

148 4545 394 4597 tensum
424 4537 707 4594 vocalem.
741 4537 1029 4593 Murrum.

220 4613 243 4646 ⁸
278 4610 618 4674 Abelsatim,
652 4611 801 4665 locus
831 4610 893 4663 in
941 4610 1148 4664 deserto
1206 4612 1316 4663 ctc.
1380 4608 1504 4663 Non
1564 4625 1815 4665 consen-

149 4682 315 4765 tiunt
361 4682 488 4765 hoc‘
532 4681 658 4765 loco
701 4680 1003 4765 ‘Iiﬂu’sebius
1062 4680 1559 4765 et~Hieronymiis
1607 4682 1826 4765 ‘;npricr

147 4755 314 4810 enim
377 4751 627 4808 collocat
677 4752 975 4807 Abelsatim
1025 4754 1162 4803 καιτᾶ
1228 4746 1438 4820 δυσμᾶς
1493 4746 1688 4822 Μωάὃξ
1760 4753 1819 4807 id

150 4831 268 4891 est,
300 4840 493 4879 versus
520 4824 610 4880 vel
641 4828 833 4879 contra
874 4822 1201 4879 occidentem
1241 4823 1390 4875 Moab
1422 4823 1437 4891 )
1478 4822 1624 4877 alter
1668 4840 1821 4892 vero,

149 4897 221 4953 ad
253 4894 556 4953 meridiem
613 4896 1002 4951 Moabitarum.
1060 4898 1175 4948 Nec
1236 4893 1643 4950 ditlicultatem
1706 4895 1826 4951 sive

151 4968 492 5024 dissidium
522 4965 678 5022 tollit
708 4964 1274 5033 Bonfrerius,dicens
1305 4964 1474 5019 illum
1502 4966 1823 5037 genitivum

181 5038 1045 5109 Mabilarumconjungendum
1078 5053 1206 5109 esse
1255 5052 1388 5109 cum
1422 5052 1554 5093 voce
1597 5037 1823 5107 deserto,

153 5129 284 5173 non
322 5128 465 5167 cum
500 5107 839 5165 alteravoc'e
860 5109 929 5163 ad
956 5107 1418 5181 meridiemNam
1453 5124 1826 5181 quocumque

154 5190 340 5245 modo
376 5182 669 5254 legamus,
703 5181 1018 5254 Abelsatim,
1057 5180 1191 5254 erit
1234 5179 1313 5254 [id
1358 5195 1610 5234 occasum
1661 5179 1826 5254 juxta

161 5250 524 5319 Eusebium,
557 5259 615 5307 et
643 5252 713 5307 ad
742 5252 1215 5322 meridiemjuxta
1233 5250 1751 5323 Hieronymum.At
1776 5252 1825 5308 si

155 5325 522 5388 consulatur
551 5324 1017 5379 Commentarius
1047 5323 1382 5394 Hieronymi
1414 5321 1473 5377 in
1507 5329 1684 5394 caput
1711 5330 1824 5379 ter-

154 5402 314 5458 tium
345 5395 684 5462 Jeelis,hzec
713 5395 784 5449 ab
808 5411 874 5450 eo
904 5395 1124 5466 scripta
1155 5394 1480 5465 reperimus
1510 5395 1581 5449 de
1613 5396 1826 5452 Abclsa-

157 5476 266 5530 tim
303 5490 317 5528 :
358 5468 740 5547 g_Estautem
765 5465 925 5547 locus
948 5465 1333 5547 inquitjuxta
1363 5465 1653 5547 Libiadem
1672 5473 1829 5547 tranf

155 5561 329 5602 mare
366 5541 690 5605 Mortuum,
723 5542 885 5594 sexto
918 5539 989 5593 ab
1021 5536 1087 5593 eo
1118 5536 1345 5592 distans
1380 5536 1654 5593 milliario
1689 5556 1701 5593 ε
1729 5539 1826 5594 ubi

199 5614 369 5674 uond
381 5628 479 5668 am
503 5626 636 5665 cum
655 5609 992 5665 Madianitis
1015 5609 1338 5665 fornicatus
1368 5609 1824 5677 cstIsrael,»etc.

199 5633 369 5674 uono
381 5633 479 5668 am
503 5633 636 5665 cum
655 5633 992 5665 maumnlus
1015 5633 1338 5665 iurulentus
1368 5633 1824 5677 USLISI‘ﬂBI,))eLc.

154 5633 439 5769 §quibue
459 5680 543 5742 sic
556 5681 868 5739 conciliare
884 5697 1204 5754 possumus
1224 5679 1545 5739 Eusebium
1567 5698 1702 5739 cum
1724 5682 1828 5741 Hie

1912 3289 2071 3344 tibus
2098 3305 2132 3343 a
2162 3286 2489 3353 LibiadeYin
2520 3286 2746 3342 Esebon
2775 3287 3000 3343 Arabiaa
3052 3291 3257 3343 contra
3300 3286 3558 3357 Jericho,

1914 3375 2014 3447 qui
2046 3374 2128 3428 ita
2157 3372 2501 3446 appellatur.

1987 3483 2172 3538 Araba
2192 3481 2236 3549 ⁵,
2268 3480 2418 3535 hanc
2450 3483 2515 3534 ut
2545 3496 2743 3551 supra,
2797 3478 3012 3551 Aquila
3050 3480 3354 3537 transtulit
3402 3480 3559 3538 188

1915 3571 2152 3644 planam
2214 3588 2226 3625 :
2285 3569 2691 3641 Symmachus,
2775 3569 3073 3625 interdum
3150 3574 3565 3643 campestrem,

1917 3661 2215 3716 interdum
2272 3657 2721 3714 inhabitabilem
2796 3675 2808 3712 :
2866 3658 3232 3715 Theodotion
3288 3658 3568 3716 occiden-

1979 3750 1996 3804 l
2102 3792 2115 3805 .

1917 3755 2296 3903 militarem,
2330 3835 2537 3892 civitas
2567 3836 2706 3891 olim
2735 3834 3205 3891 Amorrhasorum
3236 3838 3400 3889 trans
3439 3833 3570 3889 Jor-

1918 3930 2154 3995 danem,
2216 3942 2343 3997 qua:
2396 3928 2599 3996 postea
2671 3922 2876 3979 cecidit
2958 3921 3018 3976 in
3077 3925 3293 3977 sortem
3378 3921 3571 3977 tribus

1919 4067 2162 4123 ronymo
2193 4052 2258 4104 ut
2287 4048 2553 4123 dicamus
2582 4045 2879 4123 bpelsatim
2903 4049 3179 4123 respectu
3226 4043 3570 4123 solitudinis

1918 4117 2474 4192 sive-campestrium
2495 4118 2951 4192 Moab,positum
2966 4133 3094 4192 esse
3112 4117 3569 4192 adoccidentem

1918 4196 2018 4251 sed
2056 4188 2319 4263 respectu
2351 4190 2603 4263 Liviadis
2635 4188 2797 4263 urbis
2829 4190 3119 4263 respicere
3138 4190 3206 4263 ad
3264 4189 3571 4263 meridiem

1916 4260 2590 4333 Moabitarumﬂonsiﬂe
2602 4260 2832 4317 tabulas
2849 4260 3572 4333 geographicas.lgnosce,

1918 4338 2101 4393 lector
2130 4333 2463 4390 difﬁcultati
2494 4332 2755 4388 locorum
2790 4351 2803 4388 :
2839 4332 2942 4388 aut
2968 4332 3020 4388 si
3053 4332 3266 4388 melius
3307 4333 3448 4393 quid
3480 4332 3575 4387 in-

1914 4408 2111 4464 venire
2144 4411 2326 4476 potes,
2360 4406 2500 4459 doce
2536 4420 2547 4458 :
2579 4403 2830 4460 libenter
2850 4404 3156 4474 discimus,
3186 4403 3342 4476 quod
3384 4403 3573 4459 nesci-

1919 4496 2077 4545 mus,
2110 4494 2392 4533 MARTIAN.

1995 4554 2016 4585 ὀ
2045 4549 2209 4605 Gcnte
2240 4550 2527 4604 veterrima
2561 4547 2814 4611 Ommim,
2848 4547 2956 4601 Ms.
2988 4544 3355 4601 Colbertinus
3376 4558 3575 4599 recen-

1936 4622 2064 4689 tior,
2087 4625 2245 4691 gente
2275 4620 2557 4675 teterrima
2581 4618 2860 4691 Uynmiim.
2896 4616 3170 4691 Nonnulli
3201 4615 3425 4691 legunt
3452 4615 3575 4691 Um-

1934 4688 2573 4748 mimIVetustissimus
2603 4689 2772 4745 Corb.
2799 4704 2963 4743 num.
2996 4688 3122 4755 28l,
3154 4703 3188 4741 a
3223 4694 3377 4758 gente
3407 4688 3576 4741 teter-

1934 4767 2082 4820 rima
2126 4763 2322 4818 Omz‘m.
2356 4764 2640 4816 MARTIAN.

2005 4837 2025 4869 ⁵
2064 4836 2303 4890 Frustra
2333 4834 2444 4887 hoc
2492 4829 2825 4885 Bonfrerius
2874 4827 3188 4897 inficiatur,
3238 4828 3581 4897 frustraque

1936 4906 2255 4965 contendit,
2288 4908 2462 4959 Aroer
2511 4902 2581 4956 ad
2642 4901 2821 4973 fluvii
2852 4902 3035 4973 ripas,
3085 4918 3201 4956 non
3253 4897 3579 4973 iumentis

1934 4979 2146 5033 vertice
2177 4976 2580 5032 constitutam.
2616 4972 2741 5027 Non
2771 4969 2961 5037 video,
3019 4973 3211 5037 inquit
3263 4969 3577 5036 uelandus,

1936 5048 2141 5121 quidni
2172 5048 2313 5121 urbs
2372 5048 2686 5121 in_monte
2746 5044 2891 5121 sita,
2939 5040 3135 5121 si_ad.
3179 5040 3582 5121 ejus_montis

1938 5111 2162 5176 radices
2202 5120 2418 5173 ﬂumen
2453 5116 2684 5171 labatur
2715 5116 2903 5186 possit
2961 5115 3032 5170 ad
3092 5111 3281 5185 ripam
3314 5111 3582 5167 ﬂuminis

1937 5193 2107 5247 sitam
2145 5191 2280 5257 dici,
2313 5190 2360 5244 si
2394 5189 2632 5259 quidem
2666 5204 2699 5241 a
2726 5187 2937 5259 vertice
2968 5187 3040 5241 ad
3089 5186 3345 5259 radicem
3394 5199 3586 5259 usque

1936 5264 2154 5319 montis
2183 5255 2647 5330 extendi-potest,
2681 5258 3046 5330 eamdenque
3078 5261 3135 5311 et
3163 5256 3339 5330 lateri
3369 5255 3586 5330 montis

1938 5335 2297 5400 incumbere,
2329 5338 2383 5386 et
2416 5327 2487 5385 ad
2519 5330 2706 5402 ripam
2740 5327 3002 5384 ﬂuminis
3040 5345 3188 5384 esse.
3234 5327 3381 5383 Vide
3425 5327 3582 5384 infra

1936 5409 2124 5462 Aruir.

2010 5480 2031 5511 θ
2062 5476 2265 5542 Arabe,
2299 5474 2440 5527 hanc
2468 5474 2525 5525 ut
2554 5488 2742 5543 supra.
2777 5474 2883 5526 etc.
2945 5469 3400 5543 Corruptissime
3447 5468 3580 5543 haec
3670 5466 3673 5467 ν

1938 5566 2075 5604 cum
2109 5540 2573 5620 pramedentjbus
2603 5540 2911 5620 csnjuncta
2942 5547 3082 5599 sunt
3112 5540 3171 5599 in
3196 5546 3366 5602 antea
3395 5540 3572 5600 editis

1938 5615 2127 5678 libris
2148 5624 2205 5675 et
2231 5616 2387 5690 apud
2418 5615 2806 5673 Bonfrerium.
2839 5615 3127 5676 Maurum.
