3966 6408
394 362 517 430 9η

1629 366 1694 427 S.
1740 361 2052 429 EUSEBII
2092 362 2563 429 HIERONYMI.

3679 364 3819 431 913.

400 496 546 567 Gad,
577 499 818 555 vocatus
856 500 944 556 est
972 500 1170 555 autem
1199 496 1478 556 Atharoth
1511 501 1569 555 et
1618 497 1775 553 ﬁlius
1823 498 2043 570 Salma,
2074 502 2131 566 Α
2233 498 2415 554 Aulon
2445 500 2467 534 ⁴
2513 499 2652 571 (non
2704 501 2990 568 Graecum,
3040 503 3105 555 ut
3147 496 3388 571 quidam
3432 501 3663 571 putant,
3696 461 3815 558 sed.

401 585 522 642 sive
564 572 803 644 Salmon
860 585 1349 661 (Al.Solamon).ut
1376 587 1435 643 in
1467 587 2045 661 Paralipomcnis(Al.

401 676 883 749 Paralipomenon)
915 676 1201 749 scriptum
1234 680 1344 733 est.

402 763 637 820 Ataroth
666 763 922 837 Sophan,
955 769 1014 821 et
1043 764 1163 821 haec
1195 765 1398 821 civitas
1414 765 1605 822 tribus
1634 766 1781 821 Gad.

469 852 646 922 Arad,
678 853 881 911 civitas
911 854 1383 911 Amorrhzeorum
1412 852 1606 910 vicina
1655 855 1885 910 deserto
1944 852 2048 910 Ca-

403 941 527 1011 des,
560 945 618 998 et
661 932 853 1015 usque
903 959 1060 999 nunc
1119 942 1454 999 ostenditur
1506 940 1646 998 villa
1703 943 1775 998 ab
1836 940 2049 1015 oppido

403 1027 679 1088 Malathis
710 1032 728 1066 ί
760 1034 970 1105 quarto
1012 1030 1225 1104 lapide,
1259 1048 1293 1086 a
1348 1031 1614 1088 Chebron
1657 1030 1955 1099 vicesimo,
1987 1029 2048 1085 in

404 1120 564 1176 tribu
592 1120 764 1176 luda.

472 1210 784 1279 Asemona,
817 1208 1019 1265 civitas
1052 1208 1109 1264 in
1143 1208 1372 1265 deserto
1395 1209 1467 1265 ad
1499 1209 1804 1265 meridiem
1833 1209 2048 1264 Judaeae

405 1298 673 1355 dividens
702 1301 1004 1370 [Egyptum
1036 1301 1092 1352 et
1121 1301 1336 1353 sortem
1369 1298 1560 1355 tribus
1586 1298 1753 1354 Judaz
1786 1298 1857 1353 ad
1891 1313 2050 1353 mare

408 1403 597 1459 usque
625 1386 980 1442 tendentem.
1007 1385 1181 1442 Posui
1212 1390 1268 1442 et
1292 1402 1472 1459 supra
1517 1390 1828 1454 Asemona,
1858 1390 2050 1441 castra

405 1475 659 1533 filiorum
691 1473 888 1532 Israel.

474 1564 681 1629 Acrabi
710 1564 753 1633 ⁸,
786 1562 1075 1620 terminus
1120 1563 1335 1620 Judseaa
1385 1563 1692 1637 provinciae
1729 1564 1800 1619 ad
1849 1564 2049 1620 Orien-

406 1659 526 1712 tem
556 1651 898 1726 respiciens,
927 1652 1122 1708 tribus
1151 1652 1336 1710 Judae.
1383 1657 1481 1708 Est
1530 1656 1727 1709 autem
1778 1657 1834 1709 et
1886 1653 2052 1708 vicus

407 1760 565 1802 nunc
596 1758 785 1814 usque
812 1741 1075 1814 grandis,
1134 1756 1342 1798 novem
1402 1740 1666 1799 millibus
1723 1759 1757 1797 a
1812 1740 2051 1813 Neapoli

407 1836 611 1892 contra
636 1831 932 1888 Orientem
974 1830 1461 1887 descendentibus
1516 1832 1589 1886 ad
1640 1831 1956 1887 Jordanem
1995 1834 2053 1887 et

406 1921 727 1990 Jerichum,
759 1935 864 1993 per
911 1935 1037 1975 eam
1073 1936 1201 1991 quae
1256 1919 1585 1992 appellatur
1630 1920 1999 1975 Acrabittcne
2034 1937 2047 1975 :

405 2012 508 2070 sed
554 2013 613 2067 et
669 2008 993 2065 confinium
1046 2008 1535 2077 Amorrhaeornm,
1604 2008 1895 2064 Acrabbin
1964 2007 2048 2062 di-

407 2100 559 2157 citur
588 2116 603 2167 ;
630 2097 703 2154 de
732 2114 846 2170 quo
890 2096 1014 2154 loco
1070 2113 1184 2155 non
1240 2097 1647 2153 exterminavit
1693 2096 2051 2169 alienigenas

405 2189 597 2247 tribus
624 2186 1001 2261 Nephthalim
1031 2190 1097 2242 ut
1142 2185 1203 2241 in
1249 2186 1533 2243 Judicum
1578 2184 1726 2241 libro
1766 2185 2053 2258 scriptum

409 2282 520 2338 est.
1090 2334 1099 2341 .

475 2365 767 2436 Asadada,
799 2364 1122 2424 confinium
1149 2363 1314 2421 Judaa
1345 2363 1668 2437 respiciens
1707 2363 1780 2420 ad
1826 2362 2050 2436 aquilo-

408 2472 567 2523 nem.

470 2542 958 2612 Arad,terminus
989 2545 1047 2600 et
1072 2542 1199 2614 ipse
1227 2542 1391 2599 Judae
1431 2541 1660 2598 distans
1707 2558 1742 2597 a
1787 2539 2052 2597 Chebron

410 2631 674 2704 millibus
703 2631 911 2705 viginti
942 2631 1015 2689 ad
1046 2629 1352 2691 meridiem
1384 2646 1397 2686 :
1434 2630 1505 2686 de
1535 2646 1651 2703 quo
1683 2646 1856 2702 suprr
1894 2629 2054 2704 posi-

409 2724 539 2779 tum
559 2723 670 2781 est.

479 2812 825 2875 Asarenam,
858 2796 1146 2864 terminus
1192 2806 1405 2863 Judaeae
1445 2807 1517 2862 ab
1575 2806 2053 2879 septentrionem.

478 2896 713 2966 Asenai,
745 2894 1034 2952 terminus
1063 2901 1117 2951 et
1138 2894 1264 2967 ipse
1291 2895 1527 2952 Judseae.

481 2974 694 3044 Arbela
720 2985 765 3056 ³,
794 2983 1087 3042 terminus
1112 2983 1348 3052 Judaeze,
1382 2985 1453 3040 ad
1485 2988 1677 3041 ortum
1712 2984 1853 3041 solis
1906 2985 2056 3042 139

410 3074 725 3150 aspiciens.
759 3074 859 3130 Est
888 3076 946 3129 et
975 3089 1165 3147 usque
1204 3072 1378 3130 hodie
1425 3072 1588 3130 vicus
1634 3073 1807 3129 Arbel
1865 3077 2054 3130 trans-

2158 587 2464 643 Hebraeum
2497 587 2847 645 vocabulum
2870 591 2979 660 est)
3014 605 3027 643 :
3061 587 3595 661 appellaturautem
3625 587 3796 665 vallis

2159 676 2396 749 grandis
2428 680 2601 748 atque
2629 677 2977 750 campestris
3006 676 3067 731 in
3098 678 3449 733 immensam
3480 675 3799 749 longitudi-

2159 782 2290 820 nem
2327 781 2387 820 se
2437 766 2754 821 extendens
2788 783 2801 834 ;
2836 783 2963 839 quae
3012 764 3409 821 circumdatur
3445 781 3514 820 ex
3554 769 3805 838 utraque

2158 852 2322 925 parte
2352 854 2652 908 montibus
2683 853 2792 909 sibi
2825 854 3073 909 invicem
3123 853 3572 911 succedentibus
3615 857 3672 909 et
3699 869 3794 909 co-

2157 941 2535 1013 haerentibus,
2586 942 2687 1014 qui
2744 941 3089 1014 incipientes
3146 960 3181 997 a
3232 942 3451 999 Libano
3507 946 3566 998 et
3623 940 3797 999 ultra.

2158 1047 2345 1102 usque
2383 1031 2455 1086 ad
2486 1031 2783 1087 desertum
2805 1031 3033 1087 Pharan
3066 1031 3429 1103 perveniunt.
3451 1031 3718 1103 Suntque
3735 1031 3796 1089 in

2158 1120 2285 1191 ipso
2312 1118 2557 1186 Aulone,
2588 1119 2647 1174 id
2678 1123 2788 1186 est,
2822 1120 2880 1175 in
2929 1119 3078 1176 valle
3106 1119 3421 1191 campestri
3472 1120 3648 1176 urbes
3693 1135 3797 1176 no-

2157 1207 2327 1275 biles,
2359 1206 2744 1280 Scythopolis,
2790 1208 3069 1280 Tyherias
3117 1212 3512 1281 stagnumque
3559 1194 3791 1281 propter

2158 1313 2286 1353 eam
2321 1314 2333 1351 :
2369 1296 2468 1352 sed
2499 1300 2555 1351 et
2583 1296 2833 1365 Jericho,
2869 1313 3027 1353 mare
3058 1296 3378 1369 Mortuum,
3427 1301 3487 1353 et
3533 1297 3797 1369 regiones

2157 1386 2213 1440 in
2238 1385 2483 1441 circuitu
2520 1403 2533 1442 :
2569 1402 2671 1458 per
2694 1403 2841 1458 quas
2877 1387 3107 1442 medius
3136 1386 3411 1443 Jordanis
3438 1385 3797 1460 tﬂui,oriens,

2159 1475 2229 1530 de
2263 1474 2522 1530 fontibus
2551 1475 2857 1543 Paneadis,
2890 1480 2948 1531 et
2996 1476 3054 1532 in
3087 1492 3246 1531 mare
3294 1476 3590 1532 Mortuum
3643 1476 3790 1533 inte-

2160 1579 2338 1619 riens.

2228 1651 2775 1725 Amaiecices,regio
2807 1653 2867 1709 in
2898 1654 3125 1710 deserto
3152 1654 3223 1709 ad
3252 1652 3557 1709 meridiem
3586 1653 3799 1711 Judaaae

2159 1745 2322 1796 trans
2371 1742 2576 1797 urbem
2629 1741 2881 1807 Petram,
2929 1742 3206 1798 euntibus
3251 1741 3438 1798 Ailam
3472 1759 3486 1797 :
3520 1742 3689 1813 cujus
3745 1746 3802 1800 et

2161 1829 2463 1900 Scriptura
2510 1831 2867 1896 recordatur,
2906 1831 3128 1892 ,dicens
3160 1848 3173 1885 :
3208 1831 3425 1885 Amalec
3480 1816 3687 1886 habitat
3739 1831 3801 1891 in

2163 1922 2312 1974 terra
2341 1919 2410 1973 ad
2440 1919 2696 1973 Auslrum
2728 1920 2889 1989 (Num
2917 1936 3043 1985 xm,
3072 1920 3184 1991 20).
3218 1919 3329 1974 Sed
3360 1922 3418 1974 et
3456 1920 3628 1990 juxta
3664 1934 3798 1976 eum

2161 2008 2313 2063 alius
2345 2008 2708 2063 Chananaeus
2739 2007 3057 2075 habitabat,
3091 2008 3190 2079 qui
3224 2013 3279 2063 ct
3331 2007 3629 2063 dimicavit
3658 2023 3801 2064 con-

2162 2102 2253 2152 tra
2281 2096 2436 2151 ﬁlios
2467 2095 2640 2151 lsrael
2691 2096 2749 2151 in
2796 2097 3024 2152 deserto
3057 2097 3166 2151 :de
3208 2097 3425 2169 quibus
3474 2096 3752 2159 scribitur
3784 2116 3797 2154 :

2160 2186 2378 2241 Amalec
2406 2193 2589 2241 autem
2619 2192 2671 2241 et
2700 2185 3037 2241 Chananqu
3067 2185 3319 2241 habitant
3346 2187 3408 2241 in
3436 2186 3578 2242 valle
3608 2186 3798 2257 (Nam.

2160 2292 2277 2341 xw,
2310 2275 2423 2347 25).

2231 2362 2425 2418 Araba
2456 2377 2470 2416 :
2504 2361 2739 2435 Aquila,
2791 2362 3030 2435 planam
3065 2380 3079 2419 :
3109 2362 3517 2436 Symmachus,
3567 2377 3804 2435 campe-

2162 2455 2345 2507 strem
2404 2450 2863 2522 interpretantur
2908 2469 2922 2507 :
2972 2451 3125 2508 sicut
3182 2468 3361 2525 supra
3415 2451 3638 2508 dictum
3692 2453 3803 2508 est.

2163 2540 2338 2596 Porro
2369 2543 2457 2595 est
2486 2544 2543 2595 et
2573 2538 2688 2595 alia
2730 2539 2872 2595 villa
2913 2541 3108 2596 Araba
3160 2539 3418 2608 nomine,
3474 2540 3535 2596 in
3591 2539 3809 2596 ﬁnibus

2162 2627 2534 2685 Diocaesarezn
2612 2627 2761 2701 (qua:
2836 2627 2976 2685 olim
3058 2629 3377 2702 Ssphorine
3458 2628 3807 2702 dicebatur),

2162 2721 2219 2773 et
2247 2716 2365 2773 alia
2399 2716 2590 2773 tribus
2644 2716 2910 2774 millibus
2965 2734 2999 2773 a
3041 2716 3376 2791 Seythopoli
3413 2720 3615 2775 contra
3657 2716 3810 2775 oc‘ci-

2163 2806 2418 2862 dentem.

2246 2894 2394 2950 l42
2432 2895 2709 2963 Amman,
2752 2910 2879 2967 quae
2921 2911 3080 2955 nunc
3129 2894 3537 2969 Philadelphia
3575 2896 3617 2963 ⁸,
3671 2895 3815 2952 urbs

2164 2982 2388 3039 Arabiae
2413 2982 2648 3051 nobilis,
2683 2982 2743 3038 in
2773 3000 2891 3056 qua
2919 2983 3330 3041 habitaverunt
3358 2983 3496 3040 olim
3525 2983 3813 3059 Raphaim

2165 3089 2308 3145 gens
2339 3072 2600 3144 antiqua,
2633 3088 2811 3144 quam
2868 3073 3298 3130 interfecerunt
3346 3072 3451 3129 ﬁlii
3488 3073 3614 3142 Lot,
3644 3072 3812 3130 habi-

407 3165 725 3233 Jordanem
755 3162 816 3220 in
847 3162 1067 3219 ﬁnibus
1114 3160 1280 3218 Pellae
1329 3161 1581 3218 civitatis
1628 3160 1968 3230 Palaestinae,
2000 3165 2057 3218 et
2167 3166 2359 3218 tantes
2392 3178 2495 3233 pro
2527 3162 2616 3217 eis
2647 3161 2709 3217 in
2741 3163 3034 3219 Ammam.

411 3254 562 3331 alius
592 3252 703 3309 hoc
733 3250 1012 3309 vocabulo
1044 3250 1342 3325 in‘campo
1373 3250 1702 3325 praegrandi
1730 3250 1957 3307 distans
1983 3250 2055 3307 ab
2088 3239 2133 3305 C
2238 3250 2454 3324 Argob,
2486 3251 2645 3322 regio
2676 3250 2762 3322 0g
2809 3251 2965 3324 regis
3014 3251 3201 3308 Basan
3256 3267 3433 3325 super
3475 3250 3813 3318 Jordanem,

412 3342 627 3416 oppido
654 3339 926 3412 Legionis
955 3338 1218 3396 millibus
1249 3356 1481 3396 novem.

486 3449 505 3485 ι
535 3448 635 3520 Αὸ-
670 3445 868 3520 oppido
921 3444 1196 3520 Halat/iis,
1264 3450 1407 3520 etc.‘
1432 3446 1655 3520 Regius
1685 3463 1819 3520 _ms.
1874 3447 2055 3520 codex

414 3514 757 3589 ommniunr
791 3514 1096 3589 recentior,
1160 3534 1347 3589 numo
1385 3514 1552 3584 3629,
1590 3517 1729 3589 legit
1775 3518 1883 3573 hoc
1928 3518 2054 3573 loco

412 3591 677 3662 Mallatis.
734 3587 816 3645 De
873 3588 981 3662 hoc
1037 3588 1250 3662 oppido
1293 3588 1465 3661 plura
1511 3587 1937 3662 edisseruimus
1991 3590 2053 3644 in

410 3661 651 3720 seholiis
708 3660 925 3717 nostris
982 3660 1054 3716 ad
1080 3660 1311 3716 ‘vOcem’
1376 3662 1823 3716 Asasonthamar.
1893 3661 2053 3715 Man-

417 3751 869 3867 .Aorabi.
901 3802 1237 3871 Bonfrerius
1286 3807 1343 3859 et
1376 3800 1581 3871 Cleric.
1628 3801 1884 3857 Adorabi.
1944 3800 2052 3857 He-

412 3876 606 3962 braice
635 3878 727 3962 est
757 3883 992 3962 ginipy.
1022 3868 1205 3931 Graec.
1263 3866 1619 3947 Ἀκραϐοείμ.
1668 3872 1812 3927 Vide
1844 3870 2051 3928 Relan-
2078 3882 2097 3903 ν

413 3950 555 4005 dum
585 3947 645 4003 in
676 3946 846 4002 Oreb.

474 4022 497 4054 ³
526 4018 743 4075 Eadem
762 4020 864 4088 est
889 4033 958 4088 ac
985 4014 1154 4073 Belus
1186 4033 1199 4084 ;
1234 4019 1409 4088 atque
1434 4016 1577 4072 adeo
1598 4014 1850 4088 fallitur,
1877 4016 2053 4071 adno-

409 4088 722 4161 tanteipsp
757 4087 1111 4161 Martianwo.
1145 4085 1481 4161 Boni‘rerius
1513 4086 1613 4161 qui
1660 4085 1891 4161 nullum
1946 4088 2052 4161 Ar-

406 4159 548 4293 golis
579 4158 640 4215 in
669 4158 987 4230 Scripturis
1037 4158 1348 4233 vestigium
1392 4158 1883 4216 esse‘contendit.
1917 4158 2048 4214 Vid.

507 4248 562 4287 α.

507 4248 562 4287 α.

476 4298 718 4368 ‘Aulon,
757 4314 865 4355 non
899 4300 1149 4357 Grecam
1206 4303 1314 4356 etc.
1373 4301 1571 4357 Monet
1632 4300 1728 4356 hic
1779 4299 2049 4357 consulto

405 4372 818 4437 Hieronymus,
847 4370 1022 4426 Aulon
1051 4388 1167 4426 non
1207 4387 1336 4427 esse
1382 4373 1643 4427 Graecum
1673 4371 2047 4437 vocabulum,

402 4449 471 4502 ut
499 4442 740 4518 quidam
771 4458 880 4518 sua
905 4442 1383 4518 tetateputabant
1413 4443 1869 4518 aedilem-seum.
1901 4443 2048 4518 Nam

402 4499 674 4574 idemlcst
699 4513 1047 4597 vocabulum
1079 4499 1248 4596 illud,
1281 4514 1434 4639 quod
1470 4499 1623 4603 3151a
1652 4516 1812 4579 Elon,
1843 4530 1877 4569 a
1912 4514 2045 4594 LXX

402 4587 584 4639 Aulon
613 4586 1026 4639 lectitatude
1056 4602 1105 4639 ει
1127 4589 1282 4639 atten
1331 4589 1472 4639 isset
1498 4585 1757 4639 Joannes
1789 4582 2045 4639 Clericus

399 4587 584 4647 Aulon
613 4584 1026 4643 lectitatum.ld
1056 4585 1105 4641 si
1127 4582 1757 4641 attendisset'Joannes
1789 4582 2045 4639 Clericus

402 4662 461 4718 in
493 4677 599 4717 sua
633 4659 1045 4715 dissertatione
1073 4657 1146 4714 de
1187 4657 1394 4713 Statua
1432 4655 1574 4712 salis
1603 4672 1720 4711 non
1780 4654 2048 4725 imperite

401 4732 776 4807 redargueret
822 4731 1241 4807 hieronymum
1300 4732 1537 4807 propter
1584 4725 2047 4807 admonitionem

402 4796 694 4860 eruditam
757 4801 933 4868 hujus
963 4796 1093 4857 loci.
1128 4800 1259 4856 Ideo
1301 4796 1505 4855 autem
1552 4813 1725 4853 suam
1767 4796 2049 4868 praemisit

402 4818 694 4860 eruditam
757 4818 790 4855 n
864 4819 933 4857 us
963 4818 1093 4857 1001.
1128 4818 1259 4856 meo
1308 4818 1505 4855 autem
1552 4818 1725 4853 suam
1767 4818 2046 4868 pFEBmISlt

400 4818 1455 4950 ῌῇθνοῃγωιιειὲὶιεθινναιίρηθω,ςυοά
1477 4869 1654 4950 probe
1667 4868 1929 4950 novisset
1958 4867 2046 4922 αὗ-

400 4940 515 5000 λὼν
544 4939 684 5002 alibi
715 4959 915 4999 vocem
937 4959 1067 4999 esse
1096 4939 1355 5013 Graecam
1380 4939 1511 5013 quae
1532 4939 1822 5012 significet
1847 4942 2043 5013 locum

397 5014 985 5091 longum,angustum
1015 5017 1074 5069 et
1098 5011 1444 5091 cavum.Sed
1500 5011 1557 5067 in
1590 5011 1860 5084 praesenti
1894 5012 2042 5069 libro

397 5086 662 5163 Locorum
690 5086 1283 5201 HebraicorumaijN
1313 5101 1491 5201 έκλιοη
1521 5117 1734 5201 nomen
1784 5104 1873 5156 est
1911 5118 2040 5172 pro-

392 5195 587 5267 prium
649 5192 962 5267 cujusdam
1010 5189 1264 5267 regionis
1320 5190 1563 5267 Judaeaa,
1616 5190 1675 5244 in
1730 5206 1846 5261 qua
1902 5194 2043 5245 sunt

387 5261 568 5392 1i‘iirbes
599 5261 827 5321 nobiles
849 5262 976 5319 suis
1007 5261 1347 5318 nominibus
1393 5262 1503 5318 hoc
1550 5262 1676 5317 loco
1731 5278 2036 5333 expressa,

448 5353 677 5392 narum.

448 5353 656 5393 ARTIAN
664 5376 677 5390 .

455 5439 525 5448 —
555 5409 678 5463 Imo
705 5421 841 5461 vero
873 5404 1163 5474 Graecum,
1196 5421 1313 5460 non
1364 5404 1674 5460 Hebraeum
1713 5403 1885 5475 vulgo
1932 5403 2036 5475 ha-

387 5479 558 5535 betur
590 5496 602 5546 ;
633 5477 1019 5547 quamobrem
1050 5476 1304 5534 Clericus
1335 5476 1500 5531 avide
1555 5480 1785 5547 arrepta
1822 5474 1899 5530 ex
1930 5474 2036 5530 hoc

380 5549 507 5607 loco
536 5550 595 5606 in
642 5548 1054 5620 Hieronymum
1087 5548 1449 5604 obtrectandi
1501 5548 1823 5620 occasione,
1858 5562 2033 5617 quem

378 5622 558 5678 trium
587 5618 928 5693 linguarum
976 5620 1419 5693 peritissimum
1460 5636 1667 5693 omnes
1718 5618 2034 5683 mirantur,

377 5690 704 5751 imperitiae—
744 5690 1004 5749 accusat.
1066 5695 1281 5749 Contra
1354 5690 1730 5747 Rhenferdus
1780 5703 2033 5746 errorem

375 5764 438 5827 in
463 5758 784 5827 librarium
811 5764 1052 5837 confert,
1091 5762 1332 5839 vultque
1374 5760 1485 5821 levi
1516 5762 1769 5821 duarum
1797 5758 2032 5821 vocula-

2080 4606 2123 4670 D
2153 4602 2381 4670 gelium,
2416 4603 2488 4657 de
2516 4602 2939 4660 Melchisedech
2992 4602 3162 4669 num,

2166 3356 2293 3411 qua:
2327 3338 2538 3394 cecidit
2563 3339 2623 3393 in
2656 3342 2874 3394 sortem
2906 3339 3161 3395 dimidiae
3193 3340 3384 3396 tribus
3405 3338 3673 3396 Manasse
3703 3356 3718 3396 :
3754 3342 3813 3397 et

2164 3463 2297 3502 rum
2351 3445 2809 3518 transpositione
2867 3446 2951 3501 sic
3007 3445 3161 3518 legi:
3196 3448 3312 3503 Non
3365 3446 3690 3518 Hebraeum,
3743 3450 3808 3502 ut

2162 3518 2386 3588 quidam
2426 3520 2643 3588 putant,
2700 3517 2791 3573 sed
2835 3517 3089 3573 Graecum
3138 3527 3216 3574 est
3268 3519 3607 3574 vocabulum.
3655 3517 3808 3573 Lau-

2164 3589 2360 3644 danda
2387 3588 2447 3643 in
2490 3592 2568 3661 8,Δ
2606 3588 2851 3644 Doctore
2904 3588 3195 3657 voluntas,
3257 3588 3501 3645 minime
3556 3604 3809 3661 sequen-

2164 3661 2305 3733 dum
2346 3658 2699 3733 exemplum.
2762 3662 2876 3732 Ego
2928 3661 3065 3716 data
3108 3677 3283 3733 opera
3341 3663 3609 3717 notatum
3638 3658 3808 3733 'puto

2163 3731 2236 3785 ab
2318 3731 2696 3802 Hieronymo,
2779 3731 2897 3786 non
2954 3731 3163 3802 fesse_
3213 3732 3476 3787 Graecum
3564 3731 3804 3800 nomen,

2163 3802 2319 3873 quod
2364 3801 2603 3874 integra
2658 3801 2860 3874 eadem
2920 3801 3367 3874 significatione,
3413 3819 3623 3874 nempe
3679 3803 3808 3874 Val-

2163 3845 2234 3945 ἴίε
2286 3845 2753 3945 ρτίωοδειειιίεη
2827 3845 3026 3929 ίηιίιιῗί
3080 3870 3277 3929 Λύλὼν
3316 3845 3449 3927 "tua
3521 3845 3623 3945 τξῆς
3682 3845 3802 3945 ἀιξ-

2162 3940 2684 4011 λήςᾘοάυοθινθιυι·
2730 3948 2838 4000 :at
2879 3961 2996 4001 non
3045 3962 3079 4000 a
3121 3944 3353 4014 Graecis,
3402 3944 3503 4000 sed
3553 3940 3808 4001 Hebraeis

2161 4032 2415 4123 inditum
2444 4033 2569 4123 loco
2601 4033 3027 4123 fuisset,”quos
3074 4050 3256 4123 penes
3292 4018 3809 4123 Vbinqduotumna

2159 4106 2492 4160 concavz'tate
2514 4120 2726 4177 nomen
2755 4104 2918 4160 vallis
2931 4104 3282 4177 praegrandis
3302 4104 3805 4177 significationem

2161 4177 2468 4248 obtineret.
2503 4176 2701 4248 Neque
2731 4177 2873 4232 adeo
2896 4175 3130 4232 necesse
3158 4180 3247 4233 est
3268 4175 3410 4232 illud
3442 4176 3713 4248 usurpari
3738 4175 3804 4232 in

2159 4247 2475 4330 Scripturis
2506 4246 2624 4330 hoc
2644 4263 2842 4329 sensu,
2876 4248 3033 4319 quod
3064 4264 3262 4330 u_num_
3302 4246 3606 4330 tantopere
3632 4252 3806 4320 urget

2158 4318 2455 4398 Clericus;
2517 4318 2661 4373 satis
2715 4319 2764 4400 si
2822 4318 3121 4402 communi
3168 4318 3529 4402 vulgatoque.
3575 4318 3805 4402 seruio:-

2160 4406 2252 4455 ne,
2282 4388 2539 4462 maxime
2571 4390 2840 4462 aequiore
2871 4407 3008 4455 aevo,
3036 4391 3129 4462 igitr
3157 4392 3228 4446 ab
3274 4388 3586 4462 indigenis,
3614 4389 3801 4462 haud

2159 4460 2431 4530 equidem
2463 4460 2695 4534 Graecis,
2728 4461 3001 4534 planities
3029 4461 3132 4518 illa
3165 4466 3224 4518 et
3264 4460 3432 4519 vallis
3460 4460 3798 4534 appellare-

2159 4536 2274 4605 tur.
2309 4536 2588 4605 Hoevero
2607 4532 2743 4605 ipse
2773 4533 3160 4605 Hieronymus
3190 4534 3364 4605 epist.
3393 4534 3466 4589 73
3495 4532 3565 4589 ad
3612 4535 3806 4605 Em-

3263 4650 3277 4673 ,
3329 4608 3577 4661 testatur
3630 4604 3802 4660 lucus

2177 4673 2504 4729 entissimis
2532 4675 2749 4744 verbis,
2778 4692 2904 4801 quae
2937 4675 3123 4731 critici
3153 4677 3212 4731 in
3234 4681 3547 4749 utramque
3570 4679 3804 4750 partem

2177 4749 2462 4801 Jersnecta
2512 4745 2726 4801 habere
2821 4747 3120 4801 eauissent
3174 4763 3311 4801 nam
3349 4766 3362 4801 :
3397 4764 3576 4801 sunra
3629 4761 3799 4801 exce-

2158 4749 2462 4820 perspecta
2512 4745 2726 4802 habere
2781 4745 3120 4820 deauissent
3174 4763 3311 4820 nam
3349 4766 3362 4817 ;
3397 4745 3590 4820 supra
3629 4761 3799 4803 exce-

2156 4817 2884 4890 ptionemprzeconceptaa
2941 4819 3233 4889 opinionis
3290 4824 3346 4875 et
3402 4817 3537 4875 {id—ei
3611 4820 3801 4875 sunt:

2155 4887 2184 4963 ί(
2218 4887 2398 4943 Vallis
2437 4887 2648 4960 inquit,
2683 4887 2859 4961 regis,
2888 4887 3008 4945 sive
3041 4894 3104 4944 ut
3130 4890 3511 4963 Septuaginta
3547 4894 3807 4947 transtu-

2158 4959 2371 5029 lerunt,
2425 4959 2668 5032 campus
2722 4959 2895 5032 quem
2955 4978 3124 5016 HODIE
3174 4959 3434 5018 ΑὺιοΝῖςΝ
3490 4977 3801 5017 PALESTINI

2148 5038 2378 5087 vocant.
2414 5051 2445 5083 ι
2475 5031 2689 5088 Doceat
2738 5031 2894 5086 nunc
2952 5033 3230 5101 Clericus,
3293 5032 3630 5090 Palaestinos
3671 5049 3790 5089 non

2150 5102 2527 5158 vernaculum
2559 5103 2685 5158 loco
2726 5120 2939 5158 nomen
2984 5104 3289 5171 indidisse,
3336 5105 3438 5160 sed
3487 5108 3745 5161 Graecum
3781 5122 3797 5171 ;

2192 5174 2290 5230 uid
2328 5174 2482 5229 enim
2535 5175 2731 5242 refert,
2767 5175 2815 5229 si
2874 5174 3048 5230 etiam
3110 5176 3169 5230 in
3229 5177 3421 5232 Graeco
3485 5180 3721 5233 resonet-
3774 5179 3802 5231 Ρ

2201 5262 2263 5301 ec
2320 5262 2581 5318 repugno
2666 5246 2713 5300 si
2789 5247 3191 5302 Martianzeum
3276 5247 3492 5304 bonam
3551 5261 3797 5303 causam

2148 5334 2262 5372 non
2319 5334 2480 5391 aeque
2536 5318 2684 5391 bene
2739 5320 3001 5391 tuentem
3077 5319 3381 5391 redarguit
3445 5337 3458 5373 :
3517 5319 3801 5391 Hierony-

2148 5405 2310 5444 mum
2343 5389 2643 5444 immerito
2674 5390 2934 5444 accusari
2961 5389 3275 5462 imperitiae
3290 5407 3464 5447 nemo
3484 5389 3796 5446 sustineat.

2216 5476 2236 5509 ⁵
2293 5476 2608 5550 Josephus,
2671 5476 2853 5547 Antz‘q.
2893 5477 2970 5550 gl.
3027 5493 3188 5550 ‘cap.
3254 5479 3299 5550 _i
3362 5496 3385 5542 ;
3461 5478 3798 5550 Stephanus

2146 5548 2405 5641 B_yz_ont.,
2434 5546 2849 5641 'PLtoleszus,
2892 5546 3149 5641 Plinpius,
3174 5624 3195 5641 Δ
3216 5548 3455 5641 aliique.I
3487 5546 3575 5605 ad'
3611 5547 3800 5641 Coele:

2144 5618 2360 5688 syriam
2422 5619 2628 5675 urbem
2700 5618 2867 5688 hanc,
2937 5620 3218 5676 referunt.
3305 5618 3493 5677 Facile
3575 5632 3805 5679 nomen

2144 5688 2429 5820 3:23:33,
2461 5694 2636 5769 prout
2681 5707 2750 5749 ea
2776 5694 2953 5765 Syrus
3007 5692 3262 5749 Arabsve
3317 5692 3662 5771 potirentur,
3691 5706 3805 5751 va-

2142 5777 2353 5822 ιἰαοαι.
