3966 6390
192 378 316 473 ms

1186 406 1290 471 ne
1334 405 1515 471 srrU
1559 406 1661 470 ET
1703 372 1984 471 NOMIN.
2026 405 2200 470 Loc.
2246 406 2606 473 sesamo.

3484 398 3606 473 91⁸1

193 508 288 597 est
316 506 506 614 usque
533 537 708 598 hodie
753 539 916 599 vicus
961 541 1115 600 circa
1143 540 1421 601 Gerasam
1453 543 1659 599 urbem
1696 544 1841 599 Ara-
1868 543 1926 610 Α
2023 541 2305 614 Asedoth,
2340 541 2456 599 alia
2484 543 2605 599 haec
2636 540 2840 601 civitas
2870 540 3010 617 (non
3054 555 3181 617 quas
3228 554 3429 617 supra,
3466 537 3605 599 licet

189 629 326 697 hia,
356 627 672 702 quindecin
703 630 777 686 ab
806 647 876 687 ea
905 630 1169 688 millibus
1199 631 1428 687 distans
1458 634 1661 687 contra
1689 631 1839 687 occi-

191 717 456 797 dentem,
486 718 589 790 qui
616 720 770 792 Arga
811 719 1169 793 appellatur:
1220 721 1376 792 quod
1430 720 1846 793 interpretatur

193 805 593 881 Symmachus
624 824 985 864 mensuram.

265 895 549 962 Asedoth,
600 896 741 951 urbs
784 896 1277 965 Amorrhaaorum,
1330 914 1457 970 quae
1516 899 1726 954 cecidit
1781 897 1842 953 in

189 984 407 1040 sortem
458 984 650 1040 tribus
696 985 939 1041 Ruben:
993 985 1321 1058 appellatur
1367 991 1588 1054 autem,
1644 985 1842 1043 addito

189 1072 601 1146 cognomento,
632 1074 891 1130 Asedoth
924 1074 1185 1148 Phasga:
1222 1076 1377 1149 quod
1410 1076 1468 1131 in
1498 1076 1701 1149 lingua
1739 1093 1841 1132 no-

191 1164 321 1218 stra
350 1167 607 1232 resonat,
640 1163 994 1220 abscissum.

266 1250 533 1320 Abarim,
565 1267 736 1308 mons
767 1251 826 1307 in
849 1269 963 1325 quo
986 1256 1252 1309 mortuus
1274 1258 1362 1309 est
1382 1254 1589 1310 Moses.
1623 1254 1846 1309 Dicitur

187 1338 391 1396 autem
422 1341 478 1396 et
509 1355 680 1397 mons
730 1357 858 1397 esse
905 1342 1130 1411 Nabau,
1165 1342 1224 1397 in
1255 1346 1410 1399 terra
1440 1343 1608 1398 Moab
1642 1345 1846 1397 contra

184 1427 425 1486 Jericho
484 1445 666 1502 supra
720 1430 1041 1485 Jordanem
1101 1430 1161 1486 in
1218 1429 1532 1503 supercilio
1591 1430 1840 1503 Phasga.

188 1512 654 1590 Ostenditurque
703 1517 1157 1574 ascendentibus
1210 1519 1282 1575 de
1339 1519 1571 1575 Liviade
1623 1519 1683 1574 in
1740 1520 1843 1575 Es-

185 1607 362 1683 hum,
420 1606 663 1680 antiquo
738 1606 1027 1679 hodieque
1100 1607 1379 1664 vocabulo
1446 1609 1621 1679 juxta
1677 1622 1842 1663 mon-

183 1699 311 1775 tem
385 1695 634 1769 Phogor,
708 1700 926 1751 nomen
994 1694 1311 1769 pristinum
1380 1696 1751 1765 retinentem,
1812 1712 1845 1751 a

185 1800 309 1859 quo
376 1783 527 1841 circa
601 1800 736 1841 eum
801 1785 960 1857 regio
1036 1801 1224 1856 usque
1298 1802 1454 1841 nunc
1520 1785 1846 1859 appellatur

185 1872 445 1946 Phasga.

263 1960 584 2030 Avothiair,
662 1963 818 2035 quod
895 1961 1317 2035 interpretatur
1392 1960 1647 2025 ἐπαύλεις
1707 1962 1839 2038 ἷαὶρ,

188 2052 320 2108 haec
350 2056 441 2108 est
484 2055 694 2120 Basan,
757 2052 815 2106 in
875 2068 991 2123 qua
1050 2055 1189 2107 sunt
1240 2052 1350 2108 vici
1407 2053 1753 2127 (sexaginta)
1783 2053 1844 2108 in

188 2145 394 2198 monte
425 2139 664 2209 Galaad,
699 2141 798 2212 qui
848 2141 1186 2197 ceciderunt
1226 2140 1284 2196 in
1338 2147 1556 2197 sortem
1588 2142 1844 2198 dimidia:

182 2228 384 2285 tribus
414 2228 721 2285 Manasse:
757 2228 853 2301 qui
887 2229 1052 2286 locus
1081 2246 1238 2286 nunc
1262 2234 1502 2287 vocatur
1527 2230 1752 2299 Golam,
1787 2230 1845 2285 in

182 2321 351 2376 terra
378 2318 670 2376 Batanaaa.

738 2505 830 2563 DE
872 2502 1088 2563 LIBRO
1124 2505 1313 2564 JESU.

273 2672 687 2732 Antilibanus:
721 2691 789 2732 ea
846 2690 974 2747 quae
1020 2679 1162 2732 sunt
1210 2691 1391 2748 supra
1440 2675 1748 2746 Libanum,
1780 2676 1851 2731 ad

198 2761 546 2819 orientalem
578 2761 851 2837 plagam‘
893 2764 1287 2837 respicientis,
1343 2765 1720 2822 Antilibanus
1751 2782 1855 2839 ap-

196 2850 521 2926 pellantur,
552 2851 707 2909 circa
736 2854 1036 2926 regionem
1068 2853 1236 2911 urbis
1273 2854 1567 2921 Damasci,
1601 2870 1729 2926 quae
1761 2869 1854 2910 ce-

199 2940 351 2998 cidit
378 2939 439 2997 in
471 2946 687 2998 sortem
716 2942 909 2999 tribus
938 2946 1224 2999 Manasse.

190 3030 201 3035 ’
274 3030 694 3099 Azeca,civitas
715 3031 1178 3088 Chananzeorum
1195 3031 1256 3087 in
1274 3036 1436 3103 parte
1452 3031 1644 3088 tribus
1664 3032 1695 3088 J
1705 3033 1853 3101 udae,

198 3119 276 3177 ad
309 3135 488 3192 quam
521 3136 709 3193 usque
740 3125 1082 3193 persecutus
1106 3123 1258 3178 143
1281 3124 1370 3177 est
1393 3122 1568 3178 Jesus
1594 3121 1856 3193 quinque

197 3224 392 3283 reges.
448 3209 560 3266 Sed
620 3214 677 3266 et
731 3211 905 3266 hodie
962 3214 1203 3267 vocatur
1258 3209 1394 3267 villa
1442 3212 1643 3279 Azeca,
1702 3210 1858 3267 inter

193 3296 696 3372 Eleutheropolim
728 3304 784 3356 et
811 3298 1039 3355 .Eliam.

271 3385 500 3456 Aialon,
558 3387 702 3445 valis
758 3394 933 3460 atque
988 3391 1376 3461 praeruptum,
1436 3405 1615 3461 super
1671 3389 1849 3460 quod,

196 3480 410 3535 orante
448 3478 744 3550 quondam
800 3478 963 3547 Jesu,
1024 3478 1169 3534 luna
1224 3477 1387 3534 stetit
1431 3478 1603 3549 juxta
1655 3477 1852 3533 villam

197 3582 332 3639 quas
388 3582 579 3639 usque
636 3583 794 3623 nunc
850 3567 1021 3623 Ailon
1099 3568 1335 3635 dicitur,
1396 3571 1599 3624 contra
1664 3566 1855 3623 orien-

193 3659 324 3711 tem
352 3655 628 3723 Bethelis,
662 3655 853 3713 tribus
882 3658 954 3713 ad
1005 3672 1072 3713 ea
1119 3655 1386 3712 millibus
1416 3657 1664 3728 distans,
1698 3655 1855 3712 haud

197 3742 407 3818 procul
442 3746 702 3801 aGabaa
750 3750 810 3802 et
857 3746 1042 3801 Rama
1089 3744 1284 3802 Saulis
1334 3745 1604 3801 urbibus.
1658 3746 1856 3817 (Porro

198 3830 429 3888 Hebraei
458 3831 758 3889 afﬁrmant
785 3833 1013 3901 Aialon,
1045 3832 1239 3889 vicum
1262 3834 1576 3903 essejuxta
1605 3833 1857 3906 Nicopo-

196 3917 309 3977 lim
338 3920 400 3976 in
430 3921 689 3978 secundo
718 3920 936 3994 lapide,
969 3922 1351 3995 pergentibus
1390 3922 1643 3993 ZEIiam.)

274 4009 828 4101 Achor_(liebraice
904 4009 1122 4067 dicitur
1174 4012 1489 4068 emecachor
1542 4021 1855 4101 parpar:

199 4115 273 4157 eo
304 4100 461 4173 quod
490 4099 574 4156 ibi
603 4100 1001 4157 tumultuatus
1031 4104 1088 4157 et
1116 4101 1391 4156 turbatus
1422 4100 1500 4156 sit
1541 4099 1762 4173 Israel),
1798 4101 1859 4157 in

201 4203 325 4263 qua
349 4189 757 4263 lapidaverunt
777 4191 1074 4261 quondam
1097 4188 1297 4245 Achan
1315 4192 1356 4258 ²,
1382 4193 1618 4262 propter
1637 4190 1859 4246 furtum

203 4278 618 4337 anathematis.
667 4278 766 4335 Est
813 4284 1011 4335 autem
1064 4280 1136 4335 ad
1191 4279 1651 4351 septentrionem
1710 4279 1858 4335 Jeri-

204 4368 393 4426 chus:
426 4371 484 4425 et
512 4384 700 4441 usque
746 4368 922 4425 hodie
953 4385 987 4425 a
1018 4368 1272 4441 regionis
1318 4367 1478 4424 illius
1529 4368 1742 4426 accolis
1775 4370 1860 4425 sic

206 4455 573 4604 nominatur.
634 4457 904 4514 Meminit
958 4457 1139 4529 hujus
1194 4457 1339 4514 Osee
1394 4456 1678 4530 propheta
1709 4458 1862 4530 (Osee

206 4563 275 4604 ιι.
343 4547 421 4604 5).

202 4563 275 4620 ιι,
308 4547 421 4619 15).

283 4724 414 4798 {Ad
459 4725 787 4783 orientalem
827 4728 1076 4798 plagam,
1131 4729 1242 4782 etc.
1295 4725 1452 4782 Colb.
1502 4743 1614 4783 ms.
1675 4727 1857 4783 eodex

207 4796 445 4881 optimae
476 4801 622 4881 notae
653 4798 794 4881 legit
823 4796 892 4854 ad
919 4799 1244 4881 oriey'talcm
1268 4798 1514 4870 plagam.
1553 4801 1636 4854 Ita
1678 4799 1854 4855 etiam

207 4814 445 4927 grumis
476 4814 622 4854 noras
655 4814 794 4881 legit
823 4814 892 4854 aa
919 4814 1244 4854 orientalem
1268 4814 1514 4870 plagam.
1553 4814 1571 4853 ι

271 4868 1357 4975 ίξίίτέξὲηωξῖιῗῗέί¹Ξὲἶᾶ¹ἐθῗέμ¹ξῖῑζ⁸ῗι¹ἒῗλη
1416 4943 1475 4975 ..ι
1511 4941 1574 4975 ης

290 4940 325 4975 ²“
341 4940 469 4997 Non
506 4941 700 5007 Achar,
733 4958 918 5013 eoque
948 4940 1146 4996 minus
1174 4942 1381 5008 Achan,
1416 4943 1480 4994 ut
1508 4941 1859 5013 Hieronymo

254 5011 424 5083 lucet,
457 5013 560 5068 sed
591 5014 791 5082 Achar,
824 5017 888 5068 ut
936 5013 1115 5069 Graeci
1165 5012 1480 5083 Scriptura)
1512 5013 1760 5081 codices,
1795 5031 1860 5068 ac

295 5082 403 5140 tini
433 5083 675 5155 passim,
710 5089 767 5140 et
804 5100 1009 5140 omnes
1056 5082 1322 5155 omnium
1374 5082 1705 5155 linguarum
1738 5085 1859 5140 edi-

207 5155 402 5212 tiones
422 5154 669 5227 habent,
728 5158 822 5211 fur
877 5155 974 5211 ille
1031 5154 1396 5227 appellatur;
1444 5154 1641 5227 neque
1694 5156 1863 5212 aliter

207 5225 509 5298 constabit
537 5226 766 5296 allusio,
799 5242 926 5298 quae
957 5227 1018 5281 in
1051 5225 1287 5282 Hebraeo
1321 5225 1405 5292 ﬁt,
1432 5225 1612 5281 Josue
1640 5244 1736 5298 vn,
1767 5230 1856 5282 25.

209 5297 473 5378 Bursugi
514 5270 766 5378 Hieron:
800 5270 875 5353 in
919 5298 1170 5378 _Michece
1228 5270 1488 5378 cap..,w,
1518 5270 1864 5378 {talionicgit

201 5369 382 5443 juxta
406 5370 752 5438 Eusebium,
783 5370 938 5438 quod
988 5386 1106 5426 non
1153 5369 1411 5424 hominis
1447 5369 1547 5423 sed
1580 5369 1747 5426 vallis
1776 5369 1866 5426 est

215 5457 619 5592 ῃοίδωὲιῖᾀῐηζρθξ
648 5517 856 5580 vocant,
877 5512 1106 5592 ISanior.
1138 5511 1244 5592 ‘lta
1262 5508 1451 5592 “apud
1497 5510 1656 5592 ξτΧΧ,
1693 5512 1862 5592 Deut.

215 5598 282 5639 m
334 5584 389 5639 9.
427 5585 490 5640 In
521 5584 760 5639 Hebraeo
793 5588 987 5640 autem
1019 5587 1075 5638 et
1102 5581 1235 5637 aliis
1258 5580 1649 5637 Orientalium
1667 5584 1867 5639 editio-

220 5629 396 5712 nibus
462 5670 566 5717 pro
613 5658 835 5717 Sanior.
889 5655 1142 5717 legimus
1209 5662 1348 5717 mw
1374 5652 1612 5716 Sarion;
1643 5660 1699 5709 et
1728 5665 1867 5717 nam;

192 5664 396 5739 ﬁnibus
460 5670 566 5728 pro
613 5664 835 5727 Sanior,
889 5664 1142 5727 legimus
1209 5664 1348 5746 per:
1374 5664 1606 5716 canon;

217 5726 385 5786 Samr
412 5731 855 5799 consequenter.
904 5726 1190 5786 Maurus.

1873 1908 1922 1973 B

1882 4646 1932 4713 D

1952 632 2157 689 eodem
2184 632 2424 689 nomine
2447 633 2705 705 vocetur)
2727 650 2905 706 quam
2931 630 3283 707 expugnavit
3303 631 3603 706 quondam

1950 721 1983 778 J
1988 738 2145 793 esus,
2179 736 2314 794 rege
2339 720 2500 780 illius
2525 720 2852 778 interfecto.
3595 788 3599 792 μ

2021 812 2187 882 Asor,
2222 810 2427 867 civitas
2456 810 2622 884 regni
2651 811 2847 883 Jahin,
2883 828 3060 884 quam
3114 810 3300 868 solam
3346 808 3607 867 incendit

1950 898 2145 971 Jesus,
2189 899 2330 972 quia
2386 898 2728 972 metropolis
2787 905 2911 957 erat
2966 894 3245 957 omnium
3288 914 3605 973 regnorum

1952 986 2292 1044 Philistiim.
2326 989 2426 1043 Est
2455 991 2512 1043 et
2560 986 2676 1043 alia
2720 987 2858 1044 villa
2910 1004 3098 1061 usque
3143 987 3318 1044 hodie
3345 987 3511 1057 Asor,
3543 985 3603 1042 in

1953 1078 2173 1133 ﬁnibus
2201 1075 2526 1148 Ascalonis,
2562 1080 2765 1133 contra
2795 1077 3081 1134 orientem
3107 1077 3235 1148 ejus
3259 1093 3272 1133 :
3309 1094 3434 1151 qua:
3463 1074 3608 1132 ceci-

1953 1166 2040 1222 dit
2068 1166 2128 1222 in
2150 1170 2368 1222 sortem
2390 1165 2580 1221 tribus
2600 1165 2631 1221 J
2640 1166 2775 1239 uda,
2801 1167 2972 1238 cujus
2994 1170 3052 1223 et
3073 1165 3377 1238 Scriptura
3396 1163 3605 1222 memi-

1953 1256 2041 1311 nit
2071 1257 2249 1326 (Josue
2277 1272 2402 1325 xm,
2434 1255 2544 1327 45),
2579 1254 2883 1327 appellans
2913 1271 3043 1312 eam
3067 1255 3139 1312 ad
3168 1252 3604 1327 distinctionem

1952 1344 2184 1415 veteris,
2216 1348 2366 1399 Asor
2395 1360 2623 1399 novam.
3399 1344 3407 1351 ’
3582 1334 3587 1341 ’

2026 1434 2281 1503 ᾹΞιυωοη,
2316 1433 2474 1505 regio
2504 1433 2829 1503 Evaeorum,
2870 1449 3050 1505 quam
3105 1426 3362 1487 obtinuit
3402 1430 3605 1488 Jesus.

1954 1523 2253 1594 (Hebraeus
2293 1538 2427 1577 vero
2474 1537 2589 1593 quo
2638 1520 2985 1594 praelegente
3033 1520 3367 1594 Scripturas
3404 1518 3604 1590 didici,

1954 1610 2210 1666 afﬁrmat
2287 1613 2547 1666 montem
2624 1610 2862 1666 fErmon
2944 1609 3195 1666 Paneadi
3274 1606 3605 1679 imminere,

1953 1715 2130 1773 quem
2178 1700 2477 1770 quondam
2525 1702 2765 1755 tenuere
2811 1696 2963 1753 Evzei
3009 1702 3068 1753 et
3118 1696 3482 1754 Amorrhaai:
3538 1692 3610 1752 de

1954 1805 2071 1861 quo
2120 1804 2277 1844 nunc
2326 1787 2534 1844 aestiva:
2585 1787 2749 1844 nives
2794 1786 3013 1860 Tyrum
3061 1785 3135 1843 ob
3183 1782 3424 1843 delicias
3452 1783 3609 1841 defe-

1954 1877 2213 1949 runtur.)

2024 1964 2258 2037 Ahalae,
2305 1981 2476 2021 mons
2513 1980 2689 2037 quem
2738 1962 2949 2037 Aquila
2998 1958 3436 2037 interpretatur,
3469 1961 3614 2020 divi-

1955 2056 2189 2111 dentem
2250 2058 2561 2110 montem:
2619 2057 2676 2110 et
2730 2053 3141 2125 Symmachus,
3205 2053 3358 2110 14.
3413 2052 3613 2110 levem

1956 2148 2235 2214 montem,
2266 2143 2327 2198 id
2357 2148 2464 2214 est,
2495 2142 2813 2216 limpidum
2843 2142 2966 2198 sive
3007 2141 3327 2199 lubricum.

2026 2236 2299 2304 Aermon,
2368 2248 2539 2289 mons
2603 2231 3092 2302 Amorrheeorum,
3151 2231 3224 2287 de
3279 2242 3399 2302 quo
3456 2244 3616 2288 nunc

1958 2322 2183 2377 dictum
2213 2324 2338 2377 est:
2384 2336 2558 2393 quem
2616 2318 2920 2376 Phoenices
2975 2322 3204 2388 vocant,
3263 2318 3527 2389 sanior“,
3548 2321 3608 2374 et

1958 2409 2331 2468 Amorrhaaus
2370 2406 2703 2481 appellavit,
2733 2408 2894 2465 sanir
2914 2422 2928 2463 :
2948 2406 3282 2478 diciturque
3308 2404 3371 2461 in
3400 2403 3617 2463 vertice

1961 2500 2089 2572 ejus
2131 2499 2363 2573 insigne
2409 2497 2757 2571 templum‘,
2807 2496 2963 2568 quod
3017 2497 3088 2552 ab
3152 2494 3402 2551 ethnicis
3431 2491 3616 2551 cultui

1962 2588 2212 2645 hebetur
2240 2603 2270 2643 e
2302 2587 2537 2660 regione
2566 2584 2853 2643 Paneadis
2882 2588 2940 2640 et
2978 2584 3180 2640 Libani
3204 2599 3219 2640 :
3244 2582 3347 2640 sed
3377 2585 3437 2638 et
3459 2586 3618 2641 terra

1963 2676 2219 2733 filiorum
2251 2676 2428 2734 Israel
2457 2681 2621 2733 trans
2674 2675 2993 2732 Jordanem
3052 2673 3124 2730 ab
3178 2671 3321 2730 solis
3346 2675 3550 2731 ortum
3582 2689 3619 2728 a

1963 2769 2257 2840 praerupto
2286 2766 2542 2823 Arnonis
2571 2780 2759 2837 usque
2805 2764 2878 2821 ad
2931 2766 3192 2822 montem
3233 2763 3481 2820 Aermon
3511 2775 3614 2819 sx-

1963 2855 2245 2913 tenditur.

2047 2946 2226 3016 Anob,
2261 2945 2464 3003 civitas
2520 2958 2700 3017 quam
2757 2942 3113 3017 expugnavit
3166 2941 3364 3013 Jesus,
3426 2943 3485 2997 et
3530 2941 3622 2998 est

1965 3050 2154 3106 usque
2211 3033 2385 3090 hodie
2452 3033 2590 3090 villa
2656 3032 2828 3103 juxta
2905 3028 3249 3103 Diospolim,
3312 3028 3484 3101 quasi
3554 3028 3617 3084 in

1966 3126 2173 3195 quarto
2234 3121 2509 3179 milliaria
2568 3121 2639 3178 ad
2701 3118 3047 3177 orientalem
3123 3118 3363 3193 plagam
3386 3118 3428 3189 ⁸,
3488 3128 3618 3188 qua

1964 3217 2205 3269 vocatur
2246 3210 2682 3267 Bethoannaha.
2735 3208 3027 3281 (Plerique
3075 3210 3268 3264 autem
3298 3205 3620 3262 affirmant

1883 3277 1927 3345 (ἶ
1964 3300 2025 3356 in
2056 3304 2257 3357 octavo
2279 3300 2351 3357 ab
2374 3316 2442 3356 ea
2463 3277 2956 3369 milliaria-sitam,
2983 3300 3043 3354 et
3065 3294 3348 3370 appellari
3372 3294 3619 3353 Bethan-

1961 3390 2223 3461 nabam.)

2033 3481 2244 3552 Asdod,
2283 3480 2344 3535 in
2375 3482 2532 3536 sorte
2563 3478 2754 3535 tribus
2791 3478 2978 3549 Judae,
3010 3493 3139 3550 quis
3188 3491 3345 3535 nunc
3375 3477 3619 3532 vocatur

1961 3575 2216 3627 Azotus:
2257 3569 2318 3626 in
2348 3586 2466 3641 qua
2494 3566 2753 3625 derelicti
2783 3572 2923 3625 sunt
2952 3566 3240 3640 gigantes,
3275 3563 3376 3639 qui
3418 3562 3618 3641 appel-

1962 3660 2240 3716 labantur
2270 3657 2531 3729 Enacim,
2566 3661 2623 3714 et
2652 3661 2743 3713 est
2771 3672 2957 3728 usque
2986 3653 3161 3712 hodie
3190 3654 3421 3726 insigne
3449 3651 3619 3725 oppi-

1965 3750 2106 3806 dum
2133 3747 2472 3806 Palaestinis.

2038 3839 2205 3909 Ader,
2254 3837 2396 3893 urbs
2427 3852 2604 3908 quam
2658 3832 3013 3907 expugnavit
3058 3831 3234 3888 Jesus
3267 3843 3423 3902 ,rege
3452 3827 3617 3885 illius

1967 3927 2295 3984 interfecto.

2038 4015 2254 4087 Aphec,
2289 4016 2345 4069 et
2374 4013 2495 4069 hac
2525 4012 2729 4069 civitas
2758 4014 2869 4082 est,
2901 4024 3081 4083 quam
3111 4023 3247 4081 rege
3276 4005 3467 4080 ipsius
3485 4008 3610 4063 tru-

1970 4104 2181 4174 cidato,
2217 4101 2572 4175 expugnavit
2598 4101 2796 4158 Jesus.

2040 4191 2293 4265 Acsaph,
2337 4195 2393 4247 et
2420 4195 2625 4247 contra
2654 4189 2833 4261 hujus
2887 4202 3083 4260 regem
3123 4185 3297 4244 Jesus
3327 4199 3623 4260 pugnasse

1968 4280 2360 4339 describitur:
2392 4279 2838 4353 appellaturque
2876 4275 3052 4333 hodie
3078 4275 3285 4333 villula
3314 4273 3619 4346 Chasalus,

1968 4371 2029 4428 in
2076 4374 2278 4427 octavo
2332 4368 2526 4443 lapide
2573 4368 2961 4439 Dioczesarezs,
3008 4365 3080 4422 ad
3111 4365 3367 4423 radicem
3401 4363 3620 4420 montis

1969 4459 2224 4529 Thabor,
2256 4458 2318 4514 in
2351 4457 2803 4531 campestribus.

2043 4552 2317 4619 Accaron,
2361 4547 2422 4604 in
2451 4547 2610 4604 tribu
2639 4546 2765 4603 Dan
2797 4545 2940 4618 (sive
2970 4547 3036 4602 ut
3081 4558 3189 4616 ego
3219 4541 3471 4600 arbitror
3486 4539 3529 4611 ⁸,
3560 4537 3622 4596 in

2038 4726 2328 4784 ‘Minime
2384 4743 2515 4782 vero
2569 4722 2749 4779 tradit
2804 4719 3092 4794 Eusebius
3144 4719 3286 4794 ξερὸν
3346 4714 3621 4794 templum

1969 4800 2050 4857 ibi
2073 4800 2252 4875 luisse
2275 4797 2701 4875 constructum,
2736 4793 2836 4850 sed
2860 4784 3339 4875 mpntemipspm
3369 4784 3615 4875 thc'iepov

1966 4872 2245 4943 τιμᾶσθαι,
2281 4871 2431 4943 velut
2454 4861 2739 4943 sacrumga
2768 4865 3018 4943 gentibus
3064 4861 3423 4943 σαί-νειμ
3455 4872 3621 4943 nem-

2010 4929 2039 4999 e
2097 4929 2244 4998 erat.
2279 4939 2492 5007 fabula,
2552 4937 2693 5009 quod
2748 4929 2936 5009 angeli
2976 4935 3424 5009 concupiscentia:
3469 4929 3621 5000 ﬁlias

2010 4961 2039 4999 0
2097 4961 2221 4998 erat.
2279 4961 2492 5007 Iduum,
2552 4961 2693 5009 quau
2748 4961 2933 5006 ungcu
2989 4961 3421 5006 συηωψιδστηισο
3469 4961 3615 5000 [tum

1970 4961 2280 5079 ﬁominum,
2312 5028 2435 5066 cum
2464 5010 2530 5084 de
2576 5010 2706 5064 mlo
2753 5006 3256 5084 descenderenILin
3277 5005 3615 5084 fugamqu-

1973 5070 2078 5142 tem
2109 5070 2351 5139 maxime
2380 5082 2655 5138 excelsum
2713 5079 3087 5152 conuenerinl.
3148 5081 3235 5132 Ita
3272 5079 3328 5152 β.
3364 5070 3622 5152 Ηίιδτίρε

1970 5159 2029 5213 in
2063 5157 2157 5212 Ps.
2190 5171 2397 5224 cxxxn,
2430 5168 2604 5224 quem
2646 5149 2904 5224 consule.
2938 5149 3175 5224 _Sed_e_t
3203 5146 3624 5224 subsequentia

1972 5245 2079 5285 suo
2112 5228 2306 5300 potius
2336 5218 2535 5293 sensu,
2586 5236 2765 5295 quam
2815 5222 2907 5278 ab
2937 5219 3187 5277 Eusebio
3229 5218 3619 5289 Hieronymus

1973 5298 2306 5357 edisseruit.

2044 5372 2066 5405 ⁸
2096 5371 2178 5426 Ad
2207 5367 2528 5424 orientalem
2553 5366 2815 5436 plagam._
2834 5362 2995 5419 Unus
3047 5378 3157 5436 ms.
3205 5360 3386 5436 codex
3414 5372 3619 5436 mons:

1975 5442 2133 5497 sterii
2169 5440 2353 5495 nostri
2385 5439 2442 5493 S.
2478 5426 2821 5491 Theoderici
2854 5450 3031 5506 prope
3061 5433 3317 5489 Rhemoe
3364 5429 3523 5502 legit,
3554 5426 3626 5484 ad

1976 5512 2363 5568 occidentalem
2387 5510 2629 5579 plagam.
2660 5506 2947 5579 MAa'rIAN.

2046 5586 2067 5619 δ
2098 5571 2568 5638 Ρτίῐηὶὶιιε’.]υέ1εθ
2621 5576 2820 5643 tribui,
2854 5576 3154 5645 assignate
3180 5575 3357 5632 Josue
3389 5588 3481 5645 xv,
3514 5571 3623 5639 45;

1978 5654 2357 5730 postmodum
2388 5650 2655 5707 Davitica
2686 5648 2926 5719 tributa,
2965 5646 3145 5705 Josuc
3172 5664 3287 5719 xxv,
3320 5646 3408 5703 43.
