  <div class='ocr_page' id='page_1' title='image "/cluster/home/n/w/nwhite01/storage/ocr_20150623/23/umn.31951d034773078/467.png"; bbox 0 0 3966 6386; ppageno 0'>
   <div class='ocr_carea' id='block_1_1' title="bbox 367 393 495 500">
    <p class='ocr_par' dir='ltr' id='par_1_1' title="bbox 367 393 495 500">
     <span class='ocr_line' id='line_1_1' title="bbox 367 393 495 500; baseline 0 -1"><span class='ocrx_word' id='word_1_1' title='bbox 367 393 495 500; x_wconf 60' lang='lat' dir='ltr'>eis</span> 
     </span>
    </p>
   </div>
   <div class='ocr_carea' id='block_1_2' title="bbox 1617 397 2556 500">
    <p class='ocr_par' dir='ltr' id='par_1_2' title="bbox 1617 397 2556 500">
     <span class='ocr_line' id='line_1_2' title="bbox 1617 397 2556 500; baseline 0 0"><span class='ocrx_word' id='word_1_2' title='bbox 1617 437 1681 500; x_wconf 89' lang='lat' dir='ltr'>s.</span> <span class='ocrx_word' id='word_1_3' title='bbox 1731 397 2058 499; x_wconf 42' lang='lat' dir='ltr'>EUSEBII&#39;</span> <span class='ocrx_word' id='word_1_4' title='bbox 2085 437 2556 500; x_wconf 80' lang='lat' dir='ltr'>HIERONYMI.</span> 
     </span>
    </p>
   </div>
   <div class='ocr_carea' id='block_1_3' title="bbox 3661 386 3789 498">
    <p class='ocr_par' dir='ltr' id='par_1_3' title="bbox 3661 386 3789 498">
     <span class='ocr_line' id='line_1_3' title="bbox 3661 386 3789 498; baseline -0.016 0"><span class='ocrx_word' id='word_1_5' title='bbox 3661 386 3789 498; x_wconf 67' lang='lat' dir='ltr'>eis</span> 
     </span>
    </p>
   </div>
   <div class='ocr_carea' id='block_1_4' title="bbox 378 559 3783 648">
    <p class='ocr_par' dir='ltr' id='par_1_4' title="bbox 378 559 3783 648">
     <span class='ocr_line' id='line_1_4' title="bbox 378 559 3783 648; baseline -0.001 -20"><span class='ocrx_word' id='word_1_6' title='bbox 378 559 538 628; x_wconf 86' lang='lat' dir='ltr'>tribu</span> <span class='ocrx_word' id='word_1_7' title='bbox 564 569 790 643; x_wconf 69' lang='lat' dir='ltr'>Judaa):</span> <span class='ocrx_word' id='word_1_8' title='bbox 825 570 897 628; x_wconf 90' lang='lat' dir='ltr'>ad</span> <span class='ocrx_word' id='word_1_9' title='bbox 937 567 1138 628; x_wconf 66' lang='lat' dir='ltr'>laevam</span> <span class='ocrx_word' id='word_1_10' title='bbox 1183 569 1682 637; x_wconf 78' lang='lat' dir='ltr'>Chananaeorum;</span> <span class='ocrx_word' id='word_1_11' title='bbox 1734 570 1875 625; x_wconf 87' lang='lat' dir='ltr'>urbs</span> <span class='ocrx_word' id='word_1_12' title='bbox 1905 585 2024 626; x_wconf 87' lang='lat' dir='ltr'>una</span> <span class='ocrx_word' id='word_1_13' title='bbox 2051 571 2106 638; x_wconf 80' lang='grc' dir='ltr'><strong>Α</strong></span> <span class='ocrx_word' id='word_1_14' title='bbox 2135 571 2324 628; x_wconf 89' lang='lat' dir='ltr'>tribus</span> <span class='ocrx_word' id='word_1_15' title='bbox 2353 572 2556 629; x_wconf 65' lang='lat' dir='ltr'>Judae:</span> <span class='ocrx_word' id='word_1_16' title='bbox 2593 589 2696 648; x_wconf 90' lang='lat' dir='ltr'>pro</span> <span class='ocrx_word' id='word_1_17' title='bbox 2747 589 2864 646; x_wconf 91' lang='lat' dir='ltr'>quo</span> <span class='ocrx_word' id='word_1_18' title='bbox 2917 571 3310 646; x_wconf 84' lang='lat' dir='ltr'>Symmachus</span> <span class='ocrx_word' id='word_1_19' title='bbox 3340 571 3783 644; x_wconf 77' lang='lat' dir='ltr'>interpretatur,</span> 
     </span>
    </p>
   </div>
   <div class='ocr_carea' id='block_1_5' title="bbox 384 659 2035 733">
    <p class='ocr_par' dir='ltr' id='par_1_5' title="bbox 384 659 2035 733">
     <span class='ocr_line' id='line_1_5' title="bbox 384 659 2035 733; baseline -0.002 -17"><span class='ocrx_word' id='word_1_20' title='bbox 384 659 456 716; x_wconf 90' lang='lat' dir='ltr'>de</span> <span class='ocrx_word' id='word_1_21' title='bbox 485 661 746 733; x_wconf 86' lang='lat' dir='ltr'>quinque</span> <span class='ocrx_word' id='word_1_22' title='bbox 776 661 916 717; x_wconf 89' lang='lat' dir='ltr'>olim</span> <span class='ocrx_word' id='word_1_23' title='bbox 975 661 1246 733; x_wconf 88' lang='lat' dir='ltr'>satrapiis</span> <span class='ocrx_word' id='word_1_24' title='bbox 1304 659 1645 730; x_wconf 67' lang='lat' dir='ltr'>Palaestinae,</span> <span class='ocrx_word' id='word_1_25' title='bbox 1706 663 1764 714; x_wconf 86' lang='lat' dir='ltr'>et</span> <span class='ocrx_word' id='word_1_26' title='bbox 1803 659 2035 714; x_wconf 89' lang='lat' dir='ltr'>decreta</span> 
     </span>
    </p>
   </div>
   <div class='ocr_carea' id='block_1_6' title="bbox 382 747 2030 822">
    <p class='ocr_par' dir='ltr' id='par_1_6' title="bbox 382 747 2030 822">
     <span class='ocr_line' id='line_1_6' title="bbox 382 747 2030 822; baseline -0.002 -17"><span class='ocrx_word' id='word_1_27' title='bbox 382 753 473 806; x_wconf 89' lang='lat' dir='ltr'>est</span> <span class='ocrx_word' id='word_1_28' title='bbox 502 751 741 822; x_wconf 87' lang='lat' dir='ltr'>quidem</span> <span class='ocrx_word' id='word_1_29' title='bbox 770 751 950 806; x_wconf 88' lang='lat' dir='ltr'>tribui</span> <span class='ocrx_word' id='word_1_30' title='bbox 994 750 1183 818; x_wconf 70' lang='lat' dir='ltr'>Judaz,</span> <span class='ocrx_word' id='word_1_31' title='bbox 1232 768 1336 806; x_wconf 90' lang='lat' dir='ltr'>nec</span> <span class='ocrx_word' id='word_1_32' title='bbox 1392 755 1586 806; x_wconf 89' lang='lat' dir='ltr'>tamen</span> <span class='ocrx_word' id='word_1_33' title='bbox 1621 753 1790 804; x_wconf 89' lang='lat' dir='ltr'>tenta</span> <span class='ocrx_word' id='word_1_34' title='bbox 1841 747 1912 802; x_wconf 90' lang='lat' dir='ltr'>ab</span> <span class='ocrx_word' id='word_1_35' title='bbox 1945 763 2030 816; x_wconf 90' lang='lat' dir='ltr'>ea,</span> 
     </span>
    </p>
   </div>
   <div class='ocr_carea' id='block_1_7' title="bbox 383 836 2034 911">
    <p class='ocr_par' dir='ltr' id='par_1_7' title="bbox 383 836 2034 911">
     <span class='ocr_line' id='line_1_7' title="bbox 383 836 2034 911; baseline -0.002 -17"><span class='ocrx_word' id='word_1_36' title='bbox 383 839 524 910; x_wconf 89' lang='lat' dir='ltr'>quia</span> <span class='ocrx_word' id='word_1_37' title='bbox 551 839 907 895; x_wconf 82' lang='lat' dir='ltr'>habitatores</span> <span class='ocrx_word' id='word_1_38' title='bbox 939 840 1218 911; x_wconf 88' lang='lat' dir='ltr'>pristinos</span> <span class='ocrx_word' id='word_1_39' title='bbox 1266 840 1530 911; x_wconf 82' lang='lat' dir='ltr'>nequivit</span> <span class='ocrx_word' id='word_1_40' title='bbox 1575 837 1881 909; x_wconf 85' lang='lat' dir='ltr'>expellere.</span> <span class='ocrx_word' id='word_1_41' title='bbox 1924 836 2034 890; x_wconf 89' lang='lat' dir='ltr'>Sed</span> 
     </span>
    </p>
   </div>
   <div class='ocr_carea' id='block_1_8' title="bbox 384 925 2034 999">
    <p class='ocr_par' dir='ltr' id='par_1_8' title="bbox 384 925 2034 999">
     <span class='ocr_line' id='line_1_8' title="bbox 384 925 2034 999; baseline -0.002 -19"><span class='ocrx_word' id='word_1_42' title='bbox 384 929 443 980; x_wconf 91' lang='lat' dir='ltr'>et</span> <span class='ocrx_word' id='word_1_43' title='bbox 473 943 660 999; x_wconf 84' lang='lat' dir='ltr'>usque</span> <span class='ocrx_word' id='word_1_44' title='bbox 695 927 868 982; x_wconf 86' lang='lat' dir='ltr'>hodie</span> <span class='ocrx_word' id='word_1_45' title='bbox 907 927 1151 998; x_wconf 86' lang='lat' dir='ltr'>grandis</span> <span class='ocrx_word' id='word_1_46' title='bbox 1207 927 1370 982; x_wconf 84' lang='lat' dir='ltr'>vicus</span> <span class='ocrx_word' id='word_1_47' title='bbox 1429 926 1643 980; x_wconf 89' lang='lat' dir='ltr'>civium</span> <span class='ocrx_word' id='word_1_48' title='bbox 1697 925 2034 979; x_wconf 64' lang='lat' dir='ltr'>Judaeorum</span> 
     </span>
    </p>
   </div>
   <div class='ocr_carea' id='block_1_9' title="bbox 383 1012 2032 1086">
    <p class='ocr_par' dir='ltr' id='par_1_9' title="bbox 383 1012 2032 1086">
     <span class='ocr_line' id='line_1_9' title="bbox 383 1012 2032 1086; baseline -0.004 -15"><span class='ocrx_word' id='word_1_49' title='bbox 383 1013 643 1071; x_wconf 87' lang='lat' dir='ltr'>Accaron</span> <span class='ocrx_word' id='word_1_50' title='bbox 720 1015 952 1086; x_wconf 90' lang='lat' dir='ltr'>dicitur,</span> <span class='ocrx_word' id='word_1_51' title='bbox 1034 1017 1184 1072; x_wconf 90' lang='lat' dir='ltr'>inter</span> <span class='ocrx_word' id='word_1_52' title='bbox 1268 1019 1510 1070; x_wconf 86' lang='lat' dir='ltr'>Azotum</span> <span class='ocrx_word' id='word_1_53' title='bbox 1587 1021 1641 1068; x_wconf 91' lang='lat' dir='ltr'>et</span> <span class='ocrx_word' id='word_1_54' title='bbox 1715 1012 2032 1080; x_wconf 85' lang='lat' dir='ltr'>Jamniam,</span> 
     </span>
    </p>
   </div>
   <div class='ocr_carea' id='block_1_10' title="bbox 386 1103 2036 1176">
    <p class='ocr_par' dir='ltr' id='par_1_10' title="bbox 386 1103 2036 1176">
     <span class='ocr_line' id='line_1_10' title="bbox 386 1103 2036 1176; baseline -0.003 -18"><span class='ocrx_word' id='word_1_55' title='bbox 386 1103 459 1158; x_wconf 89' lang='lat' dir='ltr'>ad</span> <span class='ocrx_word' id='word_1_56' title='bbox 515 1104 799 1160; x_wconf 88' lang='lat' dir='ltr'>orientem</span> <span class='ocrx_word' id='word_1_57' title='bbox 861 1105 1199 1176; x_wconf 87' lang='lat' dir='ltr'>respiciens.</span> <span class='ocrx_word' id='word_1_58' title='bbox 1259 1104 1528 1174; x_wconf 88' lang='lat' dir='ltr'>(Quidam</span> <span class='ocrx_word' id='word_1_59' title='bbox 1591 1106 1799 1173; x_wconf 85' lang='lat' dir='ltr'>putant</span> <span class='ocrx_word' id='word_1_60' title='bbox 1863 1103 2036 1154; x_wconf 85' lang='lat' dir='ltr'>Acca-</span> 
     </span>
    </p>
   </div>
   <div class='ocr_carea' id='block_1_11' title="bbox 387 1191 2038 1264">
    <p class='ocr_par' dir='ltr' id='par_1_11' title="bbox 387 1191 2038 1264">
     <span class='ocr_line' id='line_1_11' title="bbox 387 1191 2038 1264; baseline -0.003 -17"><span class='ocrx_word' id='word_1_61' title='bbox 387 1209 494 1248; x_wconf 91' lang='lat' dir='ltr'>ron</span> <span class='ocrx_word' id='word_1_62' title='bbox 549 1193 760 1248; x_wconf 89' lang='lat' dir='ltr'>turrim</span> <span class='ocrx_word' id='word_1_63' title='bbox 821 1193 1128 1261; x_wconf 85' lang='lat' dir='ltr'>Stratonis,</span> <span class='ocrx_word' id='word_1_64' title='bbox 1193 1196 1393 1264; x_wconf 88' lang='lat' dir='ltr'>postea</span> <span class='ocrx_word' id='word_1_65' title='bbox 1448 1191 1768 1246; x_wconf 61' lang='lat' dir='ltr'>Caesaream</span> <span class='ocrx_word' id='word_1_66' title='bbox 1815 1203 2038 1243; x_wconf 90' lang='lat' dir='ltr'>nuncu-</span> 
     </span>
    </p>
   </div>
   <div class='ocr_carea' id='block_1_12' title="bbox 387 1282 638 1354">
    <p class='ocr_par' dir='ltr' id='par_1_12' title="bbox 387 1282 638 1354">
     <span class='ocr_line' id='line_1_12' title="bbox 387 1282 638 1354; baseline -0.004 -18"><span class='ocrx_word' id='word_1_67' title='bbox 387 1282 638 1354; x_wconf 85' lang='lat' dir='ltr'>patam.)</span> 
     </span>
    </p>
   </div>
   <div class='ocr_carea' id='block_1_13' title="bbox 386 1383 2036 1458">
    <p class='ocr_par' dir='ltr' id='par_1_13' title="bbox 386 1383 2036 1458">
     <span class='ocr_line' id='line_1_13' title="bbox 386 1383 2036 1458; baseline -0.004 -16"><span class='ocrx_word' id='word_1_68' title='bbox 386 1389 620 1457; x_wconf 85' lang='lat' dir='ltr'>Azotus,</span> <span class='ocrx_word' id='word_1_69' title='bbox 654 1405 779 1457; x_wconf 66' lang='lat' dir='ltr'>qua:</span> <span class='ocrx_word' id='word_1_70' title='bbox 809 1403 989 1458; x_wconf 89' lang='lat' dir='ltr'>supra</span> <span class='ocrx_word' id='word_1_71' title='bbox 1027 1387 1243 1450; x_wconf 89' lang='lat' dir='ltr'>Asdod,</span> <span class='ocrx_word' id='word_1_72' title='bbox 1275 1401 1463 1456; x_wconf 91' lang='lat' dir='ltr'>usque</span> <span class='ocrx_word' id='word_1_73' title='bbox 1494 1384 1666 1440; x_wconf 88' lang='lat' dir='ltr'>hodie</span> <span class='ocrx_word' id='word_1_74' title='bbox 1716 1399 1832 1438; x_wconf 90' lang='lat' dir='ltr'>non</span> <span class='ocrx_word' id='word_1_75' title='bbox 1871 1383 2036 1454; x_wconf 83' lang='lat' dir='ltr'>igno-</span> 
     </span>
    </p>
   </div>
   <div class='ocr_carea' id='block_1_14' title="bbox 387 1470 2038 1548">
    <p class='ocr_par' dir='ltr' id='par_1_14' title="bbox 387 1470 2038 1548">
     <span class='ocr_line' id='line_1_14' title="bbox 387 1470 2038 1548; baseline -0.004 -18"><span class='ocrx_word' id='word_1_76' title='bbox 387 1475 502 1531; x_wconf 87' lang='lat' dir='ltr'>bile</span> <span class='ocrx_word' id='word_1_77' title='bbox 530 1475 917 1548; x_wconf 87' lang='lat' dir='ltr'>municipium</span> <span class='ocrx_word' id='word_1_78' title='bbox 949 1474 1288 1545; x_wconf 70' lang='lat' dir='ltr'>Palmstinac,</span> <span class='ocrx_word' id='word_1_79' title='bbox 1323 1479 1379 1530; x_wconf 90' lang='lat' dir='ltr'>et</span> <span class='ocrx_word' id='word_1_80' title='bbox 1412 1491 1525 1529; x_wconf 89' lang='lat' dir='ltr'>una</span> <span class='ocrx_word' id='word_1_81' title='bbox 1565 1474 1636 1528; x_wconf 90' lang='lat' dir='ltr'>de</span> <span class='ocrx_word' id='word_1_82' title='bbox 1668 1473 1927 1544; x_wconf 90' lang='lat' dir='ltr'>quinque</span> <span class='ocrx_word' id='word_1_83' title='bbox 1958 1470 2038 1524; x_wconf 91' lang='lat' dir='ltr'>ci-</span> 
     </span>
    </p>
   </div>
   <div class='ocr_carea' id='block_1_15' title="bbox 385 1560 2037 1636">
    <p class='ocr_par' dir='ltr' id='par_1_15' title="bbox 385 1560 2037 1636">
     <span class='ocr_line' id='line_1_15' title="bbox 385 1560 2037 1636; baseline -0.003 -18"><span class='ocrx_word' id='word_1_84' title='bbox 385 1563 668 1620; x_wconf 90' lang='lat' dir='ltr'>vitatibus</span> <span class='ocrx_word' id='word_1_85' title='bbox 723 1563 1207 1636; x_wconf 80' lang='lat' dir='ltr'>Allopbylorum:</span> <span class='ocrx_word' id='word_1_86' title='bbox 1269 1565 1502 1619; x_wconf 88' lang='lat' dir='ltr'>decreta</span> <span class='ocrx_word' id='word_1_87' title='bbox 1559 1562 1797 1634; x_wconf 87' lang='lat' dir='ltr'>quidem</span> <span class='ocrx_word' id='word_1_88' title='bbox 1859 1560 2037 1614; x_wconf 84' lang='lat' dir='ltr'>tribui</span> 
     </span>
    </p>
   </div>
   <div class='ocr_carea' id='block_1_16' title="bbox 384 1651 2039 1723">
    <p class='ocr_par' dir='ltr' id='par_1_16' title="bbox 384 1651 2039 1723">
     <span class='ocr_line' id='line_1_16' title="bbox 384 1651 2039 1723; baseline -0.004 -14"><span class='ocrx_word' id='word_1_89' title='bbox 384 1652 570 1723; x_wconf 63' lang='lat' dir='ltr'>Judaa,</span> <span class='ocrx_word' id='word_1_90' title='bbox 605 1653 704 1708; x_wconf 91' lang='lat' dir='ltr'>sed</span> <span class='ocrx_word' id='word_1_91' title='bbox 745 1669 860 1707; x_wconf 90' lang='lat' dir='ltr'>non</span> <span class='ocrx_word' id='word_1_92' title='bbox 918 1658 1144 1708; x_wconf 89' lang='lat' dir='ltr'>retenta</span> <span class='ocrx_word' id='word_1_93' title='bbox 1197 1653 1269 1708; x_wconf 91' lang='lat' dir='ltr'>ab</span> <span class='ocrx_word' id='word_1_94' title='bbox 1330 1668 1417 1717; x_wconf 86' lang='lat' dir='ltr'>ea,</span> <span class='ocrx_word' id='word_1_95' title='bbox 1474 1651 1611 1722; x_wconf 87' lang='lat' dir='ltr'>quia</span> <span class='ocrx_word' id='word_1_96' title='bbox 1667 1663 2039 1720; x_wconf 88' lang='lat' dir='ltr'>nequaquam</span> 
     </span>
    </p>
   </div>
   <div class='ocr_carea' id='block_1_17' title="bbox 385 1740 1419 1814">
    <p class='ocr_par' dir='ltr' id='par_1_17' title="bbox 385 1740 1419 1814">
     <span class='ocr_line' id='line_1_17' title="bbox 385 1740 1419 1814; baseline -0.003 -17"><span class='ocrx_word' id='word_1_97' title='bbox 385 1745 607 1808; x_wconf 85' lang='lat' dir='ltr'>veteres</span> <span class='ocrx_word' id='word_1_98' title='bbox 637 1741 866 1798; x_wconf 87' lang='lat' dir='ltr'>accolas</span> <span class='ocrx_word' id='word_1_99' title='bbox 894 1741 1083 1814; x_wconf 88' lang='lat' dir='ltr'>potuit</span> <span class='ocrx_word' id='word_1_100' title='bbox 1114 1740 1419 1812; x_wconf 77' lang='lat' dir='ltr'>expellere.</span> 
     </span>
    </p>
   </div>
   <div class='ocr_carea' id='block_1_18' title="bbox 459 1845 2041 1919">
    <p class='ocr_par' dir='ltr' id='par_1_18' title="bbox 459 1845 2041 1919">
     <span class='ocr_line' id='line_1_18' title="bbox 459 1845 2041 1919; baseline -0.004 -16"><span class='ocrx_word' id='word_1_101' title='bbox 459 1851 608 1904; x_wconf 77' lang='grc'>147</span> <span class='ocrx_word' id='word_1_102' title='bbox 642 1847 911 1919; x_wconf 88' lang='lat' dir='ltr'>Ascalon,</span> <span class='ocrx_word' id='word_1_103' title='bbox 966 1849 1108 1904; x_wconf 90' lang='lat' dir='ltr'>urbs</span> <span class='ocrx_word' id='word_1_104' title='bbox 1167 1847 1379 1903; x_wconf 90' lang='lat' dir='ltr'>nobilis</span> <span class='ocrx_word' id='word_1_105' title='bbox 1437 1845 1792 1902; x_wconf 63' lang='lat' dir='ltr'>Palaestinae:</span> <span class='ocrx_word' id='word_1_106' title='bbox 1829 1861 1954 1916; x_wconf 69' lang='lat' dir='ltr'>quze</span> <span class='ocrx_word' id='word_1_107' title='bbox 1985 1846 2041 1898; x_wconf 91' lang='lat' dir='ltr'>et</span> 
     </span>
    </p>
   </div>
   <div class='ocr_carea' id='block_1_19' title="bbox 2143 661 2568 732">
    <p class='ocr_par' dir='ltr' id='par_1_19' title="bbox 2143 661 2568 732">
     <span class='ocr_line' id='line_1_19' title="bbox 2143 661 2568 732; baseline 0.002 -16"><span class='ocrx_word' id='word_1_108' title='bbox 2143 661 2568 732; x_wconf 89' lang='lat' dir='ltr'>pavimentum.</span> 
     </span>
    </p>
   </div>
   <div class='ocr_carea' id='block_1_20' title="bbox 2213 750 3790 825">
    <p class='ocr_par' dir='ltr' id='par_1_20' title="bbox 2213 750 3790 825">
     <span class='ocr_line' id='line_1_20' title="bbox 2213 750 3790 825; baseline 0.001 -21"><span class='ocrx_word' id='word_1_109' title='bbox 2213 750 2422 818; x_wconf 87' lang='lat' dir='ltr'>Acbor,</span> <span class='ocrx_word' id='word_1_110' title='bbox 2463 751 2522 806; x_wconf 90' lang='lat' dir='ltr'>in</span> <span class='ocrx_word' id='word_1_111' title='bbox 2551 752 2710 807; x_wconf 89' lang='lat' dir='ltr'>tribu</span> <span class='ocrx_word' id='word_1_112' title='bbox 2738 751 2892 808; x_wconf 91' lang='lat' dir='ltr'>Juda</span> <span class='ocrx_word' id='word_1_113' title='bbox 2921 769 2933 808; x_wconf 94' lang='lat'>:</span> <span class='ocrx_word' id='word_1_114' title='bbox 2967 753 3038 808; x_wconf 91' lang='lat' dir='ltr'>de</span> <span class='ocrx_word' id='word_1_115' title='bbox 3069 769 3186 825; x_wconf 87' lang='lat' dir='ltr'>qua</span> <span class='ocrx_word' id='word_1_116' title='bbox 3241 756 3297 808; x_wconf 90' lang='lat' dir='ltr'>et</span> <span class='ocrx_word' id='word_1_117' title='bbox 3354 767 3534 824; x_wconf 89' lang='lat' dir='ltr'>supra</span> <span class='ocrx_word' id='word_1_118' title='bbox 3563 751 3790 807; x_wconf 88' lang='lat' dir='ltr'>dictum</span> 
     </span>
    </p>
   </div>
   <div class='ocr_carea' id='block_1_21' title="bbox 2145 841 2254 893">
    <p class='ocr_par' dir='ltr' id='par_1_21' title="bbox 2145 841 2254 893">
     <span class='ocr_line' id='line_1_21' title="bbox 2145 841 2254 893; baseline -0.009 0"><span class='ocrx_word' id='word_1_119' title='bbox 2145 841 2254 893; x_wconf 90' lang='lat' dir='ltr'>est.</span> 
     </span>
    </p>
   </div>
   <div class='ocr_carea' id='block_1_22' title="bbox 2215 927 3791 1000">
    <p class='ocr_par' dir='ltr' id='par_1_22' title="bbox 2215 927 3791 1000">
     <span class='ocr_line' id='line_1_22' title="bbox 2215 927 3791 1000; baseline 0.001 -20"><span class='ocrx_word' id='word_1_120' title='bbox 2215 927 2571 995; x_wconf 83' lang='lat' dir='ltr'>Adommim,</span> <span class='ocrx_word' id='word_1_121' title='bbox 2633 931 2929 1000; x_wconf 89' lang='lat' dir='ltr'>quondam</span> <span class='ocrx_word' id='word_1_122' title='bbox 2996 929 3218 1000; x_wconf 87' lang='lat' dir='ltr'>villula,</span> <span class='ocrx_word' id='word_1_123' title='bbox 3274 945 3429 985; x_wconf 91' lang='lat' dir='ltr'>nunc</span> <span class='ocrx_word' id='word_1_124' title='bbox 3491 929 3671 985; x_wconf 68' lang='lat' dir='ltr'>ruinae</span> <span class='ocrx_word' id='word_1_125' title='bbox 3729 928 3791 982; x_wconf 91' lang='lat' dir='ltr'>in</span> 
     </span>
    </p>
   </div>
   <div class='ocr_carea' id='block_1_23' title="bbox 2146 1017 3794 1090">
    <p class='ocr_par' dir='ltr' id='par_1_23' title="bbox 2146 1017 3794 1090">
     <span class='ocr_line' id='line_1_23' title="bbox 2146 1017 3794 1090; baseline 0.002 -20"><span class='ocrx_word' id='word_1_126' title='bbox 2146 1020 2301 1071; x_wconf 90' lang='lat' dir='ltr'>sorte</span> <span class='ocrx_word' id='word_1_127' title='bbox 2331 1017 2520 1072; x_wconf 88' lang='lat' dir='ltr'>tribus</span> <span class='ocrx_word' id='word_1_128' title='bbox 2554 1019 2740 1089; x_wconf 69' lang='lat' dir='ltr'>Judaa,</span> <span class='ocrx_word' id='word_1_129' title='bbox 2801 1021 2901 1090; x_wconf 91' lang='lat' dir='ltr'>qui</span> <span class='ocrx_word' id='word_1_130' title='bbox 2959 1019 3121 1075; x_wconf 91' lang='lat' dir='ltr'>locus</span> <span class='ocrx_word' id='word_1_131' title='bbox 3179 1036 3368 1090; x_wconf 89' lang='lat' dir='ltr'>usque</span> <span class='ocrx_word' id='word_1_132' title='bbox 3422 1017 3594 1073; x_wconf 89' lang='lat' dir='ltr'>hodie</span> <span class='ocrx_word' id='word_1_133' title='bbox 3623 1034 3794 1073; x_wconf 89' lang='lat' dir='ltr'>voca-</span> 
     </span>
    </p>
   </div>
   <div class='ocr_carea' id='block_1_24' title="bbox 2145 1101 3793 1180">
    <p class='ocr_par' dir='ltr' id='par_1_24' title="bbox 2145 1101 3793 1180">
     <span class='ocr_line' id='line_1_24' title="bbox 2145 1101 3793 1180; baseline -0.001 -22"><span class='ocrx_word' id='word_1_134' title='bbox 2145 1109 2244 1159; x_wconf 86' lang='lat' dir='ltr'>tur</span> <span class='ocrx_word' id='word_1_135' title='bbox 2271 1105 2636 1162; x_wconf 87' lang='lat' dir='ltr'>Maledomim</span> <span class='ocrx_word' id='word_1_136' title='bbox 2697 1110 2774 1180; x_wconf 88' lang='lat' dir='ltr'>(ct</span> <span class='ocrx_word' id='word_1_137' title='bbox 2831 1109 3023 1164; x_wconf 83' lang='lat' dir='ltr'>Graece</span> <span class='ocrx_word' id='word_1_138' title='bbox 3079 1108 3293 1163; x_wconf 89' lang='lat' dir='ltr'>dicitur</span> <span class='ocrx_word' id='word_1_139' title='bbox 3349 1101 3604 1166; x_wconf 67' lang='grc' dir='ltr'>ἀνάϐασις</span> <span class='ocrx_word' id='word_1_140' title='bbox 3648 1103 3793 1180; x_wconf 73' lang='grc' dir='ltr'>ττύρ-</span> 
     </span>
    </p>
   </div>
   <div class='ocr_carea' id='block_1_25' title="bbox 2149 1191 3792 1270">
    <p class='ocr_par' dir='ltr' id='par_1_25' title="bbox 2149 1191 3792 1270">
     <span class='ocr_line' id='line_1_25' title="bbox 2149 1191 3792 1270; baseline 0.002 -25"><span class='ocrx_word' id='word_1_141' title='bbox 2149 1191 2303 1268; x_wconf 76' lang='grc' dir='ltr'>ρωνε</span> <span class='ocrx_word' id='word_1_142' title='bbox 2366 1195 2568 1251; x_wconf 88' lang='lat' dir='ltr'>Latine</span> <span class='ocrx_word' id='word_1_143' title='bbox 2623 1202 2816 1252; x_wconf 87' lang='lat' dir='ltr'>autem</span> <span class='ocrx_word' id='word_1_144' title='bbox 2875 1197 3158 1270; x_wconf 86' lang='lat' dir='ltr'>appellari</span> <span class='ocrx_word' id='word_1_145' title='bbox 3234 1201 3442 1269; x_wconf 88' lang='lat' dir='ltr'>potest,</span> <span class='ocrx_word' id='word_1_146' title='bbox 3509 1211 3792 1252; x_wconf 86' lang='lat' dir='ltr'>ascensus</span> 
     </span>
    </p>
   </div>
   <div class='ocr_carea' id='block_1_26' title="bbox 2149 1283 3794 1358">
    <p class='ocr_par' dir='ltr' id='par_1_26' title="bbox 2149 1283 3794 1358">
     <span class='ocr_line' id='line_1_26' title="bbox 2149 1283 3794 1358; baseline 0.001 -22"><span class='ocrx_word' id='word_1_147' title='bbox 2149 1284 2434 1354; x_wconf 82' lang='lat' dir='ltr'>ruforum,</span> <span class='ocrx_word' id='word_1_148' title='bbox 2469 1285 2589 1341; x_wconf 89' lang='lat' dir='ltr'>sive</span> <span class='ocrx_word' id='word_1_149' title='bbox 2618 1287 2974 1356; x_wconf 89' lang='lat' dir='ltr'>rubentium,</span> <span class='ocrx_word' id='word_1_150' title='bbox 3008 1290 3244 1358; x_wconf 87' lang='lat' dir='ltr'>propter</span> <span class='ocrx_word' id='word_1_151' title='bbox 3291 1284 3638 1357; x_wconf 89' lang='lat' dir='ltr'>sanguinem</span> <span class='ocrx_word' id='word_1_152' title='bbox 3688 1283 3794 1355; x_wconf 90' lang='lat' dir='ltr'>qui</span> 
     </span>
    </p>
   </div>
   <div class='ocr_carea' id='block_1_27' title="bbox 2147 1371 3794 1430">
    <p class='ocr_par' dir='ltr' id='par_1_27' title="bbox 2147 1371 3794 1430">
     <span class='ocr_line' id='line_1_27' title="bbox 2147 1371 3794 1430; baseline 0.001 -4"><span class='ocrx_word' id='word_1_153' title='bbox 2147 1371 2264 1427; x_wconf 91' lang='lat' dir='ltr'>illic</span> <span class='ocrx_word' id='word_1_154' title='bbox 2321 1373 2522 1429; x_wconf 87' lang='lat' dir='ltr'>crebro</span> <span class='ocrx_word' id='word_1_155' title='bbox 2575 1392 2609 1429; x_wconf 88' lang='lat' dir='ltr'>a</span> <span class='ocrx_word' id='word_1_156' title='bbox 2665 1375 2990 1430; x_wconf 88' lang='lat' dir='ltr'>latronibus</span> <span class='ocrx_word' id='word_1_157' title='bbox 3057 1375 3344 1430; x_wconf 80' lang='lat' dir='ltr'>funditur.</span> <span class='ocrx_word' id='word_1_158' title='bbox 3422 1375 3520 1428; x_wconf 87' lang='lat' dir='ltr'>Est</span> <span class='ocrx_word' id='word_1_159' title='bbox 3593 1378 3794 1428; x_wconf 87' lang='lat' dir='ltr'>autem</span> 
     </span>
    </p>
   </div>
   <div class='ocr_carea' id='block_1_28' title="bbox 2148 1461 3796 1534">
    <p class='ocr_par' dir='ltr' id='par_1_28' title="bbox 2148 1461 3796 1534">
     <span class='ocr_line' id='line_1_28' title="bbox 2148 1461 3796 1534; baseline 0.001 -20"><span class='ocrx_word' id='word_1_160' title='bbox 2148 1462 2469 1516; x_wconf 80' lang='lat' dir='ltr'>confinium</span> <span class='ocrx_word' id='word_1_161' title='bbox 2501 1463 2690 1519; x_wconf 88' lang='lat' dir='ltr'>tribus</span> <span class='ocrx_word' id='word_1_162' title='bbox 2717 1463 2881 1518; x_wconf 68' lang='lat' dir='ltr'>Juda:</span> <span class='ocrx_word' id='word_1_163' title='bbox 2940 1467 2996 1519; x_wconf 92' lang='lat' dir='ltr'>et</span> <span class='ocrx_word' id='word_1_164' title='bbox 3052 1463 3378 1534; x_wconf 88' lang='lat' dir='ltr'>Benjamin)</span> <span class='ocrx_word' id='word_1_165' title='bbox 3435 1461 3796 1518; x_wconf 89' lang='lat' dir='ltr'>descenden-</span> 
     </span>
    </p>
   </div>
   <div class='ocr_carea' id='block_1_29' title="bbox 2149 1549 3794 1623">
    <p class='ocr_par' dir='ltr' id='par_1_29' title="bbox 2149 1549 3794 1623">
     <span class='ocr_line' id='line_1_29' title="bbox 2149 1549 3794 1623; baseline -0.002 -17"><span class='ocrx_word' id='word_1_166' title='bbox 2149 1551 2308 1607; x_wconf 89' lang='lat' dir='ltr'>tibus</span> <span class='ocrx_word' id='word_1_167' title='bbox 2339 1553 2410 1606; x_wconf 90' lang='lat' dir='ltr'>ab</span> <span class='ocrx_word' id='word_1_168' title='bbox 2444 1551 2586 1608; x_wconf 68' lang='lat' dir='ltr'>tElia</span> <span class='ocrx_word' id='word_1_169' title='bbox 2617 1553 2940 1623; x_wconf 87' lang='lat' dir='ltr'>Jcrichum,</span> <span class='ocrx_word' id='word_1_170' title='bbox 2979 1553 3074 1608; x_wconf 92' lang='lat' dir='ltr'>ubi</span> <span class='ocrx_word' id='word_1_171' title='bbox 3107 1558 3164 1608; x_wconf 88' lang='lat' dir='ltr'>et</span> <span class='ocrx_word' id='word_1_172' title='bbox 3193 1551 3496 1608; x_wconf 88' lang='lat' dir='ltr'>castellum</span> <span class='ocrx_word' id='word_1_173' title='bbox 3537 1549 3794 1605; x_wconf 86' lang='lat' dir='ltr'>militum</span> 
     </span>
    </p>
   </div>
   <div class='ocr_carea' id='block_1_30' title="bbox 2150 1637 3797 1712">
    <p class='ocr_par' dir='ltr' id='par_1_30' title="bbox 2150 1637 3797 1712">
     <span class='ocr_line' id='line_1_30' title="bbox 2150 1637 3797 1712; baseline -0.004 -15"><span class='ocrx_word' id='word_1_174' title='bbox 2150 1641 2328 1697; x_wconf 88' lang='lat' dir='ltr'>situm</span> <span class='ocrx_word' id='word_1_175' title='bbox 2397 1648 2485 1696; x_wconf 90' lang='lat' dir='ltr'>est</span> <span class='ocrx_word' id='word_1_176' title='bbox 2552 1643 2648 1712; x_wconf 90' lang='lat' dir='ltr'>(ob</span> <span class='ocrx_word' id='word_1_177' title='bbox 2730 1641 2875 1698; x_wconf 76' lang='lat' dir='ltr'>I50</span> <span class='ocrx_word' id='word_1_178' title='bbox 2932 1641 3150 1697; x_wconf 87' lang='lat' dir='ltr'>auxilia</span> <span class='ocrx_word' id='word_1_179' title='bbox 3222 1641 3532 1696; x_wconf 85' lang='lat' dir='ltr'>viatorum.</span> <span class='ocrx_word' id='word_1_180' title='bbox 3607 1637 3797 1709; x_wconf 87' lang='lat' dir='ltr'>Hujus</span> 
     </span>
    </p>
   </div>
   <div class='ocr_carea' id='block_1_31' title="bbox 2150 1725 3794 1802">
    <p class='ocr_par' dir='ltr' id='par_1_31' title="bbox 2150 1725 3794 1802">
     <span class='ocr_line' id='line_1_31' title="bbox 2150 1725 3794 1802; baseline -0.002 -18"><span class='ocrx_word' id='word_1_181' title='bbox 2150 1730 2375 1785; x_wconf 83' lang='lat' dir='ltr'>cruenti</span> <span class='ocrx_word' id='word_1_182' title='bbox 2408 1735 2465 1785; x_wconf 89' lang='lat' dir='ltr'>ct</span> <span class='ocrx_word' id='word_1_183' title='bbox 2526 1730 2888 1802; x_wconf 89' lang='lat' dir='ltr'>sanguinarii</span> <span class='ocrx_word' id='word_1_184' title='bbox 2947 1729 3077 1800; x_wconf 91' lang='lat' dir='ltr'>loci,</span> <span class='ocrx_word' id='word_1_185' title='bbox 3137 1729 3422 1784; x_wconf 89' lang='lat' dir='ltr'>Dominus</span> <span class='ocrx_word' id='word_1_186' title='bbox 3470 1742 3703 1800; x_wconf 88' lang='lat' dir='ltr'>quoque</span> <span class='ocrx_word' id='word_1_187' title='bbox 3735 1725 3794 1780; x_wconf 89' lang='lat' dir='ltr'>in</span> 
     </span>
    </p>
   </div>
   <div class='ocr_carea' id='block_1_32' title="bbox 2150 1815 3800 1890">
    <p class='ocr_par' dir='ltr' id='par_1_32' title="bbox 2150 1815 3800 1890">
     <span class='ocr_line' id='line_1_32' title="bbox 2150 1815 3800 1890; baseline -0.002 -17"><span class='ocrx_word' id='word_1_188' title='bbox 2150 1818 2428 1890; x_wconf 89' lang='lat' dir='ltr'>parabola</span> <span class='ocrx_word' id='word_1_189' title='bbox 2474 1819 2882 1874; x_wconf 85' lang='lat' dir='ltr'>descendentis</span> <span class='ocrx_word' id='word_1_190' title='bbox 2929 1817 3228 1874; x_wconf 88' lang='lat' dir='ltr'>Jericbum</span> <span class='ocrx_word' id='word_1_191' title='bbox 3279 1817 3350 1872; x_wconf 90' lang='lat' dir='ltr'>de</span> <span class='ocrx_word' id='word_1_192' title='bbox 3397 1815 3800 1888; x_wconf 85' lang='lat' dir='ltr'>Hierosolyma</span> 
     </span>
    </p>
   </div>
   <div class='ocr_carea' id='block_1_33' title="bbox 387 1909 2530 2010">
    <p class='ocr_par' dir='ltr' id='par_1_33' title="bbox 387 1909 2530 2010">
     <span class='ocr_line' id='line_1_33' title="bbox 387 1909 2530 2010; baseline -0.007 -18"><span class='ocrx_word' id='word_1_193' title='bbox 387 1936 520 2010; x_wconf 87' lang='lat' dir='ltr'>ipsa</span> <span class='ocrx_word' id='word_1_194' title='bbox 548 1937 876 2008; x_wconf 88' lang='lat' dir='ltr'>antiquitus</span> <span class='ocrx_word' id='word_1_195' title='bbox 897 1909 1026 1992; x_wconf 38' lang='lat' dir='ltr'>’una</span> <span class='ocrx_word' id='word_1_196' title='bbox 1052 1937 1163 1992; x_wconf 82' lang='lat' dir='ltr'>fuit</span> <span class='ocrx_word' id='word_1_197' title='bbox 1192 1937 1264 1991; x_wconf 91' lang='lat' dir='ltr'>de</span> <span class='ocrx_word' id='word_1_198' title='bbox 1294 1935 1555 2008; x_wconf 90' lang='lat' dir='ltr'>quinque</span> <span class='ocrx_word' id='word_1_199' title='bbox 1585 1909 1864 2006; x_wconf 74' lang='lat' dir='ltr'>satrapiis</span> <span class='ocrx_word' id='word_1_200' title='bbox 1887 1931 2038 1988; x_wconf 88' lang='lat' dir='ltr'>Allo-</span> <span class='ocrx_word' id='word_1_201' title='bbox 2071 1937 2118 2001; x_wconf 86' lang='grc' dir='ltr'><strong>Β</strong></span> <span class='ocrx_word' id='word_1_202' title='bbox 2151 1909 2530 2010; x_wconf 56' lang='grc' dir='ltr'>Γθίξοτάἆίυζ)ο</span> 
     </span>
    </p>
   </div>
   <div class='ocr_carea' id='block_1_34' title="bbox 387 2021 2032 2098">
    <p class='ocr_par' dir='ltr' id='par_1_34' title="bbox 387 2021 2032 2098">
     <span class='ocr_line' id='line_1_34' title="bbox 387 2021 2032 2098; baseline -0.003 -18"><span class='ocrx_word' id='word_1_203' title='bbox 387 2024 728 2098; x_wconf 82' lang='lat' dir='ltr'>phylorum:</span> <span class='ocrx_word' id='word_1_204' title='bbox 752 2030 1019 2097; x_wconf 86' lang='lat' dir='ltr'>separata</span> <span class='ocrx_word' id='word_1_205' title='bbox 1036 2025 1272 2098; x_wconf 90' lang='lat' dir='ltr'>quidem</span> <span class='ocrx_word' id='word_1_206' title='bbox 1295 2041 1396 2097; x_wconf 90' lang='lat' dir='ltr'>per</span> <span class='ocrx_word' id='word_1_207' title='bbox 1413 2027 1629 2080; x_wconf 89' lang='lat' dir='ltr'>sortem</span> <span class='ocrx_word' id='word_1_208' title='bbox 1653 2023 1832 2078; x_wconf 89' lang='lat' dir='ltr'>tribui</span> <span class='ocrx_word' id='word_1_209' title='bbox 1848 2021 2032 2091; x_wconf 82' lang='lat' dir='ltr'>Judae,</span> 
     </span>
    </p>
   </div>
   <div class='ocr_carea' id='block_1_35' title="bbox 386 2111 2036 2185">
    <p class='ocr_par' dir='ltr' id='par_1_35' title="bbox 386 2111 2036 2185">
     <span class='ocr_line' id='line_1_35' title="bbox 386 2111 2036 2185; baseline -0.004 -15"><span class='ocrx_word' id='word_1_210' title='bbox 386 2131 494 2170; x_wconf 88' lang='lat' dir='ltr'>nec</span> <span class='ocrx_word' id='word_1_211' title='bbox 522 2118 718 2170; x_wconf 88' lang='lat' dir='ltr'>tamen</span> <span class='ocrx_word' id='word_1_212' title='bbox 751 2118 973 2170; x_wconf 87' lang='lat' dir='ltr'>retenta</span> <span class='ocrx_word' id='word_1_213' title='bbox 1031 2114 1102 2170; x_wconf 84' lang='lat' dir='ltr'>ab</span> <span class='ocrx_word' id='word_1_214' title='bbox 1155 2130 1242 2179; x_wconf 87' lang='lat' dir='ltr'>ea,</span> <span class='ocrx_word' id='word_1_215' title='bbox 1305 2113 1444 2185; x_wconf 90' lang='lat' dir='ltr'>quia</span> <span class='ocrx_word' id='word_1_216' title='bbox 1501 2111 1858 2167; x_wconf 86' lang='lat' dir='ltr'>habitatores</span> <span class='ocrx_word' id='word_1_217' title='bbox 1908 2111 2036 2181; x_wconf 84' lang='lat' dir='ltr'>ejus</span> 
     </span>
    </p>
   </div>
   <div class='ocr_carea' id='block_1_36' title="bbox 387 2204 1052 2276">
    <p class='ocr_par' dir='ltr' id='par_1_36' title="bbox 387 2204 1052 2276">
     <span class='ocr_line' id='line_1_36' title="bbox 387 2204 1052 2276; baseline -0.005 -16"><span class='ocrx_word' id='word_1_218' title='bbox 387 2219 664 2276; x_wconf 85' lang='lat' dir='ltr'>superare</span> <span class='ocrx_word' id='word_1_219' title='bbox 696 2219 812 2262; x_wconf 89' lang='lat' dir='ltr'>non</span> <span class='ocrx_word' id='word_1_220' title='bbox 842 2204 1052 2276; x_wconf 92' lang='lat' dir='ltr'>potuit.</span> 
     </span>
    </p>
   </div>
   <div class='ocr_carea' id='block_1_37' title="bbox 455 2306 2035 2383">
    <p class='ocr_par' dir='ltr' id='par_1_37' title="bbox 455 2306 2035 2383">
     <span class='ocr_line' id='line_1_37' title="bbox 455 2306 2035 2383; baseline -0.004 -17"><span class='ocrx_word' id='word_1_221' title='bbox 455 2309 708 2383; x_wconf 87' lang='lat' dir='ltr'>Apheca,</span> <span class='ocrx_word' id='word_1_222' title='bbox 740 2311 1028 2366; x_wconf 87' lang='lat' dir='ltr'>terminus</span> <span class='ocrx_word' id='word_1_223' title='bbox 1058 2310 1528 2364; x_wconf 68' lang='lat' dir='ltr'>Amorrhmorum</span> <span class='ocrx_word' id='word_1_224' title='bbox 1554 2311 1593 2377; x_wconf 80' lang='grc'>¹,</span> <span class='ocrx_word' id='word_1_225' title='bbox 1627 2323 1805 2380; x_wconf 88' lang='lat' dir='ltr'>super</span> <span class='ocrx_word' id='word_1_226' title='bbox 1830 2306 2035 2361; x_wconf 86' lang='lat' dir='ltr'>Jorda-</span> 
     </span>
    </p>
   </div>
   <div class='ocr_carea' id='block_1_38' title="bbox 387 2396 2038 2470">
    <p class='ocr_par' dir='ltr' id='par_1_38' title="bbox 387 2396 2038 2470">
     <span class='ocr_line' id='line_1_38' title="bbox 387 2396 2038 2470; baseline -0.002 -16"><span class='ocrx_word' id='word_1_227' title='bbox 387 2415 543 2470; x_wconf 88' lang='lat' dir='ltr'>nem,</span> <span class='ocrx_word' id='word_1_228' title='bbox 577 2399 636 2455; x_wconf 93' lang='lat' dir='ltr'>in</span> <span class='ocrx_word' id='word_1_229' title='bbox 667 2404 824 2456; x_wconf 88' lang='lat' dir='ltr'>sorte</span> <span class='ocrx_word' id='word_1_230' title='bbox 847 2400 1037 2455; x_wconf 91' lang='lat' dir='ltr'>tribus</span> <span class='ocrx_word' id='word_1_231' title='bbox 1062 2399 1300 2454; x_wconf 89' lang='lat' dir='ltr'>Ruben:</span> <span class='ocrx_word' id='word_1_232' title='bbox 1336 2399 1437 2454; x_wconf 92' lang='lat' dir='ltr'>scd</span> <span class='ocrx_word' id='word_1_233' title='bbox 1469 2403 1524 2453; x_wconf 89' lang='lat' dir='ltr'>et</span> <span class='ocrx_word' id='word_1_234' title='bbox 1547 2413 1732 2468; x_wconf 91' lang='lat' dir='ltr'>usque</span> <span class='ocrx_word' id='word_1_235' title='bbox 1755 2396 1927 2450; x_wconf 88' lang='lat' dir='ltr'>hodie</span> <span class='ocrx_word' id='word_1_236' title='bbox 1948 2399 2038 2450; x_wconf 89' lang='lat' dir='ltr'>est</span> 
     </span>
    </p>
   </div>
   <div class='ocr_carea' id='block_1_39' title="bbox 385 2485 2034 2561">
    <p class='ocr_par' dir='ltr' id='par_1_39' title="bbox 385 2485 2034 2561">
     <span class='ocr_line' id='line_1_39' title="bbox 385 2485 2034 2561; baseline -0.003 -18"><span class='ocrx_word' id='word_1_237' title='bbox 385 2487 693 2544; x_wconf 83' lang='lat' dir='ltr'>castellum</span> <span class='ocrx_word' id='word_1_238' title='bbox 726 2489 968 2561; x_wconf 84' lang='lat' dir='ltr'>grande,</span> <span class='ocrx_word' id='word_1_239' title='bbox 1001 2489 1232 2560; x_wconf 89' lang='lat' dir='ltr'>Apheca</span> <span class='ocrx_word' id='word_1_240' title='bbox 1268 2487 1522 2553; x_wconf 81' lang='lat' dir='ltr'>nomine,</span> <span class='ocrx_word' id='word_1_241' title='bbox 1547 2485 2034 2558; x_wconf 53' lang='lat' dir='ltr'>juxtaﬁHippum,</span> 
     </span>
    </p>
   </div>
   <div class='ocr_carea' id='block_1_40' title="bbox 388 2577 1004 2634">
    <p class='ocr_par' dir='ltr' id='par_1_40' title="bbox 388 2577 1004 2634">
     <span class='ocr_line' id='line_1_40' title="bbox 388 2577 1004 2634; baseline 0 -2"><span class='ocrx_word' id='word_1_242' title='bbox 388 2577 595 2633; x_wconf 89' lang='lat' dir='ltr'>urbem</span> <span class='ocrx_word' id='word_1_243' title='bbox 617 2577 939 2634; x_wconf 82' lang='lat' dir='ltr'>Palaestinae</span> <span class='ocrx_word' id='word_1_244' title='bbox 963 2579 1004 2632; x_wconf 86' lang='grc'>².</span> 
     </span>
    </p>
   </div>
   <div class='ocr_carea' id='block_1_41' title="bbox 456 2665 1742 2737">
    <p class='ocr_par' dir='ltr' id='par_1_41' title="bbox 456 2665 1742 2737">
     <span class='ocr_line' id='line_1_41' title="bbox 456 2665 1742 2737; baseline -0.002 -17"><span class='ocrx_word' id='word_1_245' title='bbox 456 2665 618 2737; x_wconf 78' lang='lat' dir='ltr'>Agad</span> <span class='ocrx_word' id='word_1_246' title='bbox 639 2667 680 2735; x_wconf 85' lang='grc'>³,</span> <span class='ocrx_word' id='word_1_247' title='bbox 713 2665 826 2721; x_wconf 87' lang='lat' dir='ltr'>sita</span> <span class='ocrx_word' id='word_1_248' title='bbox 856 2666 928 2722; x_wconf 89' lang='lat' dir='ltr'>ad</span> <span class='ocrx_word' id='word_1_249' title='bbox 959 2666 1184 2721; x_wconf 89' lang='lat' dir='ltr'>radices</span> <span class='ocrx_word' id='word_1_250' title='bbox 1215 2666 1430 2720; x_wconf 78' lang='lat' dir='ltr'>montis</span> <span class='ocrx_word' id='word_1_251' title='bbox 1471 2667 1742 2719; x_wconf 90' lang='lat' dir='ltr'>Aermon.</span> 
     </span>
    </p>
   </div>
   <div class='ocr_carea' id='block_1_42' title="bbox 463 2751 2036 2825">
    <p class='ocr_par' dir='ltr' id='par_1_42' title="bbox 463 2751 2036 2825">
     <span class='ocr_line' id='line_1_42' title="bbox 463 2751 2036 2825; baseline -0.003 -16"><span class='ocrx_word' id='word_1_252' title='bbox 463 2754 725 2825; x_wconf 78' lang='lat' dir='ltr'>Aemath,</span> <span class='ocrx_word' id='word_1_253' title='bbox 783 2754 926 2808; x_wconf 90' lang='lat' dir='ltr'>urbs</span> <span class='ocrx_word' id='word_1_254' title='bbox 983 2770 1109 2824; x_wconf 66' lang='lat' dir='ltr'>quae</span> <span class='ocrx_word' id='word_1_255' title='bbox 1166 2753 1375 2808; x_wconf 90' lang='lat' dir='ltr'>cecidit</span> <span class='ocrx_word' id='word_1_256' title='bbox 1427 2753 1482 2806; x_wconf 90' lang='lat' dir='ltr'>in</span> <span class='ocrx_word' id='word_1_257' title='bbox 1542 2756 1759 2806; x_wconf 89' lang='lat' dir='ltr'>sortem</span> <span class='ocrx_word' id='word_1_258' title='bbox 1794 2751 2036 2806; x_wconf 80' lang='lat' dir='ltr'>Ruben:</span> 
     </span>
    </p>
   </div>
   <div class='ocr_carea' id='block_1_43' title="bbox 397 2840 2041 2898">
    <p class='ocr_par' dir='ltr' id='par_1_43' title="bbox 397 2840 2041 2898">
     <span class='ocr_line' id='line_1_43' title="bbox 397 2840 2041 2898; baseline -0.002 0"><span class='ocrx_word' id='word_1_259' title='bbox 397 2843 498 2898; x_wconf 91' lang='lat' dir='ltr'>sed</span> <span class='ocrx_word' id='word_1_260' title='bbox 530 2847 589 2898; x_wconf 88' lang='lat' dir='ltr'>et</span> <span class='ocrx_word' id='word_1_261' title='bbox 618 2859 776 2898; x_wconf 89' lang='lat' dir='ltr'>nunc</span> <span class='ocrx_word' id='word_1_262' title='bbox 801 2842 1089 2898; x_wconf 79' lang='lat' dir='ltr'>Amathus</span> <span class='ocrx_word' id='word_1_263' title='bbox 1118 2841 1256 2897; x_wconf 92' lang='lat' dir='ltr'>villa</span> <span class='ocrx_word' id='word_1_264' title='bbox 1285 2842 1502 2896; x_wconf 91' lang='lat' dir='ltr'>dicitur</span> <span class='ocrx_word' id='word_1_265' title='bbox 1531 2846 1694 2896; x_wconf 88' lang='lat' dir='ltr'>trans</span> <span class='ocrx_word' id='word_1_266' title='bbox 1724 2840 2041 2896; x_wconf 87' lang='lat' dir='ltr'>Jordanem</span> 
     </span>
    </p>
   </div>
   <div class='ocr_carea' id='block_1_44' title="bbox 393 2929 2038 3004">
    <p class='ocr_par' dir='ltr' id='par_1_44' title="bbox 393 2929 2038 3004">
     <span class='ocr_line' id='line_1_44' title="bbox 393 2929 2038 3004; baseline -0.002 -18"><span class='ocrx_word' id='word_1_267' title='bbox 393 2932 454 2988; x_wconf 88' lang='lat' dir='ltr'>in</span> <span class='ocrx_word' id='word_1_268' title='bbox 485 2931 764 2987; x_wconf 91' lang='lat' dir='ltr'>vicesimo</span> <span class='ocrx_word' id='word_1_269' title='bbox 799 2931 988 3004; x_wconf 90' lang='lat' dir='ltr'>primo</span> <span class='ocrx_word' id='word_1_270' title='bbox 1050 2929 1322 2986; x_wconf 87' lang='lat' dir='ltr'>milliario</span> <span class='ocrx_word' id='word_1_271' title='bbox 1381 2929 1548 2985; x_wconf 73' lang='lat' dir='ltr'>Pella:</span> <span class='ocrx_word' id='word_1_272' title='bbox 1607 2930 1679 2984; x_wconf 91' lang='lat' dir='ltr'>ad</span> <span class='ocrx_word' id='word_1_273' title='bbox 1713 2929 2038 2986; x_wconf 84' lang='lat' dir='ltr'>meridiem.</span> 
     </span>
    </p>
   </div>
   <div class='ocr_carea' id='block_1_45' title="bbox 393 3018 2042 3078">
    <p class='ocr_par' dir='ltr' id='par_1_45' title="bbox 393 3018 2042 3078">
     <span class='ocr_line' id='line_1_45' title="bbox 393 3018 2042 3078; baseline -0.003 -2"><span class='ocrx_word' id='word_1_274' title='bbox 393 3021 495 3077; x_wconf 87' lang='lat' dir='ltr'>Est</span> <span class='ocrx_word' id='word_1_275' title='bbox 523 3023 580 3076; x_wconf 91' lang='lat' dir='ltr'>et</span> <span class='ocrx_word' id='word_1_276' title='bbox 609 3019 725 3076; x_wconf 88' lang='lat' dir='ltr'>alia</span> <span class='ocrx_word' id='word_1_277' title='bbox 752 3019 890 3078; x_wconf 90' lang='lat' dir='ltr'>villa</span> <span class='ocrx_word' id='word_1_278' title='bbox 921 3021 979 3075; x_wconf 90' lang='lat' dir='ltr'>in</span> <span class='ocrx_word' id='word_1_279' title='bbox 1040 3019 1254 3074; x_wconf 85' lang='lat' dir='ltr'>vicinia</span> <span class='ocrx_word' id='word_1_280' title='bbox 1297 3019 1536 3075; x_wconf 79' lang='lat' dir='ltr'>Gadarae</span> <span class='ocrx_word' id='word_1_281' title='bbox 1597 3018 1832 3073; x_wconf 88' lang='lat' dir='ltr'>nomine</span> <span class='ocrx_word' id='word_1_282' title='bbox 1864 3023 2042 3072; x_wconf 85' lang='lat' dir='ltr'>Ama-</span> 
     </span>
    </p>
   </div>
   <div class='ocr_carea' id='block_1_46' title="bbox 391 3107 2041 3181">
    <p class='ocr_par' dir='ltr' id='par_1_46' title="bbox 391 3107 2041 3181">
     <span class='ocr_line' id='line_1_46' title="bbox 391 3107 2041 3181; baseline -0.002 -17"><span class='ocrx_word' id='word_1_283' title='bbox 391 3109 513 3180; x_wconf 89' lang='lat' dir='ltr'>tha,</span> <span class='ocrx_word' id='word_1_284' title='bbox 555 3109 654 3164; x_wconf 92' lang='lat' dir='ltr'>ubi</span> <span class='ocrx_word' id='word_1_285' title='bbox 711 3108 908 3165; x_wconf 66' lang='lat' dir='ltr'>calidae</span> <span class='ocrx_word' id='word_1_286' title='bbox 963 3125 1126 3181; x_wconf 61' lang='lat' dir='ltr'>aqua:</span> <span class='ocrx_word' id='word_1_287' title='bbox 1186 3111 1524 3180; x_wconf 90' lang='lat' dir='ltr'>erumpunt.</span> <span class='ocrx_word' id='word_1_288' title='bbox 1587 3107 1648 3162; x_wconf 90' lang='lat' dir='ltr'>1n</span> <span class='ocrx_word' id='word_1_289' title='bbox 1709 3107 2041 3178; x_wconf 82' lang='lat' dir='ltr'>Regnorum</span> 
     </span>
    </p>
   </div>
   <div class='ocr_carea' id='block_1_47' title="bbox 392 3195 2045 3272">
    <p class='ocr_par' dir='ltr' id='par_1_47' title="bbox 392 3195 2045 3272">
     <span class='ocr_line' id='line_1_47' title="bbox 392 3195 2045 3272; baseline -0.003 -17"><span class='ocrx_word' id='word_1_290' title='bbox 392 3215 626 3272; x_wconf 88' lang='lat' dir='ltr'>quoque</span> <span class='ocrx_word' id='word_1_291' title='bbox 692 3197 859 3256; x_wconf 89' lang='lat' dir='ltr'>libris</span> <span class='ocrx_word' id='word_1_292' title='bbox 943 3198 1238 3265; x_wconf 90' lang='lat' dir='ltr'>scribitur,</span> <span class='ocrx_word' id='word_1_293' title='bbox 1323 3198 1398 3253; x_wconf 86' lang='lat' dir='ltr'>Ab</span> <span class='ocrx_word' id='word_1_294' title='bbox 1493 3198 1726 3252; x_wconf 74' lang='lat' dir='ltr'>introitu</span> <span class='ocrx_word' id='word_1_295' title='bbox 1817 3195 2045 3252; x_wconf 83' lang='lat' dir='ltr'>Acmath</span> 
     </span>
    </p>
   </div>
   <div class='ocr_carea' id='block_1_48' title="bbox 391 3284 2120 3371">
    <p class='ocr_par' dir='ltr' id='par_1_48' title="bbox 391 3284 2120 3371">
     <span class='ocr_line' id='line_1_48' title="bbox 391 3284 2120 3371; baseline -0.003 -27"><span class='ocrx_word' id='word_1_296' title='bbox 391 3304 566 3359; x_wconf 68' lang='lat' dir='ltr'>usque</span> <span class='ocrx_word' id='word_1_297' title='bbox 621 3288 691 3344; x_wconf 83' lang='lat' dir='ltr'>ad</span> <span class='ocrx_word' id='word_1_298' title='bbox 746 3304 903 3343; x_wconf 86' lang='lat' dir='ltr'>mare</span> <span class='ocrx_word' id='word_1_299' title='bbox 969 3289 1154 3342; x_wconf 85' lang='lat' dir='ltr'>Araba</span> <span class='ocrx_word' id='word_1_300' title='bbox 1207 3288 1307 3356; x_wconf 84' lang='grc' dir='ltr'>(ΙΙΙ</span> <span class='ocrx_word' id='word_1_301' title='bbox 1361 3287 1486 3356; x_wconf 82' lang='lat' dir='ltr'>Reg.</span> <span class='ocrx_word' id='word_1_302' title='bbox 1543 3303 1664 3353; x_wconf 82' lang='lat' dir='ltr'>VIII,</span> <span class='ocrx_word' id='word_1_303' title='bbox 1732 3286 1870 3354; x_wconf 79' lang='lat'>65):</span> <span class='ocrx_word' id='word_1_304' title='bbox 1937 3284 2046 3339; x_wconf 91' lang='lat' dir='ltr'>hoc</span> <span class='ocrx_word' id='word_1_305' title='bbox 2078 3304 2120 3371; x_wconf 70' lang='grc' dir='ltr'><strong>ρ</strong></span> 
     </span>
    </p>
   </div>
   <div class='ocr_carea' id='block_1_49' title="bbox 406 3374 2048 3448">
    <p class='ocr_par' dir='ltr' id='par_1_49' title="bbox 406 3374 2048 3448">
     <span class='ocr_line' id='line_1_49' title="bbox 406 3374 2048 3448; baseline -0.002 -16"><span class='ocrx_word' id='word_1_306' title='bbox 406 3381 516 3446; x_wconf 89' lang='lat' dir='ltr'>est,</span> <span class='ocrx_word' id='word_1_307' title='bbox 547 3375 781 3446; x_wconf 77' lang='lat' dir='ltr'>deserti,</span> <span class='ocrx_word' id='word_1_308' title='bbox 817 3376 972 3448; x_wconf 89' lang='lat' dir='ltr'>quod</span> <span class='ocrx_word' id='word_1_309' title='bbox 1004 3379 1091 3431; x_wconf 90' lang='lat' dir='ltr'>est</span> <span class='ocrx_word' id='word_1_310' title='bbox 1121 3391 1281 3430; x_wconf 88' lang='lat' dir='ltr'>mare</span> <span class='ocrx_word' id='word_1_311' title='bbox 1314 3375 1630 3429; x_wconf 86' lang='lat' dir='ltr'>Mortuum.</span> <span class='ocrx_word' id='word_1_312' title='bbox 1665 3374 1804 3445; x_wconf 84' lang='lat' dir='ltr'>(Ego</span> <span class='ocrx_word' id='word_1_313' title='bbox 1853 3377 2048 3429; x_wconf 86' lang='lat' dir='ltr'>autem</span> 
     </span>
    </p>
   </div>
   <div class='ocr_carea' id='block_1_50' title="bbox 405 3463 2049 3536">
    <p class='ocr_par' dir='ltr' id='par_1_50' title="bbox 405 3463 2049 3536">
     <span class='ocr_line' id='line_1_50' title="bbox 405 3463 2049 3536; baseline -0.003 -17"><span class='ocrx_word' id='word_1_314' title='bbox 405 3463 789 3536; x_wconf 88' lang='lat' dir='ltr'>investigans,</span> <span class='ocrx_word' id='word_1_315' title='bbox 848 3464 1035 3535; x_wconf 89' lang='lat' dir='ltr'>reperi</span> <span class='ocrx_word' id='word_1_316' title='bbox 1103 3464 1396 3519; x_wconf 78' lang='lat' dir='ltr'>Aematb‘</span> <span class='ocrx_word' id='word_1_317' title='bbox 1465 3465 1670 3518; x_wconf 72' lang='lat' dir='ltr'>urbrm</span> <span class='ocrx_word' id='word_1_318' title='bbox 1729 3463 2049 3533; x_wconf 73' lang='lat' dir='ltr'>Ccelesyriae</span> 
     </span>
    </p>
   </div>
   <div class='ocr_carea' id='block_1_51' title="bbox 405 3550 2052 3625">
    <p class='ocr_par' dir='ltr' id='par_1_51' title="bbox 405 3550 2052 3625">
     <span class='ocr_line' id='line_1_51' title="bbox 405 3550 2052 3625; baseline -0.002 -17"><span class='ocrx_word' id='word_1_319' title='bbox 405 3552 705 3624; x_wconf 87' lang='lat' dir='ltr'>appellari,</span> <span class='ocrx_word' id='word_1_320' title='bbox 747 3570 873 3625; x_wconf 67' lang='lat' dir='ltr'>qua:</span> <span class='ocrx_word' id='word_1_321' title='bbox 934 3570 1089 3608; x_wconf 91' lang='lat' dir='ltr'>nunc</span> <span class='ocrx_word' id='word_1_322' title='bbox 1147 3553 1342 3607; x_wconf 65' lang='lat' dir='ltr'>Graeco</span> <span class='ocrx_word' id='word_1_323' title='bbox 1397 3568 1665 3607; x_wconf 89' lang='lat' dir='ltr'>sermone</span> <span class='ocrx_word' id='word_1_324' title='bbox 1722 3550 2052 3622; x_wconf 86' lang='lat' dir='ltr'>Epiphania</span> 
     </span>
    </p>
   </div>
   <div class='ocr_carea' id='block_1_52' title="bbox 401 3641 661 3714">
    <p class='ocr_par' dir='ltr' id='par_1_52' title="bbox 401 3641 661 3714">
     <span class='ocr_line' id='line_1_52' title="bbox 401 3641 661 3714; baseline -0.004 -16"><span class='ocrx_word' id='word_1_325' title='bbox 401 3641 661 3714; x_wconf 83' lang='lat' dir='ltr'>dicitur.)</span> 
     </span>
    </p>
   </div>
   <div class='ocr_carea' id='block_1_53' title="bbox 468 3746 2050 3820">
    <p class='ocr_par' dir='ltr' id='par_1_53' title="bbox 468 3746 2050 3820">
     <span class='ocr_line' id='line_1_53' title="bbox 468 3746 2050 3820; baseline -0.003 -16"><span class='ocrx_word' id='word_1_326' title='bbox 468 3751 741 3820; x_wconf 85' lang='lat' dir='ltr'>Ammon,</span> <span class='ocrx_word' id='word_1_327' title='bbox 778 3755 940 3804; x_wconf 90' lang='lat' dir='ltr'>trans</span> <span class='ocrx_word' id='word_1_328' title='bbox 996 3747 1310 3804; x_wconf 87' lang='lat' dir='ltr'>Jordanem</span> <span class='ocrx_word' id='word_1_329' title='bbox 1347 3748 1404 3801; x_wconf 93' lang='lat' dir='ltr'>in</span> <span class='ocrx_word' id='word_1_330' title='bbox 1436 3747 1594 3802; x_wconf 85' lang='lat' dir='ltr'>tribu</span> <span class='ocrx_word' id='word_1_331' title='bbox 1627 3747 1767 3800; x_wconf 80' lang='lat' dir='ltr'>Gad.</span> <span class='ocrx_word' id='word_1_332' title='bbox 1801 3746 1928 3800; x_wconf 82' lang='lat' dir='ltr'>Haec</span> <span class='ocrx_word' id='word_1_333' title='bbox 1960 3751 2050 3800; x_wconf 88' lang='lat' dir='ltr'>est</span> 
     </span>
    </p>
   </div>
   <div class='ocr_carea' id='block_1_54' title="bbox 393 3834 2046 3911">
    <p class='ocr_par' dir='ltr' id='par_1_54' title="bbox 393 3834 2046 3911">
     <span class='ocr_line' id='line_1_54' title="bbox 393 3834 2046 3911; baseline -0.002 -17"><span class='ocrx_word' id='word_1_334' title='bbox 393 3839 684 3910; x_wconf 90' lang='lat' dir='ltr'>Ammam,</span> <span class='ocrx_word' id='word_1_335' title='bbox 705 3839 776 3894; x_wconf 92' lang='lat' dir='ltr'>de</span> <span class='ocrx_word' id='word_1_336' title='bbox 793 3855 910 3911; x_wconf 91' lang='lat' dir='ltr'>qua</span> <span class='ocrx_word' id='word_1_337' title='bbox 927 3854 1106 3910; x_wconf 87' lang='lat' dir='ltr'>supra</span> <span class='ocrx_word' id='word_1_338' title='bbox 1123 3836 1400 3904; x_wconf 81' lang='lat' dir='ltr'>diximus,</span> <span class='ocrx_word' id='word_1_339' title='bbox 1419 3834 1823 3907; x_wconf 88' lang='lat' dir='ltr'>Philadelphia</span> <span class='ocrx_word' id='word_1_340' title='bbox 1841 3834 2046 3890; x_wconf 87' lang='lat' dir='ltr'>civitas</span> 
     </span>
    </p>
   </div>
   <div class='ocr_carea' id='block_1_55' title="bbox 389 3926 908 3984">
    <p class='ocr_par' dir='ltr' id='par_1_55' title="bbox 389 3926 908 3984">
     <span class='ocr_line' id='line_1_55' title="bbox 389 3926 908 3984; baseline -0.004 -2"><span class='ocrx_word' id='word_1_341' title='bbox 389 3926 638 3984; x_wconf 89' lang='lat' dir='ltr'>illustris</span> <span class='ocrx_word' id='word_1_342' title='bbox 669 3927 908 3982; x_wconf 60' lang='lat' dir='ltr'>Arabiae.</span> 
     </span>
    </p>
   </div>
   <div class='ocr_carea' id='block_1_56' title="bbox 463 4031 2045 4102">
    <p class='ocr_par' dir='ltr' id='par_1_56' title="bbox 463 4031 2045 4102">
     <span class='ocr_line' id='line_1_56' title="bbox 463 4031 2045 4102; baseline -0.001 -14"><span class='ocrx_word' id='word_1_343' title='bbox 463 4033 716 4102; x_wconf 86' lang='lat' dir='ltr'>Addara,</span> <span class='ocrx_word' id='word_1_344' title='bbox 749 4033 808 4086; x_wconf 91' lang='lat' dir='ltr'>in</span> <span class='ocrx_word' id='word_1_345' title='bbox 839 4032 998 4088; x_wconf 88' lang='lat' dir='ltr'>tribu</span> <span class='ocrx_word' id='word_1_346' title='bbox 1029 4032 1201 4102; x_wconf 88' lang='lat' dir='ltr'>Juda,</span> <span class='ocrx_word' id='word_1_347' title='bbox 1228 4032 1400 4102; x_wconf 89' lang='lat' dir='ltr'>juxta</span> <span class='ocrx_word' id='word_1_348' title='bbox 1429 4031 1748 4086; x_wconf 85' lang='lat' dir='ltr'>desertum.</span> <span class='ocrx_word' id='word_1_349' title='bbox 1784 4031 1882 4086; x_wconf 89' lang='lat' dir='ltr'>Est</span> <span class='ocrx_word' id='word_1_350' title='bbox 1907 4047 2045 4102; x_wconf 90' lang='lat' dir='ltr'>quo-</span> 
     </span>
    </p>
   </div>
   <div class='ocr_carea' id='block_1_57' title="bbox 391 4119 2043 4192">
    <p class='ocr_par' dir='ltr' id='par_1_57' title="bbox 391 4119 2043 4192">
     <span class='ocr_line' id='line_1_57' title="bbox 391 4119 2043 4192; baseline 0 -18"><span class='ocrx_word' id='word_1_351' title='bbox 391 4135 507 4192; x_wconf 89' lang='lat' dir='ltr'>que</span> <span class='ocrx_word' id='word_1_352' title='bbox 535 4125 593 4175; x_wconf 90' lang='lat' dir='ltr'>et</span> <span class='ocrx_word' id='word_1_353' title='bbox 623 4119 738 4176; x_wconf 86' lang='lat' dir='ltr'>alia</span> <span class='ocrx_word' id='word_1_354' title='bbox 765 4119 904 4175; x_wconf 91' lang='lat' dir='ltr'>villa</span> <span class='ocrx_word' id='word_1_355' title='bbox 933 4121 993 4175; x_wconf 89' lang='lat' dir='ltr'>in</span> <span class='ocrx_word' id='word_1_356' title='bbox 1025 4121 1241 4176; x_wconf 80' lang='lat' dir='ltr'>finibus</span> <span class='ocrx_word' id='word_1_357' title='bbox 1274 4119 1613 4190; x_wconf 89' lang='lat' dir='ltr'>Diospoleos</span> <span class='ocrx_word' id='word_1_358' title='bbox 1644 4120 1796 4176; x_wconf 82' lang='lat' dir='ltr'>circa</span> <span class='ocrx_word' id='word_1_359' title='bbox 1827 4120 2043 4175; x_wconf 89' lang='lat' dir='ltr'>Tham-</span> 
     </span>
    </p>
   </div>
   <div class='ocr_carea' id='block_1_58' title="bbox 393 4207 2044 4281">
    <p class='ocr_par' dir='ltr' id='par_1_58' title="bbox 393 4207 2044 4281">
     <span class='ocr_line' id='line_1_58' title="bbox 393 4207 2044 4281; baseline 0.002 -19"><span class='ocrx_word' id='word_1_360' title='bbox 393 4207 632 4262; x_wconf 88' lang='lat' dir='ltr'>niticam</span> <span class='ocrx_word' id='word_1_361' title='bbox 695 4207 1012 4280; x_wconf 89' lang='lat' dir='ltr'>regionem,</span> <span class='ocrx_word' id='word_1_362' title='bbox 1065 4226 1192 4280; x_wconf 71' lang='lat' dir='ltr'>qua:</span> <span class='ocrx_word' id='word_1_363' title='bbox 1251 4226 1284 4264; x_wconf 88' lang='lat' dir='ltr'>a</span> <span class='ocrx_word' id='word_1_364' title='bbox 1341 4209 1609 4265; x_wconf 86' lang='lat' dir='ltr'>Thamna</span> <span class='ocrx_word' id='word_1_365' title='bbox 1658 4209 1798 4263; x_wconf 86' lang='lat' dir='ltr'>villa</span> <span class='ocrx_word' id='word_1_366' title='bbox 1857 4227 2044 4281; x_wconf 89' lang='lat' dir='ltr'>usque</span> 
     </span>
    </p>
   </div>
   <div class='ocr_carea' id='block_1_59' title="bbox 395 4295 972 4353">
    <p class='ocr_par' dir='ltr' id='par_1_59' title="bbox 395 4295 972 4353">
     <span class='ocr_line' id='line_1_59' title="bbox 395 4295 972 4353; baseline 0 -1"><span class='ocrx_word' id='word_1_367' title='bbox 395 4295 571 4352; x_wconf 90' lang='lat' dir='ltr'>hodie</span> <span class='ocrx_word' id='word_1_368' title='bbox 603 4295 685 4352; x_wconf 90' lang='lat' dir='ltr'>sic</span> <span class='ocrx_word' id='word_1_369' title='bbox 713 4301 972 4353; x_wconf 90' lang='lat' dir='ltr'>vocatur.</span> 
     </span>
    </p>
   </div>
   <div class='ocr_carea' id='block_1_60' title="bbox 461 4383 2042 4457">
    <p class='ocr_par' dir='ltr' id='par_1_60' title="bbox 461 4383 2042 4457">
     <span class='ocr_line' id='line_1_60' title="bbox 461 4383 2042 4457; baseline 0.001 -17"><span class='ocrx_word' id='word_1_370' title='bbox 461 4386 727 4456; x_wconf 83' lang='lat' dir='ltr'>Accarca,</span> <span class='ocrx_word' id='word_1_371' title='bbox 772 4384 934 4440; x_wconf 90' lang='lat' dir='ltr'>vicus</span> <span class='ocrx_word' id='word_1_372' title='bbox 965 4383 1024 4440; x_wconf 92' lang='lat' dir='ltr'>in</span> <span class='ocrx_word' id='word_1_373' title='bbox 1055 4385 1284 4440; x_wconf 89' lang='lat' dir='ltr'>deserto</span> <span class='ocrx_word' id='word_1_374' title='bbox 1344 4385 1494 4442; x_wconf 87' lang='lat' dir='ltr'>situs</span> <span class='ocrx_word' id='word_1_375' title='bbox 1549 4385 1610 4440; x_wconf 91' lang='lat' dir='ltr'>in</span> <span class='ocrx_word' id='word_1_376' title='bbox 1671 4387 2042 4457; x_wconf 86' lang='lat' dir='ltr'>possessione</span> 
     </span>
    </p>
   </div>
   <div class='ocr_carea' id='block_1_61' title="bbox 461 4526 2040 4599">
    <p class='ocr_par' dir='ltr' id='par_1_61' title="bbox 461 4526 2040 4599">
     <span class='ocr_line' id='line_1_61' title="bbox 461 4526 2040 4599; baseline -0.003 -15"><span class='ocrx_word' id='word_1_377' title='bbox 461 4529 474 4563; x_wconf 83' lang='grc'>¹</span> <span class='ocrx_word' id='word_1_378' title='bbox 511 4526 745 4584; x_wconf 84' lang='lat' dir='ltr'>Scilicet</span> <span class='ocrx_word' id='word_1_379' title='bbox 773 4526 1029 4599; x_wconf 88' lang='lat' dir='ltr'>regionis</span> <span class='ocrx_word' id='word_1_380' title='bbox 1060 4526 1796 4599; x_wconf 53' lang='lat' dir='ltr'>Transjordanicnquum</span> <span class='ocrx_word' id='word_1_381' title='bbox 1829 4533 2040 4599; x_wconf 36' lang='lat' dir='ltr'>Amore</span> 
     </span>
    </p>
   </div>
   <div class='ocr_carea' id='block_1_62' title="bbox 388 4597 2040 4671">
    <p class='ocr_par' dir='ltr' id='par_1_62' title="bbox 388 4597 2040 4671">
     <span class='ocr_line' id='line_1_62' title="bbox 388 4597 2040 4671; baseline -0.001 -17"><span class='ocrx_word' id='word_1_382' title='bbox 388 4599 581 4654; x_wconf 68' lang='lat' dir='ltr'>rhaeus</span> <span class='ocrx_word' id='word_1_383' title='bbox 612 4597 1013 4671; x_wconf 74' lang='lat' dir='ltr'>occupaverat,</span> <span class='ocrx_word' id='word_1_384' title='bbox 1057 4615 1196 4671; x_wconf 13' lang='lat' dir='ltr'>pars,</span> <span class='ocrx_word' id='word_1_385' title='bbox 1246 4614 1459 4671; x_wconf 81' lang='lat' dir='ltr'>magna</span> <span class='ocrx_word' id='word_1_386' title='bbox 1509 4598 1816 4671; x_wconf 13' lang='lat' dir='ltr'>Rubenigcae</span> <span class='ocrx_word' id='word_1_387' title='bbox 1845 4597 2040 4671; x_wconf 90' lang='lat' dir='ltr'>_tribui</span> 
     </span>
    </p>
   </div>
   <div class='ocr_carea' id='block_1_63' title="bbox 2219 1997 2922 2054">
    <p class='ocr_par' dir='ltr' id='par_1_63' title="bbox 2219 1997 2922 2054">
     <span class='ocr_line' id='line_1_63' title="bbox 2219 1997 2922 2054; baseline 0 -2"><span class='ocrx_word' id='word_1_388' title='bbox 2219 1999 2428 2052; x_wconf 90' lang='lat' dir='ltr'>Amam</span> <span class='ocrx_word' id='word_1_389' title='bbox 2463 1997 2520 2052; x_wconf 92' lang='lat' dir='ltr'>in</span> <span class='ocrx_word' id='word_1_390' title='bbox 2555 1997 2710 2052; x_wconf 83' lang='lat' dir='ltr'>tribu</span> <span class='ocrx_word' id='word_1_391' title='bbox 2741 1998 2922 2054; x_wconf 65' lang='lat' dir='ltr'>ludas.</span> 
     </span>
    </p>
   </div>
   <div class='ocr_carea' id='block_1_64' title="bbox 2214 2085 3797 2158">
    <p class='ocr_par' dir='ltr' id='par_1_64' title="bbox 2214 2085 3797 2158">
     <span class='ocr_line' id='line_1_64' title="bbox 2214 2085 3797 2158; baseline -0.002 -18"><span class='ocrx_word' id='word_1_392' title='bbox 2214 2088 2376 2156; x_wconf 85' lang='lat' dir='ltr'>Aser,</span> <span class='ocrx_word' id='word_1_393' title='bbox 2411 2086 2470 2141; x_wconf 92' lang='lat' dir='ltr'>in</span> <span class='ocrx_word' id='word_1_394' title='bbox 2506 2086 2662 2141; x_wconf 91' lang='lat' dir='ltr'>tribu</span> <span class='ocrx_word' id='word_1_395' title='bbox 2692 2087 2876 2153; x_wconf 73' lang='lat' dir='ltr'>Judaz,</span> <span class='ocrx_word' id='word_1_396' title='bbox 2934 2085 3262 2158; x_wconf 81' lang='lat' dir='ltr'>appellatur</span> <span class='ocrx_word' id='word_1_397' title='bbox 3308 2087 3505 2140; x_wconf 88' lang='lat' dir='ltr'>autem</span> <span class='ocrx_word' id='word_1_398' title='bbox 3549 2086 3606 2138; x_wconf 90' lang='lat' dir='ltr'>et</span> <span class='ocrx_word' id='word_1_399' title='bbox 3636 2097 3797 2138; x_wconf 88' lang='lat' dir='ltr'>nunc</span> 
     </span>
    </p>
   </div>
   <div class='ocr_carea' id='block_1_65' title="bbox 2145 2171 3799 2248">
    <p class='ocr_par' dir='ltr' id='par_1_65' title="bbox 2145 2171 3799 2248">
     <span class='ocr_line' id='line_1_65' title="bbox 2145 2171 3799 2248; baseline -0.002 -19"><span class='ocrx_word' id='word_1_400' title='bbox 2145 2175 2307 2230; x_wconf 91' lang='lat' dir='ltr'>vicus</span> <span class='ocrx_word' id='word_1_401' title='bbox 2384 2175 2742 2248; x_wconf 69' lang='lat' dir='ltr'>prazgrandis</span> <span class='ocrx_word' id='word_1_402' title='bbox 2831 2175 3210 2247; x_wconf 87' lang='lat' dir='ltr'>pergentibus</span> <span class='ocrx_word' id='word_1_403' title='bbox 3291 2171 3639 2230; x_wconf 84' lang='lat' dir='ltr'>Ascalonem</span> <span class='ocrx_word' id='word_1_404' title='bbox 3725 2171 3799 2226; x_wconf 91' lang='lat' dir='ltr'>de</span> 
     </span>
    </p>
   </div>
   <div class='ocr_carea' id='block_1_66' title="bbox 2147 2269 2344 2320">
    <p class='ocr_par' dir='ltr' id='par_1_66' title="bbox 2147 2269 2344 2320">
     <span class='ocr_line' id='line_1_66' title="bbox 2147 2269 2344 2320; baseline 0 -2"><span class='ocrx_word' id='word_1_405' title='bbox 2147 2269 2344 2320; x_wconf 80' lang='lat' dir='ltr'>Azoto.</span> 
     </span>
    </p>
   </div>
   <div class='ocr_carea' id='block_1_67' title="bbox 2218 2353 3018 2422">
    <p class='ocr_par' dir='ltr' id='par_1_67' title="bbox 2218 2353 3018 2422">
     <span class='ocr_line' id='line_1_67' title="bbox 2218 2353 3018 2422; baseline -0.001 -14"><span class='ocrx_word' id='word_1_406' title='bbox 2218 2353 2519 2422; x_wconf 79' lang='lat' dir='ltr'>Asarsual,</span> <span class='ocrx_word' id='word_1_407' title='bbox 2560 2353 2620 2408; x_wconf 90' lang='lat' dir='ltr'>in</span> <span class='ocrx_word' id='word_1_408' title='bbox 2652 2353 2807 2408; x_wconf 87' lang='lat' dir='ltr'>tribu</span> <span class='ocrx_word' id='word_1_409' title='bbox 2832 2353 3018 2409; x_wconf 75' lang='lat' dir='ltr'>Judae.</span> 
     </span>
    </p>
   </div>
   <div class='ocr_carea' id='block_1_68' title="bbox 2219 2440 3801 2512">
    <p class='ocr_par' dir='ltr' id='par_1_68' title="bbox 2219 2440 3801 2512">
     <span class='ocr_line' id='line_1_68' title="bbox 2219 2440 3801 2512; baseline -0.001 -15"><span class='ocrx_word' id='word_1_410' title='bbox 2219 2443 2346 2512; x_wconf 89' lang='lat' dir='ltr'>Ain,</span> <span class='ocrx_word' id='word_1_411' title='bbox 2391 2443 2448 2496; x_wconf 93' lang='lat' dir='ltr'>in</span> <span class='ocrx_word' id='word_1_412' title='bbox 2510 2443 2666 2497; x_wconf 88' lang='lat' dir='ltr'>tribu</span> <span class='ocrx_word' id='word_1_413' title='bbox 2727 2443 2911 2512; x_wconf 70' lang='lat' dir='ltr'>Judae,</span> <span class='ocrx_word' id='word_1_414' title='bbox 2972 2442 3115 2498; x_wconf 88' lang='lat' dir='ltr'>urbs</span> <span class='ocrx_word' id='word_1_415' title='bbox 3172 2440 3573 2496; x_wconf 87' lang='lat' dir='ltr'>sacerdotibus</span> <span class='ocrx_word' id='word_1_416' title='bbox 3630 2457 3801 2512; x_wconf 87' lang='lat' dir='ltr'>sepa-</span> 
     </span>
    </p>
   </div>
   <div class='ocr_carea' id='block_1_69' title="bbox 2151 2529 3800 2602">
    <p class='ocr_par' dir='ltr' id='par_1_69' title="bbox 2151 2529 3800 2602">
     <span class='ocr_line' id='line_1_69' title="bbox 2151 2529 3800 2602; baseline -0.001 -16"><span class='ocrx_word' id='word_1_417' title='bbox 2151 2538 2294 2587; x_wconf 86' lang='lat' dir='ltr'>rata.</span> <span class='ocrx_word' id='word_1_418' title='bbox 2329 2533 2431 2587; x_wconf 88' lang='lat' dir='ltr'>Est</span> <span class='ocrx_word' id='word_1_419' title='bbox 2463 2537 2517 2586; x_wconf 91' lang='lat' dir='ltr'>et</span> <span class='ocrx_word' id='word_1_420' title='bbox 2549 2548 2736 2602; x_wconf 88' lang='lat' dir='ltr'>usque</span> <span class='ocrx_word' id='word_1_421' title='bbox 2769 2532 2942 2586; x_wconf 88' lang='lat' dir='ltr'>hodie</span> <span class='ocrx_word' id='word_1_422' title='bbox 2982 2531 3120 2586; x_wconf 86' lang='lat' dir='ltr'>villa</span> <span class='ocrx_word' id='word_1_423' title='bbox 3163 2529 3509 2586; x_wconf 89' lang='lat' dir='ltr'>Betbennim</span> <span class='ocrx_word' id='word_1_424' title='bbox 3542 2529 3800 2598; x_wconf 86' lang='lat' dir='ltr'>nomine,</span> 
     </span>
    </p>
   </div>
   <div class='ocr_carea' id='block_1_70' title="bbox 2148 2618 3806 2692">
    <p class='ocr_par' dir='ltr' id='par_1_70' title="bbox 2148 2618 3806 2692">
     <span class='ocr_line' id='line_1_70' title="bbox 2148 2618 3806 2692; baseline -0.001 -16"><span class='ocrx_word' id='word_1_425' title='bbox 2148 2622 2209 2676; x_wconf 90' lang='lat' dir='ltr'>in</span> <span class='ocrx_word' id='word_1_426' title='bbox 2266 2621 2521 2676; x_wconf 89' lang='lat' dir='ltr'>secundo</span> <span class='ocrx_word' id='word_1_427' title='bbox 2607 2619 2798 2692; x_wconf 90' lang='lat' dir='ltr'>lapide</span> <span class='ocrx_word' id='word_1_428' title='bbox 2849 2638 2882 2676; x_wconf 89' lang='lat' dir='ltr'>a</span> <span class='ocrx_word' id='word_1_429' title='bbox 2943 2619 3301 2676; x_wconf 89' lang='lat' dir='ltr'>Terebintho</span> <span class='ocrx_word' id='word_1_430' title='bbox 3389 2618 3518 2689; x_wconf 90' lang='lat' dir='ltr'>(hoc</span> <span class='ocrx_word' id='word_1_431' title='bbox 3601 2621 3692 2673; x_wconf 90' lang='lat' dir='ltr'>est</span> <span class='ocrx_word' id='word_1_432' title='bbox 3770 2634 3806 2674; x_wconf 87' lang='lat' dir='ltr'>a</span> 
     </span>
    </p>
   </div>
   <div class='ocr_carea' id='block_1_71' title="bbox 2151 2704 3807 2780">
    <p class='ocr_par' dir='ltr' id='par_1_71' title="bbox 2151 2704 3807 2780">
     <span class='ocr_line' id='line_1_71' title="bbox 2151 2704 3807 2780; baseline -0.002 -15"><span class='ocrx_word' id='word_1_433' title='bbox 2151 2710 2466 2765; x_wconf 90' lang='lat' dir='ltr'>tabernacu</span> <span class='ocrx_word' id='word_1_434' title='bbox 2588 2710 2929 2780; x_wconf 76' lang='lat' dir='ltr'>Abraham),</span> <span class='ocrx_word' id='word_1_435' title='bbox 2990 2712 3244 2780; x_wconf 90' lang='lat' dir='ltr'>quatuor</span> <span class='ocrx_word' id='word_1_436' title='bbox 3299 2705 3624 2762; x_wconf 83' lang='lat' dir='ltr'>millibusa</span> <span class='ocrx_word' id='word_1_437' title='bbox 3656 2704 3807 2762; x_wconf 89' lang='lat' dir='ltr'>Che-</span> 
     </span>
    </p>
   </div>
   <div class='ocr_carea' id='block_1_72' title="bbox 2150 2799 2316 2854">
    <p class='ocr_par' dir='ltr' id='par_1_72' title="bbox 2150 2799 2316 2854">
     <span class='ocr_line' id='line_1_72' title="bbox 2150 2799 2316 2854; baseline 0 -1"><span class='ocrx_word' id='word_1_438' title='bbox 2150 2799 2316 2854; x_wconf 90' lang='lat' dir='ltr'>bron.</span> 
     </span>
    </p>
   </div>
   <div class='ocr_carea' id='block_1_73' title="bbox 2223 2874 3832 2956">
    <p class='ocr_par' dir='ltr' id='par_1_73' title="bbox 2223 2874 3832 2956">
     <span class='ocr_line' id='line_1_73' title="bbox 2223 2874 3832 2956; baseline -0.002 -14"><span class='ocrx_word' id='word_1_439' title='bbox 2223 2887 2483 2952; x_wconf 81' lang='lat' dir='ltr'>Asthaol,</span> <span class='ocrx_word' id='word_1_440' title='bbox 2527 2889 2584 2943; x_wconf 90' lang='lat' dir='ltr'>in</span> <span class='ocrx_word' id='word_1_441' title='bbox 2617 2889 2773 2942; x_wconf 88' lang='lat' dir='ltr'>tribu</span> <span class='ocrx_word' id='word_1_442' title='bbox 2826 2887 3030 2943; x_wconf 82' lang='lat' dir='ltr'>Judae:</span> <span class='ocrx_word' id='word_1_443' title='bbox 3093 2891 3150 2942; x_wconf 90' lang='lat' dir='ltr'>et</span> <span class='ocrx_word' id='word_1_444' title='bbox 3187 2901 3372 2956; x_wconf 90' lang='lat' dir='ltr'>usque</span> <span class='ocrx_word' id='word_1_445' title='bbox 3404 2883 3576 2940; x_wconf 90' lang='lat' dir='ltr'>hodie</span> <span class='ocrx_word' id='word_1_446' title='bbox 3603 2874 3832 2939; x_wconf 56' lang='lat' dir='ltr'>villula°</span> 
     </span>
    </p>
   </div>
   <div class='ocr_carea' id='block_1_74' title="bbox 2150 2973 3810 3055">
    <p class='ocr_par' dir='ltr' id='par_1_74' title="bbox 2150 2973 3810 3055">
     <span class='ocr_line' id='line_1_74' title="bbox 2150 2973 3810 3055; baseline -0.002 -23"><span class='ocrx_word' id='word_1_447' title='bbox 2150 2978 2453 3048; x_wconf 88' lang='lat' dir='ltr'>vocabulo,</span> <span class='ocrx_word' id='word_1_448' title='bbox 2486 2978 2686 3047; x_wconf 83' lang='lat' dir='ltr'>Astlio,</span> <span class='ocrx_word' id='word_1_449' title='bbox 2733 2977 2884 3032; x_wconf 91' lang='lat' dir='ltr'>inter</span> <span class='ocrx_word' id='word_1_450' title='bbox 2910 2980 3150 3032; x_wconf 86' lang='lat' dir='ltr'>Azotum</span> <span class='ocrx_word' id='word_1_451' title='bbox 3184 2980 3242 3055; x_wconf 80' lang='lat' dir='ltr'>et</span> <span class='ocrx_word' id='word_1_452' title='bbox 3280 2973 3626 3030; x_wconf 88' lang='lat' dir='ltr'>Ascalonem</span> <span class='ocrx_word' id='word_1_453' title='bbox 3674 2988 3810 3046; x_wconf 87' lang='lat' dir='ltr'>per-</span> 
     </span>
    </p>
   </div>
   <div class='ocr_carea' id='block_1_75' title="bbox 2154 3073 2375 3122">
    <p class='ocr_par' dir='ltr' id='par_1_75' title="bbox 2154 3073 2375 3122">
     <span class='ocr_line' id='line_1_75' title="bbox 2154 3073 2375 3122; baseline 0 0"><span class='ocrx_word' id='word_1_454' title='bbox 2154 3073 2375 3122; x_wconf 88' lang='lat' dir='ltr'>manet.</span> 
     </span>
    </p>
   </div>
   <div class='ocr_carea' id='block_1_76' title="bbox 2225 3155 2890 3227">
    <p class='ocr_par' dir='ltr' id='par_1_76' title="bbox 2225 3155 2890 3227">
     <span class='ocr_line' id='line_1_76' title="bbox 2225 3155 2890 3227; baseline -0.003 -15"><span class='ocrx_word' id='word_1_455' title='bbox 2225 3160 2400 3227; x_wconf 90' lang='lat' dir='ltr'>Asna,</span> <span class='ocrx_word' id='word_1_456' title='bbox 2436 3157 2494 3212; x_wconf 88' lang='lat' dir='ltr'>in</span> <span class='ocrx_word' id='word_1_457' title='bbox 2518 3156 2672 3211; x_wconf 89' lang='lat' dir='ltr'>tribu</span> <span class='ocrx_word' id='word_1_458' title='bbox 2703 3155 2890 3210; x_wconf 67' lang='lat' dir='ltr'>Judae.</span> 
     </span>
    </p>
   </div>
   <div class='ocr_carea' id='block_1_77' title="bbox 2229 3239 3808 3314">
    <p class='ocr_par' dir='ltr' id='par_1_77' title="bbox 2229 3239 3808 3314">
     <span class='ocr_line' id='line_1_77' title="bbox 2229 3239 3808 3314; baseline -0.002 -15"><span class='ocrx_word' id='word_1_459' title='bbox 2229 3245 2517 3314; x_wconf 84' lang='lat' dir='ltr'>Adollam,</span> <span class='ocrx_word' id='word_1_460' title='bbox 2552 3244 2612 3300; x_wconf 90' lang='lat' dir='ltr'>in</span> <span class='ocrx_word' id='word_1_461' title='bbox 2657 3245 2813 3300; x_wconf 85' lang='lat' dir='ltr'>tribu</span> <span class='ocrx_word' id='word_1_462' title='bbox 2862 3244 3064 3300; x_wconf 71' lang='lat' dir='ltr'>Judm:</span> <span class='ocrx_word' id='word_1_463' title='bbox 3117 3247 3174 3298; x_wconf 92' lang='lat' dir='ltr'>et</span> <span class='ocrx_word' id='word_1_464' title='bbox 3221 3257 3408 3314; x_wconf 89' lang='lat' dir='ltr'>usque</span> <span class='ocrx_word' id='word_1_465' title='bbox 3437 3241 3607 3297; x_wconf 90' lang='lat' dir='ltr'>hodie</span> <span class='ocrx_word' id='word_1_466' title='bbox 3637 3239 3808 3296; x_wconf 90' lang='lat' dir='ltr'>vicus</span> 
     </span>
    </p>
   </div>
   <div class='ocr_carea' id='block_1_78' title="bbox 2161 3328 3808 3406">
    <p class='ocr_par' dir='ltr' id='par_1_78' title="bbox 2161 3328 3808 3406">
     <span class='ocr_line' id='line_1_78' title="bbox 2161 3328 3808 3406; baseline -0.003 -16"><span class='ocrx_word' id='word_1_467' title='bbox 2161 3351 2276 3390; x_wconf 89' lang='lat' dir='ltr'>non</span> <span class='ocrx_word' id='word_1_468' title='bbox 2310 3351 2526 3406; x_wconf 87' lang='lat' dir='ltr'>parvus</span> <span class='ocrx_word' id='word_1_469' title='bbox 2558 3335 2626 3389; x_wconf 91' lang='lat' dir='ltr'>ad</span> <span class='ocrx_word' id='word_1_470' title='bbox 2652 3335 2935 3389; x_wconf 90' lang='lat' dir='ltr'>orientem</span> <span class='ocrx_word' id='word_1_471' title='bbox 2958 3329 3468 3404; x_wconf 87' lang='lat' dir='ltr'>Eleutheropoleos</span> <span class='ocrx_word' id='word_1_472' title='bbox 3490 3329 3550 3386; x_wconf 89' lang='lat' dir='ltr'>in</span> <span class='ocrx_word' id='word_1_473' title='bbox 3576 3328 3808 3386; x_wconf 87' lang='lat' dir='ltr'>decimo</span> 
     </span>
    </p>
   </div>
   <div class='ocr_carea' id='block_1_79' title="bbox 2159 3421 3286 3494">
    <p class='ocr_par' dir='ltr' id='par_1_79' title="bbox 2159 3421 3286 3494">
     <span class='ocr_line' id='line_1_79' title="bbox 2159 3421 3286 3494; baseline -0.003 -16"><span class='ocrx_word' id='word_1_474' title='bbox 2159 3425 2288 3494; x_wconf 86' lang='lat' dir='ltr'>ejus</span> <span class='ocrx_word' id='word_1_475' title='bbox 2321 3423 2594 3478; x_wconf 89' lang='lat' dir='ltr'>milliario</span> <span class='ocrx_word' id='word_1_476' title='bbox 2627 3422 2734 3477; x_wconf 91' lang='lat' dir='ltr'>hoc</span> <span class='ocrx_word' id='word_1_477' title='bbox 2765 3425 3000 3478; x_wconf 86' lang='lat' dir='ltr'>vocatur</span> <span class='ocrx_word' id='word_1_478' title='bbox 3029 3421 3286 3476; x_wconf 88' lang='lat' dir='ltr'>nomine.</span> 
     </span>
    </p>
   </div>
   <div class='ocr_carea' id='block_1_80' title="bbox 2234 3508 3808 3580">
    <p class='ocr_par' dir='ltr' id='par_1_80' title="bbox 2234 3508 3808 3580">
     <span class='ocr_line' id='line_1_80' title="bbox 2234 3508 3808 3580; baseline -0.001 -15"><span class='ocrx_word' id='word_1_479' title='bbox 2234 3512 2550 3580; x_wconf 87' lang='lat' dir='ltr'>Aditbaim,</span> <span class='ocrx_word' id='word_1_480' title='bbox 2586 3512 2644 3566; x_wconf 91' lang='lat' dir='ltr'>in</span> <span class='ocrx_word' id='word_1_481' title='bbox 2679 3516 2833 3566; x_wconf 88' lang='lat' dir='ltr'>sorte</span> <span class='ocrx_word' id='word_1_482' title='bbox 2863 3511 3052 3567; x_wconf 90' lang='lat' dir='ltr'>tribus</span> <span class='ocrx_word' id='word_1_483' title='bbox 3073 3509 3260 3566; x_wconf 65' lang='lat' dir='ltr'>Judaz.</span> <span class='ocrx_word' id='word_1_484' title='bbox 3284 3508 3507 3566; x_wconf 84' lang='lat' dir='ltr'>Dicitur</span> <span class='ocrx_word' id='word_1_485' title='bbox 3526 3512 3723 3564; x_wconf 88' lang='lat' dir='ltr'>autem</span> <span class='ocrx_word' id='word_1_486' title='bbox 3745 3512 3808 3564; x_wconf 91' lang='lat' dir='ltr'>et</span> 
     </span>
    </p>
   </div>
   <div class='ocr_carea' id='block_1_81' title="bbox 2159 3596 3805 3672">
    <p class='ocr_par' dir='ltr' id='par_1_81' title="bbox 2159 3596 3805 3672">
     <span class='ocr_line' id='line_1_81' title="bbox 2159 3596 3805 3672; baseline -0.003 -15"><span class='ocrx_word' id='word_1_487' title='bbox 2159 3602 2426 3672; x_wconf 66' lang='lat' dir='ltr'>quaedam</span> <span class='ocrx_word' id='word_1_488' title='bbox 2457 3600 2657 3656; x_wconf 88' lang='lat' dir='ltr'>villula</span> <span class='ocrx_word' id='word_1_489' title='bbox 2685 3601 2853 3669; x_wconf 86' lang='lat' dir='ltr'>Adia,</span> <span class='ocrx_word' id='word_1_490' title='bbox 2880 3601 3047 3671; x_wconf 89' lang='lat' dir='ltr'>juxta</span> <span class='ocrx_word' id='word_1_491' title='bbox 3070 3603 3304 3664; x_wconf 86' lang='lat' dir='ltr'>Gazam,</span> <span class='ocrx_word' id='word_1_492' title='bbox 3335 3603 3392 3654; x_wconf 91' lang='lat' dir='ltr'>et</span> <span class='ocrx_word' id='word_1_493' title='bbox 3420 3597 3535 3653; x_wconf 87' lang='lat' dir='ltr'>alia</span> <span class='ocrx_word' id='word_1_494' title='bbox 3569 3596 3805 3667; x_wconf 87' lang='lat' dir='ltr'>Aditba,</span> 
     </span>
    </p>
   </div>
   <div class='ocr_carea' id='block_1_82' title="bbox 2159 3685 3807 3762">
    <p class='ocr_par' dir='ltr' id='par_1_82' title="bbox 2159 3685 3807 3762">
     <span class='ocr_line' id='line_1_82' title="bbox 2159 3685 3807 3762; baseline -0.002 -17"><span class='ocrx_word' id='word_1_495' title='bbox 2159 3692 2311 3746; x_wconf 87' lang='lat' dir='ltr'>circa</span> <span class='ocrx_word' id='word_1_496' title='bbox 2337 3689 2676 3762; x_wconf 90' lang='lat' dir='ltr'>Diospolim,</span> <span class='ocrx_word' id='word_1_497' title='bbox 2731 3689 2899 3762; x_wconf 90' lang='lat' dir='ltr'>quasi</span> <span class='ocrx_word' id='word_1_498' title='bbox 2944 3689 3013 3745; x_wconf 90' lang='lat' dir='ltr'>ad</span> <span class='ocrx_word' id='word_1_499' title='bbox 3074 3687 3415 3744; x_wconf 88' lang='lat' dir='ltr'>orientalem</span> <span class='ocrx_word' id='word_1_500' title='bbox 3449 3685 3681 3760; x_wconf 82' lang='lat' dir='ltr'>plagam</span> <span class='ocrx_word' id='word_1_501' title='bbox 3714 3703 3807 3742; x_wconf 89' lang='lat' dir='ltr'>rc-</span> 
     </span>
    </p>
   </div>
   <div class='ocr_carea' id='block_1_83' title="bbox 2158 3779 2434 3852">
    <p class='ocr_par' dir='ltr' id='par_1_83' title="bbox 2158 3779 2434 3852">
     <span class='ocr_line' id='line_1_83' title="bbox 2158 3779 2434 3852; baseline -0.011 -16"><span class='ocrx_word' id='word_1_502' title='bbox 2158 3779 2434 3852; x_wconf 80' lang='lat' dir='ltr'>Spiciens.</span> 
     </span>
    </p>
   </div>
   <div class='ocr_carea' id='block_1_84' title="bbox 2228 3863 3808 3938">
    <p class='ocr_par' dir='ltr' id='par_1_84' title="bbox 2228 3863 3808 3938">
     <span class='ocr_line' id='line_1_84' title="bbox 2228 3863 3808 3938; baseline -0.002 -16"><span class='ocrx_word' id='word_1_503' title='bbox 2228 3869 2420 3923; x_wconf 83' lang='lat' dir='ltr'>Adasa</span> <span class='ocrx_word' id='word_1_504' title='bbox 2442 3869 2481 3930; x_wconf 75' lang='grc'>⁵,</span> <span class='ocrx_word' id='word_1_505' title='bbox 2515 3868 2574 3922; x_wconf 90' lang='lat' dir='ltr'>in</span> <span class='ocrx_word' id='word_1_506' title='bbox 2606 3868 2760 3922; x_wconf 81' lang='lat' dir='ltr'>tribu</span> <span class='ocrx_word' id='word_1_507' title='bbox 2791 3867 2974 3931; x_wconf 75' lang='lat' dir='ltr'>Judae,</span> <span class='ocrx_word' id='word_1_508' title='bbox 3011 3883 3199 3938; x_wconf 89' lang='lat' dir='ltr'>usque</span> <span class='ocrx_word' id='word_1_509' title='bbox 3250 3865 3422 3921; x_wconf 91' lang='lat' dir='ltr'>hodie</span> <span class='ocrx_word' id='word_1_510' title='bbox 3449 3863 3610 3920; x_wconf 89' lang='lat' dir='ltr'>vicus</span> <span class='ocrx_word' id='word_1_511' title='bbox 3631 3866 3808 3935; x_wconf 77' lang='lat' dir='ltr'>juxta</span> 
     </span>
    </p>
   </div>
   <div class='ocr_carea' id='block_1_85' title="bbox 2157 3953 3806 4028">
    <p class='ocr_par' dir='ltr' id='par_1_85' title="bbox 2157 3953 3806 4028">
     <span class='ocr_line' id='line_1_85' title="bbox 2157 3953 3806 4028; baseline -0.002 -15"><span class='ocrx_word' id='word_1_512' title='bbox 2157 3957 2462 4028; x_wconf 88' lang='lat' dir='ltr'>Guphnas.</span> <span class='ocrx_word' id='word_1_513' title='bbox 2496 3957 2628 4028; x_wconf 87' lang='lat' dir='ltr'>(Sed</span> <span class='ocrx_word' id='word_1_514' title='bbox 2659 3957 2839 4011; x_wconf 89' lang='lat' dir='ltr'>miror</span> <span class='ocrx_word' id='word_1_515' title='bbox 2860 3957 3153 4028; x_wconf 91' lang='lat' dir='ltr'>quomodo</span> <span class='ocrx_word' id='word_1_516' title='bbox 3175 3955 3590 4027; x_wconf 84' lang='lat' dir='ltr'>Guphnensem</span> <span class='ocrx_word' id='word_1_517' title='bbox 3617 3953 3806 4026; x_wconf 82' lang='lat' dir='ltr'>regio-</span> 
     </span>
    </p>
   </div>
   <div class='ocr_carea' id='block_1_86' title="bbox 2157 4041 3812 4116">
    <p class='ocr_par' dir='ltr' id='par_1_86' title="bbox 2157 4041 3812 4116">
     <span class='ocr_line' id='line_1_86' title="bbox 2157 4041 3812 4116; baseline -0.002 -16"><span class='ocrx_word' id='word_1_518' title='bbox 2157 4062 2288 4101; x_wconf 89' lang='lat' dir='ltr'>nem</span> <span class='ocrx_word' id='word_1_519' title='bbox 2321 4045 2377 4099; x_wconf 91' lang='lat' dir='ltr'>in</span> <span class='ocrx_word' id='word_1_520' title='bbox 2411 4045 2565 4100; x_wconf 85' lang='lat' dir='ltr'>tribu</span> <span class='ocrx_word' id='word_1_521' title='bbox 2596 4044 2760 4100; x_wconf 82' lang='lat' dir='ltr'>Judae</span> <span class='ocrx_word' id='word_1_522' title='bbox 2805 4044 3086 4115; x_wconf 90' lang='lat' dir='ltr'>posuerit,</span> <span class='ocrx_word' id='word_1_523' title='bbox 3139 4059 3272 4099; x_wconf 90' lang='lat' dir='ltr'>cum</span> <span class='ocrx_word' id='word_1_524' title='bbox 3323 4041 3699 4116; x_wconf 88' lang='lat' dir='ltr'>perspicuum</span> <span class='ocrx_word' id='word_1_525' title='bbox 3730 4041 3812 4097; x_wconf 87' lang='lat' dir='ltr'>sit</span> 
     </span>
    </p>
   </div>
   <div class='ocr_carea' id='block_1_87' title="bbox 2155 4129 3810 4190">
    <p class='ocr_par' dir='ltr' id='par_1_87' title="bbox 2155 4129 3810 4190">
     <span class='ocr_line' id='line_1_87' title="bbox 2155 4129 3810 4190; baseline -0.002 0"><span class='ocrx_word' id='word_1_526' title='bbox 2155 4135 2479 4190; x_wconf 87' lang='lat' dir='ltr'>secundum</span> <span class='ocrx_word' id='word_1_527' title='bbox 2515 4134 2731 4188; x_wconf 90' lang='lat' dir='ltr'>librum</span> <span class='ocrx_word' id='word_1_528' title='bbox 2789 4131 2926 4188; x_wconf 89' lang='lat' dir='ltr'>Jesu</span> <span class='ocrx_word' id='word_1_529' title='bbox 2981 4131 3040 4188; x_wconf 91' lang='lat' dir='ltr'>in</span> <span class='ocrx_word' id='word_1_530' title='bbox 3095 4138 3311 4188; x_wconf 89' lang='lat' dir='ltr'>sortem</span> <span class='ocrx_word' id='word_1_531' title='bbox 3367 4147 3494 4187; x_wconf 90' lang='lat' dir='ltr'>eam</span> <span class='ocrx_word' id='word_1_532' title='bbox 3525 4129 3810 4187; x_wconf 80' lang='lat' dir='ltr'>cecidisse</span> 
     </span>
    </p>
   </div>
   <div class='ocr_carea' id='block_1_88' title="bbox 2155 4222 2746 4295">
    <p class='ocr_par' dir='ltr' id='par_1_88' title="bbox 2155 4222 2746 4295">
     <span class='ocr_line' id='line_1_88' title="bbox 2155 4222 2746 4295; baseline -0.003 -17"><span class='ocrx_word' id='word_1_533' title='bbox 2155 4223 2344 4279; x_wconf 87' lang='lat' dir='ltr'>tribus</span> <span class='ocrx_word' id='word_1_534' title='bbox 2376 4223 2653 4295; x_wconf 88' lang='lat' dir='ltr'>Ephraim</span> <span class='ocrx_word' id='word_1_535' title='bbox 2679 4222 2746 4292; x_wconf 76' lang='grc'>⁸.)</span> 
     </span>
    </p>
   </div>
   <div class='ocr_carea' id='block_1_89' title="bbox 2224 4311 2930 4376">
    <p class='ocr_par' dir='ltr' id='par_1_89' title="bbox 2224 4311 2930 4376">
     <span class='ocr_line' id='line_1_89' title="bbox 2224 4311 2930 4376; baseline -0.003 -9"><span class='ocrx_word' id='word_1_536' title='bbox 2224 4313 2420 4376; x_wconf 87' lang='lat' dir='ltr'>Atbcr,</span> <span class='ocrx_word' id='word_1_537' title='bbox 2463 4311 2522 4365; x_wconf 90' lang='lat' dir='ltr'>in</span> <span class='ocrx_word' id='word_1_538' title='bbox 2555 4311 2713 4366; x_wconf 87' lang='lat' dir='ltr'>tribu</span> <span class='ocrx_word' id='word_1_539' title='bbox 2745 4311 2930 4367; x_wconf 68' lang='lat' dir='ltr'>Judte.</span> 
     </span>
    </p>
   </div>
   <div class='ocr_carea' id='block_1_90' title="bbox 2223 4396 3801 4472">
    <p class='ocr_par' dir='ltr' id='par_1_90' title="bbox 2223 4396 3801 4472">
     <span class='ocr_line' id='line_1_90' title="bbox 2223 4396 3801 4472; baseline -0.001 -19"><span class='ocrx_word' id='word_1_540' title='bbox 2223 4401 2400 4463; x_wconf 86' lang='lat' dir='ltr'>Asan,</span> <span class='ocrx_word' id='word_1_541' title='bbox 2441 4398 2500 4453; x_wconf 88' lang='lat' dir='ltr'>in</span> <span class='ocrx_word' id='word_1_542' title='bbox 2530 4398 2685 4453; x_wconf 90' lang='lat' dir='ltr'>tribu</span> <span class='ocrx_word' id='word_1_543' title='bbox 2717 4400 2904 4456; x_wconf 73' lang='lat' dir='ltr'>Judaa.</span> <span class='ocrx_word' id='word_1_544' title='bbox 2932 4400 3034 4456; x_wconf 86' lang='lat' dir='ltr'>Est</span> <span class='ocrx_word' id='word_1_545' title='bbox 3072 4415 3257 4472; x_wconf 88' lang='lat' dir='ltr'>usque</span> <span class='ocrx_word' id='word_1_546' title='bbox 3302 4397 3474 4456; x_wconf 87' lang='lat' dir='ltr'>hodie</span> <span class='ocrx_word' id='word_1_547' title='bbox 3500 4396 3661 4453; x_wconf 88' lang='lat' dir='ltr'>vicus</span> <span class='ocrx_word' id='word_1_548' title='bbox 3695 4412 3801 4452; x_wconf 92' lang='lat' dir='ltr'>no-</span> 
     </span>
    </p>
   </div>
   <div class='ocr_carea' id='block_1_91' title="bbox 2154 4540 3800 4612">
    <p class='ocr_par' dir='ltr' id='par_1_91' title="bbox 2154 4540 3800 4612">
     <span class='ocr_line' id='line_1_91' title="bbox 2154 4540 3800 4612; baseline -0.001 -16"><span class='ocrx_word' id='word_1_549' title='bbox 2154 4546 2272 4596; x_wconf 86' lang='lat' dir='ltr'>tem</span> <span class='ocrx_word' id='word_1_550' title='bbox 2307 4541 2541 4595; x_wconf 90' lang='lat' dir='ltr'>miranti</span> <span class='ocrx_word' id='word_1_551' title='bbox 2575 4541 2780 4596; x_wconf 90' lang='lat' dir='ltr'>urbem</span> <span class='ocrx_word' id='word_1_552' title='bbox 2811 4541 2962 4596; x_wconf 88' lang='lat' dir='ltr'>banc</span> <span class='ocrx_word' id='word_1_553' title='bbox 3009 4541 3122 4597; x_wconf 90' lang='lat' dir='ltr'>dici</span> <span class='ocrx_word' id='word_1_554' title='bbox 3167 4541 3272 4596; x_wconf 90' lang='lat' dir='ltr'>abs</span> <span class='ocrx_word' id='word_1_555' title='bbox 3301 4540 3650 4612; x_wconf 78' lang='lat' dir='ltr'>Hieronymo</span> <span class='ocrx_word' id='word_1_556' title='bbox 3677 4540 3800 4596; x_wconf 76' lang='lat' dir='ltr'>Cm-</span> 
     </span>
    </p>
   </div>
   <div class='ocr_carea' id='block_1_92' title="bbox 2151 4611 3798 4684">
    <p class='ocr_par' dir='ltr' id='par_1_92' title="bbox 2151 4611 3798 4684">
     <span class='ocr_line' id='line_1_92' title="bbox 2151 4611 3798 4684; baseline -0.001 -17"><span class='ocrx_word' id='word_1_557' title='bbox 2151 4613 2397 4684; x_wconf 71' lang='lat' dir='ltr'>lesyrim,</span> <span class='ocrx_word' id='word_1_558' title='bbox 2445 4629 2568 4666; x_wconf 84' lang='lat' dir='ltr'>cum</span> <span class='ocrx_word' id='word_1_559' title='bbox 2615 4621 2722 4666; x_wconf 78' lang='lat' dir='ltr'>tota</span> <span class='ocrx_word' id='word_1_560' title='bbox 2767 4614 3062 4683; x_wconf 64' lang='lat' dir='ltr'>Caelesyria</span> <span class='ocrx_word' id='word_1_561' title='bbox 3113 4613 3364 4668; x_wconf 77' lang='lat' dir='ltr'>videatur</span> <span class='ocrx_word' id='word_1_562' title='bbox 3412 4611 3589 4684; x_wconf 72' lang='lat' dir='ltr'>fuisse</span> <span class='ocrx_word' id='word_1_563' title='bbox 3635 4619 3798 4684; x_wconf 58' lang='lat' dir='ltr'>actm</span> 
     </span>
    </p>
   </div>
   <div class='ocr_carea' id='block_1_93' title="bbox 383 4669 2035 4756">
    <p class='ocr_par' dir='ltr' id='par_1_93' title="bbox 383 4669 2035 4756">
     <span class='ocr_line' id='line_1_93' title="bbox 383 4669 2035 4756; baseline -0.002 -30"><span class='ocrx_word' id='word_1_564' title='bbox 383 4671 652 4756; x_wconf 42' lang='lat' dir='ltr'>data&#39;c&#39;st.</span> <span class='ocrx_word' id='word_1_565' title='bbox 696 4669 1202 4756; x_wconf 26' lang='lat' dir='ltr'>Atqu&#39;e‘adco’lcvi</span> <span class='ocrx_word' id='word_1_566' title='bbox 1251 4669 1332 4756; x_wconf 35' lang='lat' dir='ltr'>de.</span> <span class='ocrx_word' id='word_1_567' title='bbox 1368 4686 1546 4756; x_wconf 71' lang='lat' dir='ltr'>causa</span> <span class='ocrx_word' id='word_1_568' title='bbox 1599 4669 1932 4756; x_wconf 46' lang='lat' dir='ltr'>Bo‘nfr‘erius</span> <span class='ocrx_word' id='word_1_569' title='bbox 1963 4671 2035 4723; x_wconf 89' lang='lat' dir='ltr'>ab</span> 
     </span>
    </p>
   </div>
   <div class='ocr_carea' id='block_1_94' title="bbox 2196 4669 3791 4756">
    <p class='ocr_par' dir='ltr' id='par_1_94' title="bbox 2196 4669 3791 4756">
     <span class='ocr_line' id='line_1_94' title="bbox 2196 4669 3791 4756; baseline -0.001 -18"><span class='ocrx_word' id='word_1_570' title='bbox 2196 4669 2406 4738; x_wconf 50' lang='lat' dir='ltr'>rubiian</span> <span class='ocrx_word' id='word_1_571' title='bbox 2435 4688 2602 4740; x_wconf 71' lang='lat' dir='ltr'>teme</span> <span class='ocrx_word' id='word_1_572' title='bbox 2659 4669 3053 4752; x_wconf 37' lang='lat' dir='ltr'>lvacliLzr&#39;um,</span> <span class='ocrx_word' id='word_1_573' title='bbox 3117 4669 3428 4756; x_wconf 72' lang='lat' dir='ltr'>respondet</span> <span class='ocrx_word' id='word_1_574' title='bbox 3481 4682 3791 4756; x_wconf 18' lang='lat' dir='ltr'>Relandkus,</span> 
     </span>
    </p>
   </div>
   <div class='ocr_carea' id='block_1_95' title="bbox 384 4740 2030 4814">
    <p class='ocr_par' dir='ltr' id='par_1_95' title="bbox 384 4740 2030 4814">
     <span class='ocr_line' id='line_1_95' title="bbox 384 4740 2030 4814; baseline -0.001 -18"><span class='ocrx_word' id='word_1_575' title='bbox 384 4742 629 4798; x_wconf 81' lang='lat' dir='ltr'>Eusebio</span> <span class='ocrx_word' id='word_1_576' title='bbox 687 4760 754 4798; x_wconf 89' lang='lat' dir='ltr'>ac</span> <span class='ocrx_word' id='word_1_577' title='bbox 791 4740 809 4743; x_wconf 55' lang='grc'><strong><em>“</em></strong></span> <span class='ocrx_word' id='word_1_578' title='bbox 845 4743 1231 4814; x_wconf 13' lang='lat' dir='ltr'>Hieronymo,</span> <span class='ocrx_word' id='word_1_579' title='bbox 1280 4740 1570 4814; x_wconf 81' lang='lat' dir='ltr'>dissentit,</span> <span class='ocrx_word' id='word_1_580' title='bbox 1637 4740 2030 4814; x_wconf 82' lang='lat' dir='ltr'>_tradentibus</span> 
     </span>
    </p>
   </div>
   <div class='ocr_carea' id='block_1_96' title="bbox 381 4810 2026 4884">
    <p class='ocr_par' dir='ltr' id='par_1_96' title="bbox 381 4810 2026 4884">
     <span class='ocr_line' id='line_1_96' title="bbox 381 4810 2026 4884; baseline -0.001 -16"><span class='ocrx_word' id='word_1_581' title='bbox 381 4814 615 4884; x_wconf 87' lang='lat' dir='ltr'>Apheca</span> <span class='ocrx_word' id='word_1_582' title='bbox 652 4813 970 4870; x_wconf 86' lang='lat' dir='ltr'>terminum</span> <span class='ocrx_word' id='word_1_583' title='bbox 1016 4810 1478 4869; x_wconf 70' lang='lat' dir='ltr'>Amorrhazorum</span> <span class='ocrx_word' id='word_1_584' title='bbox 1529 4810 1586 4863; x_wconf 89' lang='lat' dir='ltr'>in</span> <span class='ocrx_word' id='word_1_585' title='bbox 1637 4811 1839 4864; x_wconf 89' lang='lat' dir='ltr'>Ruben</span> <span class='ocrx_word' id='word_1_586' title='bbox 1873 4812 2026 4866; x_wconf 90' lang='lat' dir='ltr'>tribu</span> 
     </span>
    </p>
   </div>
   <div class='ocr_carea' id='block_1_97' title="bbox 382 4885 697 4940">
    <p class='ocr_par' dir='ltr' id='par_1_97' title="bbox 382 4885 697 4940">
     <span class='ocr_line' id='line_1_97' title="bbox 382 4885 697 4940; baseline 0.003 0"><span class='ocrx_word' id='word_1_587' title='bbox 382 4885 697 4940; x_wconf 85' lang='lat' dir='ltr'>exstitisse.</span> 
     </span>
    </p>
   </div>
   <div class='ocr_carea' id='block_1_98' title="bbox 441 4951 2026 5027">
    <p class='ocr_par' dir='ltr' id='par_1_98' title="bbox 441 4951 2026 5027">
     <span class='ocr_line' id='line_1_98' title="bbox 441 4951 2026 5027; baseline -0.003 -16"><span class='ocrx_word' id='word_1_588' title='bbox 441 4958 663 5011; x_wconf 73' lang='lat' dir='ltr'>&#39;ltwta</span> <span class='ocrx_word' id='word_1_589' title='bbox 720 4957 960 5027; x_wconf 79' lang='lat' dir='ltr'>Hippum</span> <span class='ocrx_word' id='word_1_590' title='bbox 1014 4956 1201 5027; x_wconf 75' lang='lat' dir='ltr'>urbem</span> <span class='ocrx_word' id='word_1_591' title='bbox 1229 4953 1602 5027; x_wconf 42' lang='lat' dir='ltr'>“Palaestram.</span> <span class='ocrx_word' id='word_1_592' title='bbox 1670 4951 1840 5027; x_wconf 71' lang='lat' dir='ltr'>Editi</span> <span class='ocrx_word' id='word_1_593' title='bbox 1890 4951 2026 5008; x_wconf 85' lang='lat' dir='ltr'>libri</span> 
     </span>
    </p>
   </div>
   <div class='ocr_carea' id='block_1_99' title="bbox 374 5022 2021 5098">
    <p class='ocr_par' dir='ltr' id='par_1_99' title="bbox 374 5022 2021 5098">
     <span class='ocr_line' id='line_1_99' title="bbox 374 5022 2021 5098; baseline -0.001 -18"><span class='ocrx_word' id='word_1_594' title='bbox 374 5034 710 5098; x_wconf 88' lang='lat' dir='ltr'>corruptam</span> <span class='ocrx_word' id='word_1_595' title='bbox 765 5022 873 5081; x_wconf 80' lang='lat' dir='ltr'>hoc</span> <span class='ocrx_word' id='word_1_596' title='bbox 928 5027 1051 5080; x_wconf 92' lang='lat' dir='ltr'>loco</span> <span class='ocrx_word' id='word_1_597' title='bbox 1112 5022 1388 5078; x_wconf 86' lang='lat' dir='ltr'>exhibent</span> <span class='ocrx_word' id='word_1_598' title='bbox 1445 5023 1755 5098; x_wconf 72' lang='lat' dir='ltr'>lectionem</span> <span class='ocrx_word' id='word_1_599' title='bbox 1829 5023 2021 5091; x_wconf 86' lang='lat' dir='ltr'>istam,</span> 
     </span>
    </p>
   </div>
   <div class='ocr_carea' id='block_1_100' title="bbox 365 5095 2025 5170">
    <p class='ocr_par' dir='ltr' id='par_1_100' title="bbox 365 5095 2025 5170">
     <span class='ocr_line' id='line_1_100' title="bbox 365 5095 2025 5170; baseline -0.001 -18"><span class='ocrx_word' id='word_1_600' title='bbox 365 5095 823 5170; x_wconf 48' lang='lat' dir='ltr'>juxta—oppidum</span> <span class='ocrx_word' id='word_1_601' title='bbox 855 5097 1190 5163; x_wconf 61' lang='lat' dir='ltr'>I’almstz&#39;nzc,</span> <span class='ocrx_word' id='word_1_602' title='bbox 1227 5110 1368 5170; x_wconf 84' lang='lat' dir='ltr'>mss.</span> <span class='ocrx_word' id='word_1_603' title='bbox 1402 5099 1597 5170; x_wconf 83' lang='lat' dir='ltr'>autem</span> <span class='ocrx_word' id='word_1_604' title='bbox 1630 5095 2025 5170; x_wconf 65' lang='lat' dir='ltr'>codicescon-</span> 
     </span>
    </p>
   </div>
   <div class='ocr_carea' id='block_1_101' title="bbox 377 5166 2027 5238">
    <p class='ocr_par' dir='ltr' id='par_1_101' title="bbox 377 5166 2027 5238">
     <span class='ocr_line' id='line_1_101' title="bbox 377 5166 2027 5238; baseline 0.002 -17"><span class='ocrx_word' id='word_1_605' title='bbox 377 5166 641 5223; x_wconf 71' lang='lat' dir='ltr'>formiler</span> <span class='ocrx_word' id='word_1_606' title='bbox 702 5168 898 5224; x_wconf 65' lang='lat' dir='ltr'>Grmco</span> <span class='ocrx_word' id='word_1_607' title='bbox 957 5171 1014 5222; x_wconf 88' lang='lat' dir='ltr'>ct</span> <span class='ocrx_word' id='word_1_608' title='bbox 1088 5166 1388 5220; x_wconf 78' lang='lat' dir='ltr'>sententiae</span> <span class='ocrx_word' id='word_1_609' title='bbox 1472 5166 1788 5238; x_wconf 79' lang='lat' dir='ltr'>scriptoris,</span> <span class='ocrx_word' id='word_1_610' title='bbox 1850 5169 2027 5238; x_wconf 65' lang='lat' dir='ltr'>jzwta</span> 
     </span>
    </p>
   </div>
   <div class='ocr_carea' id='block_1_102' title="bbox 375 5237 1781 5308">
    <p class='ocr_par' dir='ltr' id='par_1_102' title="bbox 375 5237 1781 5308">
     <span class='ocr_line' id='line_1_102' title="bbox 375 5237 1781 5308; baseline -0.002 -16"><span class='ocrx_word' id='word_1_611' title='bbox 375 5239 610 5308; x_wconf 69' lang='lat' dir='ltr'>[lippum</span> <span class='ocrx_word' id='word_1_612' title='bbox 639 5241 831 5293; x_wconf 80' lang='lat' dir='ltr'>urbem</span> <span class='ocrx_word' id='word_1_613' title='bbox 859 5238 1201 5304; x_wconf 63' lang='lat' dir='ltr'>Dalmatium,</span> <span class='ocrx_word' id='word_1_614' title='bbox 1236 5243 1300 5291; x_wconf 90' lang='lat' dir='ltr'>ut</span> <span class='ocrx_word' id='word_1_615' title='bbox 1331 5254 1436 5291; x_wconf 88' lang='lat' dir='ltr'>nos</span> <span class='ocrx_word' id='word_1_616' title='bbox 1468 5237 1781 5292; x_wconf 85' lang='lat' dir='ltr'>edidimus.</span> 
     </span>
    </p>
   </div>
   <div class='ocr_carea' id='block_1_103' title="bbox 444 5312 2022 5397">
    <p class='ocr_par' dir='ltr' id='par_1_103' title="bbox 444 5312 2022 5397">
     <span class='ocr_line' id='line_1_103' title="bbox 444 5312 2022 5397; baseline 0.002 -17"><span class='ocrx_word' id='word_1_617' title='bbox 444 5328 466 5362; x_wconf 84' lang='grc'>³</span> <span class='ocrx_word' id='word_1_618' title='bbox 499 5328 794 5397; x_wconf 86' lang='lat' dir='ltr'>lntegrum</span> <span class='ocrx_word' id='word_1_619' title='bbox 826 5343 1037 5382; x_wconf 89' lang='lat' dir='ltr'>nomen</span> <span class='ocrx_word' id='word_1_620' title='bbox 1068 5325 1292 5380; x_wconf 87' lang='lat' dir='ltr'>videtur</span> <span class='ocrx_word' id='word_1_621' title='bbox 1321 5326 1589 5392; x_wconf 70' lang='lat' dir='ltr'>Bue/gad.</span> <span class='ocrx_word' id='word_1_622' title='bbox 1626 5312 1807 5390; x_wconf 61' lang='lat'>125&#39;}:</span> <span class='ocrx_word' id='word_1_623' title='bbox 1845 5331 2022 5383; x_wconf 81' lang='lat' dir='ltr'>Josue</span> 
     </span>
    </p>
   </div>
   <div class='ocr_carea' id='block_1_104' title="bbox 375 5397 2018 5466">
    <p class='ocr_par' dir='ltr' id='par_1_104' title="bbox 375 5397 2018 5466">
     <span class='ocr_line' id='line_1_104' title="bbox 375 5397 2018 5466; baseline 0.001 -14"><span class='ocrx_word' id='word_1_624' title='bbox 375 5413 436 5458; x_wconf 83' lang='lat' dir='ltr'>Ii,</span> <span class='ocrx_word' id='word_1_625' title='bbox 473 5399 557 5460; x_wconf 83' lang='lat' dir='ltr'>i7,</span> <span class='ocrx_word' id='word_1_626' title='bbox 591 5404 646 5451; x_wconf 88' lang='lat' dir='ltr'>et</span> <span class='ocrx_word' id='word_1_627' title='bbox 676 5415 798 5466; x_wconf 85' lang='lat' dir='ltr'>xm,</span> <span class='ocrx_word' id='word_1_628' title='bbox 829 5399 882 5452; x_wconf 88' lang='lat'>5.</span> <span class='ocrx_word' id='word_1_629' title='bbox 946 5397 1139 5452; x_wconf 87' lang='lat' dir='ltr'>Minus</span> <span class='ocrx_word' id='word_1_630' title='bbox 1195 5402 1348 5452; x_wconf 86' lang='lat' dir='ltr'>certe</span> <span class='ocrx_word' id='word_1_631' title='bbox 1408 5404 1556 5452; x_wconf 85' lang='lat' dir='ltr'>recte</span> <span class='ocrx_word' id='word_1_632' title='bbox 1602 5398 1818 5452; x_wconf 82' lang='lat' dir='ltr'>habent</span> <span class='ocrx_word' id='word_1_633' title='bbox 1849 5401 2018 5454; x_wconf 86' lang='lat' dir='ltr'>codd.</span> 
     </span>
    </p>
   </div>
   <div class='ocr_carea' id='block_1_105' title="bbox 372 5468 2020 5540">
    <p class='ocr_par' dir='ltr' id='par_1_105' title="bbox 372 5468 2020 5540">
     <span class='ocr_line' id='line_1_105' title="bbox 372 5468 2020 5540; baseline 0.002 -18"><span class='ocrx_word' id='word_1_634' title='bbox 372 5468 806 5539; x_wconf 84' lang='lat' dir='ltr'>Hieronymiani</span> <span class='ocrx_word' id='word_1_635' title='bbox 837 5469 1005 5538; x_wconf 75' lang='lat' dir='ltr'>Agad,</span> <span class='ocrx_word' id='word_1_636' title='bbox 1057 5471 1225 5536; x_wconf 82' lang='lat' dir='ltr'>cujus</span> <span class='ocrx_word' id='word_1_637' title='bbox 1283 5469 1444 5524; x_wconf 87' lang='lat' dir='ltr'>nulla</span> <span class='ocrx_word' id='word_1_638' title='bbox 1484 5474 1573 5524; x_wconf 90' lang='lat' dir='ltr'>est</span> <span class='ocrx_word' id='word_1_639' title='bbox 1605 5470 1660 5522; x_wconf 91' lang='lat' dir='ltr'>in</span> <span class='ocrx_word' id='word_1_640' title='bbox 1700 5471 2020 5540; x_wconf 84' lang='lat' dir='ltr'>Scripturis</span> 
     </span>
    </p>
   </div>
   <div class='ocr_carea' id='block_1_106' title="bbox 377 5541 616 5595">
    <p class='ocr_par' dir='ltr' id='par_1_106' title="bbox 377 5541 616 5595">
     <span class='ocr_line' id='line_1_106' title="bbox 377 5541 616 5595; baseline -0.008 -1"><span class='ocrx_word' id='word_1_641' title='bbox 377 5541 616 5595; x_wconf 86' lang='lat' dir='ltr'>mentio.</span> 
     </span>
    </p>
   </div>
   <div class='ocr_carea' id='block_1_107' title="bbox 443 5611 2015 5667">
    <p class='ocr_par' dir='ltr' id='par_1_107' title="bbox 443 5611 2015 5667">
     <span class='ocr_line' id='line_1_107' title="bbox 443 5611 2015 5667; baseline 0.001 -3"><span class='ocrx_word' id='word_1_642' title='bbox 443 5611 648 5666; x_wconf 79' lang='lat' dir='ltr'>‘ldem</span> <span class='ocrx_word' id='word_1_643' title='bbox 707 5611 818 5666; x_wconf 85' lang='lat' dir='ltr'>sibi</span> <span class='ocrx_word' id='word_1_644' title='bbox 877 5618 1152 5667; x_wconf 85' lang='lat' dir='ltr'>constans</span> <span class='ocrx_word' id='word_1_645' title='bbox 1212 5613 1378 5666; x_wconf 68' lang='lat' dir='ltr'>«locet</span> <span class='ocrx_word' id='word_1_646' title='bbox 1437 5611 1672 5666; x_wconf 83' lang='lat' dir='ltr'>llicron.</span> <span class='ocrx_word' id='word_1_647' title='bbox 1737 5611 1888 5664; x_wconf 75' lang='lat' dir='ltr'>infra</span> <span class='ocrx_word' id='word_1_648' title='bbox 1944 5612 2015 5665; x_wconf 87' lang='lat' dir='ltr'>ad</span> 
     </span>
    </p>
   </div>
   <div class='ocr_carea' id='block_1_108' title="bbox 367 5681 2018 5754">
    <p class='ocr_par' dir='ltr' id='par_1_108' title="bbox 367 5681 2018 5754">
     <span class='ocr_line' id='line_1_108' title="bbox 367 5681 2018 5754; baseline 0.002 -20"><span class='ocrx_word' id='word_1_649' title='bbox 367 5697 567 5754; x_wconf 85' lang='lat' dir='ltr'>vocem</span> <span class='ocrx_word' id='word_1_650' title='bbox 599 5684 814 5740; x_wconf 83' lang='lat' dir='ltr'>Emalh.</span> <span class='ocrx_word' id='word_1_651' title='bbox 849 5685 917 5738; x_wconf 88' lang='lat' dir='ltr'>de</span> <span class='ocrx_word' id='word_1_652' title='bbox 959 5685 1285 5754; x_wconf 77' lang='lat' dir='ltr'>Regnorum</span> <span class='ocrx_word' id='word_1_653' title='bbox 1338 5682 1537 5747; x_wconf 87' lang='lat' dir='ltr'>libris;</span> <span class='ocrx_word' id='word_1_654' title='bbox 1579 5681 2018 5754; x_wconf 79' lang='lat' dir='ltr'>conﬁrmatque</span> 
     </span>
    </p>
   </div>
   <div class='ocr_carea' id='block_1_109' title="bbox 368 5753 2016 5827">
    <p class='ocr_par' dir='ltr' id='par_1_109' title="bbox 368 5753 2016 5827">
     <span class='ocr_line' id='line_1_109' title="bbox 368 5753 2016 5827; baseline 0.001 -20"><span class='ocrx_word' id='word_1_655' title='bbox 368 5770 430 5808; x_wconf 80' lang='grc' dir='ltr'>ιιι</span> <span class='ocrx_word' id='word_1_656' title='bbox 459 5753 644 5825; x_wconf 87' lang='lat' dir='ltr'>Epist.</span> <span class='ocrx_word' id='word_1_657' title='bbox 679 5757 800 5827; x_wconf 82' lang='lat'>129,</span> <span class='ocrx_word' id='word_1_658' title='bbox 834 5756 903 5811; x_wconf 76' lang='lat' dir='ltr'>ad</span> <span class='ocrx_word' id='word_1_659' title='bbox 945 5753 1302 5821; x_wconf 71' lang='lat' dir='ltr'>Dardanum;</span> <span class='ocrx_word' id='word_1_660' title='bbox 1357 5772 1414 5809; x_wconf 91' lang='lat' dir='ltr'>n.</span> <span class='ocrx_word' id='word_1_661' title='bbox 1467 5755 1521 5807; x_wconf 89' lang='lat'>5.</span> <span class='ocrx_word' id='word_1_662' title='bbox 1576 5753 1878 5809; x_wconf 83' lang='lat' dir='ltr'>Bonfrerio</span> <span class='ocrx_word' id='word_1_663' title='bbox 1911 5771 2016 5808; x_wconf 88' lang='lat' dir='ltr'>au-</span> 
     </span>
    </p>
   </div>
   <div class='ocr_carea' id='block_1_110' title="bbox 1487 6377 1899 6386">
    <p class='ocr_par' dir='ltr' id='par_1_110' title="bbox 1487 6377 1899 6386">
     <span class='ocr_line' id='line_1_110' title="bbox 1487 6377 1899 6386; baseline 0 -2"><span class='ocrx_word' id='word_1_664' title='bbox 1487 6377 1899 6386; x_wconf 87' lang='lat'>—————</span> 
     </span>
    </p>
   </div>
   <div class='ocr_carea' id='block_1_111' title="bbox 2144 4753 3794 4826">
    <p class='ocr_par' dir='ltr' id='par_1_111' title="bbox 2144 4753 3794 4826">
     <span class='ocr_line' id='line_1_111' title="bbox 2144 4753 3794 4826; baseline -0.002 -15"><span class='ocrx_word' id='word_1_665' title='bbox 2144 4771 2331 4826; x_wconf 90' lang='lat' dir='ltr'>neque</span> <span class='ocrx_word' id='word_1_666' title='bbox 2383 4773 2550 4826; x_wconf 84' lang='lat' dir='ltr'>porro</span> <span class='ocrx_word' id='word_1_667' title='bbox 2597 4755 2751 4810; x_wconf 90' lang='lat' dir='ltr'>intra</span> <span class='ocrx_word' id='word_1_668' title='bbox 2813 4761 3026 4810; x_wconf 87' lang='lat' dir='ltr'>terram</span> <span class='ocrx_word' id='word_1_669' title='bbox 3079 4753 3459 4812; x_wconf 75' lang='lat' dir='ltr'>Israéliticam</span> <span class='ocrx_word' id='word_1_670' title='bbox 3510 4772 3544 4826; x_wconf 88' lang='lat' dir='ltr'>a</span> <span class='ocrx_word' id='word_1_671' title='bbox 3593 4754 3652 4810; x_wconf 91' lang='lat' dir='ltr'>S.</span> <span class='ocrx_word' id='word_1_672' title='bbox 3683 4753 3794 4808; x_wconf 76' lang='lat' dir='ltr'>Do-</span> 
     </span>
    </p>
   </div>
   <div class='ocr_carea' id='block_1_112' title="bbox 2142 4825 3795 4898">
    <p class='ocr_par' dir='ltr' id='par_1_112' title="bbox 2142 4825 3795 4898">
     <span class='ocr_line' id='line_1_112' title="bbox 2142 4825 3795 4898; baseline -0.002 -16"><span class='ocrx_word' id='word_1_673' title='bbox 2142 4825 2298 4882; x_wconf 89' lang='lat' dir='ltr'>ctore</span> <span class='ocrx_word' id='word_1_674' title='bbox 2329 4825 2593 4898; x_wconf 84' lang='lat' dir='ltr'>censeri:</span> <span class='ocrx_word' id='word_1_675' title='bbox 2629 4844 2693 4880; x_wconf 89' lang='lat' dir='ltr'>ac</span> <span class='ocrx_word' id='word_1_676' title='bbox 2754 4827 2802 4882; x_wconf 90' lang='lat' dir='ltr'>si</span> <span class='ocrx_word' id='word_1_677' title='bbox 2844 4827 3070 4898; x_wconf 71' lang='lat' dir='ltr'>luisset</span> <span class='ocrx_word' id='word_1_678' title='bbox 3123 4827 3279 4882; x_wconf 85' lang='lat' dir='ltr'>intra</span> <span class='ocrx_word' id='word_1_679' title='bbox 3333 4825 3660 4898; x_wconf 82' lang='lat' dir='ltr'>ejusfines,</span> <span class='ocrx_word' id='word_1_680' title='bbox 3695 4841 3795 4880; x_wconf 88' lang='lat' dir='ltr'>ur-</span> 
     </span>
    </p>
   </div>
   <div class='ocr_carea' id='block_1_113' title="bbox 2140 4897 3792 4969">
    <p class='ocr_par' dir='ltr' id='par_1_113' title="bbox 2140 4897 3792 4969">
     <span class='ocr_line' id='line_1_113' title="bbox 2140 4897 3792 4969; baseline -0.001 -16"><span class='ocrx_word' id='word_1_681' title='bbox 2140 4900 2274 4954; x_wconf 89' lang='lat' dir='ltr'>bem</span> <span class='ocrx_word' id='word_1_682' title='bbox 2331 4897 2652 4969; x_wconf 67' lang='lat' dir='ltr'>Carlesyriaz</span> <span class='ocrx_word' id='word_1_683' title='bbox 2714 4897 3097 4953; x_wconf 89' lang='lat' dir='ltr'>nihilominus</span> <span class='ocrx_word' id='word_1_684' title='bbox 3155 4899 3267 4954; x_wconf 92' lang='lat' dir='ltr'>dici</span> <span class='ocrx_word' id='word_1_685' title='bbox 3329 4897 3592 4969; x_wconf 89' lang='lat' dir='ltr'>potuisse</span> <span class='ocrx_word' id='word_1_686' title='bbox 3637 4899 3792 4969; x_wconf 69' lang='lat' dir='ltr'>vete—</span> 
     </span>
    </p>
   </div>
   <div class='ocr_carea' id='block_1_114' title="bbox 2140 4967 3790 5041">
    <p class='ocr_par' dir='ltr' id='par_1_114' title="bbox 2140 4967 3790 5041">
     <span class='ocr_line' id='line_1_114' title="bbox 2140 4967 3790 5041; baseline -0.001 -17"><span class='ocrx_word' id='word_1_687' title='bbox 2140 4987 2272 5024; x_wconf 88' lang='lat' dir='ltr'>rum</span> <span class='ocrx_word' id='word_1_688' title='bbox 2331 4967 2577 5024; x_wconf 85' lang='lat' dir='ltr'>aliorum</span> <span class='ocrx_word' id='word_1_689' title='bbox 2637 4970 3014 5041; x_wconf 88' lang='lat' dir='ltr'>scriptorum,</span> <span class='ocrx_word' id='word_1_690' title='bbox 3073 4987 3138 5025; x_wconf 88' lang='lat' dir='ltr'>ac</span> <span class='ocrx_word' id='word_1_691' title='bbox 3192 4967 3434 5041; x_wconf 73' lang='lat' dir='ltr'>Josepbi</span> <span class='ocrx_word' id='word_1_692' title='bbox 3467 4967 3790 5041; x_wconf 75' lang='lat' dir='ltr'>praesertim</span> 
     </span>
    </p>
   </div>
   <div class='ocr_carea' id='block_1_115' title="bbox 2139 5041 2427 5111">
    <p class='ocr_par' dir='ltr' id='par_1_115' title="bbox 2139 5041 2427 5111">
     <span class='ocr_line' id='line_1_115' title="bbox 2139 5041 2427 5111; baseline -0.01 -15"><span class='ocrx_word' id='word_1_693' title='bbox 2139 5041 2427 5111; x_wconf 82' lang='lat' dir='ltr'>exemplo.</span> 
     </span>
    </p>
   </div>
   <div class='ocr_carea' id='block_1_116' title="bbox 2207 5109 3788 5184">
    <p class='ocr_par' dir='ltr' id='par_1_116' title="bbox 2207 5109 3788 5184">
     <span class='ocr_line' id='line_1_116' title="bbox 2207 5109 3788 5184; baseline 0 -18"><span class='ocrx_word' id='word_1_694' title='bbox 2207 5114 2228 5145; x_wconf 79' lang='grc'><strong>⁵</strong></span> <span class='ocrx_word' id='word_1_695' title='bbox 2259 5109 2437 5166; x_wconf 72' lang='lat' dir='ltr'>Adasa</span> <span class='ocrx_word' id='word_1_696' title='bbox 2470 5114 2527 5166; x_wconf 80' lang='lat' dir='ltr'>in</span> <span class='ocrx_word' id='word_1_697' title='bbox 2555 5111 2702 5184; x_wconf 65' lang='lat' dir='ltr'>tribu</span> <span class='ocrx_word' id='word_1_698' title='bbox 2733 5112 2906 5184; x_wconf 61' lang='lat' dir='ltr'>ludas.</span> <span class='ocrx_word' id='word_1_699' title='bbox 2959 5112 3136 5167; x_wconf 67' lang='lat' dir='ltr'>AtIasa</span> <span class='ocrx_word' id='word_1_700' title='bbox 3186 5111 3579 5184; x_wconf 65' lang='lat' dir='ltr'>prestermissa</span> <span class='ocrx_word' id='word_1_701' title='bbox 3611 5113 3700 5165; x_wconf 89' lang='lat' dir='ltr'>est</span> <span class='ocrx_word' id='word_1_702' title='bbox 3729 5109 3788 5166; x_wconf 89' lang='lat' dir='ltr'>in</span> 
     </span>
    </p>
   </div>
   <div class='ocr_carea' id='block_1_117' title="bbox 2135 5182 3783 5256">
    <p class='ocr_par' dir='ltr' id='par_1_117' title="bbox 2135 5182 3783 5256">
     <span class='ocr_line' id='line_1_117' title="bbox 2135 5182 3783 5256; baseline -0.001 -19"><span class='ocrx_word' id='word_1_703' title='bbox 2135 5184 2331 5256; x_wconf 56' lang='lat' dir='ltr'>Graieo</span> <span class='ocrx_word' id='word_1_704' title='bbox 2365 5183 2592 5238; x_wconf 82' lang='lat' dir='ltr'>Eusebii</span> <span class='ocrx_word' id='word_1_705' title='bbox 2627 5182 2822 5256; x_wconf 67' lang='lat' dir='ltr'>_cotlice</span> <span class='ocrx_word' id='word_1_706' title='bbox 2849 5201 2873 5256; x_wconf 13' lang='lat'>;7</span> <span class='ocrx_word' id='word_1_707' title='bbox 2897 5182 3298 5256; x_wconf 18' lang='lat' dir='ltr'>quamitamen</span> <span class='ocrx_word' id='word_1_708' title='bbox 3331 5184 3450 5256; x_wconf 89' lang='lat' dir='ltr'>ipse</span> <span class='ocrx_word' id='word_1_709' title='bbox 3490 5187 3783 5256; x_wconf 87' lang='lat' dir='ltr'>posuerat,</span> 
     </span>
    </p>
   </div>
   <div class='ocr_carea' id='block_1_118' title="bbox 2137 5253 3787 5327">
    <p class='ocr_par' dir='ltr' id='par_1_118' title="bbox 2137 5253 3787 5327">
     <span class='ocr_line' id='line_1_118' title="bbox 2137 5253 3787 5327; baseline -0.001 -19"><span class='ocrx_word' id='word_1_710' title='bbox 2137 5257 2219 5308; x_wconf 90' lang='lat' dir='ltr'>uti</span> <span class='ocrx_word' id='word_1_711' title='bbox 2249 5254 2432 5325; x_wconf 85' lang='lat' dir='ltr'>liquet</span> <span class='ocrx_word' id='word_1_712' title='bbox 2463 5271 2570 5327; x_wconf 12' lang='lat' dir='ltr'>ex;</span> <span class='ocrx_word' id='word_1_713' title='bbox 2592 5253 3012 5327; x_wconf 80' lang='lat' dir='ltr'>observatione</span> <span class='ocrx_word' id='word_1_714' title='bbox 3052 5253 3520 5327; x_wconf 75' lang='lat' dir='ltr'>Hieronymiana,</span> <span class='ocrx_word' id='word_1_715' title='bbox 3570 5253 3630 5327; x_wconf 79' lang='lat' dir='ltr'>in</span> <span class='ocrx_word' id='word_1_716' title='bbox 3669 5268 3787 5324; x_wconf 89' lang='lat' dir='ltr'>qua</span> 
     </span>
    </p>
   </div>
   <div class='ocr_carea' id='block_1_119' title="bbox 2137 5323 3782 5398">
    <p class='ocr_par' dir='ltr' id='par_1_119' title="bbox 2137 5323 3782 5398">
     <span class='ocr_line' id='line_1_119' title="bbox 2137 5323 3782 5398; baseline -0.001 -18"><span class='ocrx_word' id='word_1_717' title='bbox 2137 5323 2508 5395; x_wconf 73' lang='lat' dir='ltr'>redarguitur</span> <span class='ocrx_word' id='word_1_718' title='bbox 2534 5325 2840 5398; x_wconf 77' lang='lat' dir='ltr'>Eusebius.</span> <span class='ocrx_word' id='word_1_719' title='bbox 2868 5326 3022 5396; x_wconf 86' lang='lat' dir='ltr'>quod</span> <span class='ocrx_word' id='word_1_720' title='bbox 3047 5323 3463 5398; x_wconf 78' lang='lat' dir='ltr'>Gupbnensem</span> <span class='ocrx_word' id='word_1_721' title='bbox 3488 5323 3782 5397; x_wconf 85' lang='lat' dir='ltr'>regionem</span> 
     </span>
    </p>
   </div>
   <div class='ocr_carea' id='block_1_120' title="bbox 2134 5396 3212 5468">
    <p class='ocr_par' dir='ltr' id='par_1_120' title="bbox 2134 5396 3212 5468">
     <span class='ocr_line' id='line_1_120' title="bbox 2134 5396 3212 5468; baseline 0.001 -17"><span class='ocrx_word' id='word_1_722' title='bbox 2134 5398 2394 5468; x_wconf 81' lang='lat' dir='ltr'>posuerit</span> <span class='ocrx_word' id='word_1_723' title='bbox 2429 5398 2484 5451; x_wconf 91' lang='lat' dir='ltr'>in</span> <span class='ocrx_word' id='word_1_724' title='bbox 2518 5397 2674 5450; x_wconf 88' lang='lat' dir='ltr'>tribu</span> <span class='ocrx_word' id='word_1_725' title='bbox 2708 5396 2893 5468; x_wconf 67' lang='lat' dir='ltr'>Judm.</span> <span class='ocrx_word' id='word_1_726' title='bbox 2932 5396 3212 5452; x_wconf 46' lang='lat' dir='ltr'>Man&#39;rIA—N.</span> 
     </span>
    </p>
   </div>
   <div class='ocr_carea' id='block_1_121' title="bbox 2205 5465 3783 5533">
    <p class='ocr_par' dir='ltr' id='par_1_121' title="bbox 2205 5465 3783 5533">
     <span class='ocr_line' id='line_1_121' title="bbox 2205 5465 3783 5533; baseline -0.001 -12"><span class='ocrx_word' id='word_1_727' title='bbox 2205 5471 2226 5501; x_wconf 76' lang='grc' dir='ltr'><strong>δ</strong></span> <span class='ocrx_word' id='word_1_728' title='bbox 2257 5470 2522 5522; x_wconf 71' lang='lat' dir='ltr'>Attamen</span> <span class='ocrx_word' id='word_1_729' title='bbox 2558 5467 2892 5522; x_wconf 77' lang='lat' dir='ltr'>Bonl‘rerius</span> <span class='ocrx_word' id='word_1_730' title='bbox 2924 5469 3116 5524; x_wconf 88' lang='lat' dir='ltr'>adhuc</span> <span class='ocrx_word' id='word_1_731' title='bbox 3142 5468 3381 5533; x_wconf 87' lang='lat' dir='ltr'>debitat,</span> <span class='ocrx_word' id='word_1_732' title='bbox 3417 5467 3533 5522; x_wconf 90' lang='lat' dir='ltr'>imo</span> <span class='ocrx_word' id='word_1_733' title='bbox 3585 5465 3783 5522; x_wconf 87' lang='lat' dir='ltr'>mallet</span> 
     </span>
    </p>
   </div>
   <div class='ocr_carea' id='block_1_122' title="bbox 2134 5537 3784 5610">
    <p class='ocr_par' dir='ltr' id='par_1_122' title="bbox 2134 5537 3784 5610">
     <span class='ocr_line' id='line_1_122' title="bbox 2134 5537 3784 5610; baseline 0 -20"><span class='ocrx_word' id='word_1_734' title='bbox 2134 5538 2190 5590; x_wconf 89' lang='lat' dir='ltr'>in</span> <span class='ocrx_word' id='word_1_735' title='bbox 2229 5540 2382 5592; x_wconf 89' lang='lat' dir='ltr'>tribu</span> <span class='ocrx_word' id='word_1_736' title='bbox 2422 5538 2725 5607; x_wconf 72' lang='lat' dir='ltr'>Beniamin</span> <span class='ocrx_word' id='word_1_737' title='bbox 2759 5539 3040 5610; x_wconf 83' lang='lat' dir='ltr'>Guphnas</span> <span class='ocrx_word' id='word_1_738' title='bbox 3089 5539 3378 5595; x_wconf 85' lang='lat' dir='ltr'>collocari.</span> <span class='ocrx_word' id='word_1_739' title='bbox 3426 5537 3570 5593; x_wconf 84' lang='lat' dir='ltr'>Male</span> <span class='ocrx_word' id='word_1_740' title='bbox 3600 5538 3784 5610; x_wconf 74' lang='lat' dir='ltr'>enim~</span> 
     </span>
    </p>
   </div>
   <div class='ocr_carea' id='block_1_123' title="bbox 2131 5607 3780 5681">
    <p class='ocr_par' dir='ltr' id='par_1_123' title="bbox 2131 5607 3780 5681">
     <span class='ocr_line' id='line_1_123' title="bbox 2131 5607 3780 5681; baseline 0 -19"><span class='ocrx_word' id='word_1_741' title='bbox 2131 5626 2281 5665; x_wconf 88' lang='lat' dir='ltr'>vero.</span> <span class='ocrx_word' id='word_1_742' title='bbox 2318 5615 2374 5664; x_wconf 88' lang='lat' dir='ltr'>et</span> <span class='ocrx_word' id='word_1_743' title='bbox 2413 5611 2674 5681; x_wconf 80' lang='lat' dir='ltr'>antiquis</span> <span class='ocrx_word' id='word_1_744' title='bbox 2719 5607 2992 5666; x_wconf 80' lang='lat' dir='ltr'>omnibus</span> <span class='ocrx_word' id='word_1_745' title='bbox 3045 5611 3446 5667; x_wconf 81' lang='lat' dir='ltr'>monumentis</span> <span class='ocrx_word' id='word_1_746' title='bbox 3489 5607 3780 5666; x_wconf 89' lang='lat' dir='ltr'>contradi-</span> 
     </span>
    </p>
   </div>
   <div class='ocr_carea' id='block_1_124' title="bbox 2128 5680 3028 5754">
    <p class='ocr_par' dir='ltr' id='par_1_124' title="bbox 2128 5680 3028 5754">
     <span class='ocr_line' id='line_1_124' title="bbox 2128 5680 3028 5754; baseline 0.001 -19"><span class='ocrx_word' id='word_1_747' title='bbox 2128 5681 2415 5736; x_wconf 87' lang='lat' dir='ltr'>centibus.</span> <span class='ocrx_word' id='word_1_748' title='bbox 2446 5680 2700 5737; x_wconf 85' lang='lat' dir='ltr'>Consule</span> <span class='ocrx_word' id='word_1_749' title='bbox 2730 5698 3028 5754; x_wconf 87' lang='lat' dir='ltr'>mappam.</span> 
     </span>
    </p>
   </div>
  </div>
