3966 6386
214 394 339 469 917

1210 404 1313 470 DE
1359 406 1541 474 SITU
1583 409 1684 474 ET
1729 406 2006 474 NOMIN.
2052 408 2223 473 LOC.
2271 406 2637 473 HEBRAIC.

3511 401 3635 475 918

215 536 380 596 mine
408 536 701 598 Bethasan
735 539 806 599 ad
858 539 1062 600 .Eliam
1095 542 1416 616 pertinens,
1448 544 1508 600 in
1539 544 1743 617 quinto
1774 546 1872 602 de-
1901 557 1959 624 Α
2057 543 2223 600 Avim
2254 546 2298 615 ³,
2328 544 2388 599 in
2419 543 2577 600 tribu
2608 538 2935 615 Benjamin.

215 627 375 685 cimo
405 628 478 685 ab
519 646 587 685 ea
617 630 891 688 milliario
932 634 947 667 ¹

287 720 498 786 Asena,
528 719 589 774 in
621 720 781 776 tribu
813 721 999 777 Judaa.

285 807 533 881 Agziph,
565 808 625 863 in
662 809 816 865 tribu
845 810 1033 867 Judaa.

288 898 475 967 Anab,
507 897 567 952 in
598 896 756 954 tribu
785 899 952 955 Juda:
987 919 1000 956 :
1036 917 1192 956 nunc
1224 917 1411 974 usque
1429 902 1591 958 vicus
1629 904 1771 961 l5!
1808 905 1868 960 in

212 985 440 1041 ﬁnibus
469 985 1038 1061 Eleutheoropoleos.
1093 992 1196 1046 Est
1223 995 1280 1047 et
1309 991 1425 1049 alia
1462 993 1703 1066 grandis
1732 993 1870 1050 villa

211 1073 575 1145 Judaeorum,
620 1078 858 1134 nomine
912 1081 1091 1150 Anea,
1128 1080 1190 1135 in
1243 1081 1513 1150 Daroma,
1547 1086 1749 1139 contra
1768 1101 1869 1140 au-

212 1165 461 1221 stralem
487 1165 724 1239 plagam
754 1168 1095 1238 Chebronis,
1146 1186 1354 1226 novem
1410 1172 1482 1227 ab
1510 1188 1579 1229 ea
1604 1172 1867 1229 millibus

211 1258 510 1327 separata.

288 1348 583 1416 Astemoe,
607 1345 667 1401 in
698 1344 853 1402 tribu
887 1347 1052 1403 Judae
1082 1348 1271 1415 vicus,
1292 1353 1349 1405 et
1369 1348 1493 1421 ipse
1512 1351 1864 1419 Judazorum,

209 1432 275 1488 in
305 1433 579 1504 Daroma,
613 1434 683 1490 ad
716 1435 1053 1508 aquilonem
1085 1436 1194 1494 loci
1222 1440 1427 1495 Anem.

286 1523 481 1591 Anim,
532 1524 591 1579 in
649 1525 806 1580 tribu
861 1525 1045 1583 Judaz.
1106 1528 1206 1584 Est
1261 1527 1421 1586 vicus
1478 1530 1654 1598 Anea,
1702 1531 1869 1601 juxta

210 1611 487 1681 alterum,
520 1613 593 1669 de
641 1630 757 1686 quo
816 1632 998 1688 supra
1053 1616 1331 1684 diximus,
1391 1618 1464 1673 ad
1522 1618 1865 1675 orientalem

208 1700 450 1775 plagam
508 1702 870 1775 respiciens,
929 1706 1159 1762 cunctis
1214 1706 1644 1764 habitatoribus
1700 1708 1867 1765 Chri—

211 1789 449 1847 stianis.

284 1879 548 1953 Apheca,
579 1880 639 1937 in
663 1882 823 1938 tribu
852 1883 1036 1941 Jadaa.

284 1971 578 2037 Ammata,
602 1970 659 2026 in
690 1972 848 2028 tribu
879 1972 1066 2029 Judaz.

282 2059 529 2130 Arebba,
552 2059 611 2114 in
644 2060 799 2116 tribu
827 2061 1014 2117 Judee.

283 2147 593 2215 Atharoth,
618 2149 790 2219 juxta
818 2150 1127 2207 Rammam
1159 2153 1201 2220 ²,
1232 2152 1291 2207 in
1324 2152 1482 2208 tribu
1513 2153 1756 2227 Joseph.

282 2236 591 2304 Atharoth,
622 2238 829 2296 civitas
848 2239 1038 2297 tribus
1063 2241 1337 2314 Ephraim
1374 2259 1386 2297 :
1425 2260 1582 2299 nunc
1604 2245 1766 2301 vicus
1793 2246 1863 2301 ad

205 2326 548 2400 aquilonem
572 2328 914 2397 Sehastaﬁn
929 2334 1137 2403 quarto
1160 2332 1289 2403 ejus
1311 2331 1866 2401 milliario;Atharus

208 2415 446 2471 dicitur.

282 2506 457 2574 Adar,
491 2506 697 2562 civitas
728 2506 918 2562 tribus
948 2507 1248 2580 Ephraim.

277 2596 441 2664 Aser,
488 2595 691 2651 civitas
748 2596 940 2653 tribus
996 2598 1265 2655 Manasse
1324 2616 1337 2654 :
1401 2617 1557 2656 nunc
1614 2602 1862 2658 demon-

204 2689 432 2742 stratur
486 2684 624 2741 villa
683 2686 1178 2744 descendentibus
1259 2706 1292 2745 a
1352 2689 1556 2762 Napoli
1616 2691 1860 2764 Scytho-

204 2774 412 2848 polim,
471 2776 530 2830 in
590 2774 815 2831 decimo
873 2776 1078 2849 quinto
1109 2777 1301 2850 lapide
1337 2779 1509 2849 juxta
1565 2779 1718 2837 viam
1750 2798 1863 2854 pu-

209 2863 453 2921 blieam.

284 2951 591 3017 Atharoth,
645 2951 848 3009 civitas
904 2952 1095 3010 tribus
1127 2956 1446 3026 Benjamin.
1481 2960 1628 3013 Sunt
1665 2962 1863 3015 autem

206 3042 341 3099 dua
370 3040 655 3097 Atharoth
690 3041 845 3098 haud
878 3043 1079 3116 procul
1112 3044 1184 3100 ab
1212 3044 1378 3102 fElia.

2052 633 2270 706 Aphra,
2322 633 2383 689 in
2440 634 2600 690 tribu
2652 632 2979 705 Benjamin.
3029 631 3129 690 Est
3184 635 3242 689 et
3296 631 3428 690 odie
3468 632 3634 691 vicus

1981 722 2192 779 Eil'rem
2224 725 2265 792 ⁴,
2297 724 2355 779 in
2389 722 2595 797 quinto
2627 722 2901 780 milliario
2934 721 3212 795 Bethelis,
3244 723 3316 780 ad
3349 724 3632 782 orientem

1980 811 2323 884 respiciens.

2047 900 2417 971 Amoeniam,
2450 901 2510 957 in
2542 901 2697 957 tribu
2728 901 3051 973 Benjamin.

2047 989 2269 1062 Aphni,
2300 990 2362 1046 in
2392 991 2550 1047 tribu
2580 989 2911 1063 Benjamin.

2045 1168 2228 1240 Arim,
2290 1168 2347 1224 in
2397 1169 2554 1224 tribu
2612 1168 2938 1240 Benjamin.
2999 1169 3099 1226 Est
3154 1172 3213 1225 et
3267 1167 3405 1227 villa
3460 1170 3629 1242 juxta

1975 1256 2296 1330 Diospolim
2380 1258 2530 1330 (quae
2588 1274 2746 1315 nunc
2812 1274 3002 1332 usque
3066 1257 3375 1331 appelatur
3454 1261 3629 1343 Beta-

1976 1346 2108 1419 riph
2139 1348 2202 1419 ⁸).

2045 1437 2245 1502 Amsa,
2277 1435 2338 1491 in
2371 1435 2525 1492 tribu
2548 1436 2877 1508 Benjamin.

2046 1525 2213 1594 Asar,
2245 1524 2306 1580 in
2336 1524 2495 1581 tribu
2522 1525 2851 1598 Symeonis.

2045 1616 2224 1682 Asan,
2260 1614 2320 1669 in
2354 1614 2509 1670 tribu
2551 1615 2878 1688 Symeonis.

2049 1703 2203 1759 154
2236 1703 2668 1772 Amarchaboh,
2701 1703 2761 1759 in
2792 1704 2950 1760 tribu
2982 1705 3309 1777 Symeonis.

2048 1792 2183 1860 Ain,
2216 1792 2278 1848 in
2310 1792 2469 1848 tribu
2497 1793 2684 1860 Judae,
2716 1792 2836 1849 sive
2866 1793 3173 1866 Symeonis
3204 1795 3409 1853 civitas
3440 1811 3635 1852 sacer-

1978 1879 2216 1937 dotibus
2272 1884 2560 1953 separata.

1898 1931 1946 1996 Β
1986 1931 2411 2041 “Agelinafirf
2417 1931 2578 2027 133.“.
2612 1971 2943 2044 Symeonis.

2046 2059 2352 2129 Amathar,
2387 2060 2446 2115 in
2478 2058 2637 2115 tribu
2665 2060 2953 2117 Zabulon.

2046 2152 2234 2215 Anua,
2295 2148 2356 2203 in
2425 2148 2583 2206 tribu
2664 2148 2947 2206 Zabulon.
3034 2150 3135 2207 Est
3189 2155 3247 2207 et
3323 2150 3439 2208 alia
3493 2149 3632 2210 villa

1975 2238 2157 2306 Anua,
2189 2237 2468 2294 euntibus
2497 2238 2569 2294 de
2599 2238 2833 2311 Neapoli
2894 2238 3104 2296 IEliam
3133 2238 3192 2295 in
3237 2239 3464 2298 decimo
3495 2240 3627 2298 mil-

1974 2327 2165 2384 liario.

2043 2416 2378 2485 Ananthon,
2411 2416 2471 2473 in
2502 2416 2663 2473 tribu
2691 2416 2972 2474 Zabulon.

2041 2505 2451 2576 Aschaseluth,
2488 2505 2694 2563 civitas
2724 2508 2915 2563 tribus
2948 2506 3217 2564 Issachar
3248 2524 3261 2563 :
3297 2506 3631 2581 appellatur

1972 2601 2169 2653 autem
2200 2599 2258 2652 et
2288 2596 2528 2668 quidem
2557 2595 2724 2652 vicus
2780 2596 3089 2663 Chasalus,
3141 2596 3314 2667 juxta
3362 2601 3627 2654 montem

1973 2686 2226 2754 Thabor,
2258 2684 2318 2740 in
2351 2684 2801 2757 campestribus,
2844 2686 2902 2740 in
2935 2689 3132 2742 octavo
3164 2684 3439 2742 milliario
3494 2685 3632 2743 Dio-

1973 2792 2232 2832 caesareae
2263 2775 2335 2831 ad
2366 2773 2651 2830 orientem
2682 2774 3004 2848 respiciens
3036 2775 3213 2847 (sicut
3269 2791 3451 2847 supra
3477 2775 3627 2831 dixi-

1976 2865 2153 2937 mus).

2042 2954 2347 3027 Aphraim,
2379 2953 2581 3009 civitas
2618 2953 2811 3009 tribus
2842 2952 3110 3010 Issachar
3145 2970 3158 3009 :
3192 2956 3397 3026 estque
3454 2952 3627 3011 hodie

1972 3043 2108 3099 villa
2136 3044 2364 3099 Ail’area
2395 3043 2651 3112 nomine,
2694 3043 2753 3098 in
2808 3046 2968 3099 sexto
3017 3041 3291 3099 milliario
3350 3042 3624 3115 Legionis

282 3130 599 3199 Anathoth,
660 3130 864 3188 civitas
894 3133 1073 3189 sortis
1105 3134 1408 3211 Beniamin
1459 3135 1861 3192 sacerdotibus
1971 3136 2174 3189 contra
2203 3130 2663 3203 septentrionem
2688 3132 2731 3187 θ.

208 3224 506 3295 separata,
558 3219 617 3275 in
674 3221 845 3277 tertio
900 3222 972 3278 ab
1004 3221 1152 3279 /Elia
1181 3223 1456 3281 milliario
1500 3242 1513 3281 :
1557 3226 1627 3282 de
1657 3243 1775 3298 qua
1804 3231 1861 3283 et

207 3308 500 3368 Jeremias
527 3308 817 3381 propheta
846 3310 974 3367 fuit.

286 3399 504 3467 Addar,
536 3398 740 3455 civitas
771 3399 945 3456 sortis
971 3401 1297 3474 Benjamin.

286 3487 537 3557 1E1mon,
569 3488 773 3545 civitas
829 3488 1018 3547 tribus
1074 3490 1402 3563 Benjamin,
1462 3493 1863 3550 sacerdotibus

214 3580 507 3651 separata.

289 3665 658 3723 Amec-Casis
689 3666 768 3739 (id
801 3671 910 3737 est,
972 3666 1142 3724 vallis
1172 3669 1376 3742 Casis),
1409 3669 1468 3725 in
1517 3668 1672 3727 tribu
1723 3675 1865 3728 Ben-

205 3772 424 3830 jamin.

230 3910 235 3913 -
292 3879 520 3954 [Addit
544 3880 785 3954 Euseb.
825 3877 964 3954 πρός
997 3877 1225 3953 δυσμὰς,
1258 3883 1324 3937 0d
1352 3884 1700 3950 occidentem,
1741 3890 1868 3942 tum

216 3952 492 4027 milliaria
521 3951 730 4027 decimo
759 3951 909 4008 sexto
940 3970 1043 4025 pro
1074 3951 1282 4009 decimo
1311 3957 1520 4027 quinto.

293 4024 316 4058 ²
353 4022 530 4077 Vetus
570 4024 747 4078 editio
798 4022 985 4080 conlfa
1014 4027 1318 4081 ﬂammam.

292 4096 315 4129 ³
344 4094 463 4168 Hoc
492 4111 703 4168 nomen
736 4096 911 4163 sz'm,
969 4114 1072 4168 pro
1133 4114 1248 4168 quo
1310 4098 1646 4153 Bonfrerius
1688 4099 1870 4167 Anim,

220 4166 538 4241 Eusebiani
568 4167 737 4241 codd.
770 4184 887 4222 non
918 4166 1265 4240 agnoscunt.
1326 4169 1435 4223 Sed
1471 4186 1573 4241 pro
1604 4185 1670 4224 eo
1701 4170 1874 4241 paulo

220 4236 472 4315 inferius
502 4236 722 4315 habent
776 4236 1163 4315 ”An?,—qll0d
1220 4257 1398 4311 penes
1456 4236 1874 4313 Hieronymum

224 4309 618 4367 desideratur.

300 4381 559 4465 ‘_I}Ioster
588 4381 658 4436 ad
679 4381 926 4465 _Regina3
958 4398 1067 4465 ms.
1090 4385 1369 4465 -ΕῙνςιίηῃΔ
1398 4385 1455 4438 In

228 4452 396 4528 perii.
432 4452 630 4508 Cohors
657 4452 976 4509 duodecima
1009 4452 1248 4511 Vallcria
1285 4454 1438 4529 Afro.

308 4525 328 4558 ⁵
356 4525 697 4597 ᾼρρθιιαιιινί
734 4525 1056 4597 Betharz'ph.
1119 4531 1222 4581 Ms.
1285 4527 1464 4581 codex
1524 4530 1762 4581 Patrum
1819 4532 1876 4580 ὃ.

228 4595 704 4670 Dominiciapud
736 4595 1059 4666 Tolosates,
1114 4615 1217 4670 pro
1249 4598 1506 4670 Betarzph
1540 4598 1749 4654 retinet
1780 4598 1878 4652 Be-

228 4668 482 4740 charz'pft.
517 4667 793 4723 MARTIAN.

303 4738 517 4811 —-'7lta
576 4740 891 4811 praeferunt
963 4738 1395 4809 Hieronymiani
1430 4739 1563 4795 libri
1620 4739 1757 4795 editi
1817 4756 1881 4794 ac

234 4825 381 4866 mss.
415 4810 751 4866 Bonfrerius
782 4816 976 4866 tamen
1012 4811 1250 4867 rescribi
1311 4810 1433 4866 vult
1489 4812 1786 4875 Belharim,
1822 4818 1886 4865 ut

235 4882 496 4954 aliquam
529 4898 661 4937 cum
695 4898 833 4938 voce
888 4884 1043 4937 Arz'm
1100 4882 1443 4937 afﬁnitatem
1475 4882 1708 4938 habeat.
1742 4883 1886 4937 Vide

237 4953 386 5035 num
440 4953 530 5035 sit
584 4956 818 5035 Betqris,
877 4959 979 5035 aut
1036 4958 1289 5035 Betarus,
1345 4971 1503 5035 “qua:
1714 4954 1885 5035 Itine-

239 5024 398 5081 rario
429 5024 663 5080 Antonii
693 5025 846 5082 inter
875 5026 1196 5081 Caesaream
1230 5030 1288 5079 et
1344 5024 1664 5097 Diospolim
1724 5025 1887 5097 poni-

243 5102 363 5153 tur.

1514 4383 1730 4438 Notitia
1764 4385 1874 4439 Im-

311 5169 333 5202 ⁶
386 5167 592 5238 Contra
646 5169 1090 5238 septentrionem.
1146 5168 1209 5222 In
1285 5170 1455 5223 antea
1507 5167 1680 5222 editis
1727 5167 1894 5223 libris

241 5237 500 5295 maxima
529 5238 625 5310 hic
656 5237 745 5296 est
785 5239 1045 5296 locorum
1078 5244 1134 5295 et
1173 5239 1478 5294 nominum
1511 5240 1893 5310 perturbatio,

287 5327 426 5367 uam
459 5309 698 5365 omnino
748 5311 1122 5381 sustulimus,
1156 5309 1541 5382 manuscripfi
1582 5312 1717 5382 jam
1770 5310 1895 5382 Ιτιυέ

287 5328 426 5367 nam
459 5328 698 5365 omnino
748 5328 1122 5381 sustulimus,
1156 5328 1541 5382 manuscript:
1582 5328 1707 5381 jam
1770 5328 1895 5365 lau-

241 5328 503 5464 ga‘ti,uet
560 5381 850 5464 praecipue
909 5382 1217 5464 Colberti‘ni
1274 5381 1897 5464 uniushantiquissimi

246 5451 515 5509 subsidio
562 5451 802 5526 adjuti;
846 5472 971 5526 quae
1031 5454 1267 5526 quidem
1329 5451 1742 5526 reslitutioiut
1794 5470 1899 5526 ea}:

243 5530 381 5581 tera:
412 5540 617 5580 omnes
650 5523 879 5596 ’hujus'
912 5523 1206 5591 editionis,
1266 5526 1393 5595 ipso
1428 5523 1656 5579 Eusebii
1717 5524 1899 5579 Graeci

244 5598 517 5652 contextu
577 5596 897 5651 verissima:
959 5614 1024 5651 ac
1084 5597 1394 5653 tutissima:
1467 5601 1704 5666 reperta:
1764 5603 1904 5649 sunt

243 5668 307 5724 in
393 5667 766 5723 contentione
848 5670 1112 5724 codicum
1180 5669 1511 5723 Latinorum
1576 5670 1901 5722 manuscri-

246 5744 483 5813 ptorum
538 5755 671 5795 eum
734 5740 1063 5797 Euscbiano
1095 5738 1409 5813 exemplari
1472 5738 1688 5794 Graeco.
1737 5739 1906 5795 Man-

245 5826 403 5868 TIAN.

2042 3220 2305 3289 Anerith,
2338 3220 2399 3275 in
2429 3224 2583 3276 sorte
2609 3219 2799 3276 tribus
2831 3218 3115 3275 Issachar.

1889 3303 1933 3370 C
2043 3312 2257 3379 1Emes,
2289 3309 2348 3365 in
2382 3313 2539 3365 sorte
2566 3308 2756 3365 tribus
2786 3308 3108 3366 Isssachar.

2037 3399 2289 3471 Acsaph,
2324 3399 2383 3454 in
2414 3397 2571 3454 tribu
2601 3399 2760 3456 Aser.

2041 3488 2377 3559 Alimelech,
2411 3486 2584 3544 sortis
2609 3489 2773 3543 Aser.

2042 3578 2281 3644 Amath,
2314 3578 2374 3633 in
2404 3578 2564 3633 tribu
2592 3582 2760 3633 Aser.

2044 3669 2270 3738 Abdon,
2303 3667 2362 3722 in
2391 3667 2550 3723 tribu
2603 3671 2768 3738 Aser,
2803 3665 3005 3723 civitas
3064 3670 3338 3740 separata
3384 3664 3620 3723 Levitis.

2047 3757 2232 3827 Aniel,
2266 3757 2326 3813 in
2356 3757 2515 3813 tribu
2544 3757 2692 3812 Aser
2720 3757 2761 3811 ⁷.
2797 3756 2896 3812 Est
2924 3756 3191 3828 quasdam
3220 3754 3363 3811 villa
3389 3754 3629 3812 nomine

2049 3885 2068 3917 ⁷
2100 3882 2333 3961 Insigne
2370 3879 2857 3961 mendum,‘quod
2875 3880 3001 3961 jam
3032 3881 3103 3936 ab
3133 3879 3261 3961 ipso
3284 3878 3628 3961 .Hieronymi

1980 3972 2099 4010 aevo
2132 3949 2497 4009 Rhénl‘erdus
2529 3955 2698 4023 putat
2718 3949 3055 4023 irrepsisse,
3114 3949 3331 4007 codicis
3362 3949 3631 4023 Vaticani

1983 4020 2741 4105 scriptura‘ipsamendosa
2772 4020 3190 4105 prodigetoquo
3221 4027 3388 4105 pacto
3418 4020 3632 4105 corrigi

1984 4092 2173 4172 possit
2219 4092 2573 4172 subindicat.
2605 4092 2836 4172 Scilicet
2865 4092 3184 4149 Eusebium
3215 4092 3451 4172 depvoce
3482 4092 3633 4172 Αῃςξα

1987 4164 2273 4242 peculiari
2305 4165 2501 4242 _titulo
2559 4166 2754 4242 egisse
2805 4172 3172 4236 compertum
3206 4170 3326 4242 est
3346 4164 3638 4242 tum_aliis

1986 4236 2373 4313 argumentis,
2402 4253 2538 4313 cum
2585 4236 2891 4313 praecipue
2935 4242 3167 4294 suomet
3198 4237 3533 4313 testimonio
3562 4236 3636 4292 ad

1984 4308 2185 4368 vocem
2221 4308 2523 4382 BnOIjmtli,
2542 4308 2640 4363 ubi
2673 4309 2744 4365 de
2772 4308 3068 4382 Bethanea
3098 4326 3336 4366 rursum
3366 4309 3633 4382 loquens,

1989 4400 2185 4457 quam,
2208 4380 2419 4453 inquit,
2448 4386 2507 4457 et
2535 4396 2708 4457 supra.
2749 4380 2849 4457 sui)
2880 4383 3103 4457 nomine
3134 4382 3173 4436 Α
3203 4383 3253 4457 Ν
3277 4382 3321 4436 E
3347 4383 3415 4438 ίΕ
3446 4380 3637 4457 posui-

1984 4451 2127 4511 inus.
2165 4451 2467 4524 Imo'quod
2498 4451 2582 4507 ait
2600 4468 2795 4524 supra,
2815 4451 3010 4524 locum
3043 4453 3201 4524 hunc
3222 4452 3417 4524 ipsum
3438 4451 3639 4524 aperte

1987 4525 2219 4592 innuit;
2255 4522 2442 4595 neque
2472 4522 2814 4595 enimr'alibi
2847 4523 2957 4578 sub
2982 4525 3027 4595 A
3082 4522 3277 4579 littera
3334 4522 3637 4578 Bethaneaa

1988 4600 2233 4669 ejusque
2263 4594 2412 4651 situs
2432 4599 2489 4650 et
2510 4594 2838 4669 salubrium
2866 4611 2993 4667 quae
3016 4594 3073 4648 in
3093 4597 3321 4669 ea_s_unt
3347 4607 3638 4669 aquarum

1915 4673 1960 4738 D
1992 4663 2094 4747 per
2124 4663 2319 4747 partes
2349 4666 2634 4721 meminit.
2665 4665 2819 4720 Nihil
2852 4663 3024 4747 pprro
3083 4664 3328 4747 dubium
3377 4663 3506 4720 esse
3526 4663 3639 4747 _de-

1996 4735 2387 4808 ben—Ameana,
2419 4755 2549 4808 qua:
2570 4735 2869 4807 nusquam
2885 4736 2943 4790 in
2976 4735 3084 4791 hoc
3103 4736 3251 4808 libro
3282 4738 3641 4808 recensetur,

1997 4806 2345 4882 hieproprie
2375 4806 2481 4865 loci
2520 4806 2814 4882 fuisse’ab
2836 4811 3070 4863 auctore
3092 4806 3643 4882 positam,_fa_ctum-

1997 4875 2514 4956 que'librariorum
2546 4878 2876 4945 oscitantia,
2910 4882 2974 4933 ut
3020 4875 3309 4956 excideret
3350 4877 3531 4956 facile
3569 4875 3643 4933 ob

1999 4948 2337 5011 earumdem
2369 4950 2694 5022 litterarum
2727 4966 3037 5022 occursum
3068 4952 3125 5006 in
3157 4966 3293 5022 voce
3350 4948 3645 5022 hacﬁqmo

1998 5026 2219 5082 ANAIA
2241 5023 2349 5095 qui
2373 5021 2652 5095 solemnis
2668 5026 2765 5095 est
2786 5020 3213 5095 descriptorrum
3233 5019 3648 5095 lapsus.lgitur

2003 5116 2129 5171 qua}
2180 5089 2311 5171 post
2340 5094 2527 5171 Ἀνηρ2
2568 5089 2780 5167 κλήρου
2805 5089 2999 5171 unus
3032 5093 3125 5171 hic
3182 5089 3646 5171 subsequuntur,

2003 5160 2556 5240 υἱώμῆβπιιτᾳανάὶὰ,
2607 5160 2739 5240 etc.,
2798 5160 3016 5220 temere
3075 5166 3274 5240 juncta
3319 5160 3482 5240 sunt,
3520 5160 3649 5240 _m_i-_-

2005 5231 2280 5311 nimeque
2311 5238 2383 5311 ad
2428 5231 2645 5311 nomen
2702 5234 2880 5311 ᾋγειρ
2913 5241 3016 5292 aut
3050 5231 3225 5311 Jniet
3244 5235 3556 5311 pertinent.
3577 5231 3650 5311 .Id

2010 5304 2201 5385 primo
2256 5308 2499 5385 ind_icat_
2532 5307 2672 5363 Cod.
2729 5304 3068 5385 Vaticanus,
3128 5304 3652 5385 quijppsthviip.

2001 5377 2292 5456 jacentem
2329 5377 2599 5456 l‘ineolam
2634 5378 2868 5450 punctis
2897 5377 3547 5456 utrinquedistinctarn
3586 5377 3657 5431 ex

2011 5448 2203 5525 minio
2225 5451 2406 5525 ponit,
2442 5455 2507 5505 ut
2532 5448 2712 5525 linem
2740 5466 2870 5525 esse
2898 5454 3025 5521 ejus
3067 5448 3656 5525 tit_ulidoceat._'l‘um

2011 5520 2311 5581 exorditur
2365 5520 2574 5587 ’szti,
2628 5526 2801 5593 atque
2858 5520 2967 5593 hoc
3014 5522 3339 5579 rectissime
3393 5520 3655 5593 quidem.

2015 5603 2078 5651 ut
2109 5613 2175 5649 ex
2206 5612 2271 5650 eo
2306 5594 2541 5648 nomine
2590 5588 2902 5666 peculiaris
2955 5593 3164 5649 titulus
3224 5588 3483 5666 incipiat.
3544 5588 3659 5646 Sed

2014 5665 2550 5740 cmtorailaciniose
2607 5665 2910 5731 distracta,
2971 5682 3037 5740 ac
3094 5665 3398 5740 perperam
3455 5680 3468 5717 :
3520 5676 3659 5740 nam

2015 5740 2202 5812 spatio
2235 5736 2577 5812 interposito
2609 5740 2909 5812 revocatur
2963 5731 3164 5812 κώμῆλ
3200 5731 3340 5812 ’νρξ
3373 5731 3660 5812 superiori

2015 5804 2304 5869 versiculo
2386 5804 2681 5880 descripta
2757 5808 2853 5864 cui
2937 5804 3198 5867 succedit
3249 5804 3405 5882 βαίτο
3447 5804 3664 5859 ’Καισα-
