3966 6444
330 387 455 477 alii

1556 386 1631 449 S.
1658 381 2007 448 .EUSEBIL
2028 383 2501 449 HIERONYMI.

356 588 367 597 ἱ
409 525 755 590 Betoaenea,
781 521 841 577 in
865 520 1300 595 quintodecimo
1319 518 1512 594 lapide
1536 536 1570 576 a
1589 518 1989 587 Caesarea,sita
2016 518 2072 589 Α
2172 520 2426 587 Arisoth,
2458 519 2659 576 civitas
2684 517 2889 575 Sisaras
2911 514 3192 589 principis
3210 513 3242 571 J
3248 512 3394 571 abis.
3416 511 3521 568 Est
3547 513 3749 568 autem

340 612 402 671 in
435 617 633 670 monte
662 615 863 668 contra
883 610 1225 667 orientalem
1257 609 1512 683 plagam,
1537 609 1595 663 in
1624 624 1738 679 qua
1754 610 1810 662 et
1839 606 1992 662 lava-

345 720 444 761 cra
473 704 752 759 dicuntur
782 716 911 757 esse
942 698 1205 757 salubria
1235 718 1253 754 :

414 792 668 857 Achran,
701 790 762 845 in
791 788 949 845 tribu
979 791 1143 845 Aser.

414 885 627 949 Amon,
658 880 719 934 in
749 878 905 934 tribu
940 879 1102 934 Aser.

416 970 569 1027 I55
616 968 829 1037 Accho,
880 984 1007 1039 quae
1050 984 1206 1023 nunc
1264 965 1576 1021 Ptolemais
1634 962 1989 1036 appellatur,

345 1060 520 1117 sortis
537 1060 699 1128 Aser,
722 1059 794 1114 de
826 1073 943 1129 qua
969 1056 1323 1112 habitatores
1346 1055 1626 1128 pristinos
1658 1070 1773 1108 non
1807 1052 1992 1124 quivit

346 1147 653 1222 expellere.

415 1235 700 1309 Achziph,
729 1235 788 1290 in
818 1235 975 1291 tribu
1004 1236 1171 1301 Aser,
1215 1234 1274 1288 in
1335 1250 1451 1306 qua
1482 1232 1821 1303 alienigenae
1857 1247 1993 1301 per-

347 1328 708 1385 manserunt.
768 1324 897 1379 Haec
945 1326 1034 1379 est
1097 1323 1357 1394 Ecdippa
1413 1323 1471 1377 in
1522 1338 1674 1377 nono
1718 1318 1993 1376 milliario

347 1412 721 1473 Ptolemaidis
751 1410 1128 1484 pergentibus
1159 1412 1401 1484 Tyrum.

414 1506 646 1571 Amma,
680 1501 854 1556 sortis
885 1502 1048 1556 Aser.

418 1592 641 1665 Aphec,
672 1590 848 1646 sortis
879 1591 1042 1656 Aser,
1076 1588 1138 1645 in
1170 1605 1285 1661 qua
1340 1588 1700 1644 habitatores
1761 1585 1997 1660 pristini

347 1683 826 1756 permanserunt.
1236 1687 1240 1691 '

417 1770 767 1836 Addemme,
798 1767 859 1821 in
891 1766 1049 1822 tribu
1079 1765 1478 1839 Nephthalim.

422 1855 765 1924 Assendim,
797 1855 858 1909 in
889 1854 1044 1910 tribu
1074 1853 1467 1926 Nephthalim.

420 1944 658 2012 Amath,
691 1944 751 1998 in
781 1942 1327 2015 trihu'Nephtalim.

422 2033 631 2092 Adami
664 2034 704 2102 ί,
738 2032 797 2087 in
827 2031 983 2087 tribu
1007 2031 1403 2104 Nephthalim.

426 2127 589 2192 Asor,
626 2123 685 2177 in
714 2122 873 2177 tribu
901 2120 1255 2193 Nepthalim,
1289 2138 1465 2193 quam
1500 2137 1596 2176 rex
1628 2119 2001 2191 Assyriorum

353 2212 667 2289 populasse
696 2209 990 2267 scribitur.

429 2300 709 2366 Azanoth,
765 2297 1052 2355 terminus
1108 2297 1505 2370 Nephthalim.
1568 2299 1668 2353 Est
1720 2302 1916 2352 autem
1950 2300 2005 2352 et

355 2407 512 2448 nunc
539 2390 702 2445 vicus
736 2388 807 2444 ad
837 2386 1132 2460 regionem
1179 2387 1544 2444 Liocaesareae
1604 2387 1906 2460 pertinens
1937 2387 1998 2440 in

356 2477 811 2552 campestribus.

438 2567 666 2636 Aialon,
698 2566 842 2622 urbs
870 2564 1046 2621 sortis
1086 2564 1233 2633 Dan,
1264 2570 1533 2637 separata
1564 2564 1800 2633 Devitis,
1834 2569 1890 2619 et
1919 2569 2007 2620 est

358 2658 533 2715 hodie
560 2656 725 2712 vicus
754 2654 896 2709 Alus
927 2656 948 2688 ²
977 2654 1136 2709 haud
1167 2654 1367 2727 procul
1401 2671 1434 2709 a
1487 2654 1770 2726 Nicopoli.
1803 2654 2006 2710 Scien-

356 2745 620 2814 dumque
661 2742 819 2813 quod
861 2757 964 2812 pro
1020 2739 1167 2807 Alio,
1228 2740 1607 2813 Septuaginta
1664 2741 2009 2813 interpretes

361 2834 691 2900 ediderunt,
727 2831 825 2887 Ubi
853 2832 1009 2885 erant
1034 2831 1172 2884 ursi.

824 2919 909 2973 DE
938 2917 1250 2974 JUDICUM
1284 2917 1519 2973 LIBRO.

433 3010 608 3079 Arad,
641 3012 731 3065 est
752 3007 952 3063 civitas
993 3006 1051 3061 in
1081 3023 1199 3078 qua
1228 3007 1637 3063 habitaverunt
1670 3007 1773 3063 ﬁlii
1803 3009 1962 3065 Obab
1990 3009 2011 3042 ³

365 3100 550 3157 soceri
582 3096 728 3155 Mosi
759 3097 817 3152 in
850 3096 1042 3152 medio
1077 3095 1329 3151 Israelis.

432 3188 634 3258 Areth,
668 3188 797 3244 fons
855 3185 1011 3259 apud
1071 3200 1244 3257 quem
1303 3185 1535 3242 Gedeon
1561 3189 2010 3242 castrametatus

364 3281 474 3337 est.

402 3418 534 3487 εῑας,
602 3421 711 3473 etc.
770 3418 921 3472 Bene
973 3420 1171 3489 tamen
1228 3416 1365 3475 hinc
1425 3416 1729 3484 discimus,
1787 3417 2007 3489 specia-

402 3439 534 3487 ειας,
602 3439 711 3473 θω.
773 3439 921 3472 DBDB
974 3439 1171 3472 tamen
1228 3439 1365 3475 Illuc
1425 3439 1729 3484 OISCIIIIUS,
1787 3439 2007 3489 8960ιᾶ-

363 3439 482 3570 fern
513 3489 696 3570 fuisse
723 3490 890 3570 Ausa!
920 3487 1181 3559 titulum,
1240 3504 1522 3570 eumqueﬁ
1552 3489 2007 3570 pristim-aelate-

368 3561 567 3637 gritati
593 3560 898 3618 commode
956 3576 1127 3632 posse
1182 3560 1431 3616 restitui.
1489 3560 1799 3633 Scripserit
1826 3561 2006 3615 Euse-

363 3635 523 3692 Eius.

427 3702 431 3707 ’
644 3702 828 3759 Ἀναιᾶ
877 3696 1108 3777 (adv/mou
1142 3701 1337 3777 Ἀᾳμρ,
1364 3702 1453 3755 καί
1492 3702 1658 3775 ἔστιν)
1690 3703 1851 3775 κώμη
1894 3705 2005 3776 βαι-

716 3772 937 3827 τοαναιὰ
963 3772 1302 3847 Κᾱισαρείάξ,
1336 3780 1451 3831 etc.

427 3866 552 3923 Duo
582 3863 779 3937 priora
807 3862 983 3937 verba
1010 3858 1222 3937 κλήρῳ)
1255 3862 1421 3937 Ἀσήρ
1454 3880 1522 3918 ex
1569 3864 1707 3937 ipsa
1728 3867 2007 3937 petuntur

355 3914 627 4017 serieiarc
660 3914 1489 4017 proinde‘male'hhenter'dus
1580 3914 1773 4017 stuplet
1826 3931 2002 4017 φλλῆς

353 4004 687 4087 ῌεφραλεὶρς,
737 4004 1167 4087 cum-tribuum
1212 4007 1422 4087 seriem
1483 4004 2001 4087 nonuinterr'umpi

351 4078 713 4151 ab'Eusebio
743 4080 1001 4151 constet,_
1046 4078 1147 4133 sed
1183 4079 1252 4132 ad
1305 4094 1505 4133 earum
1538 4079 1800 4134 ordinem
1850 4078 2000 4151 exigi

351 4150 630 4222 continuo
689 4148 949 4222 nomina,
989 4148 1110 4204 haec
1167 4152 1297 4222 ipsa
1353 4150 1468 4206 fere
1525 4151 1741 4219 omnia,
1778 4168 1903 4222 qua:
1934 4148 2002 4206 ex

342 4220 524 4278 Josue
588 4220 1019 4292 describuntur,
1084 4220 1349 4292 probant.
1435 4222 1685 4278 Voculas
1740 4220 1829 4274 κπῐί
1886 4221 2000 4275 ἔστι

348 4310 449 4365 res
468 4292 603 4365 ipsa
632 4290 905 4365 postulat.
937 4290 1232 4347 Jam_vero
1264 4293 1403 4363 quid
1428 4294 1505 4365 de
1530 4294 1999 4365 Hieronymianis

348 4362 653 4447 codicibus
684 4362 971 4447 dicemus,
996 4379 1142 4447 quos
1172 4370 1228 4447 et
1249 4362 1465 4446 eodem
1496 4362 1999 4447 loconeodnemﬁque

347 4435 519 4508 plane
551 4436 760 4508 mendo
820 4434 1124 4508 corruptos
1173 4434 1362 4508 fuisse
1416 4436 1510 4508 vix
1542 4437 1745 4492 credas
1777 4437 1803 4489 ?
1860 4434 1996 4491 Dico

345 4502 545 4587 vocem
575 4508 708 4587 Aser
738 4506 927 4587 fraudi
962 4502 1141 4587 fuisse
1172 4502 1677 4587 Datinonlnibrario,
1712 4508 1997 4587 quemad:

346 4578 587 4635 modum
646 4583 703 4633 et
760 4578 957 4633 Graeco
1017 4578 1142 4632 fuit.
1186 4577 1300 4631 Nec
1359 4576 1612 4632 difﬁteor
1669 4576 1884 4631 mirum
1934 4576 1992 4631 id

344 4634 505 4717 eses,
550 4650 786 4705 tametsi
845 4650 938 4704 hic
994 4647 1190 4720 lapsu,
1222 4649 1476 4720 evenerit
1532 4647 1870 4720 procliviora
1926 4664 1994 4702 ex
2026 4634 2071 4699 D

342 4738 549 4778 vocum
603 4721 761 4775 Aniel
814 4724 873 4775 et
926 4718 1091 4785 zlnea',
1147 4718 1264 4773 sive
1324 4718 1502 4785 Ἀνεὶρ
1536 4718 1807 4773 et’Avaua‘:
1866 4734 1989 4774 ma-

334 4793 452 4864 jori
485 4809 663 4864 quam
698 4792 754 4846 in
779 4790 999 4847 caeteris
1033 4790 1439 4864 similitudine.
1467 4790 1630 4864 Meus
1649 4795 1988 4864 autem__ms.

342 4860 399 4922 et
427 4860 615 4920 totum
659 4864 815 4918 Anz’el
848 4862 1280 4933 praetermititit,
1340 4868 1404 4916 ut
1434 4862 1587 4916 scias
1643 4878 1755 4915 non
1814 4860 1989 4917 aliam

341 4936 635 4992 exstitisse
668 4932 1145 4989 hallucinationis
1178 4949 1418 4988 causam
1468 4948 1645 5003 quam
1677 4932 1830 4986 vocis
1863 4934 1991 4987 Aser

340 5024 674 5064 occursum.
726 5005 985 5060 Profecto
1045 5004 1265 5059 nemini
1319 5004 1668 5075 persuadeat
1708 5004 1988 5060 Rhenl'er-

340 5079 475 5142 dus,
505 5076 831 5133 Eusebiano
861 5074 1177 5146 exemplari
1211 5074 1364 5129 hunc
1420 5092 1671 5130 err0rem
1702 5075 1988 5132 insedisse

340 5150 413 5207 ab
444 5150 572 5222 ipso
605 5147 936 5222 Hieronymi
968 5163 1083 5222 sevo
1117 5146 1262 5222 :_qui
1308 5146 1461 5222 enim
1524 5147 1807 5218 potuisset
1862 5166 1895 5202 a
1925 5149 1982 5203 S.

338 5216 583 5279 Doctore
621 5234 735 5273 non
782 5216 1184 5289 animadverti,
1247 5219 1398 5287 quod
1460 5216 1797 5289 corruptum
1857 5236 1984 5274 esse

335 5292 526 5365 primo
560 5290 776 5365 statim
810 5288 1053 5365 intuit_u_
1084 5292 1324 5359 apparet
1350 5289 1377 5343 ‘I
1435 5288 1690 5365 Rursum
1762 5292 1981 5365 nemini

333 5359 541 5436 probet
572 5360 990 5436 vir_cazteroqui
1024 5359 1252 5436 doctus,
1290 5365 1461 5436 atque
1510 5364 1565 5416 in
1599 5363 1981 5436 emendandis

296 5430 586 5505 .aliquob
644 5430 875 5505 l‘lusebii
912 5430 1080 5505 locis
1139 5430 1590 5499 solertisisirnus,
1651 5435 1803 5505 quod
1866 5434 1978 5488 huc

333 5501 531 5576 refert,
572 5501 954 5576 legendaque
992 5502 1157 5557 docet
1208 5504 1482 5559 continua
1540 5501 1687 5559 serie
1747 5523 1871 5576 quae
1906 5507 1975 5559 ad

330 5575 487 5635 Anab
541 5588 742 5626 vocem
803 5573 871 5626 de
932 5574 1087 5629 Anca
1141 5576 1480 5631 Judmorum
1539 5578 1710 5640 vico,
1768 5573 1841 5629 ‘et
1903 5580 1971 5630 ad

329 5648 491 5704 Anim
550 5645 622 5698 de
670 5642 783 5699 alia
846 5647 1018 5701 Anma
1062 5646 1528 5702 Christianorum
1588 5648 1835 5703 scorsim
1878 5665 1972 5703 rc-

334 5719 621 5775 feruntur.

2097 609 2261 665 Jabis
2291 614 2454 666 trans
2501 609 2816 665 Jordanem
2877 623 3031 663 nunc
3086 602 3226 660 villa
3280 599 3662 676 praegrandis,
3708 615 3755 655 a

2099 699 2330 754 civitate
2360 697 2516 754 Pella
2546 715 2644 753 sex
2673 695 2938 753 millibus
2969 696 3219 762 distans,
3242 691 3629 766 pergentibus
3648 692 3762 747 Ge-

2102 805 2324 844 rasann.

2172 879 2328 942 Ares,
2390 892 2670 932 ascensus
2701 877 2842 930 Ares
2872 874 2893 907 "
2955 888 2968 927 :
3013 890 3118 945 pro
3184 888 3300 944 quo
3333 868 3548 943 Aquila
3574 868 3765 924 inter-

2101 969 2382 1037 pretatur,
2416 964 2679 1021 saltuum
2712 981 2724 1019 :
2761 962 3170 1035 Symmachus,
3206 960 3519 1016 montium.

2170 1054 2343 1109 Aruir
2372 1055 2414 1120 ⁵,
2439 1053 2540 1109 ubi
2572 1052 2871 1108 dimicavit
2891 1051 3100 1123 Jephte
3134 1066 3147 1105 :
3181 1053 3271 1105 est
3299 1048 3590 1119 hodieque
3616 1047 3763 1103 villa

2102 1144 2160 1200 in
2193 1148 2391 1199 monte
2423 1144 2559 1209 sita,
2592 1141 2868 1199 vicesimo
2902 1141 2975 1197 ab
3016 1139 3162 1196 ZElia
3188 1138 3382 1211 lapide
3411 1138 3483 1194 ad
3516 1141 3759 1209 septen-

2100 1234 2376 1290 trionem.

2176 1322 2327 1378 158
2366 1322 2583 1390 Arima,
2616 1320 2717 1376 ubi
2748 1320 3048 1392 Scriptura
3072 1318 3249 1375 refert
3269 1316 3492 1374 sedisse
3519 1316 3759 1375 Ahime-

2102 1411 2257 1468 lech.

2174 1500 2409 1573 Ajalim,
2442 1499 2642 1555 civitas
2701 1498 2762 1553 in
2809 1503 2964 1554 terra
3028 1496 3285 1553 Zabulon
3319 1515 3333 1553 :
3389 1497 3460 1553 de
3491 1512 3611 1569 qua
3640 1495 3755 1552 fuit

2105 1590 2201 1646 ille
2232 1588 2463 1661 Ajalon,
2498 1588 2597 1660 qui
2623 1587 2903 1658 judicavit
2932 1585 3218 1659 populum
3248 1587 3451 1642 Israel.

2177 1678 2319 1734 Abel
2348 1678 2673 1747 vinearum,
2708 1676 2803 1731 ubi
2838 1675 3137 1732 dimicavit
3178 1675 3408 1748 Jephte,
3464 1674 3525 1729 in
3575 1680 3764 1731 terrra

2110 1768 2361 1824 ﬁliorum
2395 1768 2690 1822 Ammon:
2752 1783 2889 1821 nam
2948 1769 3003 1820 et
3050 1781 3240 1837 usque
3296 1764 3356 1819 in
3407 1768 3760 1836 praesentem

2111 1857 2289 1924 diem,
2322 1857 2381 1911 in
2414 1856 2664 1928 septimo
2695 1854 2887 1927 lapide
2944 1853 3385 1926 Philadelphia,
3414 1852 3554 1910 villa
3583 1852 3765 1911 Abela

2111 1946 2370 2002 cernitur
2398 1945 2609 2001 vinetis
2640 1943 2866 1999 consita
2900 1959 2913 1997 :
2948 1942 3063 2000 alia
3118 1958 3353 2017 quoque
3410 1946 3500 2000 est
3554 1942 3765 2000 civitas

2112 2034 2347 2090 nomine
2373 2034 2571 2101 Abela,
2593 2033 2711 2088 vini
2743 2031 2973 2100 fertilis,
3008 2032 3067 2087 in
3091 2032 3440 2089 duodecimo
3462 2048 3497 2089 α
3515 2031 3766 2089 Gadaris

2114 2122 2390 2180 milliario
2455 2126 2656 2178 contra
2711 2120 3053 2177 orientalem
3085 2120 3318 2193 plagam
3381 2138 3394 2176 :
3447 2137 3671 2177 necnon
3705 2125 3765 2177 et

2114 2213 2283 2269 tertia
2320 2213 2381 2267 in
2413 2211 2679 2267 thnice
2709 2208 2910 2278 Abela,
2944 2211 3096 2267 inter
3137 2211 3487 2267 Damascum
3547 2214 3604 2267 et
3653 2210 3766 2269 Pa-

2115 2303 2385 2359 neadem.

2532 2389 2623 2445 DE
2654 2388 3058 2445 REGNORUM
3091 2387 3346 2444 LIBRIS.

2185 2479 2525 2536 Armathem
2555 2480 2819 2551 Sophim,
2852 2478 3055 2534 civitas
3085 2477 3353 2533 Helcanae
3388 2480 3444 2533 et
3472 2476 3767 2535 Samuelis

2115 2570 2199 2641 (in
2230 2570 2464 2641 regione
2520 2568 2931 2639 Thamnitica),
2980 2569 3152 2640 juxta
3200 2565 3557 2638 Diospolim,
3610 2568 3768 2639 unde

2116 2657 2227 2714 fuit
2255 2657 2471 2730 Joseph
2508 2700 2520 2726 ,
2574 2656 2674 2729 qui
2707 2657 2767 2712 in
2799 2656 3122 2730 Evangeliis
3153 2655 3223 2712 de
3260 2655 3589 2713 Arimathia
3621 2657 3767 2725 seri:

2116 2746 2295 2802 bitur.

2186 2836 2496 2908 Abenezer,
2539 2837 2693 2908 quod
2753 2835 3190 2908 interpretatur,
3248 2834 3401 2907 lapis
3459 2835 3776 2906 adjutorii,

2118 2925 2259 2997 (sive
2290 2926 2437 2998 lapis
2469 2924 2817 2995 auxiliator).
2878 2926 2979 2981 Est
3007 2928 3201 2980 autem
3232 2923 3395 2979 locus
3430 2924 3583 2980 unde
3613 2923 3776 2982 tule-

2118 3018 2255 3068 runt
2284 3012 2599 3068 Philistiim
2653 3028 2849 3068 arcam
2889 3011 3242 3079 testamenti,
3275 3011 3425 3069 inter
3455 3011 3664 3070 [Etiam
3709 3017 3772 3070 et

2117 3100 2530 3173 Aschalonem,
2557 3103 2727 3173 juxta
2752 3100 2951 3157 villam
2982 3100 3334 3157 Bethsamis.

2189 3191 2376 3263 Aphes
2434 3190 2739 3259 dommim,
2801 3190 2902 3246 ubi
2958 3189 3260 3246 dimicavit
3317 3189 3454 3246 Saul
3487 3191 3614 3264 (pro
3644 3206 3769 3263 quo

2041 3263 2086 3335 C
2119 3280 2329 3352 Aquila
2358 3280 2773 3353 interpretatus
2805 3282 2913 3348 est)
2944 3280 3003 3334 in
3035 3279 3254 3336 ﬁnibus
3285 3263 3605 3336 Dommim.

2189 3423 2205 3495 ξ
2238 3421 2355 3495 Hoc
2385 3421 2588 3477 ordine
2626 3425 2682 3495 et
2737 3421 2948 3477 Euseb.
3011 3420 3329 3495 recensuit,
3368 3425 3439 3495 et
3488 3420 3769 3495 Hierony-

2120 3493 2297 3548 miani
2326 3494 2441 3548 duo
2470 3493 2651 3548 nostri
2699 3510 2841 3548 mss.
2901 3493 3230 3563 praeferunt.
3267 3491 3487 3549 Vitiosa
3517 3491 3764 3550 Martia»

2118 3582 2277 3620 nmus
2309 3565 2507 3620 Adamz’
2536 3568 2667 3636 post
2697 3567 2829 3620 Asor
2859 3564 3073 3635 posuit.

2187 3646 2207 3677 ²
2234 3643 2453 3700 Vitiose
2484 3661 2626 3699 mss.
2661 3645 2919 3715 editique
2947 3644 3229 3715 hactenus
3257 3642 3393 3715 libri
3431 3644 3581 3700 vicus
3610 3644 3766 3699 alius

2116 3732 2217 3788 pro
2249 3718 2404 3781 Aius,
2437 3713 2933 3788 quemadmodum
2966 3720 3022 3771 et
3079 3713 3193 3770 alia
3250 3714 3402 3770 infra
3431 3715 3766 3772 emendavi—

2122 3804 2275 3842 nius.

2181 3859 2203 3891 ³
2262 3858 2493 3929 ΡιθεὶΠῶ
2547 3875 2659 3915 ms.
2718 3859 2830 3928 ﬁlii
2877 3858 3065 3923 Jobab,
3116 3853 3297 3929 juxta
3342 3860 3627 3929 Graecum.
3692 3862 3769 3913 At

2114 3923 2400 4003 Eusebius
2433 3947 2443 3984 :
2477 3928 2625 4003 Α)ξῖῗοῖ
2649 3923 2843 4003 ξίὸῼώρ
2898 3932 2993 4003 τοῖὸ
3022 3923 3217 3982 Ἰωϐἅο
3246 3927 3392 3984 dixit
3417 3929 3529 4001 ﬁlii
3554 3930 3765 3997 Jethor,

2109 4002 2227 4071 ﬁlii
2254 4002 2443 4057 Jobab.
2476 4001 2606 4056 Vid.
2638 4001 2833 4056 Judic.
2870 4018 2886 4055 ι
2927 4002 3007 4055 l6.

2180 4080 2292 4154 {In
2325 4098 2440 4137 uno
2490 4079 2886 4154 Complutensi
2941 4098 3052 4136 ms.
3112 4080 3273 4154 Ἄρες
3333 4079 3553 4154 habent
3592 4080 3755 4154 ιλξςΧ,

2107 4151 2293 4225 Judic.
2334 4172 2372 4225 γι
2409 4196 2422 4220 ,
2481 4154 2570 4209 35.
2632 4146 2879 4225 Verterit
2949 4168 3120 4225 porro
3186 4146 3420 4223 'Aquila
3476 4146 3750 4225 δρυμῶν)

2108 4223 2445 4280 Coislinian.
2530 4222 2869 4294 Hexaplaris
2947 4222 3126 4294 codex
3212 4222 3756 4280 a’Montfauconio

2107 4295 2384 4369 laudatus
2441 4295 2511 4369 ad
2572 4292 2897 4369 marginem
2946 4292 3761 4369 _8,oopfuvo¢_absque__inter-

2109 4367 2289 4490 pretis
2337 4365 2591 4421 nomine.
2656 4366 2890 4422 Eusebii
2946 4365 3220 4422 lacunam
3277 4365 3415 4421 hinc
3448 4366 3615 4422 facile
3647 4366 3754 4422 im-

2111 4456 2144 4490 ο
2175 4453 2293 4490 eas.

2175 4453 2293 4491 8&8.

2109 4456 2293 4509 pleas.

2178 4508 2201 4579 ἒ
2231 4508 2375 4574 Non,
2412 4510 2475 4561 ut
2507 4507 2842 4563 Bonfrerius
2874 4513 3062 4579 putat,
3107 4507 3263 4563 idem
3329 4507 3423 4563 hic
3453 4512 3543 4565 est
3568 4509 3756 4575 locus,

2107 4577 2206 4648 qui
2240 4595 2417 4649 supra
2464 4595 2532 4633 ex
2584 4580 2761 4635 Josue
2818 4577 3016 4645 Aroer,
3076 4580 3268 4636 dictus
3298 4583 3407 4635 est.
3441 4579 3540 4636 llle
3596 4581 3754 4637 enim

2103 4650 2489 4705 Moabitarum
2549 4656 2725 4721 atque
2779 4652 3250 4706 Amorrhmorum
3332 4652 3623 4708 terminus
3681 4652 3755 4709 ad

2103 4723 2435 4795 Arnonem,_
2478 4720 2571 4777 hic
2601 4720 3068 4795 Ammonitarum
3103 4727 3248 4788 erat,
3308 4738 3558 4793 quorum
3592 4722 3753 4795 regio

2104 4797 2326 4866 partem
2366 4792 2630 4866 alteram
2692 4795 2853 4865 regni
2907 4794 3114 4866 Sehon,
3164 4792 3505 4866 occupabat.
3565 4792 3755 4851 Huius

2103 4864 2319 4938 mentio
2352 4865 2417 4938 ﬁt
2444 4864 2635 4919 Judic.
2669 4864 2870 4938 x1,"33,
2901 4864 3063 4922 illius
3089 4865 3271 4922 Josue
3310 4864 3435 4938 itm,
3471 4866 3576 4933 16;
3612 4866 3755 4938 quin

2099 4936 2273 5009 etiam
2301 4953 2365 4991 eo
2400 4936 2524 5009 ipso
2557 4937 2742 5009 capite
2771 4944 3017 5009 utraque
3076 4944 3257 4993 Aroer
3313 4936 3673 5009 describitur
3738 4954 3751 4993 :

2097 5010 2153 5081 et
2185 5006 2282 5061 illa
2312 5006 2547 5078 quidem
2589 5006 2795 5064 versic.
2829 5009 2895 5081 16
2926 5006 2941 5062 Ξ
2984 5010 3155 5081 Aroer,
3193 5025 3316 5081 quia
3345 5016 3423 5064 est
3471 5008 3542 5064 ad
3572 5011 3754 5081 ripam

2095 5080 2344 5147 ﬂuminis
2374 5080 2557 5133 Arnmz
2582 5096 2600 5137 .·
2634 5079 3214 5153 nostralhteclversic.
3251 5082 3320 5133 25
3351 5097 3364 5134 :
3399 5081 3570 5153 Aroer
3623 5079 3753 5153 cur):

2095 5153 2170 5204 est
2197 5156 2322 5205 ante
2347 5160 2690 5221 conspectum
2722 5151 2896 5206 Rabbe
2944 5151 3176 5207 dicitur.
3242 5155 3498 5207 Rursum
3531 5151 3751 5207 imme-

2095 5221 2361 5295 ritosive
2406 5222 2736 5295 Eusebium
2756 5222 2874 5277 sive
2918 5223 3338 5295 Hieronymum
3369 5222 3569 5295 culpat
3598 5224 3753 5295 Bon-

2096 5293 2326 5361 t‘rerius,
2361 5294 2515 5363 quod
2547 5294 2696 5348 hanc
2724 5292 2912 5364 ipsam
2972 5292 3163 5360 Aruir,
3197 5297 3257 5349 in
3314 5311 3418 5365 qua
3458 5292 3749 5351 ᾱὶνηίοαῦίι

2089 5365 2295 5437 Jephte,
2327 5365 2711 5437 tradiderunt,
2746 5365 2940 5418 vicum
2989 5382 3116 5421 esse
3165 5367 3239 5420 ad
3288 5366 3747 5437 septentrionem

2090 5436 2246 5487 Ailim
2280 5452 2382 5489 seu
2416 5435 2838 5506 Hicros<')lylu:,c.
2874 5437 2982 5490 Sed
3017 5437 3121 5503 illi,
3145 5435 3436 5493 commate
3467 5438 3540 5492 de
3570 5437 3750 5492 Aruir

2090 5506 2335 5575 expleto,
2369 5506 2550 5561 alium
2586 5508 2755 5562 modo
2788 5509 3193 5577 cognominem
3251 5509 3446 5563 vicum
3480 5509 3551 5563 ad
3583 5508 3749 5564 {Elian

2088 5578 2542 5651 septentrionem
2576 5580 2757 5651 situm
2792 5585 3118 5635 memorant
3150 5598 3166 5632 :
3201 5584 3258 5635 et
3290 5580 3578 5635 Eusebius
3611 5580 3746 5651 qui-

2088 5649 2218 5703 dem
2252 5648 2308 5702 in
2344 5654 2521 5715 sexto,
2556 5650 2709 5704 Hier.
2744 5650 2802 5705 in
2836 5650 3116 5708 vicesimo
3152 5651 3449 5708 milliario.
3483 5651 3592 5707 Vid
3630 5648 3749 5709 su-

2088 5735 2193 5790 pra
2224 5720 2294 5777 ad
2329 5736 2530 5778 vocem
2561 5726 2763 5780 Aroer.
