3966 6390
1178 380 1281 444 DE
1326 381 1507 446 SITU
1548 381 1650 444 ET
1693 377 1969 443 NOMIN.
1998 379 2182 445 ~LOG.
2230 381 2596 447 HEBRAIC.

254 516 557 592 Annegeh,
588 534 694 592 pro
722 532 837 592 quo
865 514 1366 590 Aquila,austrum
1403 533 1415 572 :
1448 515 1833 589 Symmachus
1862 516 1919 583 Α
2017 522 2226 574 Arcem
2262 518 2592 592 :Josephus
2622 517 2818 590 refert,
2847 513 2999 578 hanc
3027 531 3157 577 esse
3185 514 3414 579 Petram
3443 519 3591 581 ιω

182 607 499 665 meridiem
528 606 977 665 transtulerunt.

253 705 444 775 Arith,
473 706 573 762 ubi
605 707 760 763 sedit
788 705 1089 774 David,est
1117 703 1257 761 villa
1288 703 1466 761 Arath
1499 703 1835 775 nomine,ad

177 795 544 852 occidentem
572 794 749 850 Elian.

252 884 530 951 Ahialim,
562 901 666 957 pro
708 901 823 957 quo
877 881 1091 955 Aquila
1134 882 1455 951 transtulit,
1507 899 1834 951 cervorum,

175 972 502 1029 Theodotio
524 973 750 1045 lapides
782 989 1108 1029 cervorum.

254 1072 504 1140 Aendor,
565 1088 691 1143 quae
750 1074 836 1127 est
879 1069 939 1125 in
1009 1069 1291 1135 Jezraela,
1329 1070 1425 1126 ubi
1480 1069 1583 1125 filii
1658 1070 1835 1127 Israel

177 1176 250 1219 se
324 1161 395 1218 ad
456 1158 725 1232 praelium
781 1163 1175 1231 praeparantes
1235 1164 1425 1215 castra
1484 1164 1831 1231 posuerunt.

182 1251 262 1307 Et
323 1254 412 1306 est
462 1249 754 1321 hodieque
820 1248 1060 1322 grandis
1136 1247 1301 1304 vicus
1354 1249 1603 1314 Aendor,
1675 1250 1841 1319 juxta

188 1343 459 1401 montem
520 1338 753 1395 Thabor
810 1338 882 1393 ad
944 1337 1250 1393 meridiem
1326 1337 1386 1392 in
1446 1340 1653 1410 quarto
1707 1335 1839 1392 mil-

272 1445 378 1483 P10.

184 1427 483 1590 hazghec,
514 1517 685 1589 juxta
738 1515 972 1572 Aendor
1028 1514 1326 1585 chraelis,
1386 1515 1486 1571 ubi
1546 1514 1844 1571 dimicavit

306 1606 348 1663 l.

306 1607 348 1663 l.

178 1607 458 1762 saera,
491 1695 563 1751 ad
594 1709 770 1768 quem
805 1692 998 1750 locum
1048 1692 1367 1764 spoliorum
1422 1697 1648 1768 partem
1679 1694 1844 1751 misit

178 1784 396 1843 David.

258 1873 514 1970 Athach,
536 1874 608 1930 ad
639 1873 802 1930 hunc
834 1888 1069 1947 quoque
1100 1871 1295 1928 locum
1327 1871 1505 1929 David
1536 1871 1699 1928 misit
1711 1889 1842 1945 par-
1874 1888 1923 1954 Β
1954 1871 2375 1969 είίηιςιθοηθω
2407 1871 2532 1970 ﬁci,

183 1968 309 2021 tem
340 1963 571 2037 praedas.
1038 2010 1052 2026 ,

261 2052 418 2113 159
447 2054 677 2121 Amma,
710 2051 770 2107 in
802 2051 1101 2107 desertum
1128 2051 1406 2106 euntibus
1438 2051 1697 2108 Gabaon.

262 2150 488 2207 Aethon
520 2149 755 2219 Adasai,
789 2166 893 2223 pro
925 2165 1040 2222 quo
1071 2149 1460 2221 Symmachus
1509 2148 1728 2221 posuit,
1759 2148 1843 2205 in-

187 2240 467 2299 feriorem
488 2238 665 2295 viam.

270 2342 422 2394 Area
451 2337 624 2406 Orne,
655 2336 777 2393 hzec
797 2338 888 2393 est
916 2334 1269 2392 Jerusalem.
1317 2340 1325 2351 ’

266 2440 477 2503 Assur,
536 2434 740 2491 civitas
792 2433 1036 2502 Judaaas,
1097 2449 1277 2505 quam
1331 2433 1642 2491 mdiﬁcavit
1686 2434 1845 2492 Salo-

194 2542 365 2583 mon.

263 2621 632 2691 Abelmaula,
691 2622 835 2678 urbs
892 2620 1071 2677 unius
1132 2623 1204 2677 de
1259 2622 1625 2695 principibus
1685 2621 1843 2678 Salo-

194 2713 413 2782 monis,
442 2712 598 2768 unde
627 2710 738 2767 fuit
766 2715 824 2766 et
852 2709 1096 2767 Elisasus
1148 2711 1452 2784 propheta.
1500 2716 1601 2768 Est
1648 2716 1845 2767 autem

192 2820 353 2859 nunc
381 2802 546 2858 vicus
599 2800 657 2856 in
714 2799 966 2869 Aulone,
1023 2800 1096 2855 de
1154 2817 1270 2872 quo
1327 2817 1509 2873 supra
1568 2801 1846 2871 diximus,

197 2892 262 2948 in
294 2891 520 2949 decimo
552 2908 594 2947 a
620 2888 955 2962 Scythopoli
1012 2888 1287 2945 milliario
1342 2892 1571 2961 (contra
1622 2895 1849 2946 austra-

189 2982 311 3039 lem
344 2979 600 3054 plagam)
649 2979 887 3035 nomine
933 2978 1236 3035 Bethaula.
1297 2980 1409 3035 Sed
1458 2984 1516 3036 et
1558 2980 1839 3037 Abelmea

189 3070 403 3127 villula
458 3072 836 3141 nuncupatur
901 3068 1057 3124 inter
1120 3068 1423 3141 Neapolim
1492 3072 1550 3125 et
1604 3070 1848 3143 Scytho-

192 3160 401 3234 polim.

1946 607 2154 663 urbem
2186 607 2445 664 nobilem
2476 607 2816 665 Palaestinas.

2018 704 2417 778 Adrameleca,
2449 704 2672 763 idolum
2703 705 3099 780 Assyriorum,
3131 708 3287 781 quod
3310 710 3370 765 et
3394 713 3592 767 Sama-

1948 794 2072 851 ritae
2101 794 2356 851 venerati
2389 799 2548 852 sunt.

2020 893 2306 961 Aroniim,
2330 893 2500 965 juxta
2531 894 2740 951 Isaiam
2776 896 2907 967 (mp.
2947 895 3041 967 xv)
3088 895 3191 951 viae
3238 912 3450 952 nomen
3483 901 3592 965 est,

1882 1009 1895 1021 ε
1948 982 2008 1037 in
2039 981 2260 1038 visione
2289 988 2490 1039 contra
2521 983 2712 1051 Moab,
2746 1001 2849 1057 pro
2889 1001 3003 1057 quo
3054 984 3270 1058 Aquila
3315 985 3590 1045 Oranaim

1949 1071 2164 1143 posuit,
2198 1074 2254 1128 et
2282 1072 2670 1145 Symmachus
2701 1073 3002 1130 Orannim.

2020 1168 2296 1241 Agallim,
2329 1173 2387 1226 et
2414 1170 2593 1242 hujus
2624 1170 2807 1227 Isaias
2837 1170 3185 1228 meminitin
3214 1171 3437 1229 visione
3464 1190 3597 1231 con-

1949 1263 2041 1315 tra
2072 1258 2262 1315 Moab.
2296 1260 2399 1315 Est
2428 1264 2623 1316 autem
2665 1277 2821 1316 nunc
2865 1260 3111 1334 Egalim
3166 1262 3331 1318 vicus
3386 1263 3458 1319 ad
3493 1280 3598 1320 au-

1949 1347 2189 1404 stralem
2222 1352 2444 1421 partem
2472 1347 2845 1421 Areopoleos,
2875 1349 3101 1407 distans
3132 1350 3206 1409 ab
3235 1367 3303 1407 ea
3331 1351 3595 1410 millibus

1951 1441 2099 1493 octo.

2022 1533 2215 1601 Elim,
2250 1538 2461 1607 puteus
2489 1534 2722 1602 Dimon,
2772 1539 2829 1591 et
2882 1535 3061 1607 hujus
3112 1535 3223 1592 loci
3273 1537 3334 1593 in
3390 1539 3596 1596 eadem

1950 1624 2176 1681 visione
2200 1625 2379 1681 Isaias
2410 1625 2768 1681 recordatur.

2023 1722 2208 1791 Ariel,
2262 1723 2445 1795 hujus
2524 1739 2757 1796 quoque
2844 1724 3027 1781 Isaias
3082 1725 3352 1782 meminit
3424 1726 3598 1799 (XXIX,

1955 1813 2033 1881 1),
2101 1828 2279 1885 quam
2355 1812 2576 1884 Aquila
2649 1817 2708 1867 et
2779 1812 3168 1885 Symmachus
3232 1813 3600 1887 interpretati

2564 1905 2726 1958 Hanc
2756 1905 2965 1973 putant
2994 1919 3123 1960 esse
3145 1904 3384 1977 quidam
3419 1908 3601 1962 Areo-

1954 1991 2157 2064 polim,
2190 2008 2257 2047 eo
2291 1992 2445 2063 quod
2476 1991 2557 2047 ibi
2587 2009 2776 2064 usque
2802 2009 2958 2049 nunc
3016 1993 3171 2051 Ariel
3227 1994 3449 2052 idolum
3506 2012 3602 2053 co-

1953 2080 2100 2149 lant,
2156 2085 2428 2137 vocatum
2484 2080 2695 2130 ἀπὸτοῦ
2723 2084 2920 2146 Ἄρεως,
2980 2081 3038 2138 id
3114 2086 3224 2150 est,
3292 2100 3327 2139 a
3397 2084 3603 2152 Marte,

1955 2171 2111 2226 unde
2139 2174 2198 2226 et
2226 2170 2520 2226 civitatem
2552 2170 2769 2226 dictam
2801 2169 3373 2244 suspicantur.(Mihi
3404 2176 3601 2230 autem

1958 2258 2191 2316 videtur
2212 2260 2384 2332 juxta
2414 2259 2859 2331 conequentiam
2894 2263 3243 2332 textumque
3262 2261 3602 2333 prophetiae,

1955 2348 2116 2404 Ariel
2138 2347 2217 2404 ibi
2249 2347 2556 2420 allegorice
2584 2347 2933 2415 Jerusalem,
2957 2348 3078 2405 sive
3105 2348 3394 2422 templum
3425 2349 3604 2422 signi-

1955 2438 2152 2507 ficare,
2192 2437 2304 2493 hoc
2352 2440 2460 2505 est,
2513 2436 2742 2493 leonem
2794 2436 2918 2504 Dei,
2962 2438 3116 2509 quod
3163 2438 3309 2494 forte
3354 2454 3603 2511 regnum

1956 2527 2137 2583 fuerit
2179 2530 2237 2583 et
2286 2530 2513 2600 potens.
2573 2526 2654 2583 De
2709 2526 2819 2583 hoc
2874 2526 2934 2582 in
2987 2526 3155 2584 libris
3208 2528 3605 2585 Hebraicarum

1957 2616 2336 2686 Quaestionum
2366 2616 2383 2651 ¹
2415 2614 2647 2688 plenius
2676 2616 2899 2672 dictum
2932 2620 3068 2686 est.)

2027 2716 2273 2782 Adamn,
2306 2714 2366 2769 in
2398 2714 2568 2782 Isaia,
2601 2730 2705 2786 pro
2735 2730 2851 2787 quo
2881 2713 3093 2787 Aquila
3121 2717 3179 2771 et
3205 2714 3600 2787 Symmachus

1956 2804 2229 2871 humum,
2260 2803 2579 2860 Theodotio
2607 2807 2824 2860 terram
2854 2803 3335 2876 interpretantur.

2028 2900 2183 2975 Ager
2225 2900 2489 2965 fullonis,
2547 2905 2605 2957 et
2659 2901 2770 2957 hoc
2825 2901 2886 2957 in
2946 2901 3096 2958 Isaia
3151 2902 3434 2974 scriptum
3494 2905 3603 2958 est.

1957 2992 2303 3049 Ostenditur
2333 2994 2530 3046 autem
2562 3007 2721 3047 nunc
2750 3006 2939 3063 usque
2965 2990 3129 3047 locus
3149 2990 3210 3046 in
3243 2990 3606 3049 suburbanis

1956 3080 2309 3137 Jerusalem.

2028 3169 2291 3226 Asedech
2320 3170 2365 3237 ³,
2389 3173 2447 3225 et
2476 3169 2628 3225 hanc
2668 3168 2849 3225 Isaias
2905 3167 3192 3241 propheta
3238 3167 3496 3224 futuram
3546 3169 3603 3223 in

260 3247 447 3305 Avoth
505 3246 649 3315 Jair,
704 3245 907 3304 civitas
974 3236 1153 3301 unius
1225 3247 1297 3303 de
1370 3245 1621 3303 ducibus
1683 3248 1843 3306 Salo-
1876 3261 1920 3331 α
1955 3260 2198 3333 Αζεγριο
2254 3236 2621 3315 vaticinatur,
2680 3236 2964 3314 sienduin
3013 3236 3257 3324 tantem,
3326 3257 3481 3330 quod
3540 3259 3598 3315 in

335 3354 425 3394 18.‘

335 3354 355 3393 ι
394 3357 425 3394 .’

190 3354 478 3495 ωἷιῗιέιῇ,
510 3443 690 3499 super
717 3424 883 3482 littus
926 3424 1108 3481 Rubri
1141 3424 1322 3481 maris
1354 3424 1410 3480 in
1444 3429 1595 3482 terra
1636 3427 1841 3497 Edom,

188 3518 264 3574 de
294 3533 413 3590 qua
440 3519 499 3573 et
525 3532 707 3587 supra
735 3514 961 3571 dictum
1003 3520 1112 3570 est.

250 3606 524 3675 Ahelotb,
554 3621 730 3678 quam
762 3604 1048 3661 exstruxit
1072 3602 1328 3660 Azarias.

184 3704 392 3773 Enda,
445 3703 626 3776 hujus
689 3706 1055 3776 expugnator
1109 3706 1284 3775 atque
1358 3702 1672 3759 subversor
1728 3706 1843 3761 Asa

181 3811 287 3852 rex
316 3793 447 3849 fuit.

255 3883 637 3955 Aziongaber,
670 3880 730 3937 in
760 3882 871 3937 hoc
896 3881 1022 3937 loco
1053 3880 1261 3937 classis
1290 3881 1578 3953 Josaphat
1606 3882 1658 3937 vi
1687 3885 1838 3939 tem-

180 3972 433 4047 pestatis
483 3973 681 4027 attrita
705 3975 812 4027 est.
852 3971 1053 4026 Fertur
1100 3975 1296 4026 autem
1328 3971 1457 4043 ipsa
1486 3988 1614 4028 esse
1642 3972 1839 4040 Essia,

180 4062 345 4119 haud
376 4060 577 4134 procul
610 4061 682 4116 ab
713 4059 839 4115 Aila
866 4059 925 4114 in
959 4059 1156 4115 Rubro
1189 4058 1358 4115 mari.

258 4159 532 4223 Alleabar
559 4158 774 4227 Gozan,
809 4156 1050 4214 nomina
1080 4158 1394 4213 fluminum
1440 4157 1499 4212 in
1530 4161 1685 4214 terra
1712 4159 1839 4215 Mc-

183 4249 420 4323 dorum,
468 4248 545 4305 ad
600 4263 852 4318 quorum
902 4250 1130 4303 montes
1177 4247 1442 4320 captivus
1490 4247 1704 4303 ductus
1753 4251 1842 4303 est

184 4336 391 4396 Israel.

255 4426 484 4494 Abana,
516 4425 730 4482 fluvius
761 4425 1058 4482 Damasci.

255 4515 563 4589 Aopsithe,
593 4514 683 4572 vel
712 4514 1045 4587 Aphusoth,
1080 4515 1235 4587 quod
1255 4514 1486 4587 Aquila,
1520 4515 1577 4571 in
1609 4514 1838 4574 liberta-

177 4610 303 4662 tem
332 4605 524 4662 vertit.

253 4695 430 4764 Aian,
463 4710 641 4768 quam
673 4692 1030 4769 expugnavit
1059 4709 1160 4750 rex
1185 4693 1583 4767 Assyriorum.

253 4792 382 4861 Aia,
408 4793 469 4849 in
499 4792 876 4865 Assyriorum
907 4792 1142 4865 regione
1172 4790 1357 4847 locus.

254 4881 498 4950 Amech,
531 4881 690 4954 regio
722 4880 1123 4954 Assyriorum.

256 4986 495 5053 Asyma,
528 4979 810 5051 oppidum
841 4978 901 5035 in
945 4982 1101 5036 terra
1129 4978 1357 5047 Judaea,
1388 4979 1544 5051 quod
1586 4980 1835 5037 aedifica-

175 5072 395 5131 verunt
422 5068 507 5138 hi,
540 5068 659 5141 qud
693 5068 765 5126 ad
788 5084 919 5125 eam
948 5070 1230 5124 venerant
1258 5068 1328 5124 de
1362 5068 1594 5124 Emath.

254 5296 366 5350 ³1η
399 5293 560 5349 libris
612 5294 1007 5351 Hebraicaru-m
1069 5294 1365 5363 Quwstz’on.
1426 5294 1553 5350 Non
1610 5298 1840 5351 exstant

175 5367 293 5424 illae
324 5364 689 5431 Qumstiones
723 5365 1015 5421 Hebraicze
1057 5366 1118 5421 in
1176 5366 1385 5421 Isaiam
1412 5383 1433 5428 ;
1469 5383 1591 5435 quae
1655 5368 1704 5421 si
1764 5369 1836 5423 ab

177 5439 539 5506 Hieronymo
561 5437 728 5493 editae
761 5440 998 5493 fuerunt
1020 5437 1357 5509 aliquando,
1389 5438 1635 5509 _injuria
1690 5444 1836 5493 tem-

218 5509 599 5582 orum_nobis
628 5509 946 5582 perierunt,
978 5507 1209 5582 magno
1258 5507 1435 5582 nimis

218 5530 393 5568 orum
430 5530 599 5565 D0018
628 5530 946 5582 perierunt,
995 5530 1209 5582 magno
1258 5530 1435 5564 DIIIIIS
1487 5530 1834 5581 ηῠιρυῡιιρίη

176 5530 479 5639 ﬁtterariae
527 5597 594 5637 ac
645 5580 907 5637 Ecclesiae
965 5580 1177 5639 Christi
1233 5580 1607 5637 detrimento.
1670 5582 1834 5638 Maa-

174 5671 337 5713 NN.

247 5754 320 5781 -—.-
348 5722 499 5783 Vide
528 5738 661 5795 qua
690 5723 905 5797 sapius
935 5723 1096 5797 alibi,
1130 5727 1189 5782 et
1215 5723 1276 5781 in
1316 5722 1575 5798 generali
1605 5724 1833 5784 Prwfat.

1866 4640 1915 4705 D

1535 5509 1837 5581 eipublicce
1878 5550 1886 5555 ε

1952 3348 2190 3404 Hebraeo
2217 3364 2320 3420 pro
2346 3347 2456 3404 hoc
2488 3346 2723 3403 nomine
2753 3346 3039 3418 scriptum
3068 3346 3167 3415 sit,
3197 3348 3598 3419 anAass,quod

1952 3455 1987 3493 a
2017 3436 2279 3494 siccitate
2310 3436 2550 3509 quidam
2580 3436 3045 3508 interpretantur
3074 3436 3134 3491 in
3167 3436 3374 3504 solem,
3416 3439 3475 3492 et
3504 3435 3602 3492 alii

1841 3563 1848 3571 ι
1950 3526 2011 3582 in
2068 3531 2281 3583 testam
2333 3526 2697 3583 transferunt
2753 3524 3009 3582 volentes
3085 3524 3175 3581 vel
3248 3524 3598 3598 Heliopolim

1952 3616 2295 3689 significari,
2327 3615 2416 3671 vel
2447 3615 2813 3673 Ostracinen.
2845 3616 2953 3671 Sed
2984 3618 3041 3671 et
3070 3614 3251 3686 hujus
3281 3614 3363 3670 rei
3395 3614 3601 3687 dispu-

1949 3706 2253 3774 tationem,
2288 3705 2429 3778 quia
2457 3704 2687 3778 longior
2713 3709 2822 3775 est,
2872 3704 2933 3759 in
2982 3703 3149 3759 libris
3202 3704 3598 3760 Hebraicarum

1954 3796 2325 3864 Quaestionum
2355 3795 2630 3867 reperies.

2023 3893 2283 3966 Arphad.
2309 3893 2452 3949 urbs
2502 3890 2795 3960 Damasci,
2851 3906 3029 3962 quam
3090 3887 3446 3961 expugnavit
3498 3905 3600 3945 rex

1950 3982 2512 4055 Assyriorum,sicut
2540 3982 2598 4037 in
2630 3980 2867 4045 Isaia,et
2892 3977 3231 4047 Jeremia,et
3261 3978 3598 4049 Regnorum

1951 4071 2121 4127 libris
2154 4070 2452 4127 scribitur.

2021 4161 2174 4217 168
2209 4164 2525 4231 Aneugava
2554 4161 2611 4214 et
2639 4157 2819 4231 hujus
2846 4157 3027 4216 Isaias
3056 4158 3329 4217 meminit
3359 4160 3602 4231 (xxxvn,

1952 4250 2063 4319 13),
2096 4265 2276 4321 quam
2308 4248 2523 4321 Aquila
2552 4247 2855 4305 transtulit
2882 4253 3007 4305 Ane
3035 4253 3095 4305 et
3144 4249 3308 4306 Gava
3354 4248 3603 4322 (scilicet

1951 4356 1990 4397 u
2019 4338 2330 4412 syllabam,
2365 4355 2490 4411 quae
2518 4338 2576 4394 in
2608 4338 2800 4394 medio
2840 4338 3097 4395 nominis
3155 4338 3345 4412 posita
3398 4342 3510 4406 est,
3542 4338 3603 4394 in

1951 4428 2451 4501 conjunctionem,
2515 4431 2601 4495 Et,
2671 4432 2762 4485 est
2818 4427 3255 4500 interpretatus)
3288 4444 3302 4483 :
3335 4428 3600 4499 Symma-

1949 4519 2098 4575 chus
2129 4516 2627 4582 vero.sollicitavit
2656 4521 2713 4573 et
2732 4516 3109 4574 humilliavit.
3136 4517 3407 4589 Legimus
3423 4530 3603 4587 super

1949 4608 2059 4665 hoc
2088 4612 2146 4663 et
2175 4607 2233 4662 in
2265 4607 2600 4681 Regnorum
2632 4606 2796 4665 libris
2827 4606 2921 4679 (IV
2946 4608 3071 4675 Reg.
3103 4622 3262 4674 xvm,
3292 4605 3405 4675 34).

2018 4696 2319 4764 Armenia,
2351 4697 2410 4752 in
2442 4695 2612 4762 Isaia,
2643 4711 2772 4768 quae
2803 4698 2893 4751 est
2920 4698 3150 4750 Ararat.

2019 4794 2191 4851 Asael
2226 4812 2239 4851 :
2268 4794 2450 4866 hujus
2479 4792 2750 4850 meminit
2775 4791 3082 4849 Zacharias
3113 4790 3417 4864 propheta.

2018 4891 2317 4960 Anameel,
2363 4891 2546 4948 turris
2590 4889 2919 4947 Jesusalem
2953 4905 2965 4944 :
3001 4889 3155 4946 sicut
3201 4888 3261 4944 in
3309 4886 3597 4943 Zacharias

1948 4983 2099 5039 libro
2132 4982 2417 5055 scriptum
2451 4983 2708 5050 est(x1v,
2739 4979 2818 5051 5).

2017 5071 2433 5139 Assameroth,
2459 5069 2520 5127 in
2570 5070 2827 5127 Jcremia
2857 5069 3032 5140 (xxxr,
3065 5069 3152 5138 40)
3189 5083 3202 5125 :
3237 5084 3340 5140 pro
3389 5084 3505 5141 quo
3538 5067 3599 5124 in

1948 5299 2021 5355 de
2050 5297 2209 5352 hisce
2241 5294 2642 5363 Quaestionibus
2671 5293 2949 5350 Hebraicis
2981 5292 3262 5349 diximus.

2019 5372 2040 5404 ²
2080 5369 2327 5423 Ascdcch.
2383 5366 2661 5421 Observet
2718 5365 2898 5420 lector
2954 5364 3080 5421 loca
3136 5365 3445 5436 Scripturze
3504 5363 3601 5420 hie

1947 5458 2076 5497 esse
2123 5455 2354 5499 semper
2384 5438 2559 5492 citata
2589 5438 2751 5507 juxta
2784 5436 2918 5491 LXX
2950 5436 3298 5506 interpretes
3333 5453 3347 5501 ;
3382 5436 3601 5493 Adamn

1954 5514 2111 5568 enim
2146 5511 2367 5581 legitur,
2389 5509 2543 5581 apud
2595 5509 2754 5572 LXX,
2814 5508 2927 5581 lsa.
2962 5526 3053 5575 xv,
3084 5512 3119 5563 9
3154 5526 3165 5571 ;
3201 5507 3403 5581 Asadec
3466 5524 3596 5581 cap.

1945 5602 2060 5652 xw,
2118 5579 2301 5649 '18,’et
2356 5579 2439 5636 ita
2492 5580 2562 5635 de
2632 5580 2859 5635 caeteris
2918 5580 2975 5636 in
3031 5580 3295 5653 margine
3354 5579 3594 5637 notatis.

1945 5660 2231 5714 Maurum.
