3966 6400
198 455 321 520 925

1193 458 1294 519 ne
1339 454 1522 520 Sl’l‘U
1565 454 1666 520 ET
1709 453 1988 519 NOMIN.
2034 422 2205 518 Loc.
2254 452 2620 519 ueneno.

3494 442 3618 517 926

200 588 288 663 (in
318 606 437 663 qua
474 589 764 648 Dominus
794 594 991 647 noster
1028 595 1200 663 atque
1229 590 1493 647 Salvator
1542 594 1715 646 natus
1744 589 1854 661 est)
1885 591 1941 657 Α
1969 592 2073 647 das
2104 595 2309 664 sponte
2338 590 2560 647 humus
2614 588 2801 659 eﬂ‘ert,
2859 592 3241 663 cognomento
3289 587 3614 660 Beelmans,

201 679 264 734 in
295 684 458 735 sexto
489 680 561 735 ab
591 679 755 736 [Elea
776 679 1048 736 milliario
1081 684 1281 735 contra
1312 679 1697 736 meridianam
1730 677 1854 750 pla-

1964 680 2192 736 distans
2210 681 2283 736 ab
2313 681 2502 736 Esbus
2524 679 2788 736 millibus
2820 696 3047 748 novem,
3100 680 3255 736 unde
3285 684 3341 736 et
3373 679 3613 737 Elisaaus

198 783 363 841 gam,
387 770 559 840 juxta
586 770 742 825 viam
768 785 895 840 quae
928 768 1088 824 ducit
1117 768 1405 835 Chebron,
1441 767 1540 824 ubi
1570 771 1627 823 et
1655 766 1855 839 sepul-
1967 769 2252 842 propheta
2277 769 2405 824 fuit.

201 873 372 912 crum
400 857 564 913 Jesse
594 861 651 912 et
679 857 858 913 David
917 857 1245 912 ostenditur
1301 858 1379 928 (et
1439 856 1597 912 mille
1629 857 1857 912 circiter

202 946 481 1018 passibus
539 945 740 1018 procul
799 945 978 1001 turris
1033 948 1207 1014 Ader,
1268 947 1858 1018 quae,interpretatur

198 1034 385 1090 turris
416 1035 630 1107 gregis,
661 1036 916 1106 quodam
947 1035 1221 1090 vaticinio
1252 1035 1510 1091 Pastoris
1542 1034 1857 1091 Dominicae

203 1123 480 1179 nativitas
512 1124 778 1178 conscios
806 1127 940 1178 ante
970 1123 1333 1195 signiﬁcans.
1394 1125 1505 1179 Sed
1537 1128 1593 1178 et
1627 1128 1861 1195 propter

201 1213 474 1268 eamdem
502 1211 820 1277 Bethleem,
844 1211 997 1285 regis
1023 1214 1320 1284 quondam
1349 1213 1561 1268 Judma:
1591 1210 1860 1267 Archelai

199 1300 473 1357 tumulus
502 1300 831 1357 ostenditur
861 1319 876 1358 :
911 1302 1011 1373 qui
1044 1302 1265 1357 semita:
1322 1303 1393 1357 ad
1453 1301 1697 1357 cellulas
1755 1317 1860 1355 no-

205 1394 365 1446 stras
410 1406 441 1445 e
494 1390 587 1445 via
643 1389 878 1461 publica
932 1390 1272 1447 divertentis
1345 1390 1698 1463 principium
1750 1393 1857 1445 est.

203 1479 539 1535 Vocabatur
557 1483 753 1535 autem
778 1479 1071 1535 Bethleem
1095 1484 1152 1535 et
1180 1479 1337 1535 ﬁlius
1360 1480 1626 1552 Ephratze
1658 1479 1742 1548 (id
1775 1484 1864 1534 est

207 1567 455 1637 Mariae),
516 1573 580 1623 ut
642 1568 700 1623 in
759 1568 1239 1641 Paralipomenon
1288 1568 1585 1624 volumine
1632 1567 1863 1640 plenius

204 1654 465 1729 legimus
495 1657 541 1729 (ι
567 1658 761 1714 Paral.
797 1675 863 1728 ιι,
888 1658 973 1725 19,
1018 1663 1170 1730 etc.).
1231 1658 1377 1730 Lege
1408 1657 1718 1730 diligenter
1773 1657 1864 1712 hi-

206 1744 477 1802 storiam.

836 1854 928 1909 DE
973 1854 1230 1910 EXODO.

283 1969 580 2027 Beelsefon
614 1973 653 2038 ¹,
684 1970 745 2025 in
778 1969 1007 2025 deserto
1039 1975 1230 2026 castra
1261 1970 1517 2026 filiorum
1558 1969 1756 2027 Israel.

196 2059 377 2129 juxta
406 2075 565 2115 mare
590 2059 855 2115 Rubrum
882 2059 1318 2131 egredientibus
1350 2061 1679 2132 rEgyptum.

355 2194 511 2249 170
541 2193 633 2249 DE
662 2192 983 2248 NUMERIS
1016 2192 1108 2247 ET
1140 2192 1725 2250 DEUTERONOMIO.

284 2302 633 2373 Banejacan,
680 2300 739 2355 in
799 2300 1025 2355 deserto
1078 2304 1270 2356 castra
1326 2300 1554 2356 itineris
1608 2301 1863 2360 filiorum

208 2390 417 2448 Israel.
645 2448 654 2456 ,

287 2478 766 2548 Bamoth,civitas
790 2478 1329 2534 Ammorrbaeorum
1353 2484 1517 2536 trans
1547 2480 1866 2538 Jordanem

211 2570 279 2625 in
308 2571 559 2636 Arnone,
593 2584 772 2640 quam
802 2568 1191 2640 possederunt
1222 2568 1324 2623 filii
1359 2570 1585 2625 Ruben.

210 2659 428 2725 Basan,
463 2674 640 2729 super
669 2674 786 2730 qua
815 2657 1091 2713 scribitur
1128 2675 1141 2712 :
1180 2660 1240 2711 Et
1292 2658 1371 2729 0g
1433 2675 1609 2729 regem
1678 2660 1865 2716 Basan

210 2748 393 2819 (Psal.
426 2764 648 2814 cxxxiv,
682 2746 796 2817 Η).
830 2750 992 2802 Hanc
1041 2751 1236 2802 autem
1295 2746 1619 2803 Macbaathi
1653 2766 1865 2821 cogno-

212 2836 463 2893 minavit
491 2835 671 2891 Avoth
728 2834 872 2904 Jair,
930 2836 1036 2891 hoc
1096 2841 1184 2891 est
1239 2833 1495 2897 ἐπαύλεις
1537 2836 1667 2911 Ἰαέρ
1710 2838 1866 2894 Ceci-

211 2926 420 2998 ditque
449 2925 508 2982 in
540 2930 759 2981 sortem
795 2924 1051 2979 dimidiae
1101 2925 1291 2979 tribus
1325 2925 1594 2982 Manasse
1626 2927 1683 2981 in
1716 2932 1872 2984 terra

211 3014 455 3085 Galaad,
494 3013 616 3070 haec
646 3017 735 3070 est
760 3014 1070 3082 Basanitis,
1132 3030 1259 3085 quae
1293 3032 1448 3071 nunc
1480 3016 1750 3072 Batanzea
1778 3018 1867 3073 di-

211 3105 390 3161 citur.

291 3192 667 3266 Beelphegor,
727 3193 884 3266 quod
969 3193 1402 3265 interpretatur,
1482 3193 1866 3250 simulacrum

2038 857 2195 926 Baal,
2232 862 2394 913 trans
2424 858 2763 927 Jordanem,
2797 858 2938 914 urbs
2970 857 3224 914 filiorum
3257 859 3491 915 Ruben.

2039 948 2283 1018 Bathan,
2343 952 2535 1002 castra
2563 947 2819 1002 ﬁliorum
2854 946 3031 1003 Israel
3063 947 3122 1002 in
3154 948 3539 1020 deserto,qum
3560 950 3623 1004 et

1968 1037 2198 1091 fEtbam
2226 1041 2624 1108 nuncupatur.

2040 1125 2194 1192 Bela,
2228 1126 2516 1181 terminus
2543 1125 2755 1180 Judazas
2790 1126 2861 1181 ad
2921 1125 3217 1181 Orientem
3275 1124 3618 1198 rescipiens,

1969 1215 2041 1270 de
2069 1231 2184 1286 quo
2215 1220 2271 1268 et
2303 1230 2483 1286 supra
2512 1214 2623 1269 sub
2656 1213 2895 1269 nomine
2924 1214 3147 1270 Arhelas
3179 1214 3457 1270 diximus.

2042 1306 2240 1371 Bosor,
2274 1303 2332 1357 in
2366 1304 2593 1359 deserto
2617 1307 2780 1359 trans
2803 1303 3142 1374 Jordanem,
3167 1321 3294 1376 quae
3327 1304 3537 1362 cecidit
3564 1304 3625 1359 in

1971 1396 2187 1448 sortem
2238 1392 2426 1447 tribus
2460 1392 2663 1448 Ruben
2694 1393 2767 1447 ad
2799 1392 3142 1449 orientalem
3190 1396 3339 1449 171
3399 1396 3626 1466 partem

1971 1481 2261 1547 Jerichus,
2296 1480 2497 1536 civitas
2530 1481 2907 1538 sacerdotalis
2956 1486 3012 1536 et
3058 1482 3461 1554 fugitivorum.
3495 1487 3626 1538 Haec

1973 1575 2063 1626 est
2114 1575 2315 1625 Bostra
2348 1570 2687 1642 metropolis
2712 1570 2954 1625 Arabiae.
3014 1571 3317 1643 Apellatur
3344 1576 3541 1627 autem
3571 1575 3630 1627 et

1975 1660 2089 1715 alia
2120 1661 2299 1715 Bosor
2328 1658 2533 1715 civitas
2556 1660 2707 1715 Esau
2732 1658 2792 1714 in
2825 1660 3128 1716 montibus
3161 1661 3627 1732 Idumam,cujus

1975 1751 2158 1805 Isaias
2190 1750 2529 1805 recordatur
2555 1749 2755 1804 dicens
2789 1766 2802 1803 :
2838 1751 2971 1821 Quis
3000 1766 3055 1804 es
3110 1752 3213 1804 iste
3247 1751 3344 1822 qui
3368 1752 3516 1805 venit
3563 1750 3631 1805 de

1975 1841 2143 1895 Edam
2172 1843 2197 1893 .9
2222 1838 2438 1910 fulvida
2468 1840 2791 1894 vestimenta
2837 1839 2956 1910 ejus
3012 1854 3081 1894 ex
3111 1840 3279 1895 Bosor
3308 1840 3434 1912 (Isa.
3471 1856 3628 1911 Lxm,

1896 1965 1944 2030 B
1978 1930 2029 1997 1,
2054 1929 2409 2030 justa‘LXX‘).

2051 2016 2282 2085 Beroth,
2318 2016 2577 2073 filiorum
2607 2016 2816 2084 Jacim,
2854 2016 2913 2072 in
2945 2016 3175 2073 deserto
3209 2016 3376 2073 locus
3406 2015 3465 2072 in
3513 2034 3629 2089 quo

1975 2106 2121 2162 obiit
2148 2108 2335 2162 Aaron
2363 2131 2378 2175 ;
2412 2111 2468 2161 et
2497 2106 2829 2163 ostenditur
2884 2122 3073 2178 usque
3103 2106 3277 2162 hodie
3310 2106 3366 2162 in
3400 2106 3630 2163 decimo

1979 2195 2175 2267 lapide
2204 2195 2367 2250 urbis
2399 2199 2581 2251 Petra:
2615 2195 2671 2250 in
2703 2195 2921 2250 montis
2948 2194 3183 2250 vertice.

2646 2302 2731 2357 DE
2774 2299 2966 2357 JESU.

2048 2394 2265 2459 Bunos,
2297 2391 2406 2447 hoc
2437 2396 2527 2447 est
2557 2389 2722 2447 collis
2750 2389 3192 2463 prmputiorum,
3220 2389 3384 2447 locus
3406 2391 3465 2446 in
3497 2389 3630 2446 Gal-

1976 2482 2146 2551 galis,
2180 2481 2278 2537 ubi
2310 2480 2681 2553 circumcidit
2709 2479 2885 2535 Jesus
2914 2478 3199 2551 populum
3233 2478 3411 2535 Israel
3442 2479 3503 2535 in
3535 2496 3631 2536 se-

1976 2571 2166 2626 cundo
2198 2571 2269 2625 ab
2297 2569 2526 2626 Jericbo
2556 2568 2769 2642 lapide.
2802 2569 2871 2623 Et
2901 2568 3290 2624 ostenduntur
3319 2585 3506 2641 usque
3532 2568 3632 2625 ho-

1976 2660 2068 2715 die
2102 2676 2262 2725 saxa,
2298 2677 2424 2731 quae
2455 2659 2525 2713 de
2545 2657 2799 2713 Jordane
2822 2656 2958 2713 illuc
2991 2655 3280 2712 translata
3308 2656 3632 2729 (Scriptura

1978 2749 2155 2819 (Josue
2186 2766 2262 2813 1v,
2287 2749 2340 2819 8)
2373 2747 2834 2817 commemorat).

2049 2837 2358 2905 Bethoron,
2394 2838 2465 2893 ad
2500 2853 2677 2909 quam
2737 2851 2923 2907 usque
2972 2834 3244 2891 inimicos
3279 2838 3627 2908 persecutus

1978 2930 2065 2982 cst
2095 2944 2258 2999 reges
2287 2927 2479 2994 Jesus,
2506 2943 2634 2997 qua:
2661 2925 2871 2980 cecidit
2891 2924 2952 2979 in
2985 2927 3205 2979 sortem
3238 2923 3497 2981 filiorum
3525 2926 3624 2985 Jo-,

1978 3015 2145 3087 seph,
2176 3016 2233 3070 id
2259 3020 2367 3083 est,
2398 3013 2697 3087 Ephraim.
2730 3013 2879 3067 Sunt
2908 3015 3104 3066 autem
3134 3012 3249 3067 duo
3278 3011 3451 3067 vicini
3491 3013 3630 3067 duo-

1978 3104 2168 3160 decim
2203 3105 2383 3160 ierme
2405 3103 2476 3158 ab
2506 3102 2654 3157 Elia
2673 3100 2865 3173 lapide
2882 3098 3202 3171 Nicopolim
3226 3101 3625 3172 pergentibus,

1978 3211 2008 3249 c
2040 3194 2257 3264 quibus
2282 3197 2522 3265 propter
2550 3192 2728 3247 situm
2762 3206 2917 3244 unus
2962 3188 3178 3243 dicitur
3207 3187 3495 3244 Bethoron
3523 3205 3625 3245 su-

213 3282 576 3357 ignominia.
612 3283 709 3338 Est
740 3287 936 3339 autem
970 3281 1191 3337 idolum
1241 3283 1431 3347 Moab,
1485 3288 1868 3355 cognomento
1902 3337 1939 3357 η
1979 3282 2380 3356 perior,quem
2404 3280 2708 3336 aediﬁcavit
2729 3277 3002 3335 Salomon
3028 3294 3041 3345 ;
3070 3281 3127 3333 et
3154 3276 3306 3333 alius
3337 3277 3626 3333 Bethoron

215 3337 387 3441 ἔδει,
409 3388 585 3443 super
606 3376 867 3428 montem
898 3372 1124 3445 Phogor
1146 3372 1341 3443 (quem
1369 3337 1866 3445 LatiniUPriapum
1899 3337 1942 3403 Ο
1980 3337 2425 3428 ἶηΐθτίςίνιόαῐυε
2461 3369 2666 3426 Levitis
2697 3368 2756 3423 in
2787 3367 3240 3440 possessionem.

218 3464 453 3517 vocant.
488 3464 556 3516 Et
601 3461 673 3516 de
731 3460 842 3516 hoc
897 3461 958 3515 in
1005 3460 1172 3516 libris
1198 3461 1588 3516 Ilebraicarum
1614 3465 1868 3534 Questio-

222 3566 364 3605 num
391 3551 412 3584 ²
441 3549 673 3623 plenius
705 3551 926 3606 dictum
959 3553 1091 3618 est).

291 3640 467 3707 Bean,
499 3639 704 3695 civitas
736 3639 1225 3707 Amorrbzeorum,
1258 3656 1385 3711 quae
1423 3644 1482 3697 et
1511 3640 1639 3714 ipsa
1667 3657 1702 3697 a
1729 3640 1867 3697 liliis

211 3729 420 3786 Ruben
452 3733 615 3786 tenta
642 3733 749 3785 est.

285 3818 762 3886 Bethamnaram,
796 3823 959 3875 trans
979 3819 1319 3889 Jordanem,
1352 3836 1529 3891 quam
1562 3820 1867 3877 aediﬁcavit

204 3908 402 3965 tribus
469 3908 613 3975 Gad,
649 3909 749 3963 Est
806 3908 1097 3980 hodieque
1151 3908 1289 3963 villa
1349 3909 1756 3966 Bethuamaris
1804 3910 1861 3965 in

204 3997 417 4071 quinto
447 4013 481 4052 a
512 3996 753 4054 Libiade
785 3998 1058 4054 milliario
1090 4003 1294 4053 contra
1322 3999 1690 4070 Aquilonem.

277 4086 596 4142 Betharran
626 4087 668 4155 ³,
723 4092 887 4143 trans
938 4087 1277 4153 Jordanem,
1335 4104 1512 4158 quam
1558 4087 1863 4144 aediﬁcavit

201 4172 397 4229 tribus
417 4172 562 4229 Gad.

277 4259 607 4331 Beelmeon,
641 4266 807 4319 trans
830 4263 1174 4327 Jordanem,
1222 4280 1395 4335 quem
1429 4262 1861 4318 cedilicaverunt

203 4350 315 4407 filii
344 4349 570 4407 Ruben.
603 4353 708 4408 Est
736 4356 934 4409 autem
966 4353 1130 4408 vicus
1163 4369 1348 4425 usque
1404 4370 1562 4408 nunc
1617 4353 1859 4424 grandis

191 4442 370 4514 juxta
400 4442 582 4497 Baaru
615 4441 727 4523 (Al.
760 4442 965 4513 Baara)
993 4443 1051 4497 in
1085 4442 1322 4508 Arabia,
1357 4442 1455 4498 ubi
1504 4459 1688 4514 aquas
1721 4442 1857 4499 cali-

203 4618 239 4657 a
268 4601 525 4676 _C_anisio,
564 4603 760 4676 editus
792 4605 847 4659 iu
882 4604 1284 4676 Descriptione
1340 4604 1525 4659 Terra:
1585 4605 1807 4659 Sanctae
1841 4621 1854 4660 :

200 4696 232 4723 ‹‹
268 4673 512 4773 Venitur
527 4675 599 4773 ad
616 4673 1205 4773 civitaterminclytam‘
1223 4676 1512 4773 quondam
1540 4676 1856 4773 Dethileemd,
1891 4710 1936 4773 Β

199 4762 335 4819 qua}
361 4746 537 4819 estin
570 4748 726 4803 tribu
756 4748 931 4815 Juda,
966 4746 1065 4803 ubi
1100 4749 1210 4801 t’uit
1240 4754 1414 4819 caput
1460 4748 1644 4819 ipsius
1677 4748 1855 4819 David

197 4814 360 4897 regis
384 4818 744 4887 Judeeorum,
778 4824 834 4874 et
865 4814 1037 4875 modo
1096 4823 1186 4873 cst
1234 4814 1328 4875 ad~
1364 4814 1549 4874 instar
1595 4818 1859 4891 Oppiduli

240 4905 383 4944 arw.
424 4911 445 4937 ι

195 4905 628 5032 paf‘geelse/on,
662 4965 769 5017 etc.
798 4962 861 5017 In
896 4966 1066 5018 antea
1094 4961 1269 5017 editis
1298 4960 1466 5016 libris
1489 4963 1704 5017 absunt
1736 4962 1857 5017 haec

198 5029 561 5108 omnialoca
594 5048 628 5087 ει
676 5049 816 5089 vove
876 5034 1228 5108 Beelse/‘aon,
1278 5050 1466 5108 usque
1496 5034 1857 5108 adverbum

197 5101 465 5176 Bethfwli
510 5103 808 5176 Leguntur
865 5122 997 5161 vero
1049 5101 1106 5159 i'n
1154 5101 1431 5176 omnibus
1475 5105 1736 5176 antiquis
1768 5123 1859 5161 ex-

193 5173 744 5248 qmplarigbusr'mss.
780 5177 1083 5241 Romanis,
1116 5180 1174 5231 et
1202 5174 1539 5248 Gallicanis,
1574 5173 1750 5248 atque
1796 5178 1856 5232 in

195 5244 395 5301 Graco
429 5246 697 5303 Eusebio.
722 5248 838 5303 Cur
867 5253 1062 5304 autem
1095 5248 1317 5303 omissa
1348 5248 1468 5302 sint
1497 5247 1556 5302 in
1588 5244 1858 5303 editioni-

193 5316 313 5371 bus
344 5318 689 5375 Erasmiana
737 5324 794 5375 et
827 5320 1179 5387 Martianrea,
1232 5337 1346 5373 non
1400 5318 1573 5373 aliam
1608 5320 1855 5389 conjicio

191 5402 445 5463 causam
478 5397 684 5461 praeler
735 5390 1015 5446 mutilum
1075 5396 1131 5446 et
1188 5396 1529 5461 corruptum
1564 5391 1859 5463 exemplar

190 5475 315 5531 quo
349 5458 440 5514 usi
472 5458 632 5529 sunt,
665 5463 940 5535 quodque
976 5463 1320 5535 festinanter
1348 5458 1433 5535 ac,
1473 5458 1855 5535 negligenter,

188 5535 372 5606 prout
403 5547 614 5587 manus
648 5533 861 5606 venit;
895 5534 1189 5589 edendum
1248 5534 1620 5606 tradiderunt
1653 5533 1857 5606 impc-

187 5602 330 5678 i‘itis
354 5605 767 5678 typograpbis.
808 5605 984 5678 Porro
1016 5606 1223 5677 ingens
1256 5604 1383 5678 illa»
1408 5604 1616 5678 lacuna
1649 5602 1857 5678 reperi-

182 5679 289 5730 tur
318 5674 622 5746 in'pauois‘
647 5676 944 5733 codicibus
997 5674 1141 5732 mss.
1175 5676 1594 5732 recentioribus
1625 5682 1681 5732 et
1713 5674 1855 5733 'inli-

183 5762 299 5821 mae
358 5750 538 5821 notae,
569 5747 640 5821 ad
681 5765 849 5821 quos
911 5750 1201 5821 adornata:
1257 5752 1500 5816 sunt,ut
1534 5748 1854 5821 plurimum

176 5820 413 5876 veteres
448 5818 737 5879 editionis
761 5820 1118 5893 Hieronymi.
1151 5823 1435 5877 Murrum.

2050 3463 2259 3530 Barne,
2290 3462 2413 3516 haec
2443 3461 2573 3533 ipsa
2618 3463 2727 3527 est,
2761 3475 2887 3529 quae
2918 3461 2975 3513 et
3004 3456 3183 3512 Cades
3215 3458 3401 3512 Barne
3432 3456 3489 3512 in
3522 3456 3627 3513 de-

1978 3556 2154 3618 serto,
2189 3552 2343 3625 quod
2374 3549 2705 3606 extenditur
2734 3564 2922 3619 usque
2952 3547 3023 3602 ad
3056 3547 3240 3602 urben
3271 3547 3517 3603 Pettam.

2049 3638 2544 3714 Baalgad,civitas
2566 3638 2623 3691 in
2657 3633 3089 3707 campestribus
3118 3632 3347 3700 Libani,
3374 3634 3445 3688 ad
3478 3633 3629 3689 radi-

1977 3746 2072 3786 ces
2096 3730 2311 3786 montis
2342 3733 2601 3795 ZErmon,
2635 3740 2813 3797 quam
2844 3727 2902 3778 et
2929 3721 3119 3794 ipsam
3151 3721 3303 3792 cepit
3330 3721 3524 3801 Jesus.

2049 3820 2381 3892 Bethfogor,
2415 3818 2556 3873 urbs
2585 3814 2841 3870 ﬁliorum
2873 3812 3076 3867 Ruben
3107 3814 3272 3866 trans
3307 3810 3624 3866 Jordanem

1965 3910 2137 3981 juxta
2166 3914 2426 3965 montem
2456 3906 2684 3977 Phogor
2713 3905 2918 3958 contra
2945 3898 3198 3965 Jericbo,
3232 3915 3329 3954 sex
3360 3898 3626 3956 millibus

1974 4014 2157 4070 supra
2192 3996 2515 4052 Libiadem.

2044 4083 2597 4151 Bethisumutb,hoc
2623 4084 2713 4136 est
2744 4076 3103 4144 domus,sive
3132 4076 3316 4147 locus,
3352 4078 3621 4134 Isimuth.

1980 4176 2082 4231 Est
2107 4178 2300 4230 autem
2334 4188 2524 4244 usque
2555 4168 2728 4225 hodie
2757 4168 2919 4223 vicus
2955 4166 3204 4222 lsimuth
3244 4172 3450 4224 contra
3476 4168 3625 4225 Jeri-

1972 4265 2104 4329 cho,
2138 4263 2338 4318 decem
2373 4262 2445 4317 ab
2503 4277 2572 4317 ea
2601 4258 2870 4315 millibus
2921 4256 3148 4313 distans
3178 4257 3238 4312 in
3300 4258 3627 4315 meridiana
3724 4302 3733 4311 .

1971 4354 2144 4426 plaga
2165 4354 2337 4424 juxta
2370 4367 2531 4406 mare
2566 4349 2882 4405 Mortuum.

2043 4440 2306 4497 Beeroth.
2343 4439 2458 4495 sub
2489 4437 2636 4494 colle
2665 4436 2903 4491 Gabaon
2963 4434 3003 4490 ‘.
3037 4434 3379 4491 Ostenditur
3425 4434 3626 4491 bodie-

2039 4604 2061 4637 ²
2091 4605 2152 4658 1η
2182 4602 2345 4657 libris
2376 4600 2769 4656 Hebraz’carum
2807 4596 3176 4663 Questionum.
3238 4594 3375 4666 Non,
3420 4610 3625 4666 super-

1969 4680 2110 4731 sunt
2141 4676 2473 4742 Quswliones
2528 4671 2801 4742 Hebraica;
2832 4666 3179 4742 Hieronymi
3225 4666 3285 4720 in
3336 4665 3625 4742 Numeros

1968 4752 2025 4803 et
2055 4737 2594 4807 Dedteronomium,
2620 4740 2717 4795 ubi
2742 4737 2972 4793 abunde
2990 4738 3389 4807 disputaverat
3413 4738 3483 4791 de
3504 4741 3625 4791 tur-

1968 4819 2212 4891 pissimgo
2244 4816 2583 4870 Latinorum
2623 4811 2853 4880 Priapo,
2888 4813 2944 4863 et
2976 4808 3348 4863 Hebraeorum
3403 4807 3620 4864 Beelfe-

1968 4889 2091 4963 gor.
2130 4889 2417 4963 MARTIAN.

2038 4962 2061 4995 ³
2138 4961 2460 5015 Betharran.
2523 4961 2611 5010 etc
2664 4952 2878 5007 Eadem
2932 4954 3022 5004 est
3080 4952 3406 5016 Betharran,
3451 4965 3620 5020 _qua3

1969 5034 2301 5106 praecedens
2333 5030 2782 5090 Bethmmmram,
2817 5022 2953 5078 licet
2979 5022 3036 5075 in
3068 5022 3372 5094 Scriptura
3406 5018 3619 5076 diversi

1973 5103 2145 5160 modo
2179 5103 2849 5174 scribantur._t\lan'ri.m.
3117 5170 3125 5174 _
3189 5163 3201 5174 .
3430 5162 3440 5172 .

2040 5208 2106 5217 —
2140 5173 2425 5229 Exciderit
2454 5189 2484 5226 e
2524 5172 2718 5226 Grmco
2751 5176 3039 5242 Βμῦραμθὰ,
3070 5170 3135 5220 ut
3186 5170 3245 5219 in
3278 5170 3618 5242 aequiorum
3646 5194 3653 5205 ί

1966 5249 2303 5302 ιῐυότεονυω
2338 5242 2575 5315 scriptis
2606 5234 2865 5315 dicitur,'
2895 5234 3070 5315 zenon
3109 5246 3226 5297 7:93
3269 5253 3281 5291 :
3340 5234 3621 5291 llebraice

1969 5325 2060 5375 est
2097 5319 2287 5374 verius
2309 5328 2431 5375 D'in
2462 5314 2600 5377 ΠΨ..
2640 5314 2819 5368 Josue
2847 5329 2971 5379 xm,
3002 5314 3092 5365 27.

2038 5393 2060 5424 ⁴
2091 5390 2281 5445 Verba
2314 5388 2412 5441 sub
2433 5387 2569 5440 colle
2598 5385 2811 5440 Gabaon
2852 5385 3023 5454 juxta
3077 5380 3339 5454 Griecum
3372 5381 3617 5454 textum,

1968 5463 2121 5534 quod
2156 5461 2450 5534 Relandus
2482 5450 2914 5534 animadvertit,
2969 5450 3456 5534 ita-accipienda"
3478 5454 3623 5534 sunt

1968 5523 2033 5589 ut
2063 5533 2172 5588 sub
2206 5533 2477 5588 Gabaone
2508 5528 2625 5582 sive
2656 5527 2947 5583 Gabaonis
2997 5524 3215 5581 ditione
3264 5523 3617 5594 significent.

1968 5607 2084 5661 Hoc
2117 5621 2287 5659 sensu
2349 5602 2417 5656 ad
2463 5617 2659 5654 vocem
2722 5600 2953 5669 Cephira
3038 5595 3208 5651 vertit
3255 5592 3389 5669 ipse
3425 5592 3617 5669 [liere-

1967 5694 2207 5759 nymus,
2238 5679 2294 5731 et
2332 5674 2664 5729 Gabaonem
2692 5665 3212 5743 ur,£pdm)av,fuisse
3234 5667 3404 5724 docet
3433 5665 3618 5723 Eusc-

1971 5749 2128 5805 hius.
