3992 6398
406 377 529 452 927

1651 383 1715 446 S.
1761 381 2075 449 EUSEBII
2119 379 2587 451 HIERONYMI.

3694 351 3825 446 ses

407 494 521 588 que
548 512 686 572 villa
714 515 785 573 ab
816 514 961 572 Allia
990 515 1266 575 euntibus
1319 515 1624 592 Neapolim
1657 519 1673 554 ι
1705 516 1764 574 in
1805 519 2054 592 septimo
2083 520 2137 587 Α
2178 519 2443 578 millibus
2473 516 2911 594 quatuordecim
2944 515 3223 575 euntibus
3259 515 3596 590 Egyptum,
3627 514 3729 590 qui
3749 532 3817 576 es

405 603 621 678 lapide.

479 697 708 764 Bothin,
767 700 931 752 trans
985 697 1302 754 Jordanem
1380 697 1581 754 civitas
1633 697 1823 754 tribus
1881 697 2001 754 God
2039 740 2052 766 ,

416 801 544 856 quae
578 785 686 841 iste
716 786 889 842 hodie
923 785 1195 842 similiter
1224 787 1567 860 appellatur.

475 874 805 941 Betharam,
893 874 1095 930 civitas
1169 877 1360 931 tribus
1445 876 1565 931 Gad
1631 877 1801 947 juxta
1850 875 2053 931 Jorda-

403 977 562 1026 nem,
594 978 722 1032 qua
755 979 788 1017 a
815 962 973 1034 Syris
1011 962 1224 1018 dicitur
1253 963 1611 1029 Bethramta,
1670 965 1824 1018 174
1856 972 1912 1019 et
1959 964 2052 1031 (ab

403 1050 623 1106 Herode
678 1050 738 1106 in
771 1051 1052 1106 honorem
1108 1052 1376 1124 Augusti)
1419 1051 1613 1107 Libias
1645 1053 2054 1123 cognominata

400 1143 513 1196 est.

472 1228 848 1296 Bethnemra,
907 1229 1069 1285 urbis
1129 1230 1321 1285 tribus
1352 1231 1473 1286 Gad
1527 1231 1699 1301 juxta
1742 1231 2052 1303 Libyadem

402 1321 570 1374 trans
599 1318 936 1374 Jordanem.

399 1406 918 1478 Bethagla(tribns
974 1408 1184 1478 Judae).
1247 1409 1347 1464 Est
1399 1412 1597 1463 autem
1655 1409 1816 1463 vicus
1868 1408 2053 1464 eunti-

396 1495 507 1551 bus
538 1497 749 1552 Gazam
781 1498 852 1552 de
885 1495 1314 1568 Eleutheropoli
1348 1498 1407 1552 in
1440 1497 1668 1552 decimo
1701 1497 1913 1568 lapide,
1948 1499 2052 1569 qui

393 1584 540 1657 Agla
571 1584 922 1658 appellatur.
946 1587 1015 1641 Et
1045 1585 1161 1641 alia
1188 1585 1326 1640 villa
1357 1585 1635 1658 Bethlaga
1667 1586 1960 1642 maritima
1990 1587 2050 1641 in

397 1677 598 1730 octavo
631 1692 664 1730 a
692 1678 846 1730 Gaza
878 1673 1173 1730 milliario.

445 1762 813 1833 'Betharaba,
847 1763 908 1818 in
940 1761 1097 1818 tribu
1128 1763 1158 1818 J
1169 1762 1302 1817 uda.

470 1850 631 1917 Baal,
664 1851 784 1907 haec
843 1857 932 1907 est
970 1850 1403 1919 Cariathiarim,
1459 1851 1514 1906 id
1549 1859 1656 1918 est,
1697 1852 1835 1908 villa
1866 1853 2042 1909 silva-

396 1955 553 2008 rum,
608 1941 748 2007 sive,
809 1946 873 1997 ut
899 1941 1140 2013 quidam
1196 1946 1425 2014 putant,
1485 1941 1690 1997 civitas
1739 1942 1924 2005 Jarib,
1982 1943 2040 1998 in

394 2028 552 2085 tribu
612 2030 786 2096 Juda,
841 2037 927 2087 est
960 2048 1145 2102 usque
1213 2031 1384 2086 hodie
1431 2031 1592 2087 vicus
1643 2032 2045 2087 descendenti-

395 2117 507 2174 bus
539 2119 611 2174 ab
663 2118 810 2175 zElia
842 2119 1160 2193 Diospolim
1195 2119 1669 2188 Chariathiarim,
1705 2121 1764 2175 in
1815 2120 2044 2177 decimo

398 2206 693 2264 milliario.

468 2296 659 2367 Balar,
691 2297 750 2352 in
785 2298 941 2354 tribu
962 2299 1136 2354 Juda.

462 2385 689 2455 Baloth,
723 2387 782 2442 in
815 2388 971 2444 tribu
1001 2389 1176 2445 Juda.

464 2475 733 2546 Bethfali,
765 2477 824 2532 in
855 2477 1014 2533 tribu
1039 2479 1211 2535 Juda.

463 2561 769 2631 Bersabee,
823 2567 882 2621 in
941 2565 1122 2623 tribu'
1157 2569 1341 2635 Judae,
1394 2568 1514 2624 sive
1569 2567 1896 2624 Simeonis:
1955 2571 2044 2624 est

391 2670 581 2725 usque
612 2655 785 2711 hodie
812 2656 975 2712 vicus
1006 2657 1246 2729 grandis
1291 2659 1350 2713 in
1408 2657 1683 2714 vicesimo
1713 2675 1747 2712 a
1776 2657 2039 2713 Chebron

394 2741 669 2798 milliario
709 2761 952 2817 vergens
983 2747 1055 2800 ad
1088 2750 1378 2816 austrum,
1412 2747 1472 2801 in
1505 2764 1618 2819 quo
1644 2752 1700 2802 et
1730 2747 2040 2802 Romama-

392 2847 606 2887 norum
626 2831 881 2888 militum
907 2835 1246 2906 praesidium
1278 2836 1535 2908 positum
1568 2841 1673 2892 est.
1707 2839 1752 2892 A
1780 2853 1894 2908 quo
1918 2837 2038 2892 loco

389 2920 629 2976 termini
650 2921 865 2978 Judacaa
887 2927 1054 2978 terra:
1081 2923 1423 2996 incipientes
1445 2927 1833 2981 tendebantur
1855 2943 2040 2997 usque

391 3010 462 3066 ad
493 3010 639 3079 Dan,
673 3028 800 3083 quae
826 3013 994 3084 juxta
1030 3014 1352 3070 Paneadem
1413 3016 1691 3071 cernitur.
1753 3016 2037 3087 Interpre-

387 3102 546 3155 tatur
575 3117 706 3156 vero
733 3101 1034 3167 Bersabee,
1069 3107 1274 3175 petens
1294 3105 1638 3174 juramenti,
1670 3121 1735 3161 eo
1769 3105 1924 3177 quod
1956 3103 2038 3159 ibi

389 3189 688 3245 Abraham
720 3193 778 3245 et
805 3192 966 3247 Isaac
999 3193 1186 3248 fmdus
1211 3210 1344 3249 cum
1368 3194 1723 3251 Abilmelech
1747 3195 2038 3251 sociavere

380 3278 674 3349 jurantes.
699 3280 813 3335 Nec
836 3298 1065 3338 movere
1095 3283 1267 3338 debet
1295 3283 1710 3356 quempiam,si
1733 3284 2032 3340 interdum
2065 3265 2107 3333 C

383 3365 644 3422 civitates
683 3368 851 3424 Jndoe
880 3371 1115 3426 easdem
1142 3371 1201 3426 in
1232 3372 1389 3427 tribu
1427 3373 1728 3445 Symeonis
1763 3373 1853 3429 vel
1886 3378 2030 3429 Ben-

375 3455 569 3528 jamin
603 3456 870 3528 reperiat.
903 3459 1114 3515 Tribus
1172 3462 1326 3516 enim
1383 3461 1539 3517 Juda
1569 3461 2033 3518 bellicosissimis
2101 3495 2113 3507 -

382 3544 525 3601 viris
569 3545 817 3618 pollens,
869 3551 925 3603 et
973 3550 1144 3605 erebo
1202 3550 1567 3608 adversarios
1627 3568 1934 3624 superans,
1968 3552 2027 3606 in

388 3634 670 3692 omnibus
721 3636 994 3693 tribubus
1035 3639 1224 3694 tenuit
1253 3639 1646 3713 principatum
1685 3659 1697 3696 :
1733 3645 1788 3696 et
1818 3641 2032 3696 idcirco

382 3724 561 3780 etiam
606 3725 858 3782 aliarum
911 3727 1172 3783 tribuum
1206 3733 1390 3784 sortes
1449 3729 1507 3784 in
1549 3731 1677 3800 ejus
1735 3729 2031 3784 interdum

381 3813 644 3870 funiculo
672 3821 1088 3888 nuncupantur
1120 3834 1133 3872 :
1168 3817 1429 3890 alioquin
1487 3819 1545 3872 in
1608 3817 1799 3873 medio
1843 3817 2033 3874 tribus

378 3904 546 3960 Judaa
576 3905 872 3961 habitasse
900 3907 1268 3978 Symeonem,
1320 3907 1620 3979 Scriptura
1679 3907 2031 3964 manifestis-

381 3993 530 4049 sime
560 3993 746 4048 docet.

453 4081 676 4149 Balam,
710 4081 770 4136 in
801 4084 959 4139 tribu
989 4087 1161 4142 Juda.

447 4170 717 4237 Bascath,
746 4171 806 4226 in
836 4173 993 4229 tribu
1025 4175 1199 4230 Juda.

452 4258 812 4332 Betbdagon,
853 4261 911 4317 in
944 4263 1098 4319 tribu
1128 4264 1281 4319 Juda
1337 4282 1350 4319 :
1415 4265 1516 4320 sed
1547 4269 1601 4319 et
1635 4281 1823 4337 usque
1861 4265 2034 4321 hodie

379 4347 621 4419 grandis
650 4349 811 4406 vicus
842 4351 1218 4424 Capherdago
1251 4353 1404 4410 inter
1431 4353 1754 4427 Diospolim
1788 4359 1844 4410 et
1873 4355 2033 4411 Jam-

383 4436 540 4493 niam
573 4439 1030 4496 demonstratur.

451 4527 756 4584 Bcthaloth
790 4529 848 4583 in
881 4530 1038 4586 tribu
1068 4531 1244 4587 Juda.

2164 610 2453 666 terminus
2487 609 2826 666 Palwstinaz.

2236 708 2562 763 Betharaba
2595 725 2606 763 :
2642 724 2745 780 pro
2778 723 2895 778 qua
2915 704 3304 778 Symmachus
3325 702 3629 761 transtulit
3659 703 3813 760 176

2164 796 2223 851 in
2255 796 2398 852 locis
2431 813 2556 869 quae
2582 797 2754 867 juxta
2785 794 3238 852 inhabitabilem
3269 798 3428 862 sunt,
3479 793 3819 867 signiﬁcans

2161 900 2445 941 eremum.

2235 981 2562 1049 Beesthara,
2592 981 2651 1036 in
2683 980 2842 1037 tribu
2876 981 3152 1036 Manasse
3211 980 3482 1050 separata
3512 977 3724 1035 Levitis
3754 977 3816 1034 in

2162 1071 2397 1142 regione
2425 1070 2768 1126 Basanitidi.

2233 1168 2520 1236 Bethaun,
2553 1169 2611 1223 in
2644 1168 2802 1222 tribu
2832 1165 3138 1237 Benjamin
3161 1166 3332 1237 juxta
3389 1163 3494 1220 Gai
3524 1166 3582 1220 et
3617 1163 3815 1220 Bethel

2161 1262 2361 1314 contra
2394 1257 2695 1314 Maohmas
2723 1255 2884 1327 (licet
2914 1254 3199 1326 plerique,
3232 1257 3296 1309 ut
3352 1270 3533 1326 supra
3589 1252 3815 1309 dictum

2160 1350 2267 1412 est,
2299 1348 2567 1402 eamdem
2600 1349 2810 1418 putant
2839 1360 2966 1399 esse
2997 1341 3243 1413 Bethel.)

2231 1442 2508 1511 Balilnth,
2545 1443 2602 1498 in
2634 1443 2793 1497 tribu
2824 1439 3154 1512 Benjamin.

2230 1542 2472 1608 Bethsu,
2526 1542 2587 1597 in
2625 1539 2782 1596 tribu
2831 1539 2988 1594 Juda
3031 1538 3153 1594 sive
3205 1536 3510 1608 Benjamin
3564 1552 3576 1591 :
3631 1540 3688 1591 et
3727 1541 3818 1592 est

2160 1629 2333 1686 hodie
2390 1630 2714 1687 Bethsoron
2773 1628 2938 1684 vicus
2991 1626 3271 1683 euntibus
3329 1625 3497 1682 nobis
3555 1625 3627 1682 ab
3668 1623 3818 1681 Elia

2157 1718 2444 1785 Chebron,
2470 1719 2529 1773 in
2560 1717 2842 1773 vicesimo
2874 1717 3089 1788 lapide,
3116 1717 3289 1787 juxta
3321 1730 3495 1787 quem
3556 1713 3686 1770 fons
3740 1715 3812 1770 ad

2159 1808 2381 1863 radices
2413 1807 2630 1863 montis
2661 1805 2948 1862 ebulliens
2980 1805 3078 1876 (ab
3137 1804 3341 1859 eadem
3385 1803 3442 1857 in
3475 1818 3593 1874 qua
3620 1801 3815 1874 gigni-

1985 1892 2039 1964 :
2071 1896 2119 1962 B
2149 1898 2264 1962 tur,
2297 1897 2568 1952 sorbetur
2599 1896 2828 1964 humo).
2889 1895 2959 1949 Et
3013 1892 3427 1964 Apostolorum
3491 1892 3634 1946 Acta
3661 1893 3812 1961 (vm,

2155 1985 2243 2055 38)
2276 1985 2533 2040 referunt
2588 1984 2928 2039 eunuchum
2989 1981 3276 2038 Candacis
3334 1979 3547 2052 regina
3601 1979 3661 2034 in
3699 1979 3810 2035 hoc

2152 2090 2280 2129 esse
2311 2091 2344 2130 a
2372 2073 2641 2146 Philippo
2674 2073 3057 2145 baptizatum.
3091 2075 3189 2126 Est
3219 2075 3276 2126 et
3303 2068 3419 2125 alia
3463 2068 3602 2124 villa
3633 2068 3813 2124 Beth-

2154 2179 2257 2218 sur
2286 2163 2345 2218 in
2377 2163 2532 2219 tribu
2557 2162 2728 2232 Juda,
2763 2160 2925 2218 mille
2955 2161 3230 2233 passibus
3273 2157 3501 2216 distans
3531 2158 3604 2214 ab
3639 2157 3811 2214 Eleu-

2153 2252 2436 2326 theropoli
2449 2295 2461 2307 .

2224 2341 2380 2397 Boon
2411 2343 2452 2412 ³,
2485 2341 2542 2396 in
2572 2341 2729 2397 tribu
2762 2339 3099 2411 Benjamin.

2222 2439 2526 2511 Bethalon,
2557 2439 2617 2494 in
2647 2438 2805 2495 tribu
2863 2435 3189 2508 Benjamin,
3247 2452 3352 2508 pro
3385 2451 3504 2509 qua
3530 2435 3807 2508 Symma-

2151 2529 2295 2584 chus
2330 2529 2766 2602 interpretatur,
2797 2527 2857 2582 in
2889 2524 3340 2599 campestribus.

2220 2617 2480 2686 Bethala,
2513 2619 2573 2674 in
2606 2617 2761 2673 tribu
2794 2615 3119 2687 Benjamin.

2219 2707 2455 2775 Beroth,
2488 2707 2548 2762 in
2575 2706 2734 2762 tribu
2767 2704 3092 2776 Benjamin.

2220 2796 2380 2864 Bola,
2413 2797 2473 2852 in
2507 2796 2665 2852 tribu
2694 2793 3024 2867 Symeonis.

2221 2885 2455 2952 Bathul,
2489 2885 2548 2940 in
2578 2885 2737 2940 tribu
2769 2882 3098 2957 Symeonis.

2219 2975 2382 3043 Belli,
2416 2975 2476 3030 in
2506 2975 2664 3031 tribu
2695 2971 3022 3046 Symeonis.

2220 3063 2480 3130 Baaleth,
2517 3065 2575 3118 in
2610 3063 2765 3117 tribu
2795 3057 3119 3133 Symeonis.

2219 3152 2619 3218 Barammoth,
2656 3151 2715 3206 in
2745 3150 2904 3205 tribu
2935 3145 3262 3220 Symeonis.

2219 3241 2622 3308 Bethlabooth,
2654 3239 2714 3295 in
2741 3239 2896 3294 tribu
2927 3236 3255 3310 Symeonis.

2218 3339 2540 3406 Bethleem,
2580 3337 2641 3394 in
2688 3337 2848 3392 tribu
2905 3331 3305 3403 Zabulon;ad
3360 3332 3532 3405 cujus
3588 3330 3803 3387 distin-

2142 3429 2394 3486 ctionem
2426 3429 2608 3485 altera
2639 3425 2928 3483 Bethleem
2959 3421 3282 3496 appellatur
3308 3421 3497 3478 Juda.

2218 3519 2580 3591 Bethphases
2606 3518 2648 3584 ³,
2682 3517 2739 3570 in
2767 3515 2926 3570 tribu
2958 3511 3244 3569 Issachar.

2214 3617 2451 3685 Bathde,
2484 3616 2544 3672 in
2575 3614 2734 3672 tribu
2792 3615 2955 3679 Aser,
3007 3616 3064 3668 et
3090 3626 3244 3666 nunc
3275 3607 3593 3681 appillatur
3631 3607 3800 3666 vicus

2142 3705 2482 3773 Bethbeten,
2514 3705 2574 3760 in
2609 3707 2810 3760 octavo
2853 3700 3104 3757 milliaro
3164 3697 3542 3756 Ptolemaidis
3597 3702 3805 3758 contra

2143 3800 2550 3957 orgaliadﬁgon
2582 3886 2623 3949 ⁴,
2657 3883 2820 3940 locus
2853 3882 2910 3936 in
2936 3896 3050 3953 quo
3083 3879 3210 3936 duae
3242 3877 3432 3934 tribus
3461 3875 3717 3934 Zabulon
3739 3881 3803 3932 et

2143 3974 2412 4031 Issachar
2443 3975 2663 4030 habent
2693 3970 2965 4028 conﬁnia.

2216 4072 2540 4137 Bethemec,
2568 4071 2722 4144 quod
2752 4070 3168 4140 interpretatur
3188 4063 3801 4138 Symmachus,loeum

2141 4160 2328 4229 vallis,
2361 4163 2462 4216 Est
2492 4167 2688 4215 autem
2719 4159 2894 4215 sortis
2926 4162 3092 4213 Aser.

2215 4260 2561 4328 Bathana,in
2586 4258 2742 4312 tribu
2766 4255 3142 4327 Nephthalim
3169 4271 3182 4310 :
3207 4257 3265 4310 et
3295 4256 3384 4309 est
3403 4250 3539 4307 villa
3558 4251 3797 4309 nomine

2144 4349 2474 4414 Bathanasa,
2508 4347 2566 4402 in
2598 4346 2803 4418 quinto
2835 4346 3061 4402 decimo
3094 4361 3129 4400 a
3183 4345 3444 4400 Caesarea
3487 4341 3699 4413 lapide,
3730 4341 3796 4397 in

2144 4454 2260 4510 qua
2291 4437 2568 4492 dicuntur
2588 4436 2818 4491 lavacra
2849 4453 2981 4492 esse
3012 4433 3309 4504 salubria;
3345 4449 3520 4506 quam
3543 4435 3600 4488 et
3614 4449 3800 4506 supra

2145 4525 2255 4581 sub
2289 4524 2527 4581 nomine
2551 4527 2718 4580 Ancos
2752 4525 3082 4597 posuimus.

449 4616 774 4691 Bethaphu,
802 4618 862 4674 in
894 4619 1051 4676 tribu
1080 4620 1254 4687 Juda,
1303 4619 1468 4675 vicus
1533 4622 1698 4676 trans
1746 4619 2033 4691 Raphaim
2065 4642 2112 4708 Ι)
2214 4614 2388 4684 Bane,
2419 4614 2480 4670 in
2515 4613 2676 4670 tribu
2705 4614 2850 4671 Dan.

457 4867 472 4900 ¹
505 4869 774 4925 Euntibus
805 4869 1111 4940 Neapolim.
1143 4868 1359 4924 Omnes
1396 4866 1628 4940 codices
1660 4884 1804 4923 mss.
1838 4866 2040 4939 legunt

379 4939 663 5011 Neapolim
691 4958 710 4994 :
742 4939 1080 4995 Bonfrerius
1137 4940 1350 4995 adteret
1397 4939 1645 4995 Eusebio
1699 4941 1892 4996 Graeco
1937 4940 2034 5011 qui

381 5009 524 5082 legit
553 5013 876 5082 Nicopolim.
914 5011 1200 5066 MARTIAN.

451 5081 521 5123 έ-
554 5081 902 5137 Emendatio
939 5098 1096 5136 nunc
1126 5098 1194 5136 ex
1226 5081 1472 5136 Eusebio
1532 5085 1669 5136 sunt
1701 5083 1868 5137 codd.
1906 5082 2036 5138 Hie-

384 5153 740 5225 ronymiani,
774 5153 1210 5225 legendumque
1239 5153 1537 5225 Nicopolim
1575 5169 1703 5225 pro
1733 5155 2034 5225 Neapolim.

383 5223 675 5295 Nimirum
734 5223 1004 5292 Boeroth,
1065 5223 1321 5289 Gabaon,
1365 5223 1673 5295 Chephira,
1729 5231 1786 5280 et
1811 5223 2040 5281 Charia-

382 5294 622 5369 thiarim
657 5301 910 5369 quatuor
955 5300 1118 5349 erant
1148 5296 1321 5351 urbes
1353 5294 1804 5352 Gabaonitarum
1855 5297 2041 5369 proxi-

391 5384 498 5439 ma:
527 5367 595 5439 ad
631 5382 757 5420 sese
791 5366 1358 5439 invicem,_quarum
1409 5373 1764 5439 postremam
1800 5366 2037 5424 Charia-

382 5437 621 5511 t_hiarim
655 5437 997 5511 nequeipse
1033 5437 1441 5511 Hieronymus,
1502 5440 1787 5495 diffitetur
1836 5441 1894 5495 in
1949 5441 2041 5496 via

385 5508 812 5582 ducentc_;Elia
847 5507 1162 5582 Diospolim
1209 5507 1518 5578 eistitisse,
1556 5529 1682 5582 quae
1714 5512 1805 5567 via
1836 5512 2038 5566 eadem

384 5594 450 5653 ac
482 5577 783 5653 Napoleos
829 5577 1002 5653 erat,’
1026 5587 1088 5636 ut
1145 5600 1212 5637 ex
1270 5577 1589 5639 Ilinerar‘io-
1621 5585 2036 5653 IIierosolymit.

383 5649 656 5706 observat
688 5649 980 5726 Relandus
1039 5653 1168 5711 Alia
1209 5654 1280 5724 in
1331 5655 1482 5711 hanc
1522 5671 1645 5712 rem
1693 5649 2041 5726 argumenta

385 5726 712 5794 congerunt
741 5724 893 5782 docti
925 5726 1051 5782 viri.

2217 4866 2238 4900 ³
2267 4866 2438 4933 Boon,
2470 4868 2530 4920 in
2569 4865 2718 4920 tribu
2774 4865 3084 4935 Benjamin.
3137 4861 3458 4935 Perversus
3509 4863 3598 4935 est
3654 4859 3798 4917 ordo

2144 4939 2405 4994 locorum
2436 4943 2493 4992 et
2524 4937 2831 4992 nominum
2861 4932 2920 4990 in
2952 4937 3123 4990 antea
3180 4933 3353 4992 editis
3401 4932 3567 5004 libris
3598 4947 3795 5004 usque

2147 5011 2219 5066 ad
2245 5025 2457 5064 nomen
2501 5008 2774 5063 Bethleem
2798 5025 2811 5075 ;
2845 5007 2943 5063 sed
2970 5023 3075 5062 nos
3095 5005 3414 5077 genuinam
3430 5003 3653 5077 seriem
3677 5002 3796 5077 hoe

2146 5080 2272 5138 loco
2304 5074 3555 5149 restituimusvetustissimis‘exemplaribus
3580 5074 3794 5131 moniti

2148 5170 2214 5209 ac
2245 5153 2574 5209 Eusebiano
2605 5151 2799 5207 erco
2831 5153 3135 5216 contextu,
3167 5147 3228 5204 in
3259 5147 3374 5221 quo
3427 5148 3644 5204 absunt
3695 5162 3798 5221 no:

2148 5225 2311 5280 mina
2340 5223 2598 5279 locorum
2624 5240 2739 5278 non
2763 5238 3103 5294 panoa,quaa
3123 5217 3322 5279 tamen
3345 5219 3622 5293 leguntur
3640 5217 3795 5289 apud

2149 5296 2586 5367 Hieronymum.
2624 5295 2908 5367 Murum.

2218 5368 2261 5438 3,
2301 5361 2446 5430 llzfac,
2504 5365 2695 5438 inquit
2751 5364 3105 5432 Bonfrerius,
3147 5361 3207 5418 in
3257 5361 3524 5438 versione
3594 5362 3796 5438 nostra

2149 5437 2470 5509 Bethpheses
2511 5433 2836 5509 appellatur
2877 5437 3231 5509 J_osue__x1v,
3279 5434 3376 5509 _21.
3437 5433 3652 5490 Mirum
3708 5435 3798 5488 est

2148 5505 2469 5565 Eusebium
2504 5505 2629 5564 eam
2663 5525 2875 5579 ponere
2905 5507 2961 5562 in
2997 5507 3153 5562 tribu
3184 5505 3355 5561 Juda.

2225 5582 2244 5614 ἀ
2274 5580 2424 5635 Olim
2456 5574 2712 5651 Bclhagb.
2746 5581 2808 5635 In
2841 5580 3035 5636 Graeco
3068 5574 3662 5651 depravatum‘magis
3711 5576 3800 5651 est

2151 5668 2384 5780 riomen.
2420 5635 2751 5710 Bonfrerius
2808 5651 2952 5725 legit
3004 5653 3083 5722 τῷ
3110 5635 3306 5726 κλήρώ
3363 5635 3659 5704 Σαϐουλῖιᾶν
3701 5635 3796 5698 καὶ

2149 5727 2162 5749 ’
2194 5741 2422 5780 saevas.

2194 5741 2422 5801 σσαχαρ.
