3992 6400
217 345 341 414 929

1209 355 1313 417 DE
1357 345 1536 417 SlTU
1579 354 1680 416 ET
1722 345 1998 416 NOMIN.
2045 351 2217 416 LOC.
2261 340 2628 418 HEBRAIC.

3506 359 3630 422 9.30

225 449 242 552 ;
293 483 448 540 178
478 484 682 554 Barac,
713 486 773 542 in
803 486 962 543 tribu
1018 487 1166 556 Dan,
1220 504 1406 561 usque
1463 488 1636 545 hodie
1690 504 1869 562 prope
1897 495 1952 559 Α
2055 488 2361 554 Bama,ubi
2393 489 2529 544 Saul
2561 489 2951 562 ungendusin
2982 504 3198 562 regem,
3223 507 3357 547 cum
3389 493 3630 551 Samue-

217 572 465 630 Azotum
497 575 754 632 Barecha
781 575 1008 632 viculus
1037 576 1385 649 appellatur.

704 708 794 765 DE
824 709 1136 766 JUDICUM
1170 711 1396 767 LIBRO.

230 827 234 832 '
291 819 489 891 Bezec,
525 823 668 878 urbs
697 823 850 896 regis
906 824 1262 880 Adonibezec
1324 843 1336 881 :
1396 826 1684 898 hodieque
1742 828 1868 884 duae

215 909 369 966 villa:
400 915 540 967 sunt
566 911 802 967 nomine
832 912 1072 980 Bezech,
1104 913 1302 970 vicinae
1334 915 1445 970 sibi
1501 915 1560 970 in
1618 916 1868 988 septimo

218 998 450 1058 decimo
476 999 670 1072 lapide
698 1018 732 1057 a
760 1001 1000 1076 Neapoli
1030 1004 1521 1061 descendentibus
1552 1005 1867 1078 Scythopo-

221 1087 350 1143 lim.

297 1177 572 1248 Bethsan,
605 1195 673 1234 ex
700 1179 809 1235 hoc
841 1179 1056 1253 oppido
1094 1181 1284 1238 tribus
1334 1182 1603 1239 Manasse
1642 1183 1870 1241 accolas

223 1265 510 1337 pristinos
537 1283 652 1322 non
693 1270 883 1339 potuit
935 1269 1257 1342 expellere;
1291 1275 1346 1326 et
1402 1289 1558 1327 nunc
1614 1273 1868 1346 appella.-

219 1358 323 1411 tur
377 1355 780 1429 Scythopolis;
841 1358 982 1414 urbs
1039 1358 1254 1415 nobilis
1311 1359 1631 1429 Palestinae,
1693 1379 1869 1434 quam

219 1443 519 1500 interdum
576 1445 876 1519 Scriptura
961 1449 1337 1520 cognominat
1414 1451 1655 1508 domum
1715 1453 1870 1520 San,

222 1534 384 1606 quod
453 1534 512 1589 in
598 1539 797 1592 nostra
869 1535 1070 1609 lingua
1154 1538 1590 1611 interpretatur,
1674 1540 1870 1596 inimi-

223 1639 359 1680 CH3.

297 1712 868 1782 Bethsames,civitas
889 1715 1266 1772 sacerdotalis
1285 1716 1342 1773 in
1363 1718 1520 1772 tribu
1547 1719 1869 1790 Benjamin,

221 1817 354 1872 qua
388 1818 576 1873 usque
606 1801 780 1858 hodie
820 1803 1256 1860 demonstratur
1313 1806 1382 1862 de
1441 1806 1871 1880 EleutherOpoli

218 1889 601 1962 pergentibus
631 1890 956 1962 Nicopolim
1013 1893 1071 1947 in
1105 1893 1328 1950 decimo
1369 1895 1641 1953 milliario
1671 1903 1872 1953 contra

219 1977 564 2034 orientalem
593 1979 850 2052 plagam.

294 2067 601 2135 Bethnath,
635 2068 695 2124 in
728 2074 883 2124 sorte
938 2070 1128 2126 tribus
1183 2071 1578 2144 Nephthalim.
1621 2074 1732 2129 Sed
1765 2090 1870 2129 nec

219 2155 296 2213 de
324 2156 433 2212 hac
463 2155 744 2229 pristinos
773 2157 999 2214 accolas
1037 2159 1225 2216 tribus
1284 2161 1657 2233 Nephthalim
1688 2163 1872 2218 valuit

223 2245 531 2319 expellere.

295 2335 633 2392 Bethsames
662 2335 864 2404 altera,
898 2337 956 2393 in
985 2337 1143 2394 tribu
1174 2339 1570 2411 Nephthalim,
1592 2341 1650 2396 in
1675 2358 1790 2414 qua
1815 2349 1873 2400 et

217 2425 355 2498 ipsa
385 2425 633 2482 cultores
663 2425 895 2498 pristini
929 2443 1319 2499 permansere.

294 2513 721 2584 Baal/Ermon,
778 2532 946 2572 mons
1002 2515 1156 2573 circa
1212 2517 1500 2575 Libanum
1534 2519 1593 2575 in
1652 2521 1870 2578 ﬁnibus

216 2602 684 2677 Allophylorum.

293 2691 551 2760 Baaleth,
584 2693 644 2748 in
668 2693 826 2749 tribu
855 2694 1000 2750 Dan.

293 2781 578 2839 Bethbera
630 2783 736 2855 (Al.
812 2783 1103 2853 Bethara),
1190 2786 1345 2858 quod
1434 2787 1866 2859 interpretatur,

214 2871 432 2928 domus
463 2888 626 2944 aquae
656 2872 779 2928 sive
808 2873 988 2946 putei,
1022 2890 1199 2945 quam
1218 2875 1582 2946 expeditione
1605 2876 1863 2934 bellandi

217 2960 524 3034 occupavit
552 2960 806 3018 Gedeon.

289 3049 626 3107 Bethasetta
657 3049 764 3123 (Al.
825 3051 1187 3124 Bethasepta),
1223 3053 1322 3109 ubi
1355 3057 1517 3127 terga
1545 3057 1719 3112 vertit
1747 3057 1866 3112 Ma-

218 3139 382 3196 dian.

1978 574 2031 630 1e
2061 575 2258 631 cibum
2301 578 2575 649 sumpsit.
2635 583 2812 635 Porro
2864 579 3062 648 Bama,
3105 579 3315 652 Aquila
3371 599 3622 655 semper,

1977 663 2282 720 Excelsum
2316 665 2642 722 transtulit.

2052 754 2247 820 Boses,
2283 771 2495 810 nomen
2528 759 2700 827 petrae
2735 758 2934 828 (super
2964 773 3081 828 qua
3111 758 3169 813 in
3200 757 3368 815 libris
3397 761 3626 818 Hebrai-

1977 857 2170 897 carum
2202 844 2575 910 Quaestionum
2605 845 2906 912 diximus).

2049 932 2244 1000 Besor,
2278 936 2503 988 torrens
2537 934 2603 988 ad
2637 951 2812 1006 quem
2846 936 2866 968 ²
2893 935 3050 990 venit
3079 935 3282 992 David.

2049 1020 2328 1087 Borasan,
2362 1022 2432 1077 ad
2465 1039 2641 1094 quem
2673 1022 2866 1079 locum
2921 1024 3098 1080 David
3159 1027 3365 1097 praeda:
3397 1032 3626 1100 partem

1980 1109 2158 1165 misit.

2049 1198 2308 1266 Baurim,
2339 1199 2502 1257 locus
2560 1202 2628 1256 ad
2687 1218 2863 1274 quem
2925 1219 3116 1275 usque
3164 1210 3512 1276 prosecutus
3541 1211 3630 1264 est

1980 1287 2190 1342 Michol
2224 1287 2406 1344 filiam
2439 1289 2630 1346 Saulis
2653 1291 2738 1345 vir
2768 1309 2912 1347 suus
2943 1291 3292 1365 lacrymans.

2053 1375 2342 1445 Baalasor,
2371 1379 2540 1449 juxta
2570 1380 2870 1452 Epliraim,
2913 1381 3014 1436 ubi
3065 1382 3387 1440 Abessalon
3420 1401 3632 1458 pecora

1979 1465 2396 1524 tondebantur.

2055 1553 2428 1624 Bethmacha,
2461 1574 2645 1629 usque
2676 1559 2746 1612 ad
2777 1558 2927 1614 hanc
2966 1564 3309 1631 persecutus
3358 1567 3447 1619 est
3479 1563 3627 1620 Joab

1982 1643 2338 1715 perduellem
2377 1646 2589 1713 Sabec;
2625 1650 2683 1702 et
2711 1652 2914 1718 postea
2944 1665 3072 1703 eam
3133 1651 3204 1704 ab
3255 1651 3628 1724 Assyriorum

1981 1745 2116 1804 rege
2149 1737 2379 1804 captam
2430 1734 2700 1799 legimus.
2761 1736 2858 1790 Est
2914 1741 3109 1793 autem
3172 1741 3630 1796 ascendentibus

1983 1821 2053 1876 de
2112 1820 2538 1894 Eleutheropoli
2572 1823 2774 1880 IEliam
2832 1824 2892 1879 in
2951 1831 3152 1882 octavo
3211 1827 3426 1899 lapide,
3474 1846 3631 1886 nunc

1982 1908 2118 1965 villa
2138 1927 2266 1981 qua:
2299 1911 2651 1968 Machamim
2684 1913 2916 1968 dicitur.

2054 1997 2300 2066 Ballath,
2333 2001 2477 2057 urbs
2509 2019 2684 2072 quam
2709 2003 3015 2058 aediﬁcavit
3045 2004 3342 2061 Salomon.

2055 2088 2405 2157 Bethsarisa,
2440 2090 2593 2144 unde
2625 2090 2974 2147 venithomo
3007 2109 3139 2148 cum
3173 2095 3520 2150 numeribus
3553 2096 3628 2151 ad

1981 2176 2254 2232 Elismum
2303 2178 2671 2250 prophetam.
2724 2180 2792 2234 Et
2857 2185 3052 2236 autem
3113 2181 3251 2237 villa
3301 2184 3359 2238 in
3411 2184 3630 2240 finibus

1985 2265 2339 2338 Diospoleos,
2373 2267 2708 2338 quindecim
2752 2269 2931 2324 ferme
2969 2271 3040 2324 ab
3097 2288 3166 2327 ea
3196 2271 3458 2327 millibus
3509 2273 3630 2329 dis-

1981 2360 2112 2411 tans
2153 2360 2355 2412 contra
2410 2356 2864 2428 septentrionem
2943 2358 3001 2414 in
3062 2361 3295 2432 regione
3346 2361 3627 2416 Thamni-

1979 2444 2115 2500 tica.

2052 2533 2371 2607 Bethagan,
2423 2534 2516 2590 via
2571 2551 2674 2607 per
2721 2552 2896 2608 quam
2953 2535 3262 2594 Ochoziam
3315 2538 3494 2595 misse
3547 2538 3626 2595 le-

1979 2622 2191 2695 gimus.

2050 2711 2396 2780 Bazechatb,
2427 2713 2571 2768 urbs
2601 2713 2843 2786 antiqua
2865 2715 3099 2771 Judzeaa.

2049 2801 2384 2869 Bethacath,
2416 2801 2578 2858 vicus
2635 2803 2931 2871 Samariae,
2992 2807 3063 2860 ad
3097 2822 3271 2876 quem
3302 2807 3462 2862 venit
3517 2807 3628 2863 Jeu

1979 2907 2076 2946 rex
2104 2889 2280 2946 Israel
2336 2890 2437 2962 qui
2468 2889 2528 2946 in
2550 2890 2842 2948 latissimo
2873 2909 3079 2965 campo
3132 2895 3304 2962 situs,
3357 2913 3470 2951 non
3504 2911 3644 2969 am-ﬂ

1978 2981 2134 3053 plius
2191 2980 2526 3052 quindecim
2587 2980 2851 3038 millibus
2909 3000 2944 3039 a
3002 2984 3272 3056 Legionis
3305 2985 3516 3057 oppido
3547 3000 3632 3040 se-

1979 3073 2266 3143 paratur:
2301 3087 2404 3141 pro
2466 3087 2580 3142 quo
2634 3071 2844 3142 Aquila
2899 3072 3317 3144 interpretatur
3372 3077 3482 3140 est,
3533 3074 3632 3128 do-

1978 3174 2143 3214 mum
2175 3158 2541 3214 curvantium
2576 3177 2588 3214 :
2623 3159 3031 3230 Symmachus,
3085 3162 3330 3216 domum
3362 3148 3638 3234 singulo?

290 3227 565 3298 138130113,
597 3229 654 3284 id
689 3233 779 3286 BSt
807 3246 1058 3303 quercus
1099 3231 1472 3304 Slolmorum;
1524 3234 1626 3289 Ubi
1654 3250 1864 3322 mgna-
1897 3231 1940 3298 C
1977 3264 2109 3302 rum
2141 3247 2227 3319 (eo
2261 3247 2414 3318 quod
2448 3227 2736 3319 angustus
2767 3252 2823 3302 et
2854 3248 3093 3304 humilis
3152 3249 3452 3318 introitus,
3502 3249 3630 3322 _sin-

214 3319 304 3375 vit
360 3318 717 3388 Abimelech,
781 3336 908 3391 quae
966 3337 1158 3392 usque
1211 3321 1382 3378 hodie
1438 3321 1769 3378 ostenditur
1806 3323 1865 3379 in

217 3408 558 3465 suburbano
589 3424 722 3464 rure
753 3407 1029 3484 Napoleo,
1063 3414 1300 3483 propter
1360 3411 1741 3484 sepulchrum
1771 3416 1867 3468 Jo-

217 3496 389 3569 seph.

291 3586 599 3653 Borconni,
633 3588 786 3659 quod
817 3586 1009 3655 vertit,
1069 3587 1299 3660 Aquila,
1361 3588 1420 3644 in
1452 3588 1673 3662 spinas,
1707 3591 1870 3664 Sym-

219 3671 467 3731 machus
497 3673 688 3742 vertit,
720 3674 778 3730 in
813 3673 1081 3731 tribulos.

287 3764 447 3831 Bera,
481 3763 581 3818 ubi
613 3780 746 3820 cum
775 3763 1109 3820 Abimelech
1140 3764 1412 3822 Joatham
1463 3765 1731 3839 fugisset;
1764 3767 1867 3824 ha-

207 3852 438 3921 bitavit;
493 3852 672 3908 distat
700 3856 895 3908 autem
927 3853 1090 3909 vicus
1121 3853 1261 3910 Bera
1317 3856 1391 3912 ab
1438 3854 1866 3930 Eleutheropoli

209 3945 345 3997 octo
376 3939 640 3998 millibus
671 3943 742 3997 ad
773 3942 1131 4014 aquilonem.

291 4029 853 4102 Baalthamar,juxta
874 4031 1090 4100 Gabaa,
1116 4033 1218 4088 ubi
1242 4032 1348 4087 ﬁlii
1380 4033 1556 4089 Israel
1589 4034 1867 4091 adversus

215 4117 438 4175 tribum
473 4119 772 4191 Beniamin
816 4119 998 4175 iniere
1055 4125 1372 4188 certamen,
1432 4127 1490 4177 et
1549 4139 1736 4194 usque
1763 4123 1866 4179 ho-

218 4208 316 4264 die
353 4207 707 4278 Bethamari,
741 4209 800 4264 in
833 4226 1013 4282 supra
1038 4210 1211 4266 dictis
1243 4209 1385 4266 locis
1415 4209 1642 4267 viculus
1672 4211 1868 4285 appel-

219 4297 396 4352 tatur.

543 4405 698 4461 I79
729 4404 821 4460 DE
852 4404 1258 4462 REGNORUM
1291 4407 1547 4463 LIBRIS.

294 4491 560 4561 Bethcur,
595 4511 782 4567 usque
807 4495 878 4550 ad
936 4494 1094 4550 hunc
1150 4495 1345 4552 locum
1399 4495 1647 4569 populus
1688 4497 1864 4554 Israel

1978 3337 2146 3409 gulos
2177 3339 2431 3402 tantum,
2463 3340 2521 3392 et
2553 3352 2657 3392 nec
2712 3337 2873 3410 ipsos
2919 3341 3142 3395 stantes
3183 3339 3409 3412 ingredi
3442 3340 3622 3396 susti-

1980 3427 2188 3494 neret).

2049 3513 2278 3582 Benith,
2310 3530 2487 3585 quam
2521 3518 2973 3573 construxerunt
3001 3517 3378 3585 Samaritani,
3425 3517 3528 3592 qui
3560 3518 3653 3574 de-

1979 3603 2292 3675 Babylonis
2323 3603 2557 3677 regione
2590 3604 2964 3662 transierant.

2049 3693 2278 3765 Byblos,
2312 3693 2519 3750 civitas
2549 3693 2861 3763 Phoenicis,
2923 3698 3118 3768 cujus,
3178 3696 3449 3752 meminit
3494 3697 3635 3752 Ezen

1977 3781 2126 3838 chiel
2161 3783 2434 3854 (xxvn,6)
2498 3800 2510 3836 :
2571 3799 2674 3854 pro
2729 3800 2847 3855 qua
2876 3784 2932 3839 in
2982 3784 3262 3841 I-Iebraico
3298 3775 3642 3841 continetur.

1977 3870 2181 3927 COBEL.

2048 3961 2203 4017 182
2235 3961 2548 4032 Bubastus,
2585 3960 2789 4016 civitas
2821 3961 3049 4034 ZEgypti
3108 3980 3122 4019 :
3175 3964 3345 4036 juxta
3375 3961 3633 4018 Ezechiel

2001 4067 2129 4104 xxx.
2159 4052 2212 4104 7.

1977 4051 2129 4121 (xxx,
2159 4051 2240 4121 7.)

2049 4140 2176 4208 Boz,
2235 4138 2295 4194 in
2354 4144 2511 4194 terra
2567 4139 2773 4206 Cador,
2861 4139 3014 4196 sicut
3082 4141 3288 4198 scribit
3348 4141 3634 4202 Jeremias

1953 4251 1956 4254 ’
1980 4230 2129 4300 (xxv.
2160 4228 2274 4299 23).

2051 4316 2168 4383 Bel,
2198 4315 2420 4372 idolum
2457 4315 2861 4388 Babylonium.

2515 4406 2611 4462 DE
2642 4407 3096 4464 EVANGELIIS.

2049 4494 2362 4551 Bethsaida
2391 4495 2430 4562 ⁵,
2466 4495 2669 4550 civitas
2701 4496 2760 4550 in
2792 4495 3028 4552 Galilrea
3083 4497 3346 4552 Andreae.
3380 4495 3532 4552 Petri
3579 4505 3637 4552 et

214 4581 513 4654 fugientes
569 4581 925 4656 alienigenas
982 4589 1322 4657 persecutus
1378 4589 1485 4656 est,
1564 4585 1868 4659 appellans
1899 4607 1945 4670 D
1978 4583 2229 4658 Philippi
2285 4583 2710 4656 apostolorum,
2766 4601 2945 4658 prope
3017 4583 3292 4659 stagnum
3379 4585 3634 4641 Genesa-

217 4687 379 4741 eum,
415 4671 686 4744 Lapidem
726 4673 1023 4746 adjutorii.

292 4852 310 4885 ί
341 4852 404 4906 In
434 4851 592 4907 libris
649 4852 897 4908 Hebraic.
955 4853 1152 4920 Quaest.
1186 4853 1310 4907 Non
1369 4857 1568 4909 extant
1596 4852 1729 4910 libri
1786 4854 1870 4909 illi

217 4923 616 4997 Quaestionum
646 4923 1064 4979 Hebraicarum
1108 4926 1166 4979 in
1192 4924 1372 4997 libros
1420 4925 1642 4997 Regum
1677 4945 1689 4981 :
1725 4925 1871 4982 falso

220 4995 380 5052 enim
437 4994 788 5068 Hieronymo
846 5001 1017 5068 antea
1075 4995 1310 5068 ascripti
1385 4994 1544 5061 sunt,
1582 5014 1754 5068 quos
1812 4999 1870 5052 in

221 5066 614 5139 Appendicem
661 5066 850 5138 hujus
911 5066 1244 5123 voluminis
1287 5066 1752 5124 amandavimus.
1806 5070 1870 5124 In

219 5137 601 5220 consequenti
631 5137 867 5219 nomine
895 5141 1062 5194 Βεδον
1117 5143 1395 5195 constans
1443 5144 1498 5194 et
1528 5139 1869 5221 antiquissif

219 5226 358 5264 mus
387 5209 547 5266 error
575 5209 908 5278 invenitur;
943 5227 1079 5265 nam
1136 5227 1339 5266 omnes
1381 5228 1523 5266 mss.
1558 5209 1786 5268 codices
1816 5216 1872 5267 et

215 5281 398 5354 editio
430 5281 775 5337 Erasmiana
805 5287 1139 5337 constanter
1187 5283 1392 5354 legunt
1423 5299 1436 5337 :
1473 5287 1662 5351 Besor,
1696 5286 1871 5339 turris

215 5353 288 5410 ad
319 5369 484 5430 quam
510 5355 659 5409 venit
687 5354 1028 5430 ngz’d._Sed
1055 5353 1384 5426 corruptela
1436 5355 1750 5430 manifesta
1783 5360 1873 5411 est

213 5441 288 5481 ex
335 5425 361 5479 Ι
389 5423 526 5497 Reg.
562 5442 695 5492 xxx,
725 5425 782 5494 9,
843 5424 940 5480 ubi
999 5427 1175 5482 Bosor
1227 5423 1442 5482 torrens
1497 5425 1704 5497 dz'cz'tir,
1733 5423 1869 5483 'non

214 5498 410 5552 turris.
444 5498 728 5552 Manum.

286 5599 356 5609 —-
391 5567 618 5637 Recole,
654 5585 780 5640 qua:
809 5585 989 5640 supra
1045 5568 1336 5640 sexcentis
1393 5567 1538 5623 locis
1595 5568 1666 5623 de
1708 5567 1871 5625 hisce

215 5641 597 5714 Quaestionum
625 5639 1020 5714 Hebraicarum
1049 5639 1215 5714 libris
1249 5640 1406 5696 dicta
1433 5644 1590 5714 sunt.

290 5713 314 5748 ’
344 5711 779 5787 ﬂieronymiani
811 5727 955 5770 mss.
1008 5707 1224 5787 quibus
1284 5716 1342 5771 et
1371 5710 1638 5770 Martian.
1673 5714 1732 5769 et
1761 5727 1870 5770 nos

1980 4673 2128 4729 reth.

1981 4849 2225 4912 utimur,
2259 4851 2431 4906 turris
2461 4850 2530 4905 ad
2563 4866 2750 4921 quam,
2782 4850 3005 4906 vitiose.

2050 4923 2071 4956 ³
2103 4923 2389 4977 Bethsada.
2422 4921 2788 4978 Colbertinus
2821 4923 2996 4977 codex
3027 4921 3259 4993 optimae
3293 4925 3445 4976 notae
3475 4937 3633 4993 sazpe

1981 4992 2254 5049 laudatus
2284 4994 2426 5065 legit
2456 4993 2744 5065 Bethsaida
2795 4996 2965 5063 juxta
3020 4992 3334 5064 Vulgatam
3365 4992 3630 5065 Latinam

1981 5065 2320 5135 editionem,
2343 5063 2397 5121 et
2428 5064 2711 5119 nonnulla
2737 5067 2932 5121 Graeca
2955 5063 3308 5137 exemplaria
3338 5063 3632 5136 Evangelii

1979 5151 2107 5196 κατὰ
2136 5139 2444 5203 Joannem;
2479 5137 2766 5192 MARTIAN.

2052 5244 2119 5251 —
2135 5208 2498 5280 Mss.quibus
2512 5208 2738 5262 utimur
2752 5224 2956 5264 omnes
2971 5206 3632 5280 BethsaidaBonfrerius

1981 5283 2084 5353 ait,
2115 5278 2424 5353 Meliorum
2449 5285 2753 5353 auctorum
2790 5280 3081 5335 sententia
3103 5283 3192 5353 est
3221 5278 3634 5353 imprimisque

1980 5350 2338 5426 Hieronymi,
2372 5352 2466 5406 hic
2495 5352 2808 5426 legendum
2857 5367 2989 5426 esse
3031 5351 3298 5426 Bst/teadd
3330 5367 3431 5426 pro
3483 5350 3635 5407 Beth-

1979 5426 2138 5481 saida
2169 5422 2303 5479 n'am
2336 5427 2390 5479 et
2446 5422 2624 5477 Grzeci
2684 5422 2912 5478 codices
2970 5423 3227 5478 Bethesda
3279 5422 3517 5487 habent,
3575 5427 3634 5478 et

1987 5495 2254 5552 nonnulli
2289 5494 2616 5567 Latini,_uti
2649 5499 2707 5549 et
2736 5495 2924 5549 versio
2959 5495 3214 5567 Syriaca.
3255 5494 3403 5560 Quid
3435 5499 3631 5550 autem

1981 5565 2564 5641 signiﬁcetBethesda
2587 5583 2700 5620 non
2753 5565 3356 5641 una_est_‘_sententia,
3400 5571 3458 5641 et
3501 5582 3635 5641 vere

1980 5637 2210 5697 deliniri
2239 5639 2298 5711 id
2334 5655 2450 5711 non
2485 5641 2672 5711 potest
2720 5637 2832 5692 nisi
2863 5639 2935 5695 de
2992 5638 3275 5711 Hebraica
3317 5637 3636 5711 scriptione

1980 5715 2224 5771 constet.
2259 5708 2497 5786 Syriaca
2525 5708 2711 5768 versio
2741 5720 2916 5774 mon
2955 5720 3052 5776 nu
3085 5709 3412 5772 Betheheada
3437 5708 3544 5784 per
3589 5720 3630 5776 Π
