3992 6384
399 276 515 365 931

1644 270 1711 333 S.
1754 267 2065 334 EUSEBII
2109 266 2577 333 HIEBONYMI.

3691 272 3821 341 932

472 406 832 480 Bethphage,
863 405 1067 463 villula
1093 406 1154 463 in
1208 408 1405 464 monte
1457 404 1683 471 Oliveti,
1753 406 1823 459 ad
1875 420 2047 475 quem
2077 404 2136 471 Α
2166 409 2263 459 tur
2294 422 2307 459 :
2345 420 2520 474 quem
2552 421 2683 459 cum
2708 404 2956 477 cepisset
2973 404 3199 474 Naban,
3222 404 3536 477 appellavit
3551 405 3813 464 Nabath.
3910 410 3920 427 '

397 496 557 552 venit
585 497 862 552 dominus
891 495 1087 552 Jesus.

468 586 768 654 Bethania,
796 584 936 639 villa
964 585 1023 640 in
1056 585 1315 641 secundo
1341 584 1414 638 ab
1463 583 1609 638 {Elia
1655 580 1954 645 milliario,
1988 581 2048 635 in

394 674 573 730 latere
604 674 822 729 montis
853 672 1056 729 Oliveti
1091 691 1103 729 :
1139 675 1238 729 ubi
1271 672 1533 729 Salvator
1564 672 1843 727 Lazarum
1868 671 2051 725 susci-

392 764 556 832 tavit,
590 764 759 833 cujus
780 766 837 816 et
866 768 1318 818 monumentum
1354 759 1612 816 Ecclesia
1642 776 1800 814 nunc
1830 757 2047 813 ibidem

396 855 658 907 extructa
692 852 1079 907 demonstrat.

463 938 806 1006 Bethabara,
839 943 1003 995 trans
1035 939 1373 1004 Jordanem,
1408 937 1507 992 ubi
1537 936 1794 991 Joannes
1826 934 1885 988 in
1929 950 2044 1005 pa:-

393 1027 703 1085 nitentiam
778 1028 1157 1100 baptizabat,
1246 1028 1401 1082 unde
1473 1030 1530 1080 et
1608 1041 1793 1096 usque
1874 1022 2047 1078 hodie

389 1117 632 1190 plurimi
678 1118 749 1173 de
808 1117 1106 1183 lratribus,
1168 1116 1276 1171 hoc
1336 1119 1421 1170 est
1481 1115 1552 1169 de
1621 1129 1864 1168 numero
1923 1128 2044 1167 cre-

401 1206 691 1275 dentium,
726 1205 806 1261 ibi
840 1207 1066 1262 renasci
1100 1205 1425 1276 cupientes,
1480 1202 1640 1258 vitali
1685 1201 2046 1274 gurgite§ba-

397 1295 716 1369 ptizantur.
798 1330 801 1331 ν

460 1383 773 1448 Bethesda,
806 1382 1036 1454 piscina
1064 1382 1123 1437 in
1155 1381 1483 1438 Jerusalem
1543 1396 1669 1451 quae
1729 1378 2047 1435 vocabatur

386 1466 693 1547 προϐατική
745 1473 825 1543 (et
862 1488 896 1526 a
930 1470 1100 1527 nobis
1156 1468 1523 1543 interpretari
1590 1473 1800 1541 potest,
1830 1483 2046 1539 pecua-

389 1561 506 1619 lisl.
544 1560 673 1616 Haec
703 1560 966 1633 quinque
993 1559 1292 1632 quondam
1324 1559 1583 1631 porticus
1616 1557 1820 1613 habuit
1850 1560 2043 1611 osten-

388 1650 727 1719 dunturque
774 1646 998 1720 gemini
1063 1646 1250 1714 lacus,
1310 1661 1561 1717 quorum
1637 1661 1793 1699 unus
1852 1644 2043 1697 hiber-

388 1738 482 1793 nis
503 1735 717 1809 pluviis
746 1735 978 1807 impleri
1007 1735 1158 1791 solet
1191 1753 1204 1791 :
1239 1734 1388 1790 alter
1431 1734 1647 1790 mirum
1706 1733 1766 1787 in
1799 1732 2042 1787 modum

389 1827 631 1891 rubens,
658 1825 829 1897 quasi
858 1826 1118 1880 cruentis
1150 1824 1341 1895 aquis,
1404 1823 1631 1895 antiqui
1663 1822 1721 1876 in
1756 1838 1817 1877 se
1848 1819 2039 1892 operis

385 1914 553 1987 signa
585 1918 850 1970 testatur.
890 1914 1034 1969 Nam
1067 1913 1291 1968 hostias
1321 1912 1381 1967 in
1415 1928 1480 1967 eo
1529 1910 1711 1967 lavari
1771 1928 1805 1965 a
1843 1927 2038 1965 sacer-

398 2004 633 2061 dotibus
679 2002 884 2059 solitas
943 2003 1158 2069 ferunt,
1194 2002 1349 2056 unde
1414 2005 1471 2056 et
1534 2018 1743 2056 nomen
1805 2014 2040 2070 accepe-

388 2094 485 2150 rit.

868 2182 961 2237 DE
1008 2179 1545 2236 PENTATEUCHO.

455 2271 724 2327 Carnaim
812 2269 1105 2326 Astarolh.
1184 2268 1456 2324 Carnaim
1518 2282 1673 2321 nunc
1729 2266 1892 2321 vicus
1952 2269 2041 2320 est

386 2360 627 2434 grandis
658 2360 719 2415 in
773 2358 988 2432 angulo
1039 2359 1317 2413 Batanmae
1349 2362 1405 2412 et
1435 2355 1766 2429 appellatur
1802 2355 2039 2410 Carnma

386 2455 553 2506 trans
589 2450 809 2527 ﬂuenta
848 2448 1158 2514 Jordanis;
1200 2447 1559 2518 traduntque
1605 2444 1683 2499 ibi
1716 2444 1897 2498 fuisse
1934 2443 2037 2497 do-

393 2555 559 2595 mum
589 2538 718 2594 Job.
743 2538 853 2593 Sed
885 2541 942 2592 et
969 2553 1149 2609 supra
1170 2534 1549 2591 meminimus
1571 2534 1817 2588 Carnaeae
1839 2529 2037 2596 viculi,

388 2627 450 2683 iu
481 2642 634 2683 nono
666 2627 737 2682 ab
768 2625 914 2681 Elia
944 2624 1235 2680 milliario.

461 2715 667 2781 Gades,
701 2714 800 2769 ubi
834 2714 964 2769 fons
989 2712 1197 2784 judicii
1251 2730 1264 2767 :
1326 2716 1416 2767 est
1446 2715 1505 2767 et
1560 2709 1927 2766 Cadesbarne
1977 2709 2034 2763 in

391 2803 640 2868 deserto,
673 2818 799 2873 quae
831 2801 1207 2872 conjungitur
1235 2798 1453 2855 civitati
1476 2800 1655 2854 Petrae
1687 2798 1747 2852 in
1777 2798 1991 2853 Arabia
2021 2814 2033 2852 :

390 2890 472 2945 ibi
492 2888 731 2946 occubit
763 2889 946 2945 Maria
978 2905 991 2943 :
1026 2888 1180 2944 188
1213 2891 1269 2943 et
1306 2890 1513 2953 Moses,
1558 2903 1701 2958 rupe
1739 2903 2034 2958 percussa,

387 2996 602 3051 aquam
653 2978 876 3034 sitienti
909 2978 1123 3050 populo
1184 2976 1363 3031 dedit.
1423 2977 1781 3032 Monstratur
1818 2974 2034 3030 ibidem

386 3084 575 3141 usque
610 3068 667 3122 in
708 3072 1054 3140 praesentem
1087 3066 1243 3121 diem
1275 3064 1611 3137 sepulcrum
1669 3063 1895 3132 Maria};
1929 3064 2027 3119 sed

2163 492 2290 546 Fuit
2321 496 2515 547 autem
2548 493 2605 547 in
2636 494 2793 548 tribu
2822 494 3092 549 Manasse
3113 492 3173 548 in
3205 493 3442 566 regione
3493 494 3818 552 Trachoni-

2158 580 2268 634 tidi
2291 581 2462 651 juxta
2494 581 2759 637 Bostran.

2232 668 2373 723 Cata
2403 674 2464 723 ta
2493 669 2735 737 chrysea
2765 671 2845 741 (id
2876 675 2983 738 est,
3024 672 3098 726 ad
3151 673 3367 739 aurea).
3433 671 3584 726 Sunt
3612 675 3811 729 autem

2159 761 2387 812 montes
2418 756 2543 811 auri
2600 758 2817 813 fertiles
2864 758 2922 813 in
2984 760 3231 828 deserto,
3275 757 3479 831 procul
3536 760 3811 817 undecim

2159 845 2567 901 mansionibus
2597 863 2631 901 a
2662 846 2882 901 Choreb
2914 848 2953 917 ¹,
2983 849 3153 918 juxta
3183 865 3331 920 quos
3364 848 3554 904 Moses
3596 848 3807 906 Deuts-

2157 934 2488 990 ronomium
2521 935 2827 1006 scripsisse
2887 936 3243 1007 perhibetur.
3302 938 3409 992 Sed
3468 941 3527 992 et
3570 937 3808 994 metallo

2157 1025 2289 1080 aeris
2322 1026 2474 1080 Fano
2506 1026 2682 1097 (quod
2740 1030 2939 1082 nostro
2972 1032 3233 1098 tempore
3264 1026 3527 1096 corruit),
3573 1031 3807 1085 montes

2155 1130 2434 1169 venarum
2465 1114 2590 1169 auri
2624 1113 2825 1186 plenos
2857 1113 2997 1169 olim
3030 1115 3211 1171 fuisse
3239 1115 3462 1170 vicinos
3488 1115 3803 1171 zestimant.

2225 1202 2562 1269 Cademoth,
2598 1203 2915 1273 desertum,
2950 1221 3016 1260 ex
3047 1221 3163 1275 quo
3195 1204 3319 1259 loco
3387 1204 3550 1259 misit
3577 1204 3805 1277 legatos

2153 1290 2342 1346 Moses
2373 1291 2445 1345 ad
2474 1295 2622 1346 Seon
2655 1292 2872 1362 (regem
2892 1292 3404 1363 Amorrhazorum).

2224 1378 2479 1445 Cariath,
2512 1380 2676 1435 vicus
2707 1378 2806 1451 qui
2838 1381 2947 1436 sub
2990 1382 3150 1435 Gaba
3179 1380 3485 1452 metropoli
3525 1381 3652 1435 fuit.

2224 1469 2422 1533 Cedes,
2456 1467 2656 1523 civitas
2689 1484 2866 1538 quam
2916 1469 3066 1539 cepit
3094 1470 3288 1534 Jesus,
3326 1485 3460 1541 rege
3490 1469 3677 1540 ipsius
3708 1469 3805 1524 in-

2154 1556 2416 1611 terfecto.
2450 1557 2547 1611 Est
2573 1562 2767 1611 autem
2803 1558 2859 1611 in
2893 1561 3049 1613 sorte
3079 1556 3269 1612 tribus
3294 1556 3480 1613 Judae.

2224 1646 2566 1711 Cademoth,
2599 1645 2781 1701 altera
2807 1645 3013 1702 civitas
3047 1645 3303 1701 ﬁliorum
3339 1646 3567 1701 Ruben.

2224 1733 2469 1802 Cedson,
2506 1735 2563 1788 in
2592 1733 2749 1788 tribu
2782 1734 3006 1801 Ruben,
3043 1735 3183 1787 urbs
3215 1738 3485 1805 separata
3520 1733 3757 1791 Levitis.

2703 1822 2792 1877 DE
2839 1822 3043 1877 LIBRO
3073 1822 3263 1879 JESU.

2219 1910 2477 1983 Capseel,
2511 1912 2568 1965 in
2602 1911 2758 1966 tribu
2790 1912 2965 1966 Juda.

2226 2001 2387 2063 Cina,
2428 2000 2486 2053 in
2527 2000 2683 2055 tribu
2713 2000 2885 2055 Juda.

2218 2088 2373 2144 186
2402 2087 2575 2155 Ceila,
2605 2088 2665 2142 in
2706 2089 2861 2143 tribu
2912 2087 3085 2155 Juda,
3137 2087 3237 2143 ubi
3295 2088 3588 2159 quondam
3647 2088 3805 2146 sedit

2151 2178 2326 2233 David
2352 2195 2365 2246 ;
2399 2182 2456 2233 et
2487 2194 2641 2232 nunc
2670 2185 2757 2233 est
2779 2177 2916 2232 villa
2944 2176 3078 2232 Cela
3099 2177 3170 2231 ad
3191 2176 3531 2233 orientalem
3562 2177 3796 2250 plagam

2216 2264 2731 2336 Eleutheropoleos
2783 2264 3160 2336 pergentibus
3216 2264 3501 2331 Chebron,
3534 2267 3701 2336 quasi
3735 2265 3795 2320 in

2146 2360 2345 2410 octavo
2403 2353 2696 2421 milliario,
2754 2354 2811 2408 in
2845 2352 3181 2424 sepulcrum
3241 2358 3606 2409 monstratur
3663 2370 3798 2426 pro-

2148 2443 2335 2515 pheta:
2366 2444 2657 2499 Habaeuc.

2224 2531 2616 2599 Cariathbaal,
2649 2532 2854 2588 civitas
2878 2531 3061 2588 Jarim
3092 2530 3151 2585 in
3181 2530 3340 2587 tribu
3367 2531 3538 2587 Juda.

2216 2625 2387 2690 Cane,
2419 2622 2479 2676 in
2513 2623 2673 2677 tribu
2705 2623 3003 2694 Ephraim.

2217 2712 2507 2783 Capsaim,
2539 2712 2598 2764 in
2626 2711 2780 2767 tribu
2814 2711 3113 2783 Ephraim.

2215 2805 2388 2859 Cana.
2422 2799 2480 2854 in
2510 2800 2665 2854 tribu
2702 2801 2988 2856 Manasse.

2214 2888 2687 2959 Chariathiarim,
2720 2906 2845 2961 quae
2877 2896 2933 2944 et
2978 2889 3365 2960 Cariathbaal,
3420 2890 3622 2946 civitas
3679 2890 3797 2946 sal-

2144 2982 2311 3033 tuum
2345 2995 2461 3033 una
2490 2978 2560 3033 de
2591 2978 2837 3033 urbibus
2895 2979 3351 3035 Gabaonitarum
3389 2978 3685 3051 pertinens
3716 2980 3791 3035 ad

2143 3067 2362 3122 tribum
2392 3067 2577 3134 Judaa,
2608 3068 2884 3123 euntibus
2916 3069 2987 3123 ab
3019 3068 3165 3123 fElia
3194 3067 3514 3139 Diospolim
3545 3067 3660 3139 (Al.
3690 3070 3792 3124 Πε-

385 3162 442 3213 et
477 3138 782 3230 principes
833 3156 1069 3212 Amalec
1127 3155 1206 3209 ibi
1265 3172 1299 3211 a
1356 3153 1845 3226 Chodorlagomer
1900 3152 2031 3208 cmsi
2065 3138 2107 3205 C
2148 3157 2415 3227 liopolim)
2466 3155 2521 3210 in
2570 3156 2843 3212 milliaria
2891 3174 3041 3213 nono
3072 3160 3111 3212 ².
3146 3158 3225 3213 De
3282 3138 3391 3211 hac
3454 3138 3564 3212 fuit
3628 3156 3799 3216 Urius

385 3251 543 3303 sunt.

455 3337 629 3405 Gens,
660 3335 819 3407 regio
842 3333 1175 3406 principum
1206 3333 1619 3388 Idumaaorum.

457 3422 1044 3489 Cariathaim,civitas
1067 3439 1243 3494 quam
1267 3425 1642 3477 extruxerunt
1673 3419 1776 3474 lilii
1811 3419 2037 3474 Ruben.

386 3512 553 3568 Nunc
583 3516 777 3568 autem
800 3516 888 3567 est
916 3512 1079 3567 vicus
1109 3510 1457 3567 Christianis
1487 3510 1763 3566 omnibus
1802 3508 2035 3576 florens,

383 3602 554 3673 juxta
587 3601 869 3656 Medaban
908 3601 1111 3655 urbem
1141 3599 1384 3667 Arabiae,
1417 3603 1474 3655 et
1516 3598 1841 3671 appellatur
1869 3601 2039 3652 Coro-

394 3689 585 3761 jatha,
617 3689 677 3744 in
710 3689 936 3745 decimo
968 3688 1241 3745 milliario
1266 3687 1615 3760 supradicta:
1647 3684 1809 3741 urbis
1838 3689 2042 3740 contra

393 3778 812 3835 occidentalem
843 3778 1100 3852 plagam,
1131 3778 1356 3834 vicinus
1396 3778 1523 3847 ejus
1546 3775 1678 3844 loci,
1713 3774 1812 3847 qui
1850 3774 2042 3846 appel-

388 3866 547 3924 latur
576 3873 775 3923 Baare.

457 3955 865 4012 Cariatharbee
919 3956 1000 4027 (id
1056 3960 1147 4010 est
1184 3953 1386 4008 villula
1441 3952 1737 4025 quatuor),
1792 3956 1851 4007 et
1895 3952 2039 4008 Che-

387 4045 558 4111 bron,
590 4045 662 4099 de
701 4061 819 4116 qua
842 4046 965 4115 jam
999 4061 1178 4116 supra
1208 4043 1485 4098 diximus.

460 4132 702 4198 Canath,
732 4132 896 4188 vicus
924 4132 1170 4198 Arabim,
1204 4132 1305 4204 qui
1346 4148 1503 4187 nunc
1562 4129 1824 4186 Canatha
1895 4129 2039 4185 dici-

387 4254 654 4326 exprimi,
712 4253 1121 4327 significatque
1176 4257 1399 4310 domum
1462 4254 1872 4327 misericordia}.
1926 4252 2038 4308 Alii

385 4324 491 4399 per
515 4339 554 4385 tt
577 4327 751 4399 scribi
771 4324 998 4395 volunt,
1026 4324 1465 4399 signiﬁcarique
1484 4326 1705 4381 domum
1725 4324 2032 4399 effusiones,

387 4396 542 4471 quod
574 4397 792 4471 ingeam
819 4415 985 4471 aqua;
1005 4396 1208 4470 templi
1230 4396 1824 4455 eﬂuuderenturnti‘x
1847 4397 2037 4450 eschcd

388 4467 542 4526 enim
570 4467 769 4543 ἐπιδῶ
800 4467 905 4543 est.

458 4524 991 4598 1irPra'culundecim
1017 4541 1396 4595 mansionibus
1443 4555 1477 4593 a
1507 4537 1735 4592 Choreb.
1770 4536 1923 4591 Editi
1955 4535 2035 4591 le-
2069 4524 2113 4587 D

385 4617 556 4687 gunt,
588 4613 841 4667 undecim
868 4613 1116 4667 millibus
1146 4628 1179 4665 ιι
1214 4610 1437 4687 Qhoreb.
1472 4608 1579 4672 Qui
1627 4608 2034 4687 _1_ocus__corru-

386 4678 698 4757 ptissimus
728 4689 926 4757 est,ut
948 4688 1106 4757 patet
1135 4700 1203 4757 ex
1230 4680 1663 4757 Deuteronomii
1696 4678 1883 4757 capite
1914 4678 2037 4757 pri-

336 4810 357 4828 ,
386 4749 542 4828 mo,e
570 4772 685 4828 quo
716 4749 893 4828 verba
913 4749 1117 4828 isthzec
1138 4755 1452 4828 desumpta
1500 4750 1745 4828 suntab
1764 4749 2033 4828 Eusebio,

387 4820 497 4898 qui
519 4820 730 4898 et'ipse
761 4827 936 4881 habet
966 4826 1220 4898 undecim
1246 4820 1370 4898 dies
1393 4838 1496 4894 pro
1516 4820 1799 4898 _undecim
1831 4822 2037 4898 millia-

385 4892 560 4954 fibus.
596 4892 799 4969 Itaque
837 4898 999 4953 locus
1031 4897 1088 4951 in
1124 4912 1240 4969 quo
1295 4892 1485 4969 Moses
1516 4892 2035 4969 Deuteronomium

387 4964 1087 5050 scripsisse-perhibetur,
1118 4964 1395 5050 "distabat
1416 4964 1708 5050 nabulioreb
1750 4964 1878 5050 sive‘
1902 4964 2035 5019 Cho-

387 5035 809 5108 rebfundecim
840 5038 1275 5108 mansionibus,
1335 5039 1456 5108 aut,
1494 5035 1700 5108 itinere
1730 5106 1737 5108 _
1764 5036 2036 5090 undecnm

389 5105 615 5167 dierum
651 5127 665 5165 :
707 5114 796 5166 est
824 5109 981 5166 enim
1014 5110 1123 5163 iter
1144 5106 1371 5163 circiter
1398 5106 1469 5160 50
1508 5105 1846 5161 milliarium
1880 5108 2035 5177 quod

390 5183 663 5239 undecim
715 5181 923 5236 diebus
982 5179 1134 5234 lente
1173 5178 1534 5249 procedendo
1574 5178 1777 5232 conliei
1826 5180 2033 5250 potuit.

390 5254 494 5310 Ubi
529 5259 724 5309 autem
756 5252 931 5307 fuerit
958 5250 1243 5306 metallum
1274 5250 1400 5303 ceris
1453 5251 1671 5319 fanum,
1702 5252 1857 5320 quod
1888 5255 2035 5305 tem-

390 5341 529 5397 pore
563 5322 899 5397 Hieronymi
931 5321 1167 5397 corruit,
1208 5321 1373 5397 apud
1423 5320 1797 5397 (geographos
1829 5321 2035 5376 nullibi

392 5391 645 5468 reperire
680 5391 997 5468 potuimus.
1032 5392 1173 5468 Vide
1204 5391 1507 5468 iuiuDeilan
1540 5393 1708 5447 infra.
1745 5391 2035 5468 Maurum.

463 5465 687 5520 L—Olim
714 5470 837 5518 erat
865 5465 1125 5519 undecim
1149 5466 1396 5520 millibus
1419 5469 1621 5520 contra
1652 5480 1794 5518 mss.
1838 5466 2035 5533 ﬁdem,

393 5535 663 5607 sacrique
695 5539 892 5621 textus
925 5536 1213 5621 Deuterpn
1268 5554 1418 5621 cap.‘
1445 5554 1483 5621 ι.
1509 5536 1609 5591 ubi
1636 5536 1894 5621 undecim
1924 5536 2039 5621 (lies

395 5606 805 5673 numerantur.
839 5606 1013 5668 Porro
1044 5610 1219 5667 unius
1250 5606 1367 5667 diei
1405 5608 1558 5667 inter
1596 5610 1655 5665 et
1686 5607 1914 5666 mansio
1944 5607 2039 5668 hic

2148 3245 2449 3316 propheta,
2486 3261 2661 3316 quem
2719 3244 3008 3301 interfecit
3062 3246 3285 3302 Joacim
3338 3244 3396 3299 in
3440 3245 3798 3314 Jerusalem,

2147 3333 2301 3388 sicut
2334 3333 2537 3388 scribit
2573 3333 2855 3390 Jeremias
2888 3336 3059 3405 (xxvr,
3090 3338 3203 3403 20).
3264 3334 3372 3389 Sed
3403 3338 3459 3389 et
3487 3333 3545 3389 in
3580 3334 3796 3390 Parali-

2149 3439 2437 3493 pomenon
2460 3420 2607 3477 libro
2643 3423 2689 3493 (Ι
2718 3424 2905 3478 Paral.
2943 3441 3004 3490 ιι,
3035 3424 3127 3494 50)
3177 3423 3331 3480 illius
3395 3423 3567 3479 Sobal
3599 3423 3798 3497 appel-

2148 3510 2304 3566 latur
2332 3509 2761 3566 Cariathiarim.

2218 3600 2431 3668 cision,
2455 3598 2515 3654 in
2539 3600 2695 3655 tribu
2718 3600 3007 3667 Issaehar,
3039 3600 3241 3658 civitas
3263 3606 3529 3673 separata
3557 3600 3793 3659 Levitis.

2216 3688 2487 3757 Chartha,
2524 3689 2581 3743 in
2615 3690 2768 3744 tribu
2795 3688 3079 3756 Zabulon,
3111 3690 3312 3746 civitas
3333 3693 3600 3763 separata
3633 3690 3803 3748 Levi-

2148 3778 2244 3833 tis.

2217 3866 2384 3921 Cotta
2412 3866 2453 3935 3,
2483 3865 2541 3920 in
2575 3867 2733 3922 tribu
2764 3866 3047 3935 Zabulon,
3075 3868 3275 3924 civitas
3327 3872 3597 3939 separata
3628 3867 3796 3923 Levi-

2147 3955 2245 4010 tis.

2218 4044 2376 4099 Cana
2407 4042 2447 4112 ‘,
2485 4059 2669 4115 usque
2699 4045 2770 4099 ad
2804 4045 3079 4101 Sidonem
3112 4047 3393 4117 majorem
3434 4046 3546 4117 (est
3572 4044 3797 4118 quippe

2148 4137 2205 4189 et
2226 4132 2407 4188 altera
2439 4132 2649 4198 minor,
2682 4134 2752 4187 ad
2787 4134 2955 4204 cujus
2989 4134 3426 4189 distinctionem
3451 4134 3645 4205 major
3673 4133 3798 4190 haec

2147 4258 2301 4313 idem
2335 4261 2475 4312 sunt
2503 4272 2516 4309 :
2549 4257 2781 4329 tametsi
2804 4259 2896 4311 vix
2928 4259 3114 4329 possit
3137 4263 3293 4313 certo
3323 4257 3625 4313 intervallo
3656 4258 3797 4312 deli-

2148 4330 2281 4401 niri,
2314 4334 2456 4398 quot
2488 4326 2781 4382 milliariis
2811 4326 2945 4384 una
2967 4346 3209 4401 quisque
3252 4331 3477 4401 mansio
3527 4329 3645 4384 sive
3662 4329 3791 4401 gdiei

2144 4399 2255 4472 iter
2310 4402 2624 4461 constaret,
2654 4415 2793 4472 qua:
2854 4418 2956 4472 pro
2986 4398 3285 4457 ‘locorum
3350 4400 3572 4457 ratione
3620 4398 3796 4472 plura

2148 4469 2329 4524 fuisse
2362 4474 2463 4523 aut
2497 4470 2794 4538 pauciora,
2828 4469 3099 4527 n'eccesse
3131 4476 3239 4527 est.

2214 4541 2235 4573 ²
2268 4541 2339 4614 1η-
2360 4540 2635 4614 milliaria
2664 4557 2825 4596 nano.
2861 4544 2966 4598 Pro
2998 4560 3139 4599 nono
3169 4560 3343 4598 unum
3400 4538 3647 4597 milliare
3690 4558 3794 4614 po-

2148 4616 2296 4666 nunt
2328 4611 2421 4665 hic
2454 4611 2590 4666 editi
2624 4618 2796 4668 antea
2826 4614 2980 4669 libri.
3017 4616 3305 4670 MARTIAN.

2217 4683 2437 4737 —0lim
2471 4688 2594 4737 erat
2622 4686 2890 4758 milliaria
2948 4703 3084 4741 uno.
3118 4687 3246 4758 Ipse
3277 4689 3471 4740 autem
3504 4683 3793 4758 Eusebius

2146 4754 2649 4825 Hieronymusque
2700 4756 2834 4810 alibi
2896 4759 2968 4812 ad
3000 4754 3197 4813 vocem
3259 4758 3419 4821 Baal,
3471 4756 3686 4811 nedum
3732 4755 3795 4809 in

2146 4841 2285 4899 nono
2318 4826 2466 4880 hanc
2519 4827 2722 4899 urbem
2782 4827 2842 4881 in
2902 4828 3106 4884 decimo
3164 4829 3230 4884 ab
3289 4830 3436 4884 lilia
3493 4826 3796 4899 Diospolim

2145 4898 2419 4953 milliaria
2451 4896 2758 4953 collocant.

2216 4970 2237 5001 ³
2281 4972 2450 5034 Colla,
2484 4972 2545 5042 in
2576 4971 2726 5042 tribu
2755 4970 3020 5026 Zabulon.
3059 4976 3276 5026 Desunt
3306 4968 3793 5042 quoqugisthaec

2147 5056 2334 5111 usque
2366 5043 2436 5094 ad
2472 5041 2642 5109 Cana,
2677 5040 2735 5095 in
2768 5042 3060 5097 veteribus
3122 5040 3476 5098 editionibus
3511 5040 3795 5112 Hierony-

2148 5112 2245 5167 mi.
2285 5112 2571 5166 MARTIAN.

2216 5184 2237 5216 ‘
2268 5184 2435 5257 Caria,
2468 5198 2633 5253 usque
2660 5184 2733 5237 ad
2762 5184 3016 5257 Sidoucm
3059 5188 3343 5257 majorem,
3397 5188 3510 5257 βω.
3574 5182 3790 5257 Lo_cum

2144 5254 2302 5309 hunc
2334 5255 2650 5309 obscurum
2684 5260 2739 5308 et
2771 5255 3095 5311 involutum
3122 5253 3332 5311 fatetur
3380 5254 3589 5309 doctus
3640 5253 3794 5307 Bon-

2147 5326 2377 5387 l'rerius,
2409 5326 2563 5396 quod
2590 5325 2775 5380 multa
2822 5327 3085 5382 videatur
3136 5328 3313 5383 tribui
3364 5328 3529 5381 Canae
3553 5323 3792 5396 majori,

2192 5414 2274 5451 uae
2309 5395 2618 5452 tribuenda
2645 5402 2783 5451 sunt
2832 5398 3039 5453 minori
3068 5419 3079 5463 _;
3114 5416 3250 5454 nam
3301 5399 3457 5453 Cana
3488 5395 3678 5451 minor
3704 5398 3795 5450 est

2148 5466 2249 5522 illa
2284 5468 2342 5522 in
2375 5468 2797 5540 qua‘Christus
2828 5487 3042 5540 aquam
3075 5470 3320 5526 mutavit
3349 5469 3407 5523 in
3437 5467 3658 5540 vinum,
3721 5466 3792 5520 de

2148 5486 2249 5522 tua
2284 5486 2342 5522 ἠ
2417 5486 2492 5522 ua
2530 5486 2797 5523 UllPlSEUS
2828 5487 3042 5540 aquam
3075 5486 3320 5526 mutavn
3349 5486 3407 5523 in
3437 5486 3658 5533 Vinum,
3721 5486 3790 5520 ue

2147 5556 2266 5613 qua
2296 5544 2353 5613 et
2375 5486 2734 5613 (lVathauael.
2769 5540 2885 5595 Hoc
2916 5543 3097 5613 igitur
3127 5544 3299 5599 modo
3330 5539 3642 5613 legendum
3673 5541 3790 5593 sta-

2148 5611 2265 5670 tuit
2287 5611 2358 5669 ad
2388 5610 2707 5671 tollendam
2736 5610 3183 5689 ambiguitatem
3228 5631 3240 5671 :
3303 5634 3332 5663 «
3392 5610 3549 5668 Cana
3602 5623 3791 5684 usque
