3992 6400
179 319 306 383 933

1174 321 1277 386 DE
1320 320 1502 388 SITU
1546 324 1647 385 ET
1691 316 1966 385 NOMIN.
2018 320 2186 383 LOC.
2234 320 2602 385 HEBRAIC.

3474 329 3595 391 934

185 452 449 523 dicitur).
484 453 617 511 Fuit
645 457 842 512 autem
872 461 1028 513 Cana
1053 456 1113 512 in
1144 456 1301 513 tribu
1331 452 1606 526 Aser,ubi
1639 457 1831 513 Domi-
1861 458 1917 523 Α
2018 457 2260 526 Cedron,
2294 456 2623 528 appellatur
2652 462 2899 528 torrens,
2958 457 3079 515 sive
3129 459 3297 516 vallis
3347 460 3591 534 Cedron,

180 559 297 599 nus
334 546 539 600 noster
567 549 744 618 atque
776 545 1037 603 Salvator
1084 562 1269 618 aquas
1297 548 1472 602 vertit
1502 547 1560 604 in
1608 547 1831 603 vinum.

180 630 347 687 Unde
375 632 703 690 Nathanael
735 652 907 690 verus
931 633 1195 690 Israelita
1227 634 1544 692 Salvatoris
1574 637 1835 692 testimo-

179 720 280 776 nio
310 723 733 795 comprobatur
758 724 838 792 (et
868 728 958 779 est
986 724 1157 780 hodie
1191 724 1535 797 oppidulum
1594 726 1653 781 in
1684 725 1835 781 Gali-

180 808 290 865 laaa
318 810 634 883 gentium).

252 897 453 966 Cedes,
486 899 664 956 sortis
695 899 1089 973 Nephthalim,
1125 901 1329 958 civitas
1360 904 1739 961 sacerdotalis
1770 923 1836 962 ac

182 986 589 1060 fugitivorum,
610 988 671 1045 in
694 988 930 1046 Galilaaa
951 1007 1130 1062 super
1153 995 1412 1048 montem
1438 993 1836 1064 Nephthalim.

181 1075 294 1132 Sed
322 1082 379 1133 et
406 1076 558 1134 hanc
587 1077 743 1151 cepit
798 1096 897 1135 rex
950 1080 1347 1152 Assyriorum,
1399 1098 1528 1153 quae
1557 1100 1715 1139 nunc
1745 1084 1838 1140 Ci-

183 1162 385 1221 dissus
414 1164 762 1238 appellatur,
795 1165 855 1221 in
886 1166 1162 1223 vicesimo
1194 1167 1324 1240 Tyri
1371 1168 1643 1226 milliario
1666 1173 1838 1242 juxta

186 1253 540 1309 Paneadem.

260 1341 596 1415 Chartham,
629 1343 686 1398 in
720 1343 875 1399 tribu
907 1344 1302 1416 Nephthalim.
1336 1346 1539 1403 civitas
1570 1352 1838 1421 separata

192 1430 431 1487 Levitis.

570 1520 718 1577 187
766 1522 854 1577 DE
894 1521 1207 1579 JUDICUM
1235 1523 1466 1581 LIBRO.

258 1608 533 1677 Cethron,
564 1609 622 1664 in
678 1610 835 1666 tribu
884 1610 1168 1682 Zabulon,
1216 1612 1274 1668 in
1326 1630 1443 1685 qua
1488 1613 1719 1686 pristini
1750 1630 1837 1671 re-

187 1711 462 1753 mansere
486 1696 760 1755 cultores.

258 1781 491 1853 Carcar,
517 1784 616 1841 ubi
649 1785 754 1841 ﬁlii
795 1792 963 1843 erant
990 1789 1169 1845 Zehee
1226 1794 1282 1846 et
1335 1788 1631 1859 Salmana,
1693 1809 1838 1859 quos

183 1871 477 1927 interfecit
514 1874 747 1930 Gedeon
800 1894 813 1943 ;
894 1880 983 1932 est
1031 1894 1218 1950 usque
1302 1878 1474 1935 hodie
1533 1879 1840 1936 castellum

187 1965 577 2033 cognomento
606 1964 893 2032 Carcaria,
954 1966 1131 2022 unius
1164 1967 1277 2023 diei
1336 1968 1542 2024 itinere
1592 1970 1662 2025 ad
1696 1969 1842 2026 urbe

188 2054 362 2105 Pet-ra
390 2051 640 2108 distans.

259 2142 501 2208 Camon,
533 2139 734 2198 civitas
755 2141 902 2212 Jair,
935 2143 995 2198 in
1022 2161 1139 2216 qua
1169 2151 1223 2201 et
1274 2145 1543 2217 sepultus
1574 2150 1681 2215 est,
1706 2164 1839 2203 cum

188 2227 450 2300 primum
473 2229 804 2299 judicasset
831 2231 1115 2304 populum
1150 2233 1344 2290 Israel.
1373 2234 1717 2307 Appellatur
1745 2252 1843 2292 au-

186 2323 304 2373 tem
360 2317 650 2390 hodieque
704 2318 869 2377 vicus
900 2320 1160 2391 Cimona,
1221 2322 1281 2378 in
1314 2340 1519 2396 campo
1552 2324 1840 2381 latissimo

186 2422 286 2463 sex
308 2405 576 2463 millibus
606 2425 640 2463 a
666 2408 917 2482 Legione
944 2411 1015 2466 ad
1057 2412 1573 2484 septentrionalem
1607 2414 1839 2487 plagam

187 2495 571 2568 pergentibus
604 2495 1038 2554 Ptolemaidem.

255 2584 457 2649 Cison,
487 2588 735 2656 torrens,
760 2587 932 2658 juxta
962 2592 1222 2645 montem
1250 2589 1481 2648 Tbabor
1512 2609 1525 2648 :
1570 2592 1669 2648 ubi
1703 2608 1844 2649 con-

186 2677 276 2729 tra
304 2673 566 2730 Sisaram
597 2674 944 2732 dimicatum
975 2682 1083 2735 est.

254 2762 521 2828 Cadomi,
579 2767 829 2836 torrens,
886 2767 1057 2838 juxta
1086 2784 1259 2840 quem
1323 2768 1590 2825 Debbora
1622 2770 1841 2827 bellum

188 2852 393 2925 gessit.

257 2939 442 2997 Caelas
470 2940 812 2999 Titanorum
844 2944 924 3015 (id
952 2949 1041 3001 est
1068 2946 1239 3001 vallis
1269 2946 1842 3020 Gigantum),adver-

191 3047 292 3087 sus
325 3046 476 3107 quos
505 3030 802 3103 praeliatus
829 3036 919 3089 est
940 3034 1142 3091 David.

257 3117 639 3186 Clauthmon,
671 3119 730 3176 id
762 3125 869 3188 est,
903 3122 1148 3180 ﬂetuum
1178 3124 1362 3193 locus,
1408 3142 1441 3182 a
1471 3125 1709 3198 planctu
1739 3143 1841 3183 no-

193 3224 327 3264 men
364 3207 674 3279 accipiens.

608 3297 700 3353 DE
732 3298 1135 3357 REGNORUM
1169 3301 1423 3358 LIBRIS.

258 3383 424 3454 Beni,
456 3384 613 3458 regio
652 3386 963 3445 Philistiim
976 3432 989 3445 .

258 3473 586 3542 Carmelus,
615 3475 714 3531 ubi
746 3477 928 3534 Nabal
960 3480 1258 3551 quondam
1290 3480 1613 3537 Carmelius
1655 3483 1850 3551 fuit,et

194 3580 355 3621 nunc
382 3563 520 3619 villa
549 3568 639 3621 est
668 3565 975 3623 Chermela
1005 3568 1260 3636 nomine,
1295 3570 1354 3624 in
1397 3570 1621 3627 decimo
1654 3571 1847 3645 lapide

192 3652 393 3726 oppidi
424 3651 711 3721 Chebron,
768 3671 1013 3728 vergens
1070 3658 1142 3713 ad
1202 3657 1544 3715 orientalem
1589 3660 1846 3734 plagam,

197 3741 296 3799 ubi
326 3744 388 3798 et
417 3741 745 3800 Romanum
776 3746 1113 3817 praesidium
1144 3747 1402 3820 positum
1433 3753 1541 3805 est.

197 3974 268 4030 ad
300 3972 580 4045 Sidonem
613 3976 918 4045 majorem.
969 3977 1100 4031 Fuit
1156 3983 1351 4034 autem
1408 3978 1565 4034 Cana
1598 3979 1656 4035 in
1688 3981 1844 4037 tribu

180 4046 346 4121 Aser.
381 4044 483 4099 Est
513 4044 745 4121 quoque
776 4053 831 4102 et
852 4046 1044 4121 altera
1074 4048 1266 4121 minor
1297 4050 1399 4121 (ad
1423 4051 1595 4121 cujus
1626 4052 1847 4108 distin-

182 4116 438 4191 ction_e_m
472 4116 663 4186 major
690 4118 813 4174 haec
836 4118 1070 4191 dicitur)
1105 4120 1205 4176 ubi
1237 4116 1526 4177 Dominus
1559 4127 1777 4191 noster,
1812 4148 1840 4175 υ

180 4192 284 4243 etc.
321 4187 608 4243 Murum.

247 4291 314 4299 —
349 4258 584 4332 Sidonis
606 4260 941 4332 parvae,sive
973 4261 1219 4317 minoris
1242 4261 1451 4317 nullibi
1478 4262 1697 4318 mentio
1729 4269 1838 4332 est,

180 4328 395 4407 Fraudi
430 4328 879 4407 fuisse:videtur
901 4332 1250 4407 Hieronymo
1276 4333 1576 4407 epitheton
1609 4334 1710 4407 τῂς
1745 4328 1840 4407 μεὲ

180 4394 383 4475 λάγης,
415 4403 569 4471 quod
601 4406 722 4459 Jos.
752 4421 818 4475 Ii,
861 4406 915 4469 2,
955 4394 1155 4460 Sidoni
1212 4394 1387 4461 datur
1415 4406 1544 4460 sine
1602 4394 1718 4462 ullo
1745 4394 1838 4463 ἰα-

180 4474 310 4529 men
344 4477 610 4543 respectu
640 4475 711 4529 ad
746 4474 921 4530 aliam
946 4476 1235 4532 minorem
1273 4494 1284 4532 :
1315 4477 1481 4532 aliter
1512 4476 1836 4535 Hebraicus

177 4547 373 4602 textus
415 4542 608 4600 habet.
643 4545 941 4615 Origenes,
976 4548 1222 4603 credidit
1244 4548 1354 4604 sub
1405 4547 1505 4603 illo
1551 4550 1833 4607 vocabulo

175 4625 259 4682 τὴς
289 4624 514 4688 μεγάλης
543 4618 697 4688 quod
730 4618 927 4674 Graeca
984 4619 1159 4674 habet
1213 4620 1421 4685 versio,
1480 4620 1627 4675 duas
1659 4622 1827 4678 Sido-

177 4641 259 4682 -ι-ης
289 4641 348 4687 με
384 4641 514 4688 an);
543 4641 697 4688 quuu
730 4641 927 4674 urwca
984 4641 1159 4674 navet.
1214 4641 1421 4685 ver810,
1480 4641 1627 4675 uuas
1659 4641 1821 4678 aluo-

177 4641 384 4756 nes,id
414 4698 505 4747 est
531 4689 1061 4773 venatriceslatere,
1118 4690 1295 4773 idque
1352 4691 1821 4773 sub.allegorico

176 4770 347 4834 sensu
376 4776 561 4834 ;_nam
596 4777 658 4815 se
688 4760 912 4829 scribit,
962 4760 1229 4834 quamvis
1270 4762 1328 4816 in
1388 4761 1529 4818 locis
1584 4760 1819 4821 Sidonis

175 4827 484 4907 aliquoties
515 4827 913 4907 commoratus
972 4827 1070 4903 sit,
1126 4849 1430 4905 nunquam
1461 4836 1820 4907 comperisse

174 4900 319 4957 duas
348 4920 478 4978 esse
506 4904 775 4978 Sidones,
808 4903 984 4959 aliam
1024 4900 1321 4978 magnam,
1353 4909 1423 4978 et
1437 4900 1614 4978 aliam
1641 4977 1651 4978 η
1686 4925 1818 4978 par-

173 4987 325 5047 vam.
356 4974 540 5038 Quam
574 4975 745 5046 longe
774 4980 971 5031 autem
1004 4974 1294 5041 aberrent,
1326 4974 1427 5047 qui
1459 4976 1580 5031 hac
1612 4974 1815 5035 Hiero-

175 5045 328 5116 nymi
359 5049 535 5105 verba
564 5048 635 5103 de
655 5045 810 5102 Cana
827 5045 1372 5130 intelligunt,1iquet
1392 5064 1460 5128 ea
1482 5048 1608 5119 ipso
1633 5054 1811 5133 textu:

175 5112 413 5174 Frustra
443 5119 619 5176 etiam
654 5123 793 5175 sunt
822 5119 1157 5175 Bonfrerlus
1186 5135 1251 5174 ac
1285 5118 1680 5177 Martianaius.
1714 5138 1813 5177 om

175 5138 413 5174 rrusu‘a
443 5138 619 5176 etiam
654 5138 793 5175 sunt
822 5138 1157 5175 DODIPBI‘IUS
1186 5138 1251 5174 ac
1285 5138 1680 5186 maruanaius,
1714 5138 1809 5193 qui

172 5201 239 5263 ei:
265 5190 965 5263 praeconcepta‘opinione
1022 5189 1271 5263 duplicis
1304 5190 1559 5261 Sidonis,
1611 5192 1667 5247 S.
1704 5198 1809 5250 Do—

172 5260 345 5316 ctoris
373 5264 550 5319 verba
564 5260 916 5317 sollicitant.

239 5329 255 5363 ¹
285 5331 349 5386 1η
375 5333 530 5389 libris
554 5334 956 5389 Hebraicarum
999 5333 1394 5400 Quaastionum.
1428 5332 1553 5389 Non
1585 5338 1814 5390 exstant

170 5396 505 5471 hujusmodi
536 5405 879 5471 Questiones
914 5396 1223 5471 Hebraicaa,
1256 5420 1361 5459 nec
1382 5402 1507 5458 alim
1535 5421 1665 5471 quae
1720 5407 1812 5460 in-

168 5468 260 5528 fra
280 5473 534 5533 citantur
558 5468 621 5533 in
652 5475 834 5532 libros
874 5476 1075 5545 Josue,
1108 5468 1353 5548 Regum,
1378 5479 1435 5530 et
1480 5468 1610 5531 Job.
1647 5477 1809 5533 MAR-

168 5557 294 5599 ΤῙΑΝ
302 5588 313 5600 .

233 5614 255 5650 ³
280 5614 521 5675 Videtur
548 5618 621 5675 de
644 5617 1054 5703 suintemporis
1098 5617 1540 5703 nomenclatura
1596 5617 1807 5676 intelli-

1938 542 2111 613 juxta
2137 543 2460 600 Jerusalem
2502 545 2595 617 (ad
2646 546 2983 603 orientalem
3037 547 3272 621 plagam
3312 550 3482 620 cujus
3537 554 3596 606 et

1943 630 2199 686 Joannes
2234 632 2588 703 evangelista
2621 635 2932 703 meminit).

2016 721 2236 791 Cyrene
2268 720 2348 791 (in
2383 721 2600 777 finibus
2630 724 2905 796 Aigypti,)
2945 725 3016 780 ad
3050 742 3223 797 quem
3258 725 3454 783 locum
3495 744 3595 783 rex

1950 808 2318 880 Assyriorum
2352 810 2654 866 transtulit
2687 812 3101 869 Damascenos.

2016 898 2172 953 I90
2201 901 2331 968 Coa,
2375 914 2499 969 quae
2531 905 2620 954 est
2641 902 2812 971 juxta
2836 903 3164 974 zEgyptum.

2016 985 2372 1058 Carchedon,
2397 988 2451 1042 id
2485 992 2575 1043 est
2602 988 2889 1063 Carthago
2922 1007 2935 1045 :
2971 992 3141 1063 cujus
3172 992 3353 1048 Isaias
3384 999 3440 1050 et
3463 994 3594 1050 Eze-

1947 1074 2097 1131 chiel
2137 1076 2196 1130 in
2224 1075 2448 1132 visione
2477 1077 2608 1150 Tyri
2641 1080 3023 1136 recordantur
3053 1098 3067 1137 :
3110 1098 3214 1153 pro
3253 1098 3370 1154 quo
3401 1083 3461 1138 in
3482 1082 3594 1139 He-

1946 1164 2143 1220 braico
2163 1165 2410 1220 THARSIS
2441 1167 2720 1238 scriptum
2746 1173 2852 1223 est.
2888 1169 2998 1224 Sed
3030 1173 3084 1225 et
3114 1170 3184 1225 de
3215 1170 3325 1226 hac
3350 1171 3407 1226 in
3430 1170 3596 1227 libris

1947 1254 2334 1309 Hebraicarum
2368 1255 2743 1322 Quaestionum
2777 1257 2786 1285 '
2825 1256 3055 1328 plenius
3088 1257 3343 1314 diximus

2017 1342 2220 1412 leas,
2253 1342 2310 1396 id
2341 1348 2429 1398 est
2448 1343 2614 1400 vallis
2653 1345 2955 1417 Josaphat,
3000 1346 3153 1402 inter
3170 1347 3505 1404 Jerusalem
3540 1352 3598 1404 et

1947 1435 2205 1486 montem
2238 1430 2463 1487 Oliveti.
2499 1434 2672 1504 (Lege
2704 1434 3046 1505 prophetam
3076 1434 3198 1491 Joel
3242 1452 3327 1507 III,
3353 1437 3431 1507 2).

2020 1521 2249 1589 Cedem,
2277 1520 2334 1574 in
2368 1521 2626 1576 Ezechiel
2661 1539 2673 1576 :
2707 1524 2862 1594 quod
2886 1523 3094 1595 Aquila
3121 1529 3178 1579 et
3206 1524 3597 1594 Symmachus

1947 1609 2409 1680 interpretantur
2439 1610 2740 1667 orientem.

2018 1698 2223 1768 Cedar,
2259 1698 2314 1752 in
2371 1698 2655 1769 Ezechiel,
2699 1702 2977 1772 principes
3032 1702 3202 1758 Cedar
3256 1704 3430 1774 (xxvu
3483 1704 3596 1775 21).

1947 1787 2059 1842 Sed
2092 1790 2147 1841 et
2180 1786 2360 1841 Isaias
2386 1791 2442 1841 et
2470 1787 2755 1844 Jeremias
2789 1789 2847 1842 in
2882 1790 3104 1845 visione
3164 1791 3390 1846 Arabiae
3421 1791 3602 1862 hujus

1949 1873 2218 1930 vocabuli
2252 1876 2650 1933 recordantur.
2723 1877 2821 1931 Est
2879 1882 3073 1933 autem
3106 1878 3263 1951 regio
3294 1878 3353 1933 in
3406 1896 3603 1935 eremo

1950 1964 2372 2020 Saracenorum
2405 1965 2445 2035 ²,
2479 1983 2513 2020 a
2542 1965 2662 2021 lilio
2695 1965 2958 2021 Ismaelis
2989 1968 3171 2024 Cedar
3199 1968 3280 2023 ita
3310 1967 3606 2041 cognomi-

1954 2057 2110 2108 nata.

2023 2141 2278 2211 Carioth,
2311 2141 2369 2197 in
2402 2141 2635 2215 regione
2665 2144 3081 2217 Moabitarum,
3133 2145 3289 2203 sicut
3316 2145 3604 2203 Jeremias

1951 2230 2177 2287 scribit.

2023 2319 2457 2391 Capharnaum,
2492 2321 2651 2391 iusta
2697 2324 2973 2393 stagnum
3033 2322 3335 2379 Gennezar
3366 2340 3379 2378 :
3415 2340 3604 2396 usque

1953 2408 2124 2464 hodie
2154 2407 2436 2480 Oppidum
2470 2409 2528 2463 in
2560 2407 2795 2465 Galilaaa
2831 2410 3093 2482 gentium
3130 2411 3332 2481 situm,
3366 2410 3426 2467 in
3469 2412 3601 2468 {lni-

1952 2498 2063 2553 bus
2104 2496 2358 2553 Zabulon
2391 2502 2447 2552 et
2476 2497 2877 2569 Nephthalim.

1953 2587 2236 2658 Hucusque
2260 2602 2358 2659 per
2385 2588 2427 2645 ο
2448 2587 2707 2656 litteram,
2744 2588 2801 2642 id
2829 2592 2906 2643 est
2936 2588 3181 2645 Graecum
3211 2606 3396 2645 ΚΑΡΡΑ
3427 2591 3606 2662 legere

2022 2676 2273 2732 debemus
2301 2694 2319 2730 :
2351 2677 2551 2732 exinde
2576 2692 2676 2748 per
2704 2677 3031 2733 elementum
3061 2696 3177 2744 cm,
3218 2678 3358 2750 quod
3386 2682 3603 2751 aspira-

2024 2767 2225 2821 tionem
2254 2766 2315 2820 in
2343 2782 2398 2821 se
2425 2768 2681 2834 continet,
2714 2773 2764 2821 et
2788 2782 2823 2820 a
2848 2767 3060 2822 Latinis
3091 2768 3323 2824 minime
3353 2767 3603 2840 habetur,

2022 2855 2377 2910 scribendum
2401 2857 2619 2928 pariter
2647 2855 3045 2924 ac'legendum.

2588 2945 2673 2999 DE
2713 2944 2993 3001 GENESI.

2024 3033 2319 3089 Chalanne
2347 3034 2388 3105 ³,
2431 3032 2634 3089 civitas
2663 3033 2825 3105 regni
2857 3034 3109 3089 Nemrod
3151 3035 3209 3115 in
3254 3034 3547 3108 Babylone
3580 3053 3594 3093 :

1955 3124 2122 3195 cujus
2155 3127 2211 3179 et
2241 3121 2422 3179 Isaias
2452 3121 2740 3192 meminit,
2774 3121 2975 3177 dicens
3010 3140 3022 3177 :
3058 3124 3124 3177 Et
3164 3123 3469 3192 Chalanne,
3510 3127 3609 3182 ubi

1874 3197 1916 3264 C
1954 3212 2127 3267 turris
2154 3211 2442 3282 aediﬁcata.

2028 3299 2447 3371 Chalach,urbs
2468 3299 2864 3373 Assyriorum,
2890 3316 3068 3371 quam
3090 3300 3398 3358 mdiﬁcavit
3424 3303 3609 3360 Assur

1957 3388 2261 3461 egrediens
2292 3389 2361 3444 de
2390 3393 2576 3445 terrra
2603 3389 2883 3444 Sennaar.
2920 3388 2925 3393 ’

2028 3468 2310 3549 Charran,
2353 3477 2559 3534 civitns
2592 3477 3024 3550 Mesopotamia:
3054 3481 3243 3546 (trans
3276 3480 3598 3553 Edessam),

1958 3584 2085 3639 qua;
2119 3583 2305 3638 usque
2335 3566 2506 3622 hodie
2534 3567 2750 3621 Charra
2778 3567 2993 3622 dicitur
3022 3567 3146 3638 (ubi
3188 3567 3487 3626 Romanus
3517 3573 3607 3626 est

1956 3672 2142 3712 caesus
2172 3656 2481 3726 exercitus,
2517 3661 2573 3711 et
2603 3659 2847 3711 Crassus
2885 3655 3004 3712 dux
3034 3657 3281 3728 captus).

2028 3744 2312 3815 Chebron,
2346 3761 2475 3816 quae
2504 3744 2801 3817 quondam
2823 3743 3229 3815 appellabatur
3266 3745 3420 3799 Arbe
3447 3743 3606 3813 (licet

1957 3833 2109 3891 male
2136 3833 2196 3890 in
2229 3834 2438 3891 Graecis
2466 3833 2764 3891 codicibus
2786 3831 3071 3889 habeatur
3097 3832 3288 3888 Arboc
3321 3848 3334 3887 :
3367 3834 3605 3889 condita

1954 3977 2095 4033 olim
2126 3977 2281 4032 dicta
2310 3982 2418 4033 est.
2454 3978 2522 4031 Et
2550 3980 2791 4032 sanctus
2848 3974 3084 4046 quidem
3136 3973 3398 4031 Hilarius
3438 3981 3600 4035 Com.

1953 4050 2013 4104 in
2059 4048 2213 4104 Psal.
2247 4066 2391 4117 CXIX,
2424 4049 2726 4107 Ostracinis
2767 4046 3053 4120 attribuit,
3087 4046 3250 4103 addit
3286 4052 3506 4120 tamen,
3540 4047 3605 4105 hi

1951 4128 2079 4175 sunt
2107 4136 2255 4174 nunc
2301 4121 2564 4176 Saraceni
2589 4118 2913 4190 nuncupali.

2020 4191 2041 4225 ³
2072 4191 2372 4257 Chalanne,
2400 4190 2496 4245 ubi
2511 4191 2684 4245 turris
2712 4188 2994 4313 critic/cata
3022 4193 3119 4244 est.
3183 4190 3309 4272 llaec
3329 4188 3606 4274 leguntur

2020 4263 2105 4313 iud
2134 4260 2297 4313 LXX-
2341 4263 2446 4313 [3a.
2498 4278 2553 4313 x-
2613 4264 2667 4313 9.
2721 4261 2781 4313 In
2881 4262 3081 4313 ulaata
3133 4260 3340 4313 Latina
3387 4260 3606 4313 dicitur

1950 4263 2105 4334 apud
2134 4260 2297 4332 LXX,
2341 4263 2446 4334 lea.
2498 4278 2553 4334 χ,
2608 4264 2667 4334 tl.
2721 4261 2781 4316 ln
2830 4260 3081 4334 Vulgata
3133 4260 3340 4317 Latina
3387 4260 3606 4319 dicitur

1950 4332 2097 4407 lano,
2130 4335 2230 4389 sed
2253 4333 2478 4407 melius
2513 4333 2572 4388 in
2604 4333 2727 4387 Div.
2787 4332 3144 4389 Bibliotheca
3176 4334 3234 4389 S.
3272 4334 3603 4407 Hieronymi

1950 4405 2220 4481 Chelone,
2252 4405 2542 4481 Μητωζε
2592 4476 2631 4481 _
2749 4475 2801 4481 __
2957 4475 2969 4481 _
3072 4473 3165 4481 κ..
3415 4475 3426 4481 ,
3610 4474 3617 4481 .

2018 4476 2224 4531 ‘Nihil
2257 4476 2546 4545 ejusmodi
2592 4475 2879 4531 Eusebius
2939 4475 3007 4530 de
3068 4473 3285 4548 Ebione
3340 4473 3603 4548 principe

2018 4492 2224 4531 'mnu
2257 4492 2546 4545 ejusmom
2594 4492 2879 4531 Eusebius
2939 4492 3007 4530 ac
3068 4492 3285 4530 Emone
3336 4492 3597 4599 grincipe

1948 4546 2235 4603 hereseos
2282 4548 2492 4615 tradit;
2518 4554 2691 4617 atque
2714 4552 2803 4601 est
2822 4562 3021 4602 revera
3037 4545 3277 4617 propius
3300 4561 3332 4599 a
3400 4546 3597 4617 (idem,

1950 4562 2235 4603 hereseos
2282 4562 2492 4615 tradit;
2518 4562 2691 4617 atque
2714 4562 2803 4601 est
2822 4562 3021 4602 revera
3036 4562 3277 4670 propius
3300 4562 3369 4599 aa
3400 4562 3597 4617 naem,

1940 4619 2239 4699 Ebionitas
2268 4637 2302 4674 ει
2330 4636 2517 4699 sensus
2538 4626 2860 4699 paupertate
2886 4633 3034 4688 appe
3059 4615 3227 4686 latos,
3252 4632 3369 4699 non
3400 4632 3435 4699 οε
3460 4634 3600 4699 quo-

1936 4691 2073 4762 dam
2106 4691 2323 4762 Epione
2356 4687 2661 4761 magistro:
2683 4687 3077 4762 Hieronymus
3100 4703 3236 4762 cum
3270 4687 3598 4762 Epiphanio

1932 4761 2091 4832 facit,
2126 4756 2228 4832 q'ui
2259 4756 2556 4817 hominem
2616 4756 2939 4814 arbitratus
3001 4763 3111 4827 est,
3143 4756 3238 4832 cui
3268 4756 3440 4814 Ebion
3464 4776 3599 4831 pro-

1927 4830 2113 4902 prium
2145 4830 2244 4889 hoc
2273 4837 2390 4887 erat
2419 4848 2636 4901 nomen,
2670 4847 2779 4885 non
2821 4833 2945 4886 sine
2976 4830 3244 4902 vaticinia
3275 4830 3597 4886 tamenali-

1926 4901 2050 4975 quo,
2084 4921 2194 4976 quo
2224 4904 2505 4958 mendicus
2536 4902 2843 4973 infelixque
2869 4904 2993 4972 fore
3021 4901 3599 5023 signiﬁcareturmum

1926 4994 1959 5023 (ι
1992 4977 2309 5023 narmtihus
2340 4975 2396 5023 id
2424 4976 2663 5023 nominis
2726 4980 3034 5023 necavisset.
3119 4972 3199 5023 id.
3236 4987 3365 5023 cum
3409 4974 3593 5023 adno-

1926 4972 1959 5029 a
1987 4972 2309 5046 parentibus
2340 4975 2396 5030 ill
2424 4976 2663 5029 nominis
2726 4980 3034 5046 accepisset.
3071 4972 3199 5025 Vid.
3236 4974 3593 5046 quaraan-

1926 5042 2122 5103 tamus
2154 5049 2208 5103 in
2245 5048 2402 5102 Isaia:
2434 5050 2609 5117 caput
2659 5042 2936 5117 primum.
2969 5043 3108 5117 Jam
3140 5058 3275 5117 vero
3346 5042 3589 5117 Chobaa,

1924 5118 2113 5189 ipsam
2149 5113 2547 5174 Ebionitarum
2582 5113 2800 5185 sedem,
2860 5115 3036 5189 idemA
3067 5113 3436 5189 Epiphanius
3485 5113 3582 5173 Coé

1922 5185 2051 5274 (iube
2100 5190 2489 5274 appellatum
2546 5205 2683 5274 pago
2730 5185 3207 5274 quodamﬁocabe
3239 5187 3302 5274 in
3362 5189 3593 5274 regione

1924 5258 2347 5317 Carnaiinbrum
2379 5258 2601 5316 Arnemi
2629 5268 2682 5314 et
2711 5258 3178 5326 Astharolhorum,
3240 5265 3296 5312 el
3354 5259 3590 5316 Bosani-

1921 5334 2051 5387 lictis
2090 5340 2289 5403 tractu,
2332 5338 2441 5388 etc.
2474 5332 2587 5387 Nec
2619 5328 3076 5404 chorographica
3123 5329 3475 5404 descriptio
3524 5331 3598 5389 ab

1924 5400 2288 5487 .llierouymi'a
2318 5403 2580 5484 abludit;
2609 5400 2904 5487 siquidem
2963 5404 3103 5487 erat.
3124 5400 3252 5457 ilud
3282 5400 3594 5487 nil-pidum

1918 5475 1978 5531 in
2008 5469 2221 5551 vicinia
2250 5475 2521 5551 Damasci
2554 5469 2626 5529 ad
2656 5469 2897 5551 tertium
2936 5469 3593 5551 quartumvela'pidem

1919 5548 2200 5618 Edrisius,
2234 5548 2333 5619 qui
2367 5547 2476 5602 sub
2513 5543 3124 5619 nomineiGeographi
3156 5543 3481 5603 Nubiensis
3507 5564 3597 5604 ve-

1915 5619 2005 5695 nit
2034 5618 2406 5695 adADamasci
2446 5633 2647 5692 pagos,
2680 5618 2880 5690 refert,
2921 5618 3207 5692 vocatque
3238 5619 3505 5695 Caucaba,
3538 5622 3598 5683 et

169 5698 335 5762 gere;
369 5704 506 5752 nam
536 5691 685 5768 regio
743 5688 1172 5762 Usa-acinorum,
1213 5706 1330 5757 non
1388 5688 1803 5760 Sanacenorum
1916 5690 2063 5750 alias
2098 5689 2321 5750 Catoab.
