3992 6390
391 337 511 401 935

1621 336 1689 397 S.
1732 328 2048 400 EUSEBII
2088 333 2561 399 HIERONYMI.

394 472 484 526 est
512 472 709 525 autem
738 469 870 525 ante
925 466 1147 539 septem
1180 483 1387 537 annos,
1444 483 1623 539 quam
1662 466 1841 523 Tanis
1873 467 2033 523 urbs.
2064 473 2121 538 Α
2219 467 2571 539 Chomarim,
2604 466 2704 522 ubi
2729 464 2915 522 Josias
2947 462 3261 521 simulacra
3289 463 3639 522 combussit.

393 558 623 633 Egypti
652 557 1017 614 conderetur.
1050 556 1313 613 Diximus
1346 557 1415 612 de
1447 556 1555 612 hac
1585 560 1641 611 et
1671 572 1869 628 supra.
1912 555 2043 610 Fuit

394 650 590 703 autem
622 643 960 716 metropolis
984 644 1223 701 Enacim
1256 646 1427 717 (quos
1460 645 1726 718 gigantes
1757 648 1813 699 et
1843 649 2041 717 poten-

392 739 479 791 tes
517 732 843 806 intelligere
873 733 1200 805 debemus).

2221 556 2534 628 Chalanne,
2568 555 2669 611 ubi
2700 555 2881 613 turris
2919 553 3199 611 aediﬁcata
3229 558 3318 612 est
3356 555 3527 627 juxta
3583 554 3802 613 Isaiam

2149 647 2327 718 (sicut
2358 663 2537 718 supra
2563 644 2869 715 diximus).

2220 733 2732 806 (Charran,civitas
2755 731 3128 805 Assyriorum
3146 731 3204 789 in
3232 731 3467 805 regione
3487 732 3799 806 Themath,

463 822 715 893 Chobaa,
750 822 822 877 ad
853 821 1055 877 laevam
1086 825 1310 893 partem
1365 820 1649 878 Damasci.
1711 823 1813 878 Est
1842 824 2037 877 autem
2141 824 2314 893 juxta
2348 822 2610 891 Isaiam.)

391 914 448 966 et
470 910 607 968 villa
633 911 883 982 Chobaa,
911 911 969 965 in
1001 910 1211 967 iisdem
1242 912 1388 967 191
1425 910 1780 983 regionibus,
1814 910 2039 966 habens

391 999 619 1057 accolas
652 1000 937 1067 Ilebrmos,
975 1000 1074 1072 qui
1105 1001 1405 1057 credentes
1452 1000 1511 1055 in
1543 1000 1836 1056 Christum
1891 1003 2038 1067 (om-

390 1090 491 1145 nia
517 1089 664 1163 legis
695 1093 982 1162 praecepta
1011 1089 1373 1146 custodiunt.
1417 1089 1485 1145 Et
1512 1105 1546 1144 a
1576 1088 1837 1161 principe
1871 1091 1887 1123 ι
1920 1087 2041 1144 ba:-

390 1181 609 1247 reseos)
641 1170 956 1231 Ἐϐιωνῖται
986 1178 1294 1250 (Ebionitae)
1334 1181 1771 1252 nuncupantur.
1806 1178 2040 1251 (Contra

389 1266 726 1324 istiusmodi
758 1267 973 1339 dogma
1001 1266 1217 1323 Paulus
1249 1266 1550 1340 apostolus
1592 1267 1794 1323 scribit
1822 1267 1895 1323 ad
1928 1267 2038 1323 Ga-

388 1356 586 1427 latas.)

457 1443 809 1516 Chabratha,
844 1444 999 1516 quod
1033 1443 1451 1518 interpretatur
1483 1443 1700 1517 Aquila
1725 1444 1840 1497 καθ’
1889 1441 2034 1515 ὁδὸν,

386 1535 443 1590 id
473 1537 584 1605 est,
610 1535 781 1607 juxta
807 1534 982 1604 viam,
1017 1550 1145 1605 quas
1196 1534 1359 1590 ducit
1384 1533 1444 1589 in
1494 1533 1749 1606 Ephrata
1827 1532 1886 1588 id
1952 1536 2041 1589 est

384 1622 679 1680 Bethleem
713 1638 727 1678 :
760 1622 862 1678 ubi
919 1622 1128 1678 Rachel
1178 1638 1314 1678 cum
1346 1622 1645 1693 Benjamin
1694 1622 2033 1693 peperisset,

384 1710 675 1768 occubuit.
701 1712 891 1783 Super
919 1710 1027 1765 hoc
1055 1710 1229 1767 νει-ω
1262 1711 1402 1783 quid
1445 1710 1614 1767 nobis
1641 1712 1923 1782 videatur,
1978 1709 2038 1764 in

382 1800 550 1857 libris
586 1802 978 1856 Hebraicarum
1012 1800 1367 1868 Questionum
1397 1801 1412 1833 ¹
1445 1799 1723 1855 diximus.

456 1889 690 1959 Chazbi,
721 1887 819 1944 ubi
851 1888 1118 1960 geminos
1148 1888 1311 1944 Judas
1346 1887 1498 1944 ﬁlios
1539 1888 1794 1944 Thamar
1823 1888 2028 1944 edidit.

385 1977 722 2034 Ostenditur
752 1980 947 2033 autem
982 1993 1136 2031 nunc
1166 1976 1331 2033 locus
1362 1978 1627 2032 desertus
1652 1978 1821 2046 juxta
1854 1976 2033 2031 Odoi-

386 2067 504 2123 lam
562 2066 621 2122 in
653 2066 871 2121 ﬁnibus
900 2065 1431 2138 Eleutheropoleos.
1460 2066 1537 2121 De
1577 2068 1686 2120 hoc
1717 2082 1947 2137 quoque
1978 2065 2036 2119 in

384 2156 552 2213 libris
574 2158 980 2213 Hebraicarum
999 2158 1380 2228 Quaestionum
1401 2155 1633 2228 plenius
1664 2155 2025 2227 disputatum

387 2250 492 2303 eat.
600 2334 691 2391 DE
734 2332 1054 2389 NUMERIS
1093 2332 1182 2387 ET
1223 2332 1811 2389 DEUTERONOMIO.

455 2422 697 2493 Choreb,
760 2439 931 2479 mons
988 2421 1090 2478 Dei
1137 2422 1196 2477 in
1254 2422 1489 2495 regione
1539 2422 1813 2494 Madiam,
1867 2422 2037 2493 juxta

387 2517 649 2569 montem
681 2511 821 2569 Sina
854 2527 1033 2583 super
1063 2511 1339 2567 Arabiam
1367 2510 1427 2565 in
1455 2511 1683 2567 deserto
1736 2510 1851 2583 (cui
1893 2512 2035 2582 jun-

386 2601 543 2675 gitur
570 2617 741 2658 mons
771 2605 828 2656 et
857 2601 1157 2656 desertum
1188 2601 1632 2669 Saracenorum,
1681 2599 1837 2671 quod
1868 2616 2033 2655 voca-

387 2696 486 2747 tur
541 2689 791 2746 Pharao.
852 2688 994 2744 Mihi
1051 2697 1248 2744 autem
1290 2688 1541 2759 videtur,
1602 2689 1757 2760 quod
1815 2687 2031 2760 duplici

389 2778 625 2835 nomine
664 2777 820 2833 idem
852 2793 1042 2849 mons,
1074 2793 1229 2832 nunc
1261 2777 1445 2848 Sinai,
1487 2793 1643 2832 nunc
1682 2776 1905 2833 Cboreb
1935 2793 2033 2833 vo-

384 2867 590 2939 cetur).

458 2955 740 3026 Charada,
775 2958 967 3012 castra
996 2953 1252 3011 ﬁliorum
1283 2954 1480 3010 Israel.

458 3044 840 3115 Chennereth,
875 3058 1036 3099 mare
1066 3044 1166 3099 ubi
1216 3047 1305 3099 est
1357 3043 1572 3099 Judazas
1629 3043 1915 3099 terminus
1972 3042 2032 3106 in

387 3134 545 3190 tribu
562 3132 958 3206 Nephthalim.
977 3134 1102 3204 (Sed
1122 3138 1180 3188 et
1197 3132 1477 3205 Oppidum
1496 3132 1651 3205 quod
1674 3132 1732 3187 in
1752 3132 2030 3188 honorem

388 3227 590 3296 postea
614 3222 827 3279 Tiberii
855 3222 1117 3293 Czesaris,
1161 3223 1413 3278 llerodes
1444 3240 1541 3277 rex
1568 3222 1780 3278 Judaeaa
1812 3222 2032 3277 instau-
2062 3216 2105 3281 C

387 3317 584 3368 ratum
611 3310 922 3384 appellavit
949 3312 1337 3381 Tiberiadem,
1399 3312 1593 3367 ferunt
1633 3311 1741 3368 hoc
1772 3312 2029 3384 primum

386 3400 744 3474 appellatum
776 3399 1053 3471 nomine).

933 3507 1021 3561 DE
1054 3506 1264 3562 LIBRO
1297 3506 1477 3563 JESU.

456 3595 761 3669 Chephira,
793 3596 955 3651 vicus
986 3596 1057 3652 ad
1118 3596 1407 3652 civitatem
1467 3596 1763 3669 pertinens
1795 3597 2029 3653 Gabaon

387 3686 446 3743 in
478 3686 637 3741 tribu
673 3685 1000 3757 Benjamin.

454 3773 759 3845 Chasalon,
791 3774 852 3831 in
884 3775 1040 3831 tribu
1063 3775 1230 3843 Juda,
1265 3779 1322 3831 et
1353 3774 1410 3830 in
1442 3776 1661 3831 finibus
1707 3776 1862 3830 zEliae
1896 3775 2033 3832 villa

388 3867 770 3939 praegrandis.

411 4000 417 4005 .
456 3955 658 4026 Cbisil,
690 3956 751 4011 in
785 3955 942 4011 tribu
971 3956 1139 4011 Juda.

455 4044 713 4113 Chabon,
747 4043 807 4098 in
837 4043 989 4098 iribu
1020 4044 1187 4099 Juda.

457 4132 608 4188 194
643 4130 941 4204 Chaphtis,
973 4131 1033 4188 in
1059 4132 1216 4187 tribu
1245 4131 1413 4188 Juda.

456 4219 741 4290 Chermel,
777 4222 931 4276 unde
962 4220 1145 4279 Nabal
1177 4219 1539 4277 Charmelius
1572 4220 1699 4289 fuit,
1725 4221 1797 4277 de
1826 4238 1943 4294 qua
1974 4224 2031 4277 et

385 4326 568 4382 supra
594 4308 819 4365 dictum
849 4313 959 4366 est.

388 4443 403 4457 .
453 4439 679 4560 Chilon,
714 4440 958 4544 inOtribu
992 4441 1167 4544 Juda.

454 4577 726 4651 Cbephri,
768 4576 827 4633 in
858 4577 1017 4633 tribu
1046 4576 1377 4647 Benjamin.

457 4666 802 4724 Chasselath
826 4666 1077 4734 Thabor,
1112 4664 1172 4720 in
1205 4665 1365 4722 tribu
1395 4662 1675 4720 Zabulon.

805 4771 895 4828 DE
929 4770 1336 4828 REGNORUM
1370 4769 1627 4825 LIBRIS.

456 4858 793 4930 Chetthiim,
826 4862 981 4915 terra
1036 4856 1373 4925 Chettbiim,
1436 4860 1655 4927 Cyprus
1709 4855 1941 4923 dicitur,
1974 4855 2034 4912 in

389 4965 507 5020 qua
543 4947 833 5003 civitatem
864 4946 1125 5002 condidit
1154 4946 1323 5001 Luza.
1359 4944 1527 5015 (Nam
1562 4949 1618 4999 et
1649 4947 1809 5013 urbs,
1839 4944 2033 5001 hodie-

388 5052 499 5109 que
529 5036 931 5109 Cyprieittium
967 5037 1385 5105 nuncupatur.)

457 5125 680 5195 Charri,
716 5125 788 5179 ad
821 5139 997 5195 quem
1028 5121 1222 5177 locum
1255 5125 1599 5193 persecutus
1649 5128 1735 5177 est
1764 5123 1910 5179 Joab
1943 5141 2036 5181 res

388 5231 566 5271 novas
595 5212 933 5269 molientem
963 5211 1164 5267 Sabee.

459 5393 475 5428 ¹
506 5396 571 5447 In
602 5391 758 5446 libris
788 5390 1176 5445 Hebraicarum
1205 5391 1591 5459 Quaestionum.
1621 5391 1700 5447 De
1726 5391 2038 5449 Chnbratha

390 5466 449 5520 et
474 5464 640 5534 Chasji
668 5462 930 5534 disputat
963 5461 1189 5534 Hieron.
1226 5463 1373 5518 libro
1405 5465 1777 5531 Qumstionum
1817 5466 2040 5521 Hebrai-

387 5550 580 5663 glarum
607 5532 667 5588 in
701 5532 995 5590 Genesim.
1027 5533 1252 5590 Videsis
1298 5540 1429 5596 post
1485 5534 1701 5590 librum
1732 5536 2035 5593 Locorum.

446 5621 674 5663 ARTIAN.

560 5623 611 5659 IA
661 5647 674 5661 ο

446 5623 596 5736 :RITta
616 5623 685 5737 rin
720 5676 1125 5751 Quaestionibus
1161 5679 1221 5737 in
1250 5677 1404 5755 Gem,
1435 5693 1562 5752 cap.
1622 5694 1723 5737 xxx
1772 5695 1786 5738 :
1823 5700 1852 5733 α
1890 5684 2035 5747 Dan.

2218 911 2549 981 Chaselath,
2593 911 2766 982 juxta
2821 909 3069 981 Thabor,
3128 910 3418 967 terminus
3474 909 3733 968 Zabulon
3787 928 3803 967 :

2149 1000 2405 1057 diximus
2436 1001 2507 1057 de
2537 1017 2605 1056 ea
2628 1005 2685 1056 et
2724 1017 2905 1072 supra
2932 1000 3043 1056 sub
3076 999 3312 1056 nomine
3341 999 3646 1057 Chasalus.

2220 1088 2456 1157 Cbabol,
2484 1088 2773 1147 terminus
2803 1096 2967 1144 Aser.

2217 1179 2531 1250 Chalab,de
2562 1179 2671 1236 hac
2700 1178 2952 1235 cultores
2981 1178 3260 1250 pristinos
3308 1179 3451 1235 Aser
3472 1193 3590 1235 non
3618 1176 3804 1236 valuit

2147 1267 2456 1341 expellere.

2218 1356 2494 1426 Cborath,
2517 1359 2748 1412 torrens
2768 1358 2932 1412 trans
2951 1355 3269 1412 Jordanem
3300 1354 3383 1427 (in
3413 1370 3531 1427 quo
3553 1355 3800 1412 abscon-

2147 1446 2307 1502 ditus
2336 1450 2426 1502 est
2454 1444 2628 1516 Elias,
2662 1461 2692 1501 e
2724 1446 2959 1518 regione
2989 1445 3254 1515 ejusdem
3283 1443 3592 1515 ﬂuminis).

2218 1535 2461 1607 Chotha,
2494 1535 2653 1607 regio
2684 1535 3084 1607 Assyriorum.

2220 1625 2467 1695 Chobar,
2499 1625 2717 1680 ﬂumen
2752 1623 3155 1695 Babylonium,
3190 1624 3342 1680 sicut
3397 1623 3455 1680 in
3508 1621 3794 1679 Ezechiel.

2220 1712 2619 1781 Charchamis,
2661 1712 2866 1768 civitas
2889 1713 3061 1783 juxta
3082 1711 3396 1769 Bethleem.

2216 1802 2557 1871 Chamoam,
2588 1801 2792 1856 villula
2821 1802 2991 1856 Juxta
3023 1800 3334 1856 Bethleem.

2215 1890 2465 1951 Chzelon.
2502 1907 2625 1962 qua:
2659 1895 2715 1946 et
2745 1890 2946 1960 Ealon,
2990 1889 3270 1961 oppidum
3301 1890 3488 1961 Moab,
3522 1889 3675 1945 sicut
3732 1889 3793 1945 in

2147 1981 2401 2037 Ieremia
2434 1981 2727 2036 scribitur.

2218 2070 2486 2137 Chamos,
2521 2068 2741 2124 idolum
2776 2068 2965 2124 Moab.

2682 2176 2769 2230 DE
2814 2174 3260 2232 EVANGELIIS.

2218 2263 2557 2334 Chorozain,
2619 2264 2901 2336 oppidum
2960 2262 3186 2319 Calileaz
3221 2308 3236 2333 ,
3316 2264 3470 2335 quod
3527 2262 3796 2320 Christus

2146 2358 2381 2426 propter
2435 2350 2905 2409 incredulitatem
2960 2350 3371 2408 miserabiliter
3425 2351 3689 2424 deplorat
3739 2356 3797 2408 et

2146 2442 2386 2515 plangit.
2422 2442 2522 2497 Est
2551 2446 2749 2497 autem
2802 2456 2957 2497 nunc
2998 2442 3294 2497 desertum
3326 2440 3387 2496 in
3417 2440 3671 2497 secundo
3700 2438 3786 2496 la-

2145 2531 2279 2605 pide
2317 2548 2352 2587 a
2379 2530 2810 2602 Capharnaum.

2214 2620 2573 2689 Chimarrus,
2608 2618 2664 2674 id
2697 2624 2802 2687 est,
2835 2623 3062 2675 torrens
3092 2618 3336 2687 Cedron,
3384 2619 3455 2674 de
3485 2617 3636 2675 195
3669 2635 3784 2693 quo

2143 2714 2199 2764 et
2229 2725 2408 2780 supra
2436 2707 2712 2777 diximus,
2746 2707 2900 2763 inter
2930 2712 3185 2763 montem
3235 2707 3439 2764 Oliveti
3469 2711 3525 2763 et
3552 2709 3784 2765 Jerusa-

2143 2797 2279 2867 lem,
2313 2797 2413 2853 ubi
2446 2797 2759 2853 Dominum
2782 2795 3136 2853 Salvatorem
3164 2798 3413 2853 Joannes
3434 2796 3788 2869 evangelista

2145 2889 2342 2941 narrat
2367 2886 2670 2941 traditum.

2592 2992 2677 3046 DE
2714 2990 2927 3046 LIBRO
2953 2990 3337 3047 GENESEOS.

2215 3086 2439 3152 Dasem,
2465 3080 2607 3136 urbs
2638 3081 3011 3153 Assyriorum
3044 3080 3461 3153 nobilis,quam
3493 3080 3782 3137 exstruxit

2213 3178 2415 3241 Assur,
2449 3170 2599 3225 inter
2627 3170 2872 3225 Niniven
2902 3174 2959 3225 et
2987 3169 3261 3225 Chalach.

2216 3265 2380 3331 Drys,
2415 3259 2471 3313 id
2519 3263 2625 3327 est,
2656 3275 2906 3330 quercus
2956 3258 3234 3325 Mambre,
3284 3261 3456 3331 juxta
3511 3259 3776 3315 Chebron

2139 3351 2293 3422 (quae
2325 3364 2512 3420 usque
2543 3349 2613 3403 ad
2644 3351 2870 3403 aetatem
2894 3347 3151 3403 infantiae
3182 3364 3344 3419 meaa,
3378 3352 3435 3404 et
3460 3348 3787 3405 Constantii

2141 3440 2295 3511 regis
2344 3437 2676 3510 imperium,
2732 3437 3098 3493 terebinthus
3155 3437 3592 3493 monstrabatur
3656 3453 3786 3510 per-

2140 3532 2327 3597 vetus,
2361 3531 2417 3582 et
2471 3542 2658 3581 annos
2717 3525 3124 3597 magnitudine
3156 3524 3465 3597 indicans),
3525 3526 3633 3581 sub
3667 3542 3787 3597 qua

2138 3616 2420 3672 habitavit
2448 3614 2762 3669 Abraham.
2800 3614 2967 3685 (Miro
2998 3618 3193 3669 autem
3227 3614 3391 3670 cultu
3424 3614 3495 3670 ab
3526 3614 3785 3671 ethnicis

2141 3705 2340 3760 habita
2380 3708 2486 3775 est,
2520 3708 2577 3760 et
2608 3702 2781 3759 veluti
2813 3703 3066 3775 quodam
3098 3702 3317 3774 insigni
3375 3704 3617 3760 numine
3646 3719 3788 3760 con-

2141 3794 2411 3864 secrata.)

2213 3888 2553 3953 Damascus,
2587 3881 2801 3938 nobilis
2831 3881 2972 3937 urbs
3003 3880 3313 3938 Phoenicis.
3347 3882 3558 3939 Eodem
3588 3885 3789 3938 autem

2140 3971 2421 4028 vocabulo
2450 3974 2507 4027 et
2565 3974 2772 4041 Masec,
2836 3970 3062 4027 ancillas
3110 3970 3401 4027 Abraham
3460 3969 3639 4041 ﬁlius,
3672 3986 3781 4042 ap-

2140 4060 2389 4133 pellatus
2457 4064 2563 4115 est.
2624 4060 2822 4133 (Porro
2902 4060 3091 4116 Masec
3155 4060 3293 4132 quid
3340 4059 3452 4116 sibi
3504 4057 3660 4129 velit,
3722 4057 3787 4114 in

2136 4150 2304 4207 libris
2364 4150 2756 4206 Hebraicarum
2840 4149 3209 4217 Quiestionum
3291 4148 3524 4221 plenius
3581 4148 3789 4219 dispu-

2137 4239 2251 4295 tavi
2286 4255 2298 4293 :
2333 4238 2427 4294 hic
2475 4241 2704 4294 tantum
2759 4236 3094 4310 interpretis
3125 4254 3257 4293 sum
3300 4237 3537 4294 functus
3566 4235 3778 4307 ofﬁcio,

2139 4344 2254 4383 non
2286 4326 2442 4398 quod
2492 4324 2764 4381 ancillam
2821 4325 3069 4381 Abrahae
3129 4326 3319 4383 Masec
3374 4329 3776 4398 nuncupatam

2011 4440 2027 4455 -
2135 4417 2422 4488 probem.)

2212 4509 2354 4573 Dan,
2390 4503 2618 4560 viculus
2647 4508 2735 4560 est
2765 4503 2825 4560 in
2857 4508 3064 4577 quarto
3096 4521 3130 4561 a
3186 4504 3452 4562 Paneade
3499 4503 3785 4561 milliaria

2066 4589 2111 4654 D
2141 4590 2420 4647 euntibus
2445 4592 2663 4663 Tyrum
2701 4608 2714 4646 :
2775 4590 2877 4663 qui
2933 4608 3122 4664 usque
3170 4591 3341 4648 hodie
3388 4592 3473 4648 sic
3525 4596 3785 4664 vocatur,

2145 4680 2435 4736 terminus
2463 4680 2677 4735 Judazae
2710 4681 3018 4753 provincias
3070 4685 3270 4738 contra
3305 4681 3781 4755 septentrionem,

2146 4769 2215 4823 de
2246 4785 2361 4841 quo
2392 4773 2445 4825 et
2472 4769 2742 4825 Iordanis
2775 4770 2991 4825 ﬂumen
3044 4786 3379 4842 erumpens.
3410 4771 3483 4842 (A
3507 4769 3630 4828 loco
3661 4786 3787 4828 sor-

2145 4858 2289 4913 titus
2342 4862 2430 4913 est
2486 4875 2698 4914 nomen
2762 4875 2774 4912 :
2832 4858 2952 4929 Jor,
3012 4858 3224 4932 quippe
3280 4857 3510 4933 ῥεῖθρον,
3568 4860 3627 4915 id
3700 4863 3789 4917 est

2148 4948 2393 5002 fluvium
2426 4947 2544 5004 sive
2575 4948 2763 5003 rivum
2797 4948 3015 5003 Hebraei
3050 4950 3304 5020 vocant.)

2217 5037 2515 5107 Dannaba,
2550 5036 2750 5092 civitas
2804 5036 2993 5107 Balac,
3037 5037 3139 5092 ﬁlii
3196 5038 3343 5094 Beor
3398 5038 3549 5112 regis
3580 5039 3782 5105 Edoni,

2145 5132 2277 5198 post
2306 5143 2481 5197 quem
2515 5128 2775 5199 regnavit
2803 5128 2912 5184 Job
2943 5127 3101 5195 (licet
3132 5128 3274 5183 mihi
3319 5128 3585 5185 videatur
3612 5126 3784 5201 longe

2146 5215 2351 5286 aliter),
2371 5220 2428 5271 et
2457 5220 2545 5271 est
2570 5231 2757 5286 usque
2788 5215 2959 5271 hodie
3011 5215 3149 5272 villa
3182 5215 3464 5287 Dannaia,
3496 5215 3558 5273 in
3587 5220 3785 5273 octavo

2144 5394 2354 5465 inquit,
2384 5410 2539 5449 unus
2568 5410 2597 5450 e
2629 5393 2887 5449 fontibus
2918 5398 3005 5449 est
3056 5394 3329 5465 Jordanis
3381 5411 3393 5459 ;
3456 5409 3591 5449 nam
3640 5393 3789 5450 alter

2143 5464 2381 5520 vocatur
2408 5467 2526 5539 Jor,
2595 5466 2747 5536 quod
2806 5464 3497 5539 interpretaturqp‘sitlpov,
3562 5466 3635 5539 id,
3676 5469 3785 5539 est,

2147 5538 2325 5610 rivus.
2362 5558 2388 5585 »
2420 5536 2565 5591 Vide
2617 5535 2744 5608 quae
2776 5535 3186 5593 adnotavimus
3234 5535 3292 5592 in
3347 5535 3518 5610 epist.
3578 5538 3667 5610 78,
3717 5535 3789 5610 ad

2145 5609 2376 5681 Fabiol.,
2409 5624 2599 5664 mans.
2651 5610 2743 5681 41,
2795 5626 2861 5665 ac
2915 5626 3153 5668 rursum
3210 5608 3668 5667 Commentarios
3725 5608 3786 5667 in

2145 5680 2350 5740 Ezecb.
2384 5696 2511 5756 cap.
2534 5696 2729 5738 xcvm.
