3992 6394
204 340 367 415 .337

1246 344 1351 411 DE
1395 347 1574 412 SITU
1616 348 1719 411 ET
1761 344 2041 411 NOMIN.
2088 343 2259 407 L00.
2304 337 2669 407 HEBRAIC.

3508 336 3659 406 ’988

246 477 526 539 milliario
565 457 946 559 ’Apsondkeioc
993 482 1371 556 pergentibus
1399 486 1691 538 Arnonem
1722 483 1736 515 ¹
1769 498 1781 549 ;
1843 484 1900 536 et
1927 481 1984 547 Α
2015 475 2319 554 ροπόλεως,
2351 479 2552 535 decem
2592 482 2649 534 et
2705 479 2931 551 septem
2987 476 3062 534 ab
3114 493 3183 535 ea
3212 471 3477 535 millibus
3534 475 3654 533 dis-

244 570 435 629 altera
454 573 735 630 Dannaba
755 590 934 647 super
955 575 1212 630 montem
1246 572 1474 645 Phogor
1528 571 1589 627 in
1648 570 1896 643 septimo

242 659 442 733 lapide
466 662 678 718 Bsbus.

315 749 612 818 Dothaim,
648 751 748 807 ubi
771 751 990 808 invenit
1017 750 1232 823 Joseph
1265 752 1474 807 fratres
1502 766 1643 807 suos
1692 765 1899 821 pecora

238 842 575 911 pascentes,
607 840 709 912 qui
741 846 799 895 et
828 856 1015 913 usque
1046 840 1220 896 hodie
1248 840 1308 895 in
1354 840 1699 895 duodecimo
1766 838 1896 894 mil-

236 926 412 984 liario
444 929 467 964 ³
504 945 539 984 a
567 929 829 996 Sebaste,
853 934 1056 985 contra
1086 929 1381 1002 aquilonis
1410 928 1645 1002 plagam
1702 930 1898 984 osten-

238 1016 423 1073 ditur.

457 1111 548 1163 DE
586 1106 912 1163 NUMERIS
952 1109 1040 1163 ET
1080 1107 1664 1164 DEUTERONOMIO.

317 1198 533 1264 Debon,
567 1213 694 1269 quae
725 1201 781 1252 et
812 1196 1023 1265 Dibon,
1057 1196 1117 1251 in
1151 1196 1467 1253 solitudine
1498 1200 1691 1252 castra
1750 1195 1896 1250 ﬁlio-

239 1303 378 1342 rum
406 1284 602 1342 Israel.
625 1286 729 1341 Est
758 1290 953 1341 autem
987 1289 1046 1341 et
1075 1284 1190 1341 alia
1211 1285 1423 1352 Dibon,
1446 1284 1580 1339 villa
1613 1300 1898 1357 praegran-

240 1375 523 1447 disjuxta
549 1376 866 1441 Arnonem,
890 1391 1014 1444 qua:
1046 1390 1180 1429 cum
1212 1374 1374 1446 prius
1404 1373 1612 1430 fuisset
1642 1372 1895 1428 filiorum

240 1463 435 1532 Moab,
468 1466 526 1519 et
553 1466 686 1535 post
723 1480 853 1518 eam
885 1463 1033 1519 Seon
1074 1479 1172 1518 rex
1219 1462 1692 1518 Amorrhaaorum
1746 1462 1896 1518 I98

234 1551 383 1609 belli
401 1552 865 1624 jurejtenuisset,
899 1569 934 1608 a
963 1552 1105 1608 filiis
1135 1551 1312 1608 Israel
1344 1555 1513 1623 capta
1559 1554 1734 1623 atque
1764 1568 1896 1622 pos-

222 1654 427 1707 sessa,
467 1638 528 1693 in
562 1641 786 1710 partem
821 1638 980 1694 venit
1005 1639 1199 1694 tribus
1229 1638 1372 1694 Gad.
1403 1638 1666 1694 Meminit
1719 1639 1897 1710 hujus

234 1726 529 1785 Jeremias
558 1731 616 1782 et
640 1725 827 1782 Isalas
857 1727 917 1782 in
948 1726 1170 1783 visione
1200 1731 1402 1783 contra
1429 1727 1599 1783 Moab
1628 1728 1669 1783 ³.

312 1816 658 1889 Debongad.
691 1815 947 1871 filiorum
979 1816 1156 1872 Israel
1186 1820 1395 1872 castra.

306 1905 724 1979 Dysmemoab,
759 1905 814 1960 id
844 1909 933 1961 est
960 1905 1031 1960 ad
1084 1904 1441 1961 occidentem
1496 1906 1684 1973 Moab,
1721 1905 1895 1975 juxta

225 1994 553 2052 Jordanem
584 1997 791 2049 contra
818 1992 1153 2049 Jerichum:
1200 1993 1301 2048 ubi
1358 1994 1532 2050 Balac
1580 2010 1680 2049 rex
1724 1994 1891 2049 Moab

229 2086 292 2139 et
331 2084 587 2154 majores
647 2086 786 2138 natu
846 2081 1102 2151 Madian,
1170 2082 1445 2138 Israelcm
1505 2082 1741 2139 insidiis
1792 2084 1892 2139 de-

228 2174 537 2244 ceperunt,
572 2170 633 2226 in
665 2187 783 2243 quo
814 2170 941 2227 loco
972 2175 1028 2227 et
1055 2174 1244 2227 Moses
1274 2172 1295 2205 ⁴
1324 2171 1561 2243 scripsit
1615 2173 1892 2229 Deutero-

226 2259 525 2319 nomium.

770 2353 859 2405 DE
898 2349 1112 2406 LIBRO
1149 2350 1341 2406 JESU.

306 2438 536 2507 Dabira,
568 2437 773 2494 civitas
811 2438 871 2492 in
918 2438 1077 2494 tribu
1120 2443 1264 2506 Dan,
1290 2440 1460 2511 cujus
1483 2456 1678 2512 regem
1712 2440 1889 2496 inter-

232 2527 375 2586 fecit
410 2528 604 2585 Jesus.
638 2528 739 2584 Est
797 2531 993 2583 autem
1041 2531 1097 2583 et
1145 2527 1260 2583 alia
1296 2527 1501 2584 villula
1551 2529 1890 2586 Judceorum

231 2617 299 2674 in
328 2622 528 2674 monte
570 2616 804 2673 Thabor
841 2616 1098 2689 regionis
1127 2618 1201 2673 ad
1230 2616 1651 2674 Diocesaream
1710 2619 1891 2691 perti-

234 2705 455 2764 nantis.

2004 573 2159 625 tans.

2076 658 2321 729 Damna,
2353 657 2414 713 in
2446 658 2602 714 tribu
2637 656 2914 728 Zabulon,
2970 656 3181 714 Levitis
3236 661 3509 731 separata
3568 657 3654 714 ci-

2005 745 2174 802 vitas.

2079 836 2359 907 Dasbath,
2394 837 2455 892 in
2485 836 2641 893 tribu
2683 835 2963 893 Zabulon.

2076 925 2356 996 Dabrath,
2407 925 2466 979 in
2525 924 2683 981 tribu
2712 924 3000 997 Issachar,
3035 926 3177 981 urbs
3225 930 3495 999 separata
3550 927 3653 984 Le-

2008 1014 2165 1070 vitis.

2469 1104 2563 1160 DE
2604 1105 2817 1161 LIBRO
2851 1104 3177 1163 JUDICUM.

2078 1198 2243 1265 Drys,
2268 1193 2324 1248 id
2343 1197 2431 1249 est
2461 1210 2732 1265 quercus,
2757 1193 2818 1249 in
2843 1194 3116 1265 Ephrata,
3131 1195 3191 1249 in
3209 1194 3366 1251 tribu
3386 1195 3655 1253 Manasse

2007 1283 2162 1337 unde
2193 1281 2304 1337 fuit
2359 1283 2610 1338 Gedeon.
2668 1284 2822 1339 199
2880 1286 2949 1338 Et
3003 1283 3074 1339 de
3122 1283 3232 1340 hac
3279 1284 3422 1355 quid
3483 1285 3655 1342 nobis

2005 1370 2197 1426 visum
2255 1371 2350 1441 sit,
2411 1372 2470 1427 in
2541 1371 2728 1428 libris.
2791 1372 3199 1428 Hebraicarum
3255 1374 3652 1444 Quaestionum,

2006 1459 2286 1515 diximus.
2346 1460 2636 1524 Quaeritur
2703 1460 2880 1531 enim,
2939 1461 3232 1533 quomodo
3290 1460 3544 1533 Ephrata
3592 1462 3657 1519 in

2004 1548 2163 1604 tribu
2195 1551 2459 1606 Manasse
2490 1566 2648 1605 nunc
2678 1566 2808 1606 esse
2837 1550 3083 1605 dicatur.

2418 1640 2507 1694 DE
2548 1638 2945 1695 REGNOBUM
2987 1639 3241 1695 LIBRIS.

2076 1726 2285 1797 Dibon,
2319 1728 2415 1798 de‘5
2434 1744 2552 1799 qua
2597 1744 2778 1800 supra
2824 1726 3101 1799 diximus,
3156 1728 3326 1800 cujus
3386 1728 3657 1785 meminit

1924 1850 1973 1916 B
2006 1814 2187 1871 Isaias
2218 1816 2278 1871 in
2299 1814 2521 1872 visione
2552 1818 2756 1871 contra
2783 1815 2976 1873 Moab.

2074 1905 2307 1975 Deseth,
2387 1905 2542 1977 quod
2628 1904 2837 1977 Aquila
2922 1904 3246 1979 transtulit,
3327 1907 3654 1980 parietem:

2000 1992 2411 2065 Symmachus,
2448 2010 2707 2049 murum.

2072 2082 2379 2153 Dodanim,
2405 2083 2475 2139 de
2493 2099 2610 2155 qua
2630 2083 2813 2140 Isaias
2833 2084 2889 2139 in
2912 2083 3135 2142 visione
3155 2084 3360 2141 scribit
3406 2084 3653 2141 Arabiae.

2002 2171 2102 2227 Est
2130 2174 2326 2226 autem
2357 2171 2515 2240 juxta
2544 2172 2900 2244 Areopolim.

2071 2264 2306 2332 Darom,
2338 2260 2520 2331 hujus
2549 2260 2819 2316 meminit
2862 2261 3124 2317 Ezechiel
3183 2262 3295 2334 (xx,
3356 2263 3444 2333 46,
3507 2262 3656 2335 apud

2000 2348 2181 2419 LXX),
2217 2349 2372 2420 quod
2403 2348 2794 2421 Symmachus
2828 2349 2997 2404 vertit
3026 2349 3085 2404 in
3113 2349 3456 2421 Aphricum.

2070 2438 2366 2510 Diospolis
2396 2437 2603 2493 civitas
2630 2438 2882 2510 Egypti,
2915 2437 3069 2493 sicut
3108 2438 3313 2494 scribit
3369 2437 3651 2494 Ezechiel.

2073 2526 2298 2597 Dadan,
2332 2526 2390 2581 in
2423 2525 2655 2599 regione
2707 2527 2911 2598 Cedar,
2943 2527 3015 2582 de
3070 2543 3189 2599 qua
3243 2525 3449 2583 scribit
3495 2526 3655 2583 Jere-

2002 2615 2173 2672 mias.

2070 2703 2416 2775 Deblataim,
2449 2703 2510 2761 in
2554 2709 2711 2761 terra
2766 2705 2959 2776 Moab,
3021 2704 3177 2761 sicut
3229 2702 3437 2762 scribit
3491 2705 3650 2763 Jere-

306 2795 685 2869 Dornapheth
725 2796 906 2869 (quod
946 2795 1336 2868 Symmachus
1394 2796 1718 2863 transtulit,
1781 2798 1892 2852 Dor
2000 2794 2171 2851 mias.

232 2885 579 2958 maritima).
611 2885 744 2942 Haec
775 2889 864 2941 est
894 2890 1043 2941 Dora
1071 2885 1131 2939 in
1171 2902 1325 2941 nono
1384 2884 1658 2942 milliario
1707 2890 1891 2942 Cresa-

232 2992 346 3032 reaa
376 2974 702 3031 Palaestinae
731 2974 1111 3046 pergentibus
1139 2974 1384 3046 Tyrum,
1417 2992 1572 3029 nunc
1622 2976 1887 3031 deserta:

2069 2883 2289 2955 Dedan,
2322 2884 2382 2938 in
2417 2883 2651 2956 regione
2707 2882 2985 2954 Idumiea,
3047 2900 3226 2955 super
3273 2900 3391 2956 qua
3449 2882 3656 2940 scribit

1997 2974 2303 3028 Jeremias.
2338 2974 2439 3028 Est
2469 2977 2666 3029 autem
2695 2972 2753 3028 in
2788 2977 2996 3045 quarto
3026 2972 3300 3029 milliario
3332 2991 3367 3030 a
3396 2972 3654 3031 Metallo-

231 3082 367 3139 qua
389 3081 523 3120 cum
546 3063 850 3120 cecidisset
876 3062 935 3118 in
967 3067 1182 3118 sortem
1207 3062 1396 3118 tribus
1444 3067 1727 3132 Manasse,
1760 3082 1889 3119 eam
2002 3063 2136 3117 feno
2159 3063 2178 3096 ⁷
2210 3066 2413 3118 contra
2438 3061 2793 3134 aquilonem.

233 3154 540 3228 possidere
570 3169 687 3209 non
720 3151 929 3224 potuit,
962 3152 1105 3224 quia
1132 3151 1491 3209 habitatores
1521 3153 1581 3208 in
1615 3152 1716 3209 illa
1768 3153 1890 3225 pri-

235 3242 381 3301 stini
408 3258 799 3316 permansere.

310 3330 508 3400 Dabir,
539 3330 601 3386 in
632 3330 790 3386 tribu
819 3333 852 3384 J
858 3330 992 3398 uda,
1017 3346 1144 3401 quae
1160 3330 1476 3385 vocabatur
1503 3329 1705 3386 civitas
1733 3329 1895 3386 littea

236 3435 444 3478 rarum
470 3436 484 3489 ;
508 3418 661 3475 hanc
694 3417 1118 3490 praeoccupavit
1145 3417 1452 3474 Gothoniel
1510 3417 1687 3473 frater
1722 3417 1897 3473 Caleb

235 3508 565 3567 interfectis
594 3508 655 3563 in
688 3524 756 3564 ea
783 3506 1047 3562 Enacim.
1074 3507 1204 3562 Fuit
1233 3511 1429 3563 autem
1463 3511 1520 3563 et
1547 3506 1676 3579 ipsa
1705 3523 1895 3562 sacer-

236 3596 484 3655 dotibus
533 3599 821 3668 separata.
856 3595 1053 3667 (Porro
1085 3595 1390 3651 Gothoniel
1448 3596 1690 3668 quidam
1742 3596 1896 3651 arbi-

236 3689 480 3743 trantur
507 3684 696 3741 ﬁlium
731 3684 925 3740 fratris
955 3682 1174 3756 Caleb.)

312 3774 512 3844 Dabir,
546 3789 725 3847 super
758 3772 1078 3829 Jordanem
1110 3772 1314 3828 civitas
1371 3773 1896 3830 Armorrhacorum.

317 3862 589 3929 Dimona,
623 3861 686 3918 in
714 3861 875 3918 tribu
903 3860 1077 3917 Juda.

315 3952 542 4021 Dadan,
574 3951 635 4008 in
664 3951 822 4007 tribu
852 3951 1025 4007 Juda.

240 4028 245 4031 Α
315 4041 538 4109 Denna,
574 4040 636 4095 in
668 4040 826 4096 tribu
881 4040 1051 4101 Juda,
1110 4039 1314 4095 eadem
1345 4043 1434 4094 est
1464 4044 1656 4095 autem
1691 4056 1817 4111 qua
1848 4044 1907 4096 et

239 4128 427 4190 Dabir
454 4127 661 4186 civitas
683 4128 1033 4183 litterarum.

319 4216 542 4275 Dahiva
570 4217 612 4286 ⁸,
647 4217 767 4274 sive
796 4216 1048 4284 Dahiud,
1083 4216 1143 4271 in
1174 4215 1333 4271 tribu
1362 4215 1535 4271 Juda.

322 4306 531 4376 Duma,
564 4305 624 4362 in
655 4305 813 4361 tribu
837 4305 1010 4373 Juda,
1042 4304 1206 4360 vicus
1255 4305 1494 4378 grandis
1542 4305 1601 4360 in
1633 4305 1903 4373 Daroma,

240 4395 360 4453 hoc
389 4398 494 4464 est,
528 4395 601 4452 ad
633 4393 949 4451 australem
989 4394 1224 4466 plagam
1285 4394 1345 4448 in
1387 4394 1604 4450 ﬁnibus
1662 4391 1907 4448 Ἐλευθε-

325 4538 343 4574 ¹
373 4536 594 4594 Mavult
625 4535 927 4611 Relandus
970 4539 1274 4604 Arnonam,
1337 4554 1547 4611 nempe
1613 4538 1908 4611 regionem

246 4626 384 4694 qua
413 4610 752 4694 ab‘arnone
783 4608 960 4694 ﬂuvio
990 4625 1203 4694 nomen
1229 4594 1504 4694 sortitur:
1564 4594 1748 4665 Alit‘er
1807 4610 1915 4692 mi:
1948 4594 1993 4660 D

248 4679 415 4754 nime
446 4681 685 4737 sibimet
731 4685 999 4754 constare
1052 4679 1321 4754 videatur
1355 4681 1778 4754 Hieronymus,
1816 4682 1917 4753 qui

250 4753 329 4813 ad
380 4751 880 4825 vocem_Madian
932 4751 1109 4825 sitam
1184 4751 1394 4825 dixerit
1466 4751 1791 4825 Areopolim
1835 4751 1920 4808 ad

249 4827 574 4894 Arnonem,
607 4822 701 4879 hic
733 4840 867 4879 vero
894 4824 967 4878 ab
999 4840 1064 4879 co
1096 4827 1224 4879 octo
1256 4822 1416 4879 mille
1464 4822 1675 4896 passus
1733 4840 1919 4879 remo-

252 4900 411 4954 veat.

331 4968 354 5002 ³
382 4969 446 5024 In
475 4965 791 5023 duodecimo
819 4966 1111 5033 milliaria,
1143 4969 1252 5021 etc.
1305 4965 1412 5021 Ms.
1459 4983 1612 5023 unus
1671 4966 1918 5023 Colbert.

254 5038 490 5095 decimo.
522 5037 811 5094 MARTIAN.

332 5109 355 5144 ³
383 5112 447 5166 In
474 5111 685 5166 visione
725 5111 916 5165 contra
968 5109 1152 5164 Moab.
1213 5107 1481 5164 Visiones
1537 5107 1647 5163 illae
1696 5110 1924 5165 creber-

254 5180 425 5238 rimae
456 5181 516 5236 in
551 5181 658 5237 hoc
708 5181 993 5236 Locorum
1042 5178 1190 5234 libro
1244 5180 1454 5247 citatas,
1488 5179 1745 5252 capitula
1786 5186 1925 5236 sunt

256 5252 740 5326 propheticorum
800 5255 1199 5326 contextuum.
1276 5268 1442 5326 quee__
1475 5251 1591 5326 nos
1648 5251 1923 5308 distincte

262 5322 656 5395 iadidimusin
699 5322 1000 5395 prophetis
1057 5327 1217 5395 tomo
1278 5327 1296 5377 l
1355 5322 1629 5379 editionis
1684 5329 1920 5395 nostrae.

257 5395 544 5453 Consulat
571 5394 752 5451 lector
797 5395 1054 5450 Divinam
1108 5394 1442 5465 Hieronymi
1498 5394 1922 5451 Bibliothecam.

257 5472 551 5531 MARTIAN.

337 5539 451 5597 ‘ln
479 5538 731 5611 quoloco
787 5536 1084 5611 _e_t_Moscs,
1142 5540 1258 5611 etc.
1320 5536 1510 5611 Supra
1568 5535 1623 5590 in
1686 5536 1817 5611 (lata
1870 5541 1923 5593 ιιι

261 5607 507 5690 ζῖἠνῃεθὰ
535 5614 723 5690 Moses
768 5608 1349 5690 diciturmscripsissc
1404 5607 1919 5666 Dcutcronomium

252 5678 434 5758 juxta
472 5685 704 5741 montes
734 5679 862 5737 auri
892 5678 1133 5737 fertiles.
1162 5678 1454 5736 MARTIAN.

592 5809 866 5877 Panem.
903 5805 1130 5888 XXllI,

2075 3151 2397 3222 Dccapolis,
2431 3151 2583 3206 sicut
2604 3150 2662 3205 in
2686 3148 2992 3222 Evangelio
3021 3149 3293 3222 legimus.
3319 3154 3419 3206 Est
3449 3153 3649 3205 autem

1918 3224 1962 3290 C
2001 3238 2160 3311 regio
2192 3239 2391 3295 decem
2422 3239 2659 3294 urbium
2690 3243 2856 3294 trans
2874 3238 3189 3295 Jordanem
3213 3239 3367 3295 circa
3394 3238 3651 3311 Hippum

2004 3332 2061 3383 et
2088 3326 2310 3382 Pellam
2341 3331 2398 3383 et
2428 3328 2739 3383 Gadaram.

2626 3417 2718 3472 DE
2758 3416 3036 3473 GENESI.

2078 3506 2255 3575 Eden,
2288 3506 2437 3560 sacri
2468 3505 2724 3578 paradisi
2746 3506 2910 3562 locus
2942 3507 3015 3562 ad
3045 3505 3351 3579 orientem,
3385 3507 3542 3581 quod
3592 3506 3653 3563 in

2006 3594 2364 3666 voluptatem
2395 3594 2753 3667 deliciasque
2782 3596 3153 3653 transfertur.

2080 3684 2259 3755 Evila,
2293 3684 2393 3740 ubi
2427 3702 2637 3740 aurum
2695 3685 3081 3757 purissimum
3141 3686 3318 3758 (quod
3377 3685 3657 3743 Hebraioe

2011 3773 2228 3863 dicitur
2258 3775 2394 3829 zaab
2421 3773 2586 3863 (asty)
2619 3778 2676 3829 et
2705 3790 2951 3847 gemmae
3007 3774 3470 3846 pretiosissima,
3532 3790 3658 3831 car-

2011 3861 2327 3933 bunculus,
2379 3861 2845 3936 smaragdusque
2904 3867 3248 3919 nascuntur.
3305 3865 3406 3918 Est
3460 3866 3661 3919 autem

2012 3952 2172 4024 regio
2230 3952 2302 4007 ad
2350 3951 2644 4008 Orientem
2708 3967 2973 4024 vergens,
3027 3968 3204 4024 quam
3270 3951 3541 4009 circumit
3591 3952 3664 4009 de

2014 4039 2287 4113 paradiso
2327 4039 2538 4095 Phison
2569 4040 2916 4112 egrediens:
2949 4057 3125 4111 quem
3181 4041 3388 4113 nostri,
3440 4044 3665 4097 mutato

2014 4128 2254 4184 nomine
2285 4128 2325 4198 3,
2361 4128 2599 4200 Gangen
2629 4133 2856 4185 vocant.
2889 4129 3001 4184 Sed
3033 4132 3090 4185 et
3114 4146 3269 4186 unus
3295 4130 3368 4186 de
3425 4129 3668 4187 minori-

2016 4218 2130 4274 bus
2160 4217 2278 4272 Noe
2309 4215 2471 4272 Evila
2501 4216 2693 4273 dictus
2751 4221 2859 4289 est,
2920 4234 3094 4290 quem
3152 4219 3447 4292 Josephus
3495 4219 3673 4276 refert

2017 4322 2150 4362 cum
2184 4305 2465 4361 fratribus
2495 4305 2619 4362 suis
2671 4323 2706 4361 a
2736 4306 2975 4363 flumine
3030 4308 3301 4382 Cephene
3329 4312 3386 4365 et
3436 4307 3673 4382 regione

2018 4395 2213 4466 Indiae,
2246 4412 2437 4468 usque
2466 4395 2538 4452 ad
2571 4411 2705 4451 eum
2736 4396 2931 4453 locum
2970 4398 3072 4471 qui
3103 4397 3431 4471 appellatur
3457 4396 3673 4466 Hieria,

2097 4569 2171 4611 7—:
2197 4536 2403 4611 Recole
2432 4537 2605 4611 paulo
2636 4540 2909 4611 superius
2937 4556 3135 4611 vocem
3170 4539 3298 4596 Cata
3331 4547 3386 4595 ta
3416 4539 3674 4611 Chrysea.

2098 4609 2118 4642 ⁵
2147 4610 2377 4678 Dahiva,
2411 4615 2520 4665 etc.
2556 4609 2730 4666 Vetus
2761 4612 2940 4667 codex
2988 4610 3377 4682 Colbertinus,
3436 4609 3675 4681 Dahuz'a,

2030 4680 2151 4736 sivc
2183 4682 2415 4737 Duhuid.
2452 4682 2738 4738 MARTIAN.

2101 4754 2122 4786 δ
2153 4754 2210 4807 In
2246 4753 2406 4824 libris
2440 4754 2853 4824 ﬁllebraicarum
2899 4754 3284 4824 Quaestionum,
3346 4751 3677 4824 etc._nExci-

2031 4823 2244 4879 derunt
2274 4823 2403 4877 libri
2435 4823 2518 4877 illi
2544 4825 2943 4880 IIebraz'carum
2973 4822 3344 4891 Quaestionum
3367 4826 3426 4878 in
3458 4822 3678 4878 librum

2029 4894 2328 4967 Judicum.
2364 4895 2529 4949 Haud
2557 4896 2737 4967 dubie
2764 4896 2819 4950 in
2848 4895 2965 4950 illis
2995 4897 3240 4951 docebat
3285 4895 3679 4967 Hieronymus

2031 4967 2215 5048 Ephra
2246 4966 2561 5050 legendum
2588 4966 2964 5050 profphrata
2990 4983 3175 5049 zonam
3222 4966 3407 5050 Ephra
3465 4965 3683 5050 legitur

2031 5036 2093 5092 in
2120 5036 2383 5110 versione
2442 5036 2645 5093 Latina
2700 5036 3169 5110 Hieronymiana,
3219 5036 3283 5110 et
3332 5038 3399 5110 in
3459 5036 3683 5109 aliquot

2031 5108 2466 5180 exemplaribus
2481 5109 2713 5165 Graecis.
2747 5111 2828 5165 Ex
2857 5108 2965 5166 hac
2990 5114 3186 5166 autem
3214 5108 3461 5166 lectione
3491 5108 3684 5166 cessat

2031 5180 2227 5237 omnis
2257 5181 2521 5250 quaastio.
2557 5181 2838 5236 MARTIAN.

2101 5253 2119 5287 ⁷
2151 5253 2191 5306 Λ
2222 5252 2582 5321 Melana/eno,
2616 5258 2723 5308 etc.
2762 5254 2923 5324 Forte
2953 5251 3266 5322 legendum
3296 5253 3679 5324 Metello/ano,

2032 5327 2097 5378 ut
2126 5340 2306 5394 supra
2336 5324 2405 5378 ad
2440 5340 2608 5378 voces
2640 5325 2771 5378 Gala
2802 5329 2860 5378 ta
2891 5323 3147 5393 Clin/sea.
3182 5324 3467 5381 MARTIAN.

2104 5394 2125 5428 ⁸
2156 5396 2323 5462 Quem
2388 5396 2851 5463 ἤοδινίμτηιιίαιο
2906 5411 3146 5463 nomme,
3204 5402 3314 5450 etc.
3369 5396 3433 5452 In
3489 5400 3685 5451 tiraaco

2034 5458 2307 5537 legimus,
2342 5465 2467 5539 παρ’
2499 5458 2758 5535 Ἕλλησι,
2791 5466 2937 5539 apud
2996 5458 3226 5524 Graecos.
3282 5468 3401 5524 Sub
3458 5467 3684 5523 Graeco-

2035 5554 2163 5592 rum
2198 5544 2390 5591 autem
2424 5538 2661 5591 nomine
2720 5538 3093 5593 continentur
3150 5556 3355 5594 omnes
3416 5539 3686 5595 nationes

2032 5612 2243 5684 praeter
2282 5608 2618 5684 Judmorum
2678 5614 2931 5684 gentem,
2984 5611 3154 5681 juxta
3198 5610 3344 5667 illud
3401 5608 3682 5684 Apostoli,

2032 5680 2229 5737 Judc'co
2252 5680 2501 5751 primum
2525 5684 2575 5737 et
2604 5680 2814 5739 Griz’co.
2848 5680 3135 5740 MAR’I‘IAN.

3286 5807 3371 5883 30
