3992 6388
340 358 488 437 eae

1601 364 1665 427 S.
1711 360 2025 427 EUSEBII
2070 357 2539 425 HIEHONYMI.

3649 339 3780 411 900

367 488 720 581 possedisse.
751 503 859 561 Sed
888 507 946 561 et
976 501 1185 561 Ismael
1218 501 1276 557 in
1317 499 1633 559 solitudine
1660 497 1817 553 Evila
1846 495 2011 552 habi-
2042 498 2097 565 Α
2196 492 2406 557 Eleale,
2449 492 2653 549 civitas
2704 485 3173 581 Amorrhaeprum
3225 481 3285 542 in
3304 481 3583 581 Aqalaad,
3639 497 3774 581 qua

370 571 529 653 tasse
558 594 870 651 scribitur:
908 610 1085 665 quam
1118 593 1198 647 ait
1227 596 1428 647 sancta
1456 589 1755 661 Scriptura
1782 601 1908 641 esse
1957 584 2015 639 in
2127 584 2334 640 cecidit
2376 584 2434 638 in
2484 587 2701 638 sortem
2743 580 2934 635 tribus
2991 578 3216 634 Ruben.
3298 575 3449 633 πυτ
3504 571 3778 629 Meminit

373 686 600 742 deserto
623 685 736 739 Sur
764 661 965 738 contra
986 683 1193 738 faciem
1219 679 1467 753 Egypti,
1492 683 1547 733 et
1573 677 1807 732 tendere
1829 691 2018 746 usque
2127 674 2306 745 hujus
2328 676 2382 728 et
2413 672 2594 727 Isaias
2625 670 2680 725 in
2700 671 2923 725 visione
2948 672 3148 724 contra
3175 665 3361 735 Moab,
3381 666 3437 719 et
3454 661 3773 753 Jeremias:

374 775 446 831 ad
477 778 692 829 terram
722 772 1118 844 Assyriorum.

448 863 603 920 πυτ
626 860 976 933 Euphrates,
1011 861 1222 915 fluvius
1256 855 1703 929 Mesopotamiae,
1737 853 1796 907 in
1856 868 2021 924 para-

375 951 495 1008 dito
525 951 743 1007 oriens.
775 950 974 1019 (Porro
1027 948 1340 1005 Sallustius
1372 949 1386 980 ¹
1418 950 1619 1000 auctor
1656 941 2021 998 certissimus

375 1040 586 1096 asserit
623 1043 745 1095 tam
795 1038 982 1109 Tigris
1040 1054 1215 1109 quam
1277 1032 1588 1105 Euphratis
1636 1032 1695 1086 in
1751 1027 2024 1084 Armenia

375 1129 568 1185 fontes
642 1126 1053 1183 demonstrari.
1140 1130 1218 1179 Ex
1301 1141 1415 1194 quo
1502 1117 2023 1177 animadvertimus

377 1217 549 1274 aliter
571 1217 642 1272 de
664 1216 934 1289 paradiso
953 1219 1007 1270 et
1024 1212 1363 1269 ﬂuminibus
1386 1214 1514 1283 ejus
1531 1205 2023 1280 intelligendum.)

452 1306 691 1375 Ellasar,
726 1304 927 1359 civitas
959 1303 1112 1375 regis
1139 1300 1369 1356 Arioch.

450 1394 763 1466 Ephratha,
834 1392 991 1463 regio
1046 1388 1337 1446 Bethleem
1405 1388 1656 1444 civitatis
1713 1384 1914 1455 David,
1966 1382 2025 1437 in

380 1499 497 1557 qua
522 1486 693 1537 natus
723 1485 810 1536 est
838 1480 1123 1535 Christus.
1168 1483 1269 1533 Est
1316 1483 1513 1534 autem
1557 1477 1616 1531 in
1658 1476 1816 1530 tribu
1873 1471 2029 1528 Juda

380 1572 537 1645 (licet
560 1569 827 1643 plerique
848 1568 999 1624 male
1032 1567 1325 1623 aestiment
1353 1568 1374 1601 ³
1394 1566 1454 1621 in
1487 1565 1643 1621 tribu
1677 1559 2027 1632 Benjamin),

372 1662 547 1734 juxta
573 1659 729 1714 viam
760 1657 861 1713 ubi
893 1656 1125 1730 sepulta
1152 1661 1241 1711 est
1273 1654 1486 1711 Rachel
1520 1653 1724 1724 quinto
1755 1647 2029 1706 milliaria

380 1750 454 1807 ab
483 1747 829 1817 Jerusalem,
863 1746 924 1801 in
954 1763 1019 1802 eo
1051 1745 1175 1801 loco
1207 1745 1361 1816 quia
1381 1740 1761 1815 Septuaginta
1793 1742 2032 1793 vocatur

380 1838 833 1911 Hippodromus.
852 1835 1131 1908 Legimus
1146 1833 1502 1905 Ephratham
1523 1831 1580 1885 in
1604 1827 2032 1899 Paralippome-

380 1944 499 1984 non
527 1926 676 1983 libro
702 1927 748 1997 (ι
778 1926 964 1981 Paral.
1016 1940 1074 1995 Il,
1106 1924 1220 1995 50),
1255 1921 1407 1977 sicut
1439 1936 1618 1991 supra
1665 1917 1887 1972 dictum
1917 1918 2025 1971 est.

594 2052 689 2107 DE
724 2048 1041 2106 NUMERIS
1082 2047 1171 2103 ET
1212 2041 1795 2102 DEUTERONOMIO.

453 2159 703 2229 Ebrona,
736 2158 796 2212 in
827 2157 1058 2212 deserto
1090 2159 1283 2210 castra
1317 2152 1569 2208 filiorum
1599 2147 1795 2206 Israel.

453 2244 683 2315 Emath,
714 2260 894 2315 quam
934 2241 1297 2298 transierunt
1325 2239 1734 2313 exploratores,
1802 2235 1902 2308 qui
1961 2233 2034 2290 ab

379 2335 412 2392 J
418 2351 523 2391 esu
554 2333 723 2390 missi
756 2338 916 2388 sunt.

452 2424 648 2493 Erma,
678 2422 777 2479 ubi
810 2438 947 2494 pars
978 2419 1177 2493 populi
1209 2436 1358 2474 caesa
1385 2422 1475 2474 est
1500 2415 1727 2473 lsraelis
1762 2413 1835 2470 ab
1868 2416 2037 2466 Ama-

382 2511 469 2571 lec
498 2515 556 2568 et
605 2511 953 2582 Chananaeo,
1009 2526 1184 2581 quem
1233 2508 1291 2562 in
1341 2503 1791 2563 Deuteronomio
1842 2503 2040 2556 Amor-

384 2601 607 2655 rhaaum
640 2598 943 2671 Scriptura
970 2601 1156 2652 vocat.

457 2688 706 2757 Esehon,
766 2686 969 2743 civitas
1033 2686 1183 2741 Seon
1239 2683 1393 2755 regis
1448 2685 1917 2742 Amorrhaaorum
1977 2687 2037 2742 in

384 2781 543 2833 terra
575 2774 792 2830 Galaad
821 2792 835 2839 ;
870 2791 999 2847 qua:
1030 2790 1164 2828 cum
1193 2772 1399 2827 fuisset
1429 2778 1563 2827 ante
1621 2773 2035 2845 Moabitarum,

385 2866 460 2921 ab
515 2862 871 2920 Amorrhzeis
929 2862 1064 2918 belli
1114 2863 1248 2932 jure
1304 2878 1577 2934 possessa
1627 2867 1735 2918 est.
1775 2862 2041 2918 Meminit

388 2953 569 3025 hujus
614 2951 917 3024 Jeremias,
967 2951 1147 3007 Isaias
1206 2966 1436 3022 quoque
1482 2952 1542 3007 in
1582 2950 1803 3006 visione
1839 2955 2041 3006 contra

389 3043 576 3098 Moab.
610 3042 785 3097 Porro
826 3057 982 3096 nunc
1038 3045 1279 3095 vocatur
1325 3040 1531 3109 Esbus,
1593 3039 1733 3094 urbs
1787 3037 2041 3111 insignis
2106 3106 2113 3115 ο

388 3131 635 3202 Arabiae,
701 3131 761 3185 in
823 3129 1124 3186 montibus
1181 3128 1282 3199 qui
1340 3131 1480 3183 sunt
1528 3131 1732 3182 contra
1785 3126 2035 3199 Jericho,

2130 762 2230 817 sed
2296 766 2354 817 et
2419 776 2606 831 usque
2644 758 2816 814 hodie
2879 756 3015 812 villa
3052 755 3291 829 grandis
3342 751 3676 810 ostenditur
3712 752 3775 806 in

2130 851 2318 925 primo
2342 850 2415 905 ah
2446 850 2635 905 Esbus
2666 836 2961 903 milliaria.

2199 941 2386 1009 Enna,
2419 954 2545 1010 quae
2571 942 2659 992 est
2680 937 2848 1007 juxta
2876 936 3173 990 desertum
3194 933 3396 988 Cades.

2203 1029 2436 1098 Ermon,
2471 1043 2640 1081 mons
2669 1026 2904 1094 Ermon,
2938 1040 3112 1096 quem
3145 1020 3444 1077 Phcenices
3473 1018 3775 1093 cognomi-

2132 1122 2276 1173 nant
2301 1116 2538 1171 Sanior:
2563 1115 2689 1184 jam
2721 1118 2777 1169 et
2797 1130 2976 1185 supra
3005 1111 3249 1185 positus.

2665 1238 2758 1295 DE
2798 1236 3007 1295 LIBRO
3038 1199 3233 1292 essu.

2208 1349 2379 1403 Emec
2411 1347 2622 1415 Achar,
2673 1345 2831 1417 quod
2888 1344 3324 1414 interpretatur,
3382 1339 3532 1398 valis
3585 1340 3780 1397 Achar

2137 1437 2218 1509 (id
2248 1441 2338 1492 est
2365 1434 2659 1491 tumultus
2688 1439 2863 1505 atque
2891 1432 3243 1503 turbarum),
3277 1430 3376 1487 ubi
3404 1430 3603 1489 Achan
3632 1429 3785 1502 lapi-

2138 1525 2314 1581 dibus
2339 1540 2657 1597 oppressus
2672 1528 2779 1593 est,
2799 1539 2865 1578 eo
2880 1538 2953 1594 qu
2962 1522 3037 1577 od
3048 1521 3315 1592 quaedam
3329 1520 3401 1576 de
3410 1518 3785 1576 anathemate

2139 1613 2495 1670 sustulisset.
2539 1617 2635 1668 Est
2691 1616 2889 1667 autem
2945 1610 3110 1665 locus
3140 1610 3312 1679 juxta
3355 1608 3589 1666 Jerioha
3619 1608 3784 1664 haud

2141 1701 2344 1775 procul
2374 1700 2701 1773 aGalgalis.
2738 1699 2908 1771 (Male
2948 1715 3085 1771 ergo
3135 1698 3375 1769 quidam
3419 1701 3629 1769 putant
3664 1696 3788 1753 val-

2142 1793 2255 1847 lem
2285 1792 2475 1847 Achor
2502 1794 2543 1862 ³,
2576 1808 2610 1847 a
2640 1790 2877 1847 nomine
2907 1790 3036 1860 ejus
3067 1787 3168 1860 qui
3186 1787 3483 1859 lapidatus
3509 1790 3789 1857 osanna-

2063 1862 2108 1927 Β
2139 1886 2436 1953 cupatam,
2468 1897 2603 1936 cum
2635 1879 2730 1936 ille
2759 1879 2955 1935 Achan
2988 1878 3180 1933 dictus
3202 1878 3300 1947 sit,
3332 1881 3393 1933 et
3417 1892 3533 1933 non
3568 1875 3782 1945 Achar,

2141 1970 2230 2027 vel
2261 1970 2493 2041 Achar.)

2213 2058 2435 2131 Eglom,
2467 2075 2594 2129 qua:
2642 2061 2699 2113 et
2740 2055 3024 2125 Odollam,
3057 2056 3117 2111 in
3164 2054 3321 2111 tribu
3350 2054 3516 2111 Judaa
3556 2070 3571 2109 :
3611 2053 3786 2126 cujus

2143 2166 2338 2223 regem
2371 2149 2608 2205 nomine
2642 2147 2835 2217 Dabir,
2876 2145 3169 2202 interfecit
3192 2144 3386 2200 Jesus.
3444 2145 3544 2201 Est
3589 2147 3789 2201 autem

2143 2256 2299 2295 nunc
2322 2237 2462 2293 villa
2499 2235 2875 2309 praegrandis,
2917 2235 2977 2289 in
3010 2233 3355 2289 duodecimo
3403 2231 3792 2289 ahEieuthe-

2146 2327 2329 2401 ropoli
2360 2326 2553 2399 lapide
2584 2328 2606 2360 ⁴
2648 2330 2851 2381 contra
2889 2324 3217 2379 Orientem:
3260 2323 3331 2378 de
3362 2338 3480 2395 qua
3508 2326 3565 2378 et
3609 2338 3795 2394 supra

2146 2417 2424 2473 diximus.

2218 2507 2442 2575 Esrom,
2484 2521 2613 2576 quae
2679 2508 2736 2559 at
2763 2505 2928 2573 Asor,
2982 2503 3155 2573 juxta
3207 2515 3467 2555 eremum
3521 2498 3597 2554 in.
3630 2498 3789 2556 tribu

2145 2595 2332 2651 Juda:
2366 2596 2436 2651 de
2466 2611 2584 2667 qua
2610 2598 2668 2649 et
2706 2610 2887 2665 supra
2914 2591 3140 2647 dictum
3167 2594 3276 2646 est.

2219 2684 2477 2755 Enacim,
2510 2688 2568 2738 et
2596 2682 2655 2738 in
2683 2682 2790 2737 hac
2820 2679 3109 2737 interfecit
3132 2679 3304 2736 Jesus
3333 2678 3792 2751 Enaclmgigan-

2148 2776 2237 2830 tes
2274 2774 2346 2828 de
2400 2773 2635 2845 regione
2679 2773 2955 2827 Montana
3008 2768 3069 2824 in
3126 2768 3412 2825 Chebron.
3466 2768 3597 2835 (Sed
3645 2767 3789 2823 mihi

2148 2862 2379 2917 videtur
2407 2878 2519 2917 non
2551 2878 2679 2917 esse
2711 2876 2924 2916 nomen
2949 2856 3059 2913 loci
3110 2859 3355 2927 Enacim,
3399 2857 3503 2913 sed
3562 2856 3788 2913 habita-

2148 2955 2343 3007 torum
2375 2950 2689 3021 Chebron.)

2220 3039 2475 3112 Ephron,
2510 3040 2569 3095 in
2602 3039 2755 3094 tribu
2796 3038 2971 3094 Juda.
3005 3036 3104 3091 Est
3152 3038 3209 3091 et
3235 3033 3377 3091 villa
3429 3034 3794 3107 praegrandis

2147 3128 2390 3200 Ephraea
2418 3128 2654 3184 nomine
2676 3131 2879 3183 contra
2906 3124 3360 3198 septentrionem
3410 3123 3471 3179 in
3514 3122 3796 3185 vicesimo

388 3220 591 3294 viginti
617 3237 651 3276 a
677 3219 929 3276 Jordane
964 3217 1228 3273 millibus
1276 3216 1523 3272 distans.
1555 3216 1689 3271 Fuit
1740 3221 1934 3273 autem
1979 3218 2038 3272 in
2071 3228 2114 3295 (ξ
2154 3217 2226 3273 ab
2252 3217 2400 3273 zElia
2424 3216 2719 3273 milliaria.

391 3309 548 3365 tribu
583 3309 786 3364 Ruben
818 3311 1087 3379 separata
1115 3305 1349 3362 Levitis.

463 3397 656 3467 Edrai,
689 3396 788 3452 ubi
811 3396 1150 3451 interfectus
1176 3400 1268 3449 est
1324 3395 1405 3465 Og
1460 3410 1559 3448 rex
1607 3394 1815 3459 Basan,
1875 3394 2043 3466 gigas

391 3488 450 3543 et
479 3490 706 3556 potens,
739 3485 1049 3555 omnisque
1080 3482 1240 3538 illius
1298 3499 1484 3537 caesus
1540 3483 1844 3538 exercitus.
1877 3484 2043 3539 Nunc

392 3578 588 3630 autem
620 3578 709 3629 est
735 3573 890 3629 Adra
911 3572 1164 3644 insignis
1186 3571 1407 3628 Arabia:
1443 3571 1646 3628 civitas
1677 3572 1735 3628 in
1765 3572 2041 3630 vicesima

391 3666 600 3735 quarto
632 3660 825 3734 lapide
854 3679 890 3718 a
923 3661 1146 3717 Bostra.

461 3822 476 3855 ¹
512 3821 811 3877 Sallustius
842 3830 1029 3877 auctor
1056 3824 1409 3891 certissimus,
1462 3825 1568 3876 etc.
1616 3821 1909 3877 Incertum
1940 3822 2040 3877 ubi

390 3893 510 3948 haec
562 3910 596 3949 a
654 3894 931 3949 Sallustio
991 3893 1207 3965 scripta
1266 3894 1417 3961 sint;
1475 3894 1719 3965 namiin
1778 3893 2041 3949 Sallustii

389 3967 776 4036 Fragmentis,
809 3983 1013 4021 versus
1045 3964 1219 4019 ﬁnem
1254 3982 1384 4036 pag.
1442 3965 1567 4036 236,
1622 3964 1777 4018 inter
1836 3969 2043 4019 cratera

392 4010 617 4115 magna
647 4042 704 4091 et
725 4011 879 4091 istud
905 4038 1152 4115 repegiet
1180 4010 1361 4115 lerltoi3
1383 4053 1395 4090 :
1421 4058 1447 4084 ‹‹
1476 4010 1809 4115 Sallustius,
1837 4041 2042 4115 auctor

392 4107 779 4179 certissimus,
803 4109 1011 4164 asserit
1036 4108 1256 4179 Tigrim
1287 4114 1342 4163 et
1369 4107 1719 4179 Euphratem
1744 4125 1860 4163 uno
1884 4107 2040 4164 fonte

395 4194 632 4251 manere
662 4178 721 4251 in
760 4181 1051 4249 Armenia,
1086 4178 1183 4251 qui
1220 4197 1323 4250 per
1352 4178 1579 4251 diversa
1622 4185 1846 4251 euntes,
1908 4179 2039 4234 lon-

392 4248 918 4324 giusdividantur,
981 4248 1169 4324 spat—io
1223 4248 1413 4305 medio
1468 4250 1665 4324 relicto
1716 4250 2036 4324 multorum

393 4319 669 4393 millium,
697 4338 820 4392 qua:
853 4319 1047 4377 tamen
1078 4329 1252 4383 terra,
1286 4339 1411 4393 qua:
1444 4322 1513 4375 ab
1556 4322 1701 4393 ipsis
1758 4322 2034 4393 ambitur,

392 4392 812 4463 Mesopotamia
835 4395 1070 4450 dicitur.
1106 4416 1132 4442 ››
1157 4392 1575 4464 Quzeprol'ecta
1606 4409 1721 4464 non
1767 4392 2040 4448 videntur

392 4462 629 4547 sumpta
669 4464 759 4547 ’τῲ
817 4466 944 4547 ipso
1003 4465 1267 4545 praesenti
1321 4462 1867 4547 Ilieronymi‘l‘oco‘:
1902 4480 2035 4544 cum

392 4534 581 4591 multa
635 4534 756 4591 sint
806 4534 1217 4605 discrepantia,
1290 4541 1346 4589 et
1404 4535 1574 4605 plura
1625 4535 1927 4605 addantur,
1974 4534 2034 4588 in

2222 3307 2389 3377 Edre,
2431 3306 2491 3362 in
2528 3305 2684 3362 tribu
2721 3305 2898 3362 Juda.

2220 3395 2495 3467 Ethnam,
2537 3395 2598 3451 in
2638 3395 2793 3451 tribu
2832 3393 3004 3449 Juda.

2223 3484 2581 3553 Ebeziuthia,
2614 3484 2674 3539 in
2704 3483 2861 3540 tribu
2890 3482 3063 3538 Juda.

2224 3573 2405 3645 Evim,
2440 3574 2498 3630 in
2529 3572 2687 3629 tribu
2716 3573 2890 3630 Juda.

2220 3660 2470 3732 Elolath,
2504 3661 2563 3717 in
2596 3660 2754 3717 tribu
2783 3661 2958 3719 Juda.

2151 3826 2273 3878 stra
2301 3822 2494 3894 igitur,
2536 3821 2657 3877 haec
2686 3823 2839 3894 apud
2871 3821 3218 3879 Sallustium
3277 3824 3636 3894 quaeruntur.
3696 3824 3800 3894 aut

2150 3892 2347 3949 textus
2386 3892 2691 3964 utriusque
2723 3892 3191 3966 discrepantiam
3242 3892 3516 3951 causatur
3557 3892 3797 3966 Martia-

2152 3982 2351 4020 naaus:
2385 3982 2500 4020 non
2532 3963 2687 4019 enim
2718 3965 2841 4021 haac
2881 3963 2954 4021 ei
2979 3964 3280 4036 Sallustio,
3312 3966 3412 4023 sed
3459 3981 3530 4020 ex
3572 3963 3796 4036 Isidoro

2149 4036 2325 4092 allata
2357 4041 2513 4092 sunt.
2549 4037 2649 4091 llic
2680 4044 2875 4092 autem
2909 4036 3104 4092 nescio
3135 4042 3334 4093 utrum
3371 4036 3562 4091 verius
3589 4035 3799 4107 legerit

2150 4108 2205 4162 in
2241 4108 2499 4180 antiquis
2538 4108 2870 4181 Hieronymi
2893 4108 3343 4181 exemplaribus.
3377 4109 3658 4181 unofonla
3673 4124 3796 4163 ma-

2150 4198 2301 4251 nare,
2336 4178 2440 4251 pro
2468 4183 2641 4252 fontes
2670 4178 3218 4252 (leihonslrari,'eam
3250 4181 3466 4252 quippe
3484 4178 3793 4252 lectionem

2148 4248 2450 4307 contex‘tus
2468 4248 2710 4315 videtur
2734 4248 3053 4322 postulare,
3072 4248 3304 4308 tametsi
3326 4248 3795 4322 diversosjlumi-

2147 4324 2239 4397 nis
2268 4315 3137 4397 utriusquefontesprodiderit
3165 4324 3393 4397 Strabo,
3417 4315 3791 4397 quosdzélsw

2149 4388 2841 4475 simiaiagagpuipg‘;
2876 4395 3112 4475 flagrare.
3138 4388 3407 4475 _invicer§_
3433 4388 3625 4449 stadia
3677 4388 3791 4447 Eir—

2145 4466 2281 4518 ciler
2310 4465 2447 4516 2500
2479 4464 2642 4518 dixit.
2676 4464 2803 4520 Vid’.
2838 4465 3020 4521 alium
3042 4465 3330 4522 Isidorum
3351 4465 3746 4531 Characenum
3772 4482 3789 4531 ;

2148 4535 2621 4615 Agathemerum,
2657 4534 2753 4593 lib.
2817 4554 2874 4593 ιε
2930 4536 3304 4594 Plutarchum
3348 4537 3421 4592 de
3478 4534 3790 4608 Euphrate,

389 4590 753 4677 Fragmenta.
804 4590 1237 4678 Devliuphrate
1290 4590 1423 4660 vero
1483 4605 1637 4678 apud
1695 4604 2036 4678 sallustium
2073 4590 2116 4654 ll
2148 4590 2429 4676 aliosque.

385 4674 1109 4733 libfllistoriurumivh'oc
1167 4676 1344 4731 ctiam
1405 4674 1686 4746 scriptum
1744 4674 2033 4746 legimus:

388 4772 416 4800 ‹‹
444 4752 627 4815 Quam
662 4750 936 4805 maximis
960 4749 1268 4804 itineribus
1292 4765 1391 4818 per
1413 4745 1657 4817 regnum
1694 4745 2035 4818 Ariobarza-

385 4821 477 4878 nis
502 4822 803 4877 contendit
833 4822 904 4876 ad
942 4822 1158 4875 flumen
1190 4816 1732 4891 Euphratem;_qua
1760 4816 1821 4871 in
1874 4823 2035 4889 parte

386 4892 752 4964 Cappadocia
844 4893 917 4948 ab
987 4889 1297 4945 Armenia
1350 4889 1729 4959 disjungitur,
1812 4910 1832 4936 ι
1923 4895 2030 4945 etc.

385 4968 665 5021 MARTIAN.

455 5035 736 5090 ——A1iter
784 5032 840 5088 in
898 5031 1157 5089 Sallustii
1214 5029 1559 5101 lragmentis
1617 5030 1712 5085 hic
1750 5030 1915 5088 locus
1972 5032 2033 5088 in

386 5106 646 5177 antiquis
674 5104 1028 5177 editionibus
1058 5102 1273 5177 legitur
1299 5120 1311 5170 ;
1342 5102 1441 5177 qui
1464 5101 1619 5156 enim
1651 5120 1717 5157 ea
1776 5103 2031 5175 primum

386 5173 754 5249 colligerunt,
782 5191 856 5249 ex
888 5175 1108 5249 Isidoro
1151 5174 1312 5244 Hisp.
1347 5173 1601 5249 lib.__xm,
1636 5190 1685 5229 c.
1718 5173 1804 5241 2‘2,
1869 5193 2029 5230 sum-

386 5244 571 5332 psere,
607 5253 671 5332 ut
702 5246 871 5332 nobis
904 5246 1152 5332 videtur,
1184 5262 1299 5332 pan
1338 5262 1421 5327 .ex
1450 5244 1816 5332 Hieronymo,
1879 5249 2031 5301 unde

385 5316 581 5391 ipsum
617 5326 812 5391 tamen
846 5316 1131 5370 Isidorum
1182 5316 1851 5391 liausissemanitestum
1906 5326 2026 5374 est:

386 5388 423 5442 ‹‹’
448 5388 761 5444 Sallustius
792 5391 989 5442 autem
1021 5393 1222 5442 auctor
1254 5388 1616 5444 certissimus
1666 5389 1893 5451 asserit,
1928 5391 2030 5444 Ti-

385 5461 534 5533 grim
571 5464 627 5512 et
660 5457 1007 5533 lvfuphratem
1037 5462 1337 5533 unol'onte
1368 5476 1605 5515 manare
1638 5461 1691 5513 in
1731 5462 2025 5527 Armenia,

384 5528 485 5600 qui
514 5548 614 5603 per
641 5528 869 5585 diversa
914 5537 1120 5585 euntes
1161 5531 1390 5603 longius
1447 5532 1856 5591 dividuntur.»
1915 5540 2024 5587 etc.

385 5601 785 5670 Subditurque
812 5618 885 5673 εχ(
921 5603 1001 5657 Ex
1041 5620 1156 5673 quo
1206 5601 1590 5673 Hieronymus
1623 5604 2030 5658 animadvertit

384 5673 553 5730 aliter
584 5673 654 5728 de
681 5672 931 5743 paradisi
965 5672 1797 5746 ﬂuminibusintelligendum.
1832 5698 1860 5725 ››
1896 5677 2029 5732 Fru-

2216 4678 2237 4758 _’
2259 4679 2413 4758 [:icet
2469 4680 2714 4749 plerique
2755 4680 2931 4758 _male_
2966 4682 3260 4749 aestiment,
3322 4677 3635 4758 Eusebium
3692 4693 3793 4733 no-

2144 4749 2676 4824 tatHieronymus:
2716 4751 3029 4824 abneodem
3066 4767 3298 4824 quoque
3341 4749 3615 4824 dissentit
3647 4763 3790 4824 cum

2144 4820 2696 4893 Ephratam‘quinto
2731 4822 3003 4878 milliaria
3035 4820 3106 4878 ab
3152 4820 3475 4893 Jerusalem
3524 4820 3788 4893 positam

2144 4894 2318 4965 refert
2341 4909 2353 4945 :
2376 4892 2524 4965 nam
2559 4893 2764 4948 Eusebi
2775 4895 2913 4949 usin
2941 4894 3123 4951 altera
3142 4894 3416 4965 columna
3436 4892 3789 4965 Ephratham

2144 4964 2339 5038 posuit
2371 4964 2426 5038 in
2460 4965 2614 5038 tribu
2646 4966 2971 5037 Benjamin,
3005 4971 3213 5038 quarto
3245 4960 3517 5022 milliaria
3547 4964 3618 5021 ab
3649 4960 3789 5022 Hie»

2141 5034 2469 5107 rosolymis.
2504 5034 2781 5092 Murum.

2210 5103 2491 5178 ——-Supra
2522 5108 2592 5161 ad
2624 5124 2822 5162 vocem
2868 5109 3143 5163 Bethleem
3193 5107 3253 5163 in
3302 5111 3462 5164 sexta
3511 5103 3786 5165 milliaria

2139 5177 2445 5304 Senticam,
2487 5180 2643 5250 quod
2666 5179 2929 5251 plerique
2950 5179 3048 5237 alii
3080 5185 3347 5236 auctores
3380 5195 3494 5235 uno
3526 5195 3625 5234 ore
3665 5181 3782 5234 tra-

2183 5267 2256 5303 un
2296 5293 2307 5303 .

2183 5267 2307 5303 unt.

2208 5322 2229 5354 ³
2260 5322 2555 5393 Μαιεβνρο
2587 5322 2807 5391 quidam
2827 5327 3025 5392 putant
3052 5323 3255 5379 vallem
3274 5321 3467 5378 Achar.
3499 5317 3785 5378 Eusebius

2139 5397 2375 5446 notatur
2406 5391 2512 5447 hoc
2543 5392 2685 5447 loco.
2721 5391 3003 5449 MAn'riAN.

2264 5464 2444 5544 latini
2490 5464 2882 5544 'exscriptnris
2942 5464 3310 5544 videturnhic
3353 5480 3484 5519 esse
3541 5460 3782 5544 laphsus;

2137 5533 2274 5608 alibi
2301 5537 2455 5608 enim
2490 5533 2736 5608 Eusebia
2770 5539 3141 5593 consentiens
3175 5533 3784 5608 Hieronymus,‘:0dolo

2137 5603 2253 5681 l_am
2286 5607 2347 5681 in
2375 5606 2580 5661 decimo
2609 5607 2687 5681 ab,
2724 5609 3135 5681 lg‘leumeropoli
3189 5603 3458 5667 milliaria
3513 5603 3780 5670 callocat.

2136 5676 2341 5733 Recole
2372 5694 2570 5736 vocem
2610 5678 2880 5735 Adollam.
