3992 6412
181 404 316 473 κθ

1181 413 1283 479 DE
1327 413 1506 479 SITU
1550 415 1652 479 ET
1696 414 2190 483 NOMlN.“LOC.
2236 420 2605 489 HEBRAIC.

3478 425 3611 495 m

259 542 411 602 Ereb
450 540 513 603 in
536 544 695 603 tribu
724 544 896 604 Juda.
928 544 1030 605 Est
1057 546 1348 621 hodieque
1403 549 1543 606 villa
1570 550 1630 605 in
1660 550 1836 608 Daro-
1864 551 1922 619 Α
1950 552 2176 610 decimo
2207 554 2280 611 ab
2310 554 2743 632 Eleutheropoli
2774 558 3048 620 milliario
3067 563 3272 625 contra
3290 562 3600 622 meridiem

181 650 307 702 ma,
340 632 402 691 id
431 640 523 691 est
550 636 623 692 ad
655 638 1099 710 Austrum,quaa
1131 643 1188 694 et
1217 639 1583 696 Eremiththa
1612 658 1837 697 nuncu-

193 728 394 797 patur.

255 814 435 880 Esau,
467 814 527 869 in
568 816 723 871 tribu
752 815 926 871 Juda.

254 902 405 970 Elul,
436 902 497 959 in
553 904 712 959 tribu
764 906 937 961 Juda.
972 906 1072 962 Est
1102 910 1160 962 et
1201 907 1375 963 hodie
1403 907 1463 963 in
1496 909 1729 981 regione
1759 912 1831 966 ad

176 991 397 1047 Eliam
415 992 744 1065 pertinente
763 993 900 1050 villa
919 996 1156 1051 nomine
1168 996 1354 1067 Alula,
1365 998 1529 1067 juxta
1541 998 1827 1054 Chebron.

255 1099 493 1157 Elthece
526 1100 635 1172 (Al.
661 1101 879 1175 Elthez’),
914 1101 974 1157 in
1005 1102 1159 1158 tribu
1192 1104 1372 1160 Juda:
1398 1108 1488 1160 est
1518 1104 1827 1178 hodieque.

176 1189 338 1246 200
388 1188 625 1245 Thecua
669 1190 833 1245 vicus
884 1190 943 1245 in
1002 1208 1153 1248 nono
1200 1190 1333 1265 (leg.
1392 1194 1729 1266 duodecim)
1757 1195 1828 1252 ab

173 1276 331 1334 Elia
359 1276 633 1335 milliario
664 1283 868 1337 contra
902 1280 1288 1335 meridianam
1322 1281 1576 1353 plagam,
1600 1283 1669 1337 de
1713 1299 1828 1355 quo

175 1366 295 1422 fuit
318 1367 498 1423 Amos
552 1366 856 1441 prOpheta,
888 1369 1059 1440 cujus
1116 1373 1173 1424 et
1228 1369 1562 1442 sepulcrum
1607 1370 1825 1426 ibidem

172 1455 527 1512 ostenditur.

248 1562 537 1635 Engaddi,
568 1561 628 1619 in
687 1562 846 1620 tribu
899 1563 1097 1620 Juda:
1142 1564 1241 1620 ubi
1302 1565 1682 1622 absconditus
1738 1568 1828 1620 est

171 1650 363 1707 David
398 1652 457 1707 in
488 1652 825 1718 solitudine,
860 1670 988 1725 quae
1022 1658 1110 1708 est
1159 1653 1218 1708 in
1277 1654 1502 1711 Aulonc
1530 1654 1821 1725 Jerichus,

171 1738 293 1797 hoc
345 1744 436 1797 est
488 1740 550 1796 in
608 1740 843 1814 regione
900 1740 1002 1797 illa
1031 1742 1364 1815 campestri,
1398 1744 1468 1800 de
1498 1761 1617 1815 qua
1646 1760 1826 1816 supra

173 1828 454 1891 diximus.
482 1829 736 1886 Vocatur
791 1834 988 1887 autem
1048 1848 1235 1903 usque
1275 1832 1449 1889 hodie
1476 1832 1638 1889 vicus
1678 1850 1824 1905 prae-

1947 642 2008 697 in
2043 644 2308 700 Daroma.

2017 733 2355 805 Emathdor,
2385 736 2445 790 in
2470 737 2627 794 tribu
2652 739 3047 814 Nephthalim,
3076 747 3343 815 separata
3359 743 3593 801 Levitis:

2014 821 2245 891 Emath,
2286 825 2577 884 terminus
2605 827 3048 902 Allopbylorum
3090 832 3151 888 in
3209 832 3446 905 regione
3475 832 3592 891 Da-

1942 926 2148 967 1118861.

2246 1003 2399 1059 ποτ
2444 1003 2535 1060 DE
2578 1005 2981 1065 REGNORUM
3018 1010 3276 1067 LIBRIS.

2012 1090 2221 1163 Ergab,
2257 1093 2327 1147 ad
2389 1109 2564 1164 quem
2631 1094 2825 1153 locum
2880 1098 3175 1156 Jonathan
3231 1100 3389 1156 ﬁlius
3447 1099 3588 1158 Saul

1938 1194 2078 1233 veru
2129 1180 2349 1252 dirigit,
2385 1182 2739 1241 militaribus
2775 1186 2993 1257 jaculis
3040 1205 3103 1245 se
3156 1205 3445 1246 exercens.
3477 1190 3588 1246 Pro

1940 1284 2055 1338 quo
2085 1269 2297 1339 Aquila
2326 1274 2382 1326 et
2410 1272 2796 1343 Symmachus
2832 1274 3201 1349 interpretati
3254 1281 3392 1334 sunt
3438 1277 3588 1350 lapi-

1936 1356 2091 1427 dem,
2121 1356 2253 1412 licet
2284 1357 2343 1412 in
2376 1358 2489 1415 alio
2534 1360 2658 1418 loco
2714 1363 3102 1435 Symmachus
3161 1382 3266 1437 pro
3321 1365 3431 1424 hoc
3484 1366 3593 1436 τήν.

1934 1444 2257 1522 περίμετρον
2286 1448 2512 1506 dixerit.
2792 1496 2803 1501 -

2006 1535 2238 1605 Echela,
2272 1538 2371 1593 ubi
2421 1539 2803 1598 absconditus
2858 1548 2949 1600 est
2995 1544 3175 1602 David
3210 1562 3223 1601 :
3265 1562 3423 1602 nunc
3452 1561 3589 1603 vero

1933 1624 2137 1680 Eccela
2164 1625 2305 1682 villa
2336 1626 2550 1683 dicitur
2598 1629 2656 1684 in
2722 1631 2970 1703 septimo
3030 1634 3102 1689 ab
3162 1632 3590 1707 Eleutheropoli

1935 1713 2232 1785 milliario,
2258 1716 2428 1786 juxta
2458 1733 2635 1788 quam
2662 1722 2719 1775 et
2748 1719 3085 1791 sepulcrum
3118 1722 3416 1780 Ambaouc
3461 1740 3591 1798 pro-

1940 1802 2131 1874 phetae
2161 1804 2176 1837 ί
2211 1804 2557 1862 ostenditur.

170 1918 420 1995 grandis
448 1918 785 1976 Judaeorum
819 1921 1118 1993 Eugadda,
1129 1892 1300 1992 juxta
1317 1938 1477 1978 mare
1506 1892 1823 1991 Mortuum,
1858 1924 1906 1989 B
1952 1985 1965 1995 _
2007 1892 2264 1995 Elinoni‘.
2293 1892 2458 1995 123m
2488 1894 2785 1995 (ξυξῗρίᾳω
2817 1896 3418 1995 inieFPmtaturﬁPm
3472 1917 3589 1995 (in?

172 2007 335 2063 unde
363 2011 420 2063 et
449 2007 895 2081 opobalsamum
926 2008 1085 2065 venit
1130 2014 1302 2082 (quas
1332 2010 1533 2068 vineas
1565 2011 1823 2083 Engaddi

170 2095 452 2159 Salomon
484 2096 666 2169 (Cant.
703 2114 743 2162 ι,
779 2097 864 2169 13)
897 2100 1242 2172 nuncupat).

240 2203 542 2275 Esthemo,
567 2203 772 2260 civitas
803 2206 1375 2274 sacerdotalisnunc
1407 2212 1602 2264 autem
1626 2213 1822 2266 osten-

170 2288 338 2348 ditur
364 2292 725 2365 praagrandis
754 2292 919 2350 vicus
945 2294 1285 2351 Judaeorum
1319 2296 1379 2351 in
1415 2296 1688 2365 Daroma,
1720 2298 1821 2370 qui

168 2377 341 2437 locus
368 2381 443 2436 ad
474 2380 986 2453 Eleutheropolecs
1026 2382 1276 2455 pertinet
1306 2386 1622 2457 regionem.

238 2469 420 2526 Emeo
450 2468 761 2542 Raphaim,
789 2471 849 2526 id
881 2475 989 2538 est,
1014 2471 1186 2529 vallis
1213 2473 1520 2546 Raphaim,
1554 2475 1613 2531 in
1662 2474 1819 2532 tribu

167 2556 501 2629 Benjamin.

236 2646 508 2718 Edomia,
542 2647 601 2703 in
633 2648 790 2704 tribu
822 2649 1127 2721 Benjamin
1160 2669 1172 2707 :
1206 2669 1362 2707 nunc
1390 2668 1525 2708 vero
1560 2653 1819 2710 ostendi-

163 2738 264 2792 tur
293 2734 437 2792 villa
464 2738 694 2793 Eduma
734 2737 793 2792 in
851 2740 1215 2797 Acrabittene
1268 2742 1577 2797 duodecim
1639 2743 1818 2799 ferme

164 2823 412 2883 milibus
441 2826 677 2883 distans
701 2843 736 2882 a
773 2828 1011 2901 Neapoli
1043 2834 1247 2885 contra
1277 2830 1588 2887 Orientem.

234 2930 435 3002 Erma,
468 2934 525 2987 et
556 2931 706 2987 hanc
735 2932 907 2989 Jesus
934 2934 1105 3007 cepit,
1124 2952 1256 3007 rege
1286 2935 1447 2992 illius
1479 2936 1813 2994 interfecto:

167 3035 290 3091 quas
323 3019 438 3075 fuit
467 3020 523 3075 in
567 3024 721 3077 sorte
749 3023 1053 3094 Symeonis
1084 3024 1203 3079 sive
1232 3025 1413 3080 Iudae.

234 3108 636 3179 Ether,sortis
694 3110 1100 3183 Symeonis,et
1150 3131 1305 3169 nunc
1358 3118 1448 3171 est
1476 3114 1615 3170 villa
1672 3132 1814 3187 prae-

1933 1981 2150 2053 Aquila
2216 1984 2273 2037 et
2310 1982 2651 2039 ‘Theodotio
2711 1986 3142 2044 transtulerunt
3194 1985 3351 2043 τόνδε
3394 1990 3513 2045 τινά
3541 1992 3584 2062 ²,

1933 2070 2089 2142 quod
2118 2087 2224 2126 nos
2258 2071 2449 2128 dicere
2473 2088 2815 2145 possumus,
2851 2075 2997 2131 hunc
3040 2078 3123 2133 vel
3171 2080 3351 2134 illum.
3383 2080 3584 2153 (-Porro

1933 2158 2185 2231 diligens
2215 2158 2397 2216 lector
2427 2167 2727 2233 agnoscat,
2758 2165 2913 2236 quod
2942 2165 2999 2221 in
3033 2166 3318 2241 principio
3348 2184 3583 2243 quoque

1931 2246 2066 2302 libri
2116 2247 2295 2317 hujus
2352 2247 2554 2320 aliqua
2611 2266 2680 2306 ex
2729 2256 2896 2323 parte
2944 2254 3278 2325 perstrinxi,
3312 2272 3407 2313 me
3462 2273 3581 2314 non

1931 2337 2130 2393 omnia
2188 2354 2316 2409 qum
2370 2339 2660 2395 transfero
2712 2342 3092 2413 comprobare
3118 2344 3140 2377 ³
3173 2359 3185 2399 :
3220 2344 3327 2400 sed
3360 2343 3578 2401 idcirco

1931 2426 2199 2497 quaedam
2239 2427 2414 2496 juxta
2467 2428 2871 2484 auctoritatem
2919 2430 3177 2487 Graecam
3226 2432 3579 2505 relinquere,

1930 2514 2069 2587 quia
2097 2514 2168 2570 de
2200 2514 2292 2570 his
2325 2514 2385 2571 in
2417 2514 2583 2572 libris
2614 2516 3009 2574 Hebraz'carum
3041 2520 3414 2588 Quwstz'onum
3451 2520 3577 2595 ple-

1928 2604 2063 2659 nius
2089 2604 2433 2675 disputavi.)

1997 2691 2297 2763 Esthama,
2329 2694 2401 2748 ad
2434 2709 2611 2764 quem
2641 2694 2837 2750 locum
2866 2696 3032 2752 misit
3064 2697 3268 2755 David.

1997 2781 2187 2847 Eloth,
2222 2798 2398 2854 quam
2428 2782 2732 2839 aediﬁcavit
2760 2801 2860 2840 rex
2887 2785 3145 2843 Azarias.

1998 2870 2229 2941 Emath,
2245 2870 2303 2926 in
2316 2871 2467 2927 Isaia
2488 2871 2691 2929 civitas
2712 2872 3003 2945 Damasci,
3020 2892 3199 2947 quam
3215 2878 3585 2951 oppugnavit,

1928 2976 2025 3014 rex
2054 2960 2448 3031 Assyriorum.
2484 2961 2749 3018 Meminit
2803 2962 2984 3035 hujus
3014 2964 3323 3022 Zacharias
3353 2969 3411 3025 et
3438 2967 3575 3025 Eze-

1925 3046 2097 3104 chiel.
2165 3048 2228 3103 In
2280 3052 2459 3104 Amos
2510 3065 2742 3122 quoque
2797 3051 2995 3107 Emth
3050 3053 3239 3107 Rabba
3294 3052 3574 3111 scribitur

1926 3138 2102 3210 (quod
2136 3137 2442 3194 nobiscum
2473 3142 2663 3209 sonat,
2696 3140 2890 3194 Emath
2924 3142 3170 3211 magna).
3203 3139 3470 3199 Diximus
3496 3143 3581 3200 de

166 3197 413 3304 grandis
443 3200 680 3256 nomine
706 3199 1017 3272 Jeththira,
1034 3200 1094 3257 in
1112 3202 1371 3258 interiori
1386 3203 1636 3260 Daroma
1646 3206 1816 3276 juxta
1850 3288 1888 3304 Α
1927 3197 2037 3282 Hac
2069 3229 2127 3282 et
2157 3243 2354 3298 supra,
2387 3227 2542 3298 quod
2575 3197 2743 3283 nobis
2770 3197 3064 3284 γῑάειιειιίι-
3100 3197 3250 3285 δἐιηο
3280 3244 3409 3287 esse

166 3285 508 3346 Malatham.

233 3375 473 3447 Eththa,
507 3375 568 3432 in
600 3377 755 3433 tribu
788 3378 1112 3451 Symeonis.

233 3463 465 3537 Elcatli,
500 3465 559 3521 in
590 3466 747 3522 tribu
778 3468 939 3539 Aser,
965 3468 1177 3524 Levitis
1203 3475 1472 3543 separata
1502 3470 1723 3528 civitas.

234 3553 435 3625 Edrai,
469 3554 529 3611 in
561 3554 719 3611 tribu
749 3555 1148 3629 Nephthalim.

234 3659 507 3732 Esthaul,
543 3660 601 3715 in
629 3662 786 3718 tribu
808 3662 952 3735 Dan,
986 3664 1085 3720 ubi
1117 3669 1387 3722 mortuus
1417 3669 1767 3725 estSamson
1802 3688 1814 3725 :

170 3764 295 3821 quia
320 3765 515 3822 usque
546 3750 718 3807 hodie
741 3752 1075 3809 ostenditur
1102 3754 1162 3809 in
1206 3755 1433 3812 decimo
1480 3757 1817 3815 Eleuthero-

169 3837 371 3910 polnos
395 3838 669 3896 milliario
700 3845 904 3897 contra
929 3841 1273 3914 Aquilonem
1302 3848 1683 3918 pergentibus
1721 3850 1819 3903 Ni-

170 3928 444 4001 copolim.
1654 3966 1657 3969 η

236 4017 500 4090 Bltheco,
533 4020 593 4073 in
626 4018 785 4075 tribu
816 4019 963 4091 Dan,
996 4026 1267 4093 separata
1299 4022 1529 4079 Levitis.

237 4104 405 4177 Elba,
438 4106 511 4163 de
538 4106 646 4163 hac
676 4106 865 4164 tribus
895 4113 1043 4166 Aser
1077 4109 1305 4167 accolas
1363 4112 1642 4183 pristinos
1704 4133 1819 4171 non

174 4193 360 4265 quivit
386 4193 691 4268 expellam.

240 4283 579 4356 Eremmon,
612 4285 775 4343 vicus
805 4285 1143 4343 Judaeorum
1176 4291 1536 4361 praegrandis
1567 4290 1626 4347 in
1661 4296 1819 4348 sexto

203 4514 214 4525 .
244 4445 665 4527 ’.ςφαίςῇνυηῖ
686 4447 975 4527 Ανηδαουρ-
1000 4448 1354 4527 βερυιονᾳηι
1375 4450 1644 4527 Habarue
1675 4454 1825 4509 mul-

177 4515 249 4598 tis
271 4515 422 4598 locis
454 4518 707 4598 diversis
749 4515 1203 4598 mons-trahatur,
1237 4523 1389 4579 sicut
1438 4524 1609 4582 hodie
1648 4532 1825 4598 caput

177 4587 514 4680 8...]93'nuis
544 4590 839 4680 Baptista).
874 4591 1158 4680 Mimantis.

1845 3288 1891 3358 (ἶ
1928 3315 2207 3390 phaniam
2234 3288 2429 3387 .justa
2455 3320 2749 3372 jEmesam
2779 3317 2932 3389 (quae
2970 3333 3158 3391 usque
3208 3316 3384 3376 hodie
3425 3288 3566 3393 syro

1925 3421 2195 3462 sermone
2225 3404 2308 3460 sic
2337 3404 2593 3476 dicitur).

1997 3495 2155 3565 Escr,
2189 3493 2331 3549 urbs
2388 3510 2564 3565 quam
2607 3494 2910 3551 aediﬁcavit
2938 3493 3233 3567 Salomon,
3258 3495 3474 3569 Elcese,
3506 3497 3579 3554 de

1927 3599 2043 3654 quo
2076 3582 2200 3637 loco
2232 3586 2289 3637 et
2320 3586 2510 3637 Naum
2543 3581 2828 3655 pr0pheta
2887 3582 3018 3655 fuit,
3051 3601 3188 3641 nam
3248 3585 3584 3658 appellatur

1926 3671 2235 3728 Elcesaaus.

1997 3759 2282 3831 Emacim,
2318 3759 2475 3831 quod
2508 3759 2900 3831 Symmachus
2930 3764 2988 3816 et
3016 3759 3230 3833 Aquila
3268 3760 3587 3817 transtule-

1929 3852 2087 3915 runt,
2118 3847 2383 3904 vallium.

2465 3937 2556 3991 DE
2601 3936 3048 3992 EVANGELIIS.

2003 4027 2301 4091 Emmaus,
2328 4026 2398 4079 de
2431 4041 2548 4095 quo
2582 4023 2707 4080 loco
2739 4024 2849 4079 fuit
2872 4023 3178 4099 Cleophas,
3203 4025 3378 4097 cujus
3400 4027 3585 4082 Lucas

1930 4113 2299 4187 Evangelista
2358 4112 2672 4168 meminit:
2710 4113 2831 4167 haec
2887 4118 2979 4169 est
3039 4129 3195 4169 nunc
3242 4110 3588 4187 Nicopolis‘

1930 4202 2182 4275 insignis
2214 4201 2415 4257 civitas
2454 4200 2793 4257 Palaestina).

2002 4291 2156 4350 208
2191 4290 2485 4363 Ephraim,
2511 4291 2683 4363 juxta
2737 4292 3057 4360 desertum,
3092 4292 3165 4347 ad
3216 4306 3396 4364 quam
3424 4290 3588 4349 venit

1930 4452 2223 4510 Eusebius
2253 4451 2477 4508 fallitur
2524 4452 2582 4507 in
2639 4467 2840 4508 earum
2894 4452 3217 4524 intervallis
3275 4451 3586 4524 assignan-

1932 4526 2044 4595 dis,
2077 4541 2332 4580 errorem
2373 4528 2559 4593 notat,
2593 4539 2658 4579 ac
2702 4540 2765 4579 se
2810 4525 2883 4581 ab
2932 4541 2999 4581 eo
3046 4523 3361 4581 dissentire
3400 4523 3585 4595 proii-

1932 4601 2106 4654 tetur.

242 4659 264 4692 ²
300 4657 484 4754 ιΤόνΣδε
535 4657 676 4754 ’ξινὲιιζ
711 4663 1196 4754 θεοπυριὶεεὶωεξ
1461 4669 1818 4754 autea_libri
1851 4658 1896 4722 Π
2003 4687 2023 4719 ι
2056 4684 2222 4741 Paria
2284 4683 2458 4739 habet
2520 4683 2576 4737 in
2650 4683 2821 4754 epist.
2878 4685 2997 4751 108,
3052 4683 3122 4738 ad
3178 4680 3580 4754 Eustochium,

176 4729 445 4804 legebant
498 4732 591 4788 τὸν
649 4731 816 4801 δεῖνα,
846 4729 980 4789 συξη
1040 4737 1200 4807 npud
1259 4737 1402 4792 LXX
1435 4740 1608 4794 etiam
1644 4741 1821 4797 inter-

217 4809 390 4879 retes,
422 4807 497 4883 I_V
528 4810 671 4883 Reg.
707 4823 794 4883 vr,
825 4810 878 4875 8,
904 4807 1069 4883 unde
1100 4809 1317 4883 [Cimoni
1365 4816 1664 4883 sumptum
1711 4818 1820 4883 est,

219 4892 284 4933 οα
335 4877 510 4935 modo
568 4878 839 4950 legatur:
878 4877 953 4938 sic;
1010 4877 1100 4930 τὸν
1160 4878 1321 4945 τόηον
1368 4877 1522 4934 τόνδέ
1551 4882 1669 4936 τινά
1700 4877 1823 4937 Ἑλξ

184 4950 341 5023 μωνὶ,
375 4952 437 5006 in
493 4951 672 5004 locum
719 4950 889 5003 istum
945 4951 1227 5019 quemdam
1298 4952 1535 5008 Elmoni.
1568 4954 1713 5017 Quid
1751 4956 1828 5010 sit

182 5041 401 5113 autem,
426 5036 766 5113 Elmoni,v_el
799 5034 1029 5113 Rhelmiz'
1056 5038 1272 5113 Almonz'
1297 5025 1423 5113 ’ᾖε
1440 5026 1641 5113 ΑἺΣΞΒΝ,
1672 5044 1827 5113 quod

183 5108 435 5185 occurrit
473 5108 655 5185 libro
702 5108 854 5185 Ruth
913 5125 1040 5185 cap.
1073 5126 1149 5179 1v,
1202 5112 1251 5180 1,
1285 5116 1342 5185 et
1382 5111 1451 5166 ιν
1490 5113 1629 5185 Reg.
1662 5108 1739 5183 vi,
1772 5119 1826 5185 8,

182 5182 242 5253 et
264 5179 422 5253 alibi,
456 5180 753 5236 docuisset
774 5196 889 5253 nos
920 5179 1265 5253 Hieroymus
1316 5180 1375 5236 in
1436 5179 1827 5241 suisvHebraié

181 5249 259 5323 qia
286 5249 708 5323 Quaistiombus,
728 5250 841 5306 nisi
876 5249 1130 5307 maxime
1155 5252 1502 5310 Litterarum
1526 5272 1827 5313 sacrarum

184 5318 529 5381 detrimento
559 5322 671 5379 illae
692 5318 1040 5395 'periissent.
1069 5323 1348 5395 ΜΛΒἸἹΑΝ.

250 5423 321 5434 —-
342 5400 488 5469 Ante
521 5391 920 5469 Martianzeum
954 5393 1093 5449 editi
1122 5394 1211 5469 75v
1232 5391 1398 5464 δεῖνα,
1416 5396 1622 5453 saltem
1655 5404 1830 5469 atque

183 5458 376 5540 bene;
410 5468 490 5522 ita
519 5465 675 5540 enim
708 5465 883 5540 habet
913 5471 971 5520 et
993 5466 1219 5540 ⁸Βεθξξίμςς
1275 5458 1428 5540 unus
1487 5469 1613 5523 cod.
1675 5458 1829 5540 apud

186 5530 681 5613 Montfauconiu‘m
712 5533 771 5591 in
791 5536 1065 5613 Iiexaplis
1090 5530 1165 5591 ad
1191 5538 1348 5593 hunc
1378 5538 1571 5594 locum
1600 5540 1668 5595 IV
1687 5530 1827 5613 Reg.

187 5618 259 5667 νι,
289 5608 341 5670 8.,
376 5609 451 5670 εἷς
481 5608 572 5662 τὸν
608 5604 755 5661 δεῖνι
784 5604 967 5661 τόπονῖ

251 5653 272 5755 :3
506 5680 815 5737 nominum
846 5678 1250 5762 etymologiae,
1287 5696 1399 5735 non
1435 5680 1831 5762 ipsarumur-g

1934 4774 2097 4813 num.
2132 4760 2165 4809 8
2201 4773 2212 4810 :
2249 4777 2275 4803 ‹‹
2309 4754 2655 4825 Nicopolim,
2694 4771 2819 4825 quin
2874 4754 3037 4825 prius
3084 4754 3366 4825 Emmaus
3412 4770 3581 4825 voca-

1935 4830 2127 4892 batur,
2163 4826 2317 4895 apud
2346 4822 2535 4897 quam,
2557 4825 2613 4879 in
2647 4822 2927 4880 fractionc
2952 4825 3124 4897 panis
3172 4824 3441 4897 cognitus
3472 4822 3585 4897 Do-

1936 4901 2153 4956 minus.
2189 4895 2451 4967 Cleophm
2509 4896 2771 4965 domum,
2811 4918 2840 4944 ››
2869 4895 2979 4955 διὰ.
3013 4896 3081 4951 Et
3118 4895 3587 4967 AnastasiusBi-

1935 4965 2350 5027 bliothecarius
2410 4986 2422 5023 :
2488 4989 2514 5015 ‹‹
2574 4969 2869 5037 Emmaus,
2966 4966 3176 5039 inquit,
3244 4965 3585 5039 Palaestinas

1937 5041 2243 5098 castellum
2303 5040 2374 5095 de
2430 5056 2543 5110 quo
2602 5040 2660 5111 in
2731 5041 2933 5111 sacris
2969 5036 3182 5110 legitur
3236 5036 3582 5111 Evangeliis,

1936 5112 2261 5193 Alergandro
2292 5108 2518 5193 (tievcro
2550 5110 2881 5193 qui‘postea
2923 5108 3261 5193 imperator)
3290 5108 3585 5193 Nicopolis

1938 5191 2028 5241 est
2056 5180 2368 5240 honoraria
2398 5180 2629 5236 decreta
2658 5180 3253 5253 legationei‘ungente
3288 5180 3583 5253 Africano,

1940 5257 2041 5329 qui
2093 5254 2368 5335 historias
2414 5252 2473 5308 in
2524 5250 2792 5335 quinque
2834 5252 2999 5308 libris
3046 5250 3376 5335 descripsit.
3412 5275 3448 5335 ξ
3476 5250 3586 5335 νεξξ

1940 5322 2071 5384 rum
2132 5327 2279 5380 duas
2328 5322 2707 5397 cognomines
2753 5325 3029 5397 Emmaus
3095 5322 3258 5379 male
3306 5324 3585 5397 confundi

1942 5398 2238 5454 Belandus
2306 5395 2468 5451 notat
2503 5395 2604 5451 lib.
2662 5414 2721 5461 ιι,
2774 5413 2901 5467 cap.
2945 5396 2998 5460 4,
3048 5399 3224 5466 atque
3283 5411 3411 5451 eam
3475 5395 3589 5449 κὼ-

1947 5492 2076 5541 μην,
2128 5470 2330 5531 vinum,
2371 5467 2855 5541 cujus__mer_ninit
2898 5467 3082 5541 Lucas
3132 5482 3283 5541 xxxv,
3338 5467 3588 5541 i3,_non

1946 5534 2078 5613 plus
2101 5540 2403 5613 sexaginta
2428 5534 3077 5613 stadiis__liierosolymis
3109 5534 3588 5613 absuisseﬂgse-

1946 5608 2060 5685 pho
2110 5616 2255 5665 teste
2303 5610 2394 5685 de
2428 5608 2577 5664 bello
2618 5609 2719 5663 lib.
2770 5627 2869 5671 vn.
2921 5608 3048 5685 cap.
3097 5612 3191 5685 27_,_
3222 5614 3423 5685 contra
3453 5610 3586 5685 Emf-

1946 5679 2246 5739 inauntem
2290 5679 2602 5749 civitatem,
2650 5697 2775 5751 quae
2833 5685 2891 5735 et
2937 5679 3230 5753 Nicopolis
3276 5680 3431 5736 dicta
3478 5684 3587 5749 est,

190 5741 358 5809 bium
387 5752 567 5811 situm
599 5768 716 5809 non
746 5741 979 5825 probari
1012 5751 1086 5808 ab
1103 5741 1488 5826 "Hieronymo,
1522 5754 1624 5825 qui
1682 5755 1835 5812 sicut
1951 5753 2161 5813 stadiis
2210 5756 2445 5808 centum
2488 5757 2545 5808 et
2588 5741 2965 5825 septuaginta
3008 5741 3109 5811 sei
3155 5751 3427 5824 distaese,
3460 5741 3588 5826 qui
