3992 6396
414 374 539 448 043

1655 385 1722 447 S.
1771 381 2080 448 EUSEBII
2126 381 2593 447 HIERONYMI.

417 514 708 577 Dominus
722 520 893 577 Jesus
922 528 1057 576 cum
1089 519 1397 595 discipulis
1420 517 1850 578 suis.Diximus
1866 519 1938 573 de
1957 517 2066 574 hac
2094 524 2151 590 Α
2179 517 2536 590 praecipuum
2594 516 2859 574 nascitur
2888 519 2944 574 et
2968 515 3370 576 Carbunculus
3416 512 3570 590 lapis
3597 517 3657 574 et
3685 515 3821 575 Pra-

420 610 479 663 et
506 624 687 679 supra
716 610 824 664 sub
855 609 1056 681 Ephon
1086 611 1387 666 vocabulo.

420 696 705 768 ﬂuensque
727 714 826 768 per
882 704 1185 771 correptam
1243 701 1479 755 litteram
1515 701 1573 767 E,
1620 698 1905 753 nominum
1942 705 2070 751 sunt

494 787 627 841 lecta
653 790 957 858 principia.
982 789 1197 844 Exinde
1224 806 1322 860 per
1357 797 1642 843 ertensum
1689 788 1930 856 legamus
1958 787 2065 840 ele-

489 883 750 943 mentum,
774 877 917 948 quod
948 877 1123 933 Gnece
1143 879 1348 932 dicitur
1386 879 1529 932 heia.

1028 986 1116 1040 DE
1156 984 1432 1040 GENESI.

494 1070 682 1142 Elath,
716 1073 875 1145 regio
924 1074 1257 1145 principum
1305 1074 1507 1141 Edom,
1542 1076 1597 1127 et
1645 1070 1849 1127 civitas
1889 1071 2063 1140 Esau,

423 1157 485 1215 in
516 1160 743 1217 decimo
775 1178 809 1216 a
845 1163 1013 1217 Petra
1034 1161 1306 1217 milliaria
1338 1165 1540 1216 contra
1568 1160 1885 1215 Orientem.

494 1250 710 1305 Eroum
760 1250 975 1319 (Cesso),
1035 1251 1239 1305 civitas
1314 1250 1374 1305 in
1433 1254 1696 1322 Egypto,
1758 1249 1830 1303 ad
1888 1264 2065 1319 quam

420 1336 638 1409 Joseph
664 1337 914 1392 occurrit
946 1338 1092 1409 patri
1127 1355 1232 1393 suo
1262 1338 1460 1394 Jacob.
1658 1354 1663 1357 '

494 1423 830 1496 Heliopolis,
865 1424 1066 1480 civitas
1098 1424 1260 1495 solis,
1287 1426 1426 1481 urbs
1456 1424 1514 1481 in
1539 1429 1803 1498 Egypto,
1829 1440 1933 1496 pro
1951 1440 2066 1495 qua

420 1511 482 1567 in
512 1512 747 1567 Hebraeo
781 1511 1065 1584 scriptum
1098 1518 1188 1568 est
1216 1512 1315 1581 0n,
1342 1513 1401 1568 in
1434 1530 1550 1585 qua
1583 1513 1831 1569 Petefres
1876 1529 2065 1568 sacer-

420 1600 528 1657 dos
561 1600 689 1656 fuit.
723 1601 989 1657 Meminit
1017 1602 1197 1674 hujus
1225 1607 1282 1657 et
1312 1602 1594 1657 Ezechiel.

492 1688 724 1755 Etham,
776 1694 969 1745 castra
1010 1689 1265 1745 ﬁliorum
1315 1689 1489 1745 Israel
1538 1689 1599 1744 in
1650 1690 1896 1758 deserto,
1939 1706 2066 1760 quas

421 1776 791 1851 appellantur
820 1778 1112 1835 Ebutham
1137 1779 1197 1850 (Γ.
1231 1782 1283 1833 et
1304 1780 1585 1847 Butham).

957 1886 1050 1941 DE
1086 1886 1299 1942 LIBRO
1338 1885 1530 1941 JESU.

492 1974 843 2048 Eugannim,
877 1974 935 2029 in
975 1974 1133 2030 tribu
1180 1974 1351 2045 Juda,
1387 1991 1542 2030 nunc
1589 1978 1678 2030 est
1714 1974 1877 2029 vicus
1900 1975 2070 2045 juxta

418 2060 641 2119 Bethel.

489 2151 716 2223 Enaim,
748 2152 808 2207 in
839 2150 997 2208 tribu
1027 2152 1199 2221 Juda,
1233 2152 1523 2225 hodieque
1551 2151 1689 2208 villa
1745 2156 1833 2207 est
1864 2151 2066 2207 Bethe-

418 2240 543 2297 nim
574 2240 729 2296 circa
759 2240 1201 2297 Terebinthum.

489 2329 703 2400 Endor,
734 2328 793 2385 in
825 2329 979 2384 tribu
1004 2330 1291 2399 Manasse,
1319 2330 1419 2385 ubi
1453 2330 1801 2402 Pythonissa
1831 2348 1865 2386 a
1896 2328 2069 2387 Saule

418 2433 554 2490 rege
573 2417 789 2473 Judazaa
813 2417 1161 2473 consulitur.
1180 2417 1445 2475 Diximus
1467 2423 1522 2473 et
1552 2436 1732 2489 supra
1762 2420 1832 2473 de
1854 2419 2067 2489 Endor,

419 2523 545 2579 quae
578 2511 665 2561 est
686 2508 857 2577 juxta
886 2507 1170 2579 oppidum
1201 2507 1390 2577 Naim,
1427 2507 1485 2562 in
1520 2509 1692 2577 cujus
1732 2508 1915 2578 portis
1946 2507 2069 2564 Sal-

417 2599 583 2651 vator
640 2595 827 2650 ﬁlium
883 2596 1071 2651 viduae
1135 2596 1456 2651 suscitavit.
1516 2597 1616 2650 Est
1666 2600 1862 2651 autem
1919 2596 2071 2653 circa

421 2682 843 2755 Scythopolim.

492 2770 776 2841 Enganni,
806 2770 863 2825 in
912 2770 1069 2826 tribu
1116 2771 1385 2827 Issachar
1436 2771 1637 2829 civitas
1677 2777 1945 2844 separata
1968 2775 2068 2829 Le-

418 2857 574 2914 vitis.
608 2859 719 2913 Sed
741 2862 799 2915 et
828 2858 943 2915 alia
967 2860 1233 2931 quaedam
1267 2859 1470 2916 civitas
1498 2862 1780 2933 Enganna
1836 2861 2067 2929 dicitur,

422 2947 577 3003 circa
597 2947 877 3003 Gerasam
907 2952 1071 3004 trans
1097 2949 1434 3004 Jordanem.

492 3036 750 3105 Enadda,
798 3037 856 3091 in
909 3038 1067 3092 tribu
1125 3038 1411 3093 Issachar.
1474 3039 1574 3094 Est
1632 3043 1826 3094 autem
1887 3057 2071 3112 usque

418 3122 591 3203 hodie
666 3127 933 3196 quaedam
1023 3125 1161 3181 villa
1236 3127 1515 3182 Ennadab
1566 3127 1944 3199 pergentibus
1999 3130 2070 3183 de

417 3212 849 3286 Eleutheropoli
898 3215 1131 3285 ZEliam,
1184 3216 1350 3287 quasi
1394 3216 1453 3271 in
1503 3217 1728 3271 decimo
1773 3216 2068 3275 milliaria.

398 3364 405 3369 _
490 3305 730 3373 Enasor,
764 3303 822 3357 in
854 3303 1009 3359 tribu
1044 3303 1439 3376 Nephthalim,
1476 3306 1667 3378 posita
1699 3310 1788 3361 est
1814 3312 1872 3361 et
1893 3323 2072 3378 supra

416 3391 586 3446 Asor.

491 3479 765 3550 Ereccon,
800 3479 1090 3535 terminus
1121 3481 1313 3537 tribus
1339 3482 1485 3549 Dan,
1513 3483 1685 3553 juxta
1713 3482 1961 3555 Joppen.

886 3586 974 3641 DE
1013 3587 1325 3643 JUDICUM
1368 3588 1596 3645 LIBRO.

492 3674 683 3746 Etam,
708 3675 809 3730 ubi
842 3674 1146 3732 habitabat
1171 3677 1441 3747 Samson,
1475 3679 1533 3733 in
1568 3676 1846 3750 spelunca
1877 3679 2065 3751 Etam,

412 3763 583 3837 juxta
610 3769 951 3821 torrentem.

721 3872 873 3928 211
920 3873 1009 3926 DE
1049 3872 1446 3927 REGNORUM
1487 3873 1742 3929 LIBRIS.

485 3959 606 4032 Ela,
630 3961 883 4032 legimus
913 3960 1122 4017 vallem
1154 3962 1257 4017 Ela
1289 3978 1300 4017 :
1336 3979 1513 4033 quam
1557 3961 1768 4034 Aquila
1796 3968 1852 4019 et
1880 3964 2068 4020 Theo-

414 4049 573 4108 dotio
604 4050 1080 4121 interpretantur,
1115 4050 1321 4106 vallem
1350 4068 1620 4122 quercus.

484 4138 767 4209 Engaddi,
788 4139 1103 4209 desertum,
1126 4140 1184 4195 in
1209 4157 1323 4211 quo
1350 4141 1731 4197 absconditus
1763 4143 2061 4200 estDavid.

408 4225 728 4282 Posuimus
783 4233 841 4282 et
878 4244 1056 4300 supra
1086 4229 1347 4300 Engaddi
1410 4230 1469 4285 in
1529 4231 1683 4287 tribu
1714 4234 1869 4288 Juda
1891 4235 2063 4305 juxta

409 4330 571 4372 mare
596 4315 911 4387 Mortuum,
944 4321 1147 4373 contra
1176 4318 1572 4375 Occidentem.

418 4448 427 4455 .
482 4404 705 4475 Emata,
747 4404 905 4478 regio
953 4405 1412 4479 AIIOphylorum.
1468 4409 1640 4465 Porro
1691 4410 1861 4479 juxta
1904 4410 2063 4465 Jere-

408 4493 591 4551 mium
622 4494 826 4550 civitas
861 4496 1150 4551 Damasci.

480 4584 683 4653 Euam,
739 4584 1027 4640 terminus
1114 4586 1404 4649 Damasci,
1462 4587 1616 4641 sicut
1681 4585 1740 4639 in
1800 4585 2057 4641 Ezechiel

406 4671 641 4745 legitur,
675 4674 746 4728 ad
779 4673 1073 4730 Orientem
1105 4691 1349 4746 vergens
1382 4692 1415 4728 a
1445 4674 1727 4729 Themam
1757 4678 1812 4728 et
1836 4673 2058 4729 Palme-

406 4761 485 4817 tis
514 4778 526 4818 :
562 4778 687 4837 qua:
718 4762 907 4818 caeteri
942 4763 1293 4836 interpretes
1322 4763 1633 4817 ediderunt
1677 4761 1950 4818 Thamar.

1019 4870 1108 4925 DE
1150 4869 1429 4925 GENESI.

480 4956 674 5029 Fison,
736 4958 889 5029 quod
971 4957 1406 5029 interpretatur,
1484 4962 1712 5013 caterva
1768 4977 1783 5015 :
1845 4959 2059 5017 fluvius

406 5061 584 5118 quem
646 5045 831 5101 nostri
883 5045 1100 5118 (Graeci)
1134 5045 1396 5115 Gangen,
1428 5051 1649 5117 vocant,
1685 5047 1755 5103 de
1786 5049 2057 5120 paradiso

406 5134 622 5202 exiens,
656 5138 713 5191 et
757 5150 1005 5206 pergens
1055 5134 1127 5188 ad
1172 5132 1353 5187 Indiae
1402 5134 1685 5207 regiones,
1733 5144 1865 5210 post
1910 5156 2057 5211 quas

405 5224 665 5295 erumpit
693 5223 752 5276 in
775 5221 1037 5293 pelagus.
1054 5221 1207 5276 Dicit
1223 5227 1417 5277 autem
1442 5224 1739 5297 Scriptura
1759 5228 2053 5283 circumiri

404 5313 478 5369 ab
527 5312 636 5368 hoc
690 5310 1023 5365 universam
1106 5310 1398 5383 regionem
1457 5313 1633 5384 Evila,
1692 5316 1792 5371 ubi
1844 5334 2056 5373 aurum

403 5488 780 5561 vigintidduo
840 5493 977 5543 sunt
1035 5491 1305 5547 milliaria
1363 5497 1642 5549 Romana.
1692 5498 1899 5552 Cont‘er
1950 5499 2053 5552 de-

406 5557 547 5633 nuo
588 5557 998 5633 Hieronymum
1060 5581 1257 5620 secum
1319 5564 1444 5633 ipso
1502 5566 1560 5620 in
1617 5572 1939 5624 Comment.
1983 5571 2052 5625 ad

405 5628 628 5756 [ﬁgam],
705 5628 830 5702 cup.
909 5651 1005 5705 xu,
1084 5642 1141 5691 et
1218 5628 1418 5691 Ezech.
1508 5654 1634 5709 cap.
1723 5657 1916 5711 XLVIII,
2002 5646 2058 5697 et

539 5717 675 5757 laet.

2101 3259 2144 3326 (ἶ
2183 3276 2418 3334 Balaam
2472 3277 2733 3334 hariolus

2180 623 2367 662 alnus.

2247 696 2453 765 Faran,
2488 712 2642 751 nunc
2694 695 2975 768 oppidum
3021 700 3184 751 trans
3212 695 3488 752 Arabiam
3539 696 3818 767 junctum

2176 784 2499 853 Saracenis,
2533 784 2632 855 qui
2666 784 2723 837 in
2775 784 3089 839 solitudine
3121 783 3539 855 (vagi-errant).
3574 784 3681 841 Per
3708 784 3820 841 hoc

2175 862 2285 919 iter
2316 865 2573 918 fecerunt
2607 862 2711 917 ﬁlii
2738 863 2931 933 Israel,
2964 880 3098 919 cum
3132 864 3201 919 de
3233 868 3430 920 monte
3459 863 3599 927 Sina
3628 868 3822 921 castra

2178 952 2516 1008 movissent.
2550 953 2649 1007 Est
2706 968 2863 1025 ergo,
2897 957 2963 1007 ut
3017 953 3294 1025 diximus,
3325 957 3489 1009 trans
3544 954 3820 1010 Arabiam

2176 1044 2380 1096 contra
2403 1039 2720 1096 australem
2752 1040 3005 1113 plagam,
3033 1045 3089 1096 et
3119 1040 3299 1096 distat
3345 1040 3417 1096 ab
3447 1039 3576 1096 Aila
3621 1045 3825 1097 contra

2174 1128 2489 1196 Orientem,
2515 1129 2720 1185 itinere
2744 1129 2921 1184 trium
2948 1128 3197 1185 dierum.
3233 1130 3294 1184 In
3351 1129 3580 1185 deserto
3623 1133 3821 1186 autem

2175 1217 2423 1273 Pharam
2483 1218 2779 1289 Scriptura
2833 1218 2985 1289 (Gen.
3045 1222 3165 1285 xxx)
3212 1222 3635 1274 commemorat
3710 1218 3822 1274 ha-

2177 1306 2393 1362 bitasse
2434 1305 2759 1362 Ismaelem.
2805 1307 2967 1361 Unde
3026 1311 3081 1361 et
3140 1306 3444 1363 Ismaelita:
3494 1306 3617 1380 (qui
3662 1325 3821 1363 nunc

2176 1395 2492 1466 Saraceni).
2530 1396 2797 1465 Legimus
2829 1412 3061 1467 quoque
3090 1395 3587 1468 Chodorlagomor
3625 1413 3820 1469 regem

2177 1482 2538 1555 percussisse
2563 1500 2681 1553 eos,
2716 1484 2816 1557 qui
2850 1489 3015 1540 erant
3044 1483 3103 1539 in
3135 1486 3362 1540 deserto
3394 1484 3643 1541 Pharan.

2247 1571 2539 1643 Filistiim,
2562 1589 2687 1641 qua:
2712 1588 2867 1628 nunc
2900 1573 3115 1628 dicitur
3144 1572 3414 1644 Ascalon,
3440 1576 3497 1629 et
3517 1574 3669 1629 circa
3690 1589 3821 1629 eam

2177 1660 2333 1731 regio
2366 1660 2704 1716 Palaestinae.

2250 1749 2488 1817 Fanuel,
2522 1749 2684 1805 locus
2742 1749 2801 1805 in
2853 1767 2967 1822 quo
3014 1750 3195 1806 Jacob
3252 1755 3375 1806 tota
3423 1754 3590 1806 nocte
3638 1748 3822 1806 collu-

2178 1841 2361 1910 ctans,
2389 1838 2620 1894 Israelis
2652 1838 3001 1895 vocabulum
3052 1838 3284 1910 meruit,
3306 1840 3476 1909 juxta
3503 1843 3822 1895 torrentem

2098 1890 2147 1957 Β
2174 1890 2361 1983 ἇᾼῖξέ
2389 1890 2625 1998 {suae}
2657 1890 3822 1999 se;magis;“egissem

2178 2032 2244 2071 eo
2285 2016 2440 2087 quod
2470 2016 2650 2071 Jacob
2681 2016 2761 2070 ibi
2793 2016 2977 2071 Deum
3010 2016 3261 2086 viderit).

2252 2105 2452 2175 Forgo,
2478 2104 2681 2160 civitas
2738 2105 2898 2159 Adad
2951 2104 3125 2177 regis,
3160 2120 3290 2177 quae
3346 2108 3436 2161 est
3489 2105 3548 2161 in
3591 2103 3824 2178 regione

2181 2192 2523 2248 Gabalitica.

2251 2282 2463 2351 Fenon,
2493 2285 2686 2337 castra
2744 2282 2998 2338 filiorum
3058 2282 3237 2339 Israel
3288 2282 3347 2338 in
3399 2282 3649 2340 deserto.
3692 2284 3826 2340 Fuit

2180 2374 2374 2425 autem
2434 2371 2731 2441 quondam
2776 2372 2983 2427 civitas
3040 2371 3374 2443 principum
3406 2372 3557 2429 214
3609 2373 3818 2439 Edom,

2180 2476 2337 2513 nunc
2391 2458 2618 2515 viculus
2677 2461 2737 2515 in
2770 2460 3018 2527 deserto,
3052 2462 3152 2516 ubi
3186 2460 3316 2516 aeris
3372 2460 3608 2517 metalla
3636 2462 3825 2533 (dam-

2181 2552 2451 2603 natorum
2511 2548 2818 2620 suppliciis
2864 2550 3263 2620 etI‘odiuntur),
3316 2549 3467 2605 inter
3530 2549 3823 2608 civitatem

2180 2636 2408 2693 Petram
2440 2641 2497 2693 et
2519 2639 2758 2693 Zoaram
2791 2637 2883 2706 (de
2913 2655 3028 2711 quo
3051 2642 3107 2694 et
3136 2655 3317 2711 supra
3345 2637 3645 2711 diximus).

2805 2744 2899 2799 DE
2941 2743 3199 2800 EXODO.

2254 2832 2503 2902 Fithom,
2539 2831 2739 2911 civitas
2770 2832 3018 2905 JEgypti,
3043 2848 3220 2905 quam
3254 2832 3684 2890 aediﬁcaverunt
3723 2832 3825 2889 filii

2183 2920 2382 2977 Israel.

2395 3010 2488 3065 DE
2526 3010 2846 3066 NUMERIS
2888 3012 2975 3066 ET
3013 3010 3595 3066 DEUTERONOMIO.

2253 3099 2377 3169 Fin,
2412 3104 2604 3155 castra
2633 3100 2889 3155 filiorum
2912 3100 3087 3156 Israel
3117 3099 3177 3155 in
3203 3101 3452 3157 deserto.

2256 3188 2529 3260 Fathura,
2562 3189 2764 3245 civitas
2794 3195 2957 3245 trans
2986 3189 3485 3261 Mesopotamiam,
3520 3189 3674 3245 unde
3716 3190 3829 3245 fuit

2794 3294 2807 3335 :
2865 3280 2966 3334 sed
3015 3283 3072 3335 et
3104 3281 3275 3350 juxta
3330 3278 3823 3351 Eleutheropolim

2182 3368 2450 3439 quaedam
2495 3368 2634 3424 villa
2683 3367 2918 3423 nomine
2976 3367 3234 3424 Fathura
3284 3368 3561 3425 euntibus
3608 3368 3824 3425 Gazam

2181 3460 2575 3528 nuncupatur.

2252 3546 2437 3618 Fogor
2464 3550 2520 3601 et
2549 3546 2880 3618 Bethlogor,
2917 3563 3087 3603 mons
3117 3547 3525 3617 Moabitarum,
3549 3547 3622 3603 ad
3644 3561 3820 3618 quem

2181 3634 2388 3691 Balaac
2418 3650 2517 3691 rex
2545 3635 2788 3691 adduxit
2813 3636 3049 3691 Balaam
3081 3635 3375 3693 hariolum
3404 3635 3462 3692 in
3508 3635 3821 3708 supercilio

2180 3722 2460 3779 Liviadis.
2527 3724 2634 3779 Sed
2692 3728 2749 3779 et
2796 3724 2911 3780 alia
2983 3724 3123 3780 villa
3167 3726 3353 3798 Fogor
3406 3724 3562 3781 haud
3617 3724 3825 3797 procul

2178 3829 2212 3869 a
2234 3810 2529 3868 Bethleem
2585 3814 2844 3869 cernitur
2874 3815 3023 3886 (quas
3053 3831 3210 3871 nunc
3261 3814 3487 3871 Phaora
3517 3830 3826 3887 nuncupa-

2176 3902 2316 3970 tur).
3558 3952 3561 3955 .

2245 3992 2448 4062 Fasga,
2473 3989 2675 4046 civitas
2706 3992 3198 4047 Amorrhaeorum.
3225 3994 3325 4048 Est
3354 3996 3547 4048 autem
3579 3996 3637 4049 et
3651 4009 3825 4049 mons

2175 4083 2377 4135 contra
2432 4078 2773 4135 orientalem
2829 4079 3062 4152 plagam
3097 4082 3300 4154 Fasga,
3333 4098 3437 4152 pro
3465 4096 3582 4152 quo
3613 4078 3826 4152 Aquila

2173 4168 2611 4239 interpretatur,
2671 4168 2952 4223 excisum.
3002 4169 3110 4225 Sed
3178 4175 3236 4225 et
3294 4168 3673 4243 Septuaginta
3728 4169 3824 4225 in-

2170 4262 2454 4329 terpretes
2484 4258 2672 4329 Fasga
2705 4257 2766 4313 in
2798 4258 3052 4329 quodam
3081 4258 3229 4330 loco,
3262 4260 3521 4315 excisum
3560 4262 3821 4315 transtu-

2641 4435 2725 4489 DE
2767 4435 3352 4493 LIBRO'JUDICUM.

2246 4520 2480 4591 Fanuel,
2516 4522 2719 4577 civitas
2751 4541 2929 4595 quam
2962 4524 3265 4581 aedificavit
3291 4525 3621 4581 Jeroboam.

2095 4627 2139 4692 ι)
2248 4610 2483 4677 Fanucl,
2527 4612 2707 4667 turris
2760 4630 2938 4684 quam
2981 4614 3265 4671 subvertit
3311 4614 3563 4672 Gedeon.
3600 4613 3710 4670 Sed
3760 4618 3819 4669 et

2170 4716 2325 4755 unus
2377 4701 2447 4755 de
2505 4699 2642 4756 ﬁliis
2701 4702 2819 4757 Hor
2873 4707 3113 4759 vocatus
3170 4708 3260 4760 est
3292 4703 3509 4760 Fanuel
3546 4705 3598 4771 (Ι
3623 4703 3816 4759 Paral.

2168 4789 2338 4859 κων).

2240 4878 2509 4947 Fraaton,
2537 4880 2692 4935 unde
2725 4879 2836 4935 fuit
2865 4881 3070 4937 Abdon
3094 4882 3277 4954 judex
3315 4880 3515 4955 populi
3546 4880 3724 4937 Israel
3754 4880 3818 4935 in

2168 4971 2366 5022 monte
2394 4967 2650 5031 Amalec,

2557 5058 2649 5111 DE
2687 5057 3087 5115 REGNORUM
3129 5059 3391 5115 LIBRIS.

2241 5143 2498 5199 Felmoni
2547 5144 2783 5200 Almoni
2830 5147 2869 5216 ²,
2920 5147 3074 5218 quod
3115 5147 3328 5220 Aquila
3373 5147 3815 5219 interpretatur,

2166 5231 2335 5287 illum
2382 5231 2472 5287 vel
2520 5232 2721 5301 istum,
2785 5234 3174 5306 Symmachus
3211 5235 3365 5293 215
3417 5250 3571 5303 vero,
3615 5234 3815 5291 nescio

2167 5338 2341 5392 quem
2391 5321 2607 5377 locum.
2639 5321 2973 5391 Theodotio,
3006 5324 3175 5380 illum
3229 5324 3423 5381 locum
3482 5323 3689 5380 Elmon
3715 5322 3814 5394 (de

2240 5498 2430 5574 'Puta
2460 5498 2648 5574 Deut.
2697 5516 2769 5565 1v,
2827 5502 2913 5571 49,
2964 5502 3062 5557 ubi
3113 5501 3214 5555 ὑπό
3264 5501 3513 5574 Ἀσηδῴθ
3558 5502 3660 5570 τήν
3713 5499 3813 5552 λα-

2167 5569 2353 5638 gae-dy
2388 5569 2863 5641 interpretantur.
2904 5569 2906 5571 ’
3380 5569 3393 5627 ζ

2236 5642 2257 5673 ²
2286 5641 2526 5695 Fclmom'
2606 5643 2843 5698 Almoni.
2889 5643 3019 5700 Jam
3087 5645 3157 5701 de
3230 5645 3387 5705 hisce
3470 5643 3811 5702 nominibus

2164 5710 2419 5769 diximus
2451 5728 2632 5784 supra
2660 5713 2720 5771 in
2754 5715 2994 5773 Etmom'.
3021 5715 3309 5777 Murrum.
